<?xml version="1.0" encoding="UTF-8"?>
<!DOCTYPE html PUBLIC "-//W3C//DTD XHTML 1.0 Transitional//EN"
    "http://www.w3.org/TR/xhtml1/DTD/xhtml1-transitional.dtd">
<html xmlns="http://www.w3.org/1999/xhtml" xml:lang="en" lang="en">
 <head>
  <title>
</title>
<meta http-equiv="Content-Type" content="text/html;charset=utf-8" />
  <meta name='ocr-system' content='tesseract 3.04.00' />
  <meta name='ocr-capabilities' content='ocr_page ocr_carea ocr_par ocr_line ocrx_word'/>
</head>
<body>
  <div class='ocr_page' id='page_1' title='image "./iurispontificii02martgoog_0163.png"; bbox 0 0 4764 6972; ppageno 0'>
   <div class='ocr_carea' id='block_1_1' title="bbox 887 598 2036 660">
    <p class='ocr_par' dir='ltr' id='par_1_1' title="bbox 887 598 2036 660">
     <span class='ocr_line' id='line_1_1' title="bbox 887 598 2036 660; baseline -0.002 -7"><span class='ocrx_word' id='word_1_1' title='bbox 887 609 1086 654; x_wconf 69' lang='lat' dir='ltr'>assumentis</span> <span class='ocrx_word' id='word_1_2' title='bbox 1109 611 1172 655; x_wconf 84' lang='lat' dir='ltr'>xiv.</span> <span class='ocrx_word' id='word_1_3' title='bbox 1736 598 1794 660; x_wconf 70' lang='grc'>147</span> <span class='ocrx_word' id='word_1_4' title='bbox 1844 599 1898 647; x_wconf 81' lang='lat' dir='ltr'>An.</span> <span class='ocrx_word' id='word_1_5' title='bbox 1913 598 1943 650; x_wconf 80' lang='lat' dir='ltr'>G.</span> <span class='ocrx_word' id='word_1_6' title='bbox 1965 600 2036 651; x_wconf 83' lang='lat'>1744</span> 
     </span>
    </p>
   </div>
   <div class='ocr_carea' id='block_1_2' title="bbox 254 719 1814 1176">
    <p class='ocr_par' dir='ltr' id='par_1_2' title="bbox 254 719 1814 1176">
     <span class='ocr_line' id='line_1_2' title="bbox 256 719 1814 812; baseline 0.01 -33"><span class='ocrx_word' id='word_1_7' title='bbox 256 729 320 780; x_wconf 90' lang='lat' dir='ltr'>tum</span> <span class='ocrx_word' id='word_1_8' title='bbox 335 719 442 794; x_wconf 86' lang='lat' dir='ltr'>luisse,</span> <span class='ocrx_word' id='word_1_9' title='bbox 459 723 540 799; x_wconf 91' lang='lat' dir='ltr'>quod</span> <span class='ocrx_word' id='word_1_10' title='bbox 557 723 920 788; x_wconf 77' lang='lat' dir='ltr'>Proto-Archimandrita</span> <span class='ocrx_word' id='word_1_11' title='bbox 935 743 1003 788; x_wconf 93' lang='lat' dir='ltr'>om·</span> <span class='ocrx_word' id='word_1_12' title='bbox 1060 743 1185 802; x_wconf 92' lang='lat' dir='ltr'>canum,</span> <span class='ocrx_word' id='word_1_13' title='bbox 1216 731 1360 806; x_wconf 90' lang='lat' dir='ltr'>quamvis</span> <span class='ocrx_word' id='word_1_14' title='bbox 1385 733 1435 794; x_wconf 91' lang='lat' dir='ltr'>bic</span> <span class='ocrx_word' id='word_1_15' title='bbox 1467 734 1655 812; x_wconf 91' lang='lat' dir='ltr'>plerumque</span> <span class='ocrx_word' id='word_1_16' title='bbox 1682 732 1814 795; x_wconf 89' lang='lat' dir='ltr'>clericus</span> 
     </span>
     <span class='ocr_line' id='line_1_3' title="bbox 254 813 1814 901; baseline 0.008 -27"><span class='ocrx_word' id='word_1_17' title='bbox 254 813 302 874; x_wconf 91' lang='lat' dir='ltr'>nia</span> <span class='ocrx_word' id='word_1_18' title='bbox 323 815 510 875; x_wconf 91' lang='lat' dir='ltr'>monasteria</span> <span class='ocrx_word' id='word_1_19' title='bbox 538 816 589 877; x_wconf 90' lang='lat' dir='ltr'>vel</span> <span class='ocrx_word' id='word_1_20' title='bbox 614 832 670 894; x_wconf 90' lang='lat' dir='ltr'>per</span> <span class='ocrx_word' id='word_1_21' title='bbox 690 833 734 892; x_wconf 91' lang='lat' dir='ltr'>se,</span> <span class='ocrx_word' id='word_1_22' title='bbox 758 819 809 880; x_wconf 87' lang='lat' dir='ltr'>vel</span> <span class='ocrx_word' id='word_1_23' title='bbox 830 819 1002 897; x_wconf 83' lang='lat' dir='ltr'>paralium</span> <span class='ocrx_word' id='word_1_24' title='bbox 1060 820 1185 882; x_wconf 89' lang='lat' dir='ltr'>existat:</span> <span class='ocrx_word' id='word_1_25' title='bbox 1210 823 1281 899; x_wconf 92' lang='lat' dir='ltr'>qnia</span> <span class='ocrx_word' id='word_1_26' title='bbox 1294 823 1446 886; x_wconf 92' lang='lat' dir='ltr'>nimirum</span> <span class='ocrx_word' id='word_1_27' title='bbox 1468 827 1560 888; x_wconf 91' lang='lat' dir='ltr'>idest</span> <span class='ocrx_word' id='word_1_28' title='bbox 1582 827 1677 888; x_wconf 88' lang='lat' dir='ltr'>totius</span> <span class='ocrx_word' id='word_1_29' title='bbox 1691 824 1814 901; x_wconf 91' lang='lat' dir='ltr'>collegii</span> 
     </span>
     <span class='ocr_line' id='line_1_4' title="bbox 254 904 1812 996; baseline 0.009 -32"><span class='ocrx_word' id='word_1_30' title='bbox 254 904 378 966; x_wconf 87' lang='lat' dir='ltr'>visitare</span> <span class='ocrx_word' id='word_1_31' title='bbox 400 905 525 969; x_wconf 88' lang='lat' dir='ltr'>debeat:</span> <span class='ocrx_word' id='word_1_32' title='bbox 556 911 608 971; x_wconf 91' lang='lat' dir='ltr'>sed</span> <span class='ocrx_word' id='word_1_33' title='bbox 630 909 683 970; x_wconf 93' lang='lat' dir='ltr'>ubi</span> <span class='ocrx_word' id='word_1_34' title='bbox 706 912 891 973; x_wconf 89' lang='lat' dir='ltr'>monasteria</span> <span class='ocrx_word' id='word_1_35' title='bbox 914 911 1002 973; x_wconf 91' lang='lat' dir='ltr'>abba·</span> <span class='ocrx_word' id='word_1_36' title='bbox 1060 921 1166 989; x_wconf 81' lang='lat' dir='ltr'>caput3</span> <span class='ocrx_word' id='word_1_37' title='bbox 1190 915 1244 992; x_wconf 89' lang='lat' dir='ltr'>qui</span> <span class='ocrx_word' id='word_1_38' title='bbox 1267 922 1371 978; x_wconf 90' lang='lat' dir='ltr'>tamen</span> <span class='ocrx_word' id='word_1_39' title='bbox 1395 927 1481 980; x_wconf 89' lang='lat' dir='ltr'>extra</span> <span class='ocrx_word' id='word_1_40' title='bbox 1496 920 1664 996; x_wconf 78' lang='lat' dir='ltr'>collegium</span> <span class='ocrx_word' id='word_1_41' title='bbox 1681 927 1711 981; x_wconf 91' lang='lat' dir='ltr'>et</span> <span class='ocrx_word' id='word_1_42' title='bbox 1726 925 1812 980; x_wconf 90' lang='lat' dir='ltr'>extra</span> 
     </span>
     <span class='ocr_line' id='line_1_5' title="bbox 256 997 1813 1095; baseline 0.007 -35"><span class='ocrx_word' id='word_1_43' title='bbox 256 997 334 1060; x_wconf 90' lang='lat' dir='ltr'>tialia</span> <span class='ocrx_word' id='word_1_44' title='bbox 366 1000 448 1074; x_wconf 91' lang='lat' dir='ltr'>sint,</span> <span class='ocrx_word' id='word_1_45' title='bbox 478 1002 725 1064; x_wconf 90' lang='lat' dir='ltr'>iurisdictionem</span> <span class='ocrx_word' id='word_1_46' title='bbox 756 1019 820 1064; x_wconf 94' lang='lat' dir='ltr'>non</span> <span class='ocrx_word' id='word_1_47' title='bbox 848 1013 1000 1080; x_wconf 86' lang='lat' dir='ltr'>exerceat,</span> <span class='ocrx_word' id='word_1_48' title='bbox 1031 1066 1033 1095; x_wconf 52' lang='grc' dir='ltr'>Ι</span> <span class='ocrx_word' id='word_1_49' title='bbox 1059 1016 1143 1068; x_wconf 90' lang='lat' dir='ltr'>actus</span> <span class='ocrx_word' id='word_1_50' title='bbox 1165 1007 1359 1085; x_wconf 87' lang='lat' dir='ltr'>collegiates,</span> <span class='ocrx_word' id='word_1_51' title='bbox 1389 1012 1559 1091; x_wconf 81' lang='lat' dir='ltr'>Episcopo,</span> <span class='ocrx_word' id='word_1_52' title='bbox 1593 1011 1813 1076; x_wconf 83' lang='lat' dir='ltr'>consistorialis</span> 
     </span>
     <span class='ocr_line' id='line_1_6' title="bbox 254 1091 1700 1176; baseline 0.008 -24"><span class='ocrx_word' id='word_1_53' title='bbox 254 1091 311 1152; x_wconf 88' lang='lat' dir='ltr'>nisi</span> <span class='ocrx_word' id='word_1_54' title='bbox 334 1091 366 1153; x_wconf 93' lang='lat' dir='ltr'>in</span> <span class='ocrx_word' id='word_1_55' title='bbox 389 1107 536 1170; x_wconf 80' lang='lat' dir='ltr'>personas</span> <span class='ocrx_word' id='word_1_56' title='bbox 566 1095 808 1170; x_wconf 85' lang='lat' dir='ltr'>monachorum,</span> <span class='ocrx_word' id='word_1_57' title='bbox 838 1113 1002 1175; x_wconf 91' lang='lat' dir='ltr'>nunquam</span> <span class='ocrx_word' id='word_1_58' title='bbox 1030 1125 1033 1164; x_wconf 86' lang='grc' dir='ltr'>ι</span> <span class='ocrx_word' id='word_1_59' title='bbox 1059 1099 1147 1161; x_wconf 89' lang='lat' dir='ltr'>aulae</span> <span class='ocrx_word' id='word_1_60' title='bbox 1167 1100 1324 1176; x_wconf 89' lang='lat' dir='ltr'>advocato,</span> <span class='ocrx_word' id='word_1_61' title='bbox 1347 1104 1380 1164; x_wconf 92' lang='lat' dir='ltr'>in</span> <span class='ocrx_word' id='word_1_62' title='bbox 1402 1105 1549 1166; x_wconf 92' lang='lat' dir='ltr'>omnibus</span> <span class='ocrx_word' id='word_1_63' title='bbox 1571 1105 1700 1167; x_wconf 91' lang='lat' dir='ltr'>decedit.</span> 
     </span>
    </p>
   </div>
   <div class='ocr_carea' id='block_1_3' title="bbox 249 1169 2048 2664">
    <p class='ocr_par' dir='ltr' id='par_1_3' title="bbox 250 1169 2048 2202">
     <span class='ocr_line' id='line_1_7' title="bbox 254 1169 2046 1276; baseline 0.009 -34"><span class='ocrx_word' id='word_1_64' title='bbox 254 1199 327 1246; x_wconf 89' lang='lat' dir='ltr'>vero</span> <span class='ocrx_word' id='word_1_65' title='bbox 348 1184 381 1246; x_wconf 92' lang='grc' dir='ltr'>ιιι</span> <span class='ocrx_word' id='word_1_66' title='bbox 414 1185 495 1262; x_wconf 91' lang='lat' dir='ltr'>ipsos</span> <span class='ocrx_word' id='word_1_67' title='bbox 526 1186 675 1262; x_wconf 82' lang='lat' dir='ltr'>abbates,</span> <span class='ocrx_word' id='word_1_68' title='bbox 708 1190 762 1267; x_wconf 94' lang='lat' dir='ltr'>qui</span> <span class='ocrx_word' id='word_1_69' title='bbox 783 1189 914 1252; x_wconf 90' lang='lat' dir='ltr'>subiecti</span> <span class='ocrx_word' id='word_1_70' title='bbox 936 1169 1033 1252; x_wconf 55' lang='lat' dir='ltr'>esseI</span> <span class='ocrx_word' id='word_1_71' title='bbox 1099 1193 1189 1266; x_wconf 69' lang='lat' dir='ltr'>gli.</span> <span class='ocrx_word' id='word_1_72' title='bbox 1213 1195 1258 1254; x_wconf 80' lang='lat' dir='ltr'>Ad</span> <span class='ocrx_word' id='word_1_73' title='bbox 1280 1195 1372 1256; x_wconf 92' lang='lat' dir='ltr'>aliam</span> <span class='ocrx_word' id='word_1_74' title='bbox 1391 1197 1579 1274; x_wconf 90' lang='lat' dir='ltr'>propositam</span> <span class='ocrx_word' id='word_1_75' title='bbox 1594 1198 1811 1275; x_wconf 88' lang='lat' dir='ltr'>quaestionem</span> <span class='ocrx_word' id='word_1_76' title='bbox 1898 1211 2046 1276; x_wconf 77' lang='lat' dir='ltr'>turvsuroqo</span> 
     </span>
     <span class='ocr_line' id='line_1_8' title="bbox 253 1264 2048 1366; baseline 0.008 -28"><span class='ocrx_word' id='word_1_77' title='bbox 253 1277 365 1340; x_wconf 89' lang='lat' dir='ltr'>debent</span> <span class='ocrx_word' id='word_1_78' title='bbox 402 1280 656 1358; x_wconf 80' lang='lat' dir='ltr'>lletropolitan03</span> <span class='ocrx_word' id='word_1_79' title='bbox 691 1283 731 1342; x_wconf 90' lang='lat' dir='ltr'>ita</span> <span class='ocrx_word' id='word_1_80' title='bbox 753 1292 800 1357; x_wconf 92' lang='lat' dir='ltr'>ut,</span> <span class='ocrx_word' id='word_1_81' title='bbox 833 1285 858 1344; x_wconf 94' lang='lat' dir='ltr'>si</span> <span class='ocrx_word' id='word_1_82' title='bbox 891 1284 1003 1363; x_wconf 92' lang='lat' dir='ltr'>aliquis</span> <span class='ocrx_word' id='word_1_83' title='bbox 1060 1302 1146 1347; x_wconf 91' lang='lat' dir='ltr'>nunc</span> <span class='ocrx_word' id='word_1_84' title='bbox 1168 1287 1353 1361; x_wconf 89' lang='lat' dir='ltr'>redeuntes,</span> <span class='ocrx_word' id='word_1_85' title='bbox 1377 1303 1455 1366; x_wconf 90' lang='lat' dir='ltr'>quae</span> <span class='ocrx_word' id='word_1_86' title='bbox 1487 1290 1567 1351; x_wconf 92' lang='lat' dir='ltr'>circa</span> <span class='ocrx_word' id='word_1_87' title='bbox 1599 1291 1810 1354; x_wconf 80' lang='lat' dir='ltr'>immediatam</span> <span class='ocrx_word' id='word_1_88' title='bbox 1830 1264 2048 1365; x_wconf 55' lang='grc' dir='ltr'>ξὲῧζῖιέᾞῗιιιὲῗ</span> 
     </span>
     <span class='ocr_line' id='line_1_9' title="bbox 253 1371 2046 1470; baseline 0.008 -38"><span class='ocrx_word' id='word_1_89' title='bbox 253 1371 352 1432; x_wconf 73' lang='lat' dir='ltr'>abbas</span> <span class='ocrx_word' id='word_1_90' title='bbox 374 1371 407 1432; x_wconf 93' lang='lat' dir='ltr'>in</span> <span class='ocrx_word' id='word_1_91' title='bbox 433 1372 481 1434; x_wconf 91' lang='lat' dir='ltr'>sui</span> <span class='ocrx_word' id='word_1_92' title='bbox 511 1374 691 1436; x_wconf 86' lang='lat' dir='ltr'>monasterii</span> <span class='ocrx_word' id='word_1_93' title='bbox 716 1375 873 1450; x_wconf 89' lang='lat' dir='ltr'>regimine</span> <span class='ocrx_word' id='word_1_94' title='bbox 896 1392 1002 1452; x_wconf 87' lang='lat' dir='ltr'>grava·</span> <span class='ocrx_word' id='word_1_95' title='bbox 1061 1379 1093 1441; x_wconf 93' lang='lat' dir='ltr'>in</span> <span class='ocrx_word' id='word_1_96' title='bbox 1107 1379 1237 1440; x_wconf 74' lang='lat' dir='ltr'>abbates</span> <span class='ocrx_word' id='word_1_97' title='bbox 1253 1379 1510 1456; x_wconf 86' lang='lat' dir='ltr'>iurisdictionem,</span> <span class='ocrx_word' id='word_1_98' title='bbox 1527 1382 1577 1443; x_wconf 91' lang='lat' dir='ltr'>vel</span> <span class='ocrx_word' id='word_1_99' title='bbox 1592 1383 1811 1446; x_wconf 80' lang='lat' dir='ltr'>Proto-Archi·</span> <span class='ocrx_word' id='word_1_100' title='bbox 1831 1372 2046 1470; x_wconf 55' lang='lat' dir='ltr'>{ffiff&#39;mffss&#39;m‘m</span> 
     </span>
     <span class='ocr_line' id='line_1_10' title="bbox 253 1464 1812 1555; baseline 0.009 -31"><span class='ocrx_word' id='word_1_101' title='bbox 253 1479 325 1525; x_wconf 88' lang='lat' dir='ltr'>men</span> <span class='ocrx_word' id='word_1_102' title='bbox 348 1464 471 1541; x_wconf 86' lang='lat' dir='ltr'>aliquod</span> <span class='ocrx_word' id='word_1_103' title='bbox 493 1464 543 1525; x_wconf 91' lang='lat' dir='ltr'>vel</span> <span class='ocrx_word' id='word_1_104' title='bbox 566 1467 766 1541; x_wconf 91' lang='lat' dir='ltr'>monasterio,</span> <span class='ocrx_word' id='word_1_105' title='bbox 781 1467 830 1528; x_wconf 91' lang='lat' dir='ltr'>vel</span> <span class='ocrx_word' id='word_1_106' title='bbox 847 1469 1004 1530; x_wconf 88' lang='lat' dir='ltr'>monacbis</span> <span class='ocrx_word' id='word_1_107' title='bbox 1031 1502 1034 1555; x_wconf 66' lang='lat' dir='ltr'>q</span> <span class='ocrx_word' id='word_1_108' title='bbox 1061 1474 1248 1546; x_wconf 75' lang='lat' dir='ltr'>mandritae,</span> <span class='ocrx_word' id='word_1_109' title='bbox 1262 1473 1311 1533; x_wconf 89' lang='lat' dir='ltr'>vel</span> <span class='ocrx_word' id='word_1_110' title='bbox 1327 1471 1564 1553; x_wconf 86' lang='lat' dir='ltr'>Metropolitano</span> <span class='ocrx_word' id='word_1_111' title='bbox 1579 1477 1812 1538; x_wconf 90' lang='lat' dir='ltr'>adiudicandam</span> 
     </span>
     <span class='ocr_line' id='line_1_11' title="bbox 252 1556 1810 1646; baseline 0.009 -28"><span class='ocrx_word' id='word_1_112' title='bbox 252 1556 396 1618; x_wconf 91' lang='lat' dir='ltr'>intulisse</span> <span class='ocrx_word' id='word_1_113' title='bbox 417 1557 603 1635; x_wconf 88' lang='lat' dir='ltr'>reperiatur,</span> <span class='ocrx_word' id='word_1_114' title='bbox 620 1575 699 1622; x_wconf 92' lang='lat' dir='ltr'>onus</span> <span class='ocrx_word' id='word_1_115' title='bbox 720 1561 761 1621; x_wconf 91' lang='lat' dir='ltr'>sit</span> <span class='ocrx_word' id='word_1_116' title='bbox 782 1561 1005 1623; x_wconf 79' lang='lat' dir='ltr'>Proto-drobi·</span> <span class='ocrx_word' id='word_1_117' title='bbox 1031 1558 1034 1643; x_wconf 73' lang='lat' dir='ltr'>l</span> <span class='ocrx_word' id='word_1_118' title='bbox 1061 1574 1222 1641; x_wconf 82' lang='lat' dir='ltr'>versatur3</span> <span class='ocrx_word' id='word_1_119' title='bbox 1254 1581 1408 1627; x_wconf 91' lang='lat' dir='ltr'>memores</span> <span class='ocrx_word' id='word_1_120' title='bbox 1430 1585 1485 1630; x_wconf 87' lang='lat' dir='ltr'>vos</span> <span class='ocrx_word' id='word_1_121' title='bbox 1510 1585 1576 1629; x_wconf 92' lang='lat' dir='ltr'>esse</span> <span class='ocrx_word' id='word_1_122' title='bbox 1597 1576 1754 1646; x_wconf 89' lang='lat' dir='ltr'>putamus,</span> <span class='ocrx_word' id='word_1_123' title='bbox 1778 1570 1810 1632; x_wconf 96' lang='lat' dir='ltr'>in</span> 
     </span>
     <span class='ocr_line' id='line_1_12' title="bbox 253 1648 1813 1736; baseline 0.008 -26"><span class='ocrx_word' id='word_1_124' title='bbox 253 1648 429 1711; x_wconf 88' lang='lat' dir='ltr'>mandritae</span> <span class='ocrx_word' id='word_1_125' title='bbox 460 1651 567 1710; x_wconf 90' lang='lat' dir='ltr'>omnia</span> <span class='ocrx_word' id='word_1_126' title='bbox 589 1650 707 1713; x_wconf 89' lang='lat' dir='ltr'>referre</span> <span class='ocrx_word' id='word_1_127' title='bbox 735 1653 771 1714; x_wconf 92' lang='lat' dir='ltr'>ad</span> <span class='ocrx_word' id='word_1_128' title='bbox 798 1654 1005 1731; x_wconf 80' lang='lat' dir='ltr'>Metropolita-</span> <span class='ocrx_word' id='word_1_129' title='bbox 1032 1658 1034 1726; x_wconf 74' lang='lat' dir='ltr'>t</span> <span class='ocrx_word' id='word_1_130' title='bbox 1061 1657 1303 1733; x_wconf 82' lang='lat' dir='ltr'>congregatione</span> <span class='ocrx_word' id='word_1_131' title='bbox 1324 1658 1404 1736; x_wconf 93' lang='lat' dir='ltr'>apud</span> <span class='ocrx_word' id='word_1_132' title='bbox 1427 1675 1483 1721; x_wconf 90' lang='lat' dir='ltr'>nos</span> <span class='ocrx_word' id='word_1_133' title='bbox 1506 1661 1606 1723; x_wconf 84' lang='lat' dir='ltr'>babila</span> <span class='ocrx_word' id='word_1_134' title='bbox 1629 1662 1678 1724; x_wconf 90' lang='lat' dir='ltr'>die</span> <span class='ocrx_word' id='word_1_135' title='bbox 1700 1678 1721 1722; x_wconf 89' lang='grc' dir='ltr'>ι.</span> <span class='ocrx_word' id='word_1_136' title='bbox 1741 1663 1813 1723; x_wconf 93' lang='lat' dir='ltr'>maii</span> 
     </span>
     <span class='ocr_line' id='line_1_13' title="bbox 251 1741 1814 1833; baseline 0.007 -29"><span class='ocrx_word' id='word_1_137' title='bbox 251 1758 340 1804; x_wconf 91' lang='lat' dir='ltr'>num.</span> <span class='ocrx_word' id='word_1_138' title='bbox 361 1741 411 1803; x_wconf 78' lang='lat' dir='ltr'>An</span> <span class='ocrx_word' id='word_1_139' title='bbox 426 1758 501 1804; x_wconf 92' lang='lat' dir='ltr'>vero</span> <span class='ocrx_word' id='word_1_140' title='bbox 516 1745 732 1820; x_wconf 87' lang='lat' dir='ltr'>praecedentia</span> <span class='ocrx_word' id='word_1_141' title='bbox 747 1746 908 1808; x_wconf 91' lang='lat' dir='ltr'>abbatibus</span> <span class='ocrx_word' id='word_1_142' title='bbox 922 1762 1006 1808; x_wconf 91' lang='lat' dir='ltr'>com·</span> <span class='ocrx_word' id='word_1_143' title='bbox 1032 1744 1035 1827; x_wconf 76' lang='lat' dir='ltr'>l</span> <span class='ocrx_word' id='word_1_144' title='bbox 1061 1751 1134 1811; x_wconf 91' lang='lat' dir='ltr'>anni</span> <span class='ocrx_word' id='word_1_145' title='bbox 1158 1765 1324 1813; x_wconf 84' lang='lat' dir='ltr'>unooxuu.</span> <span class='ocrx_word' id='word_1_146' title='bbox 1359 1752 1604 1814; x_wconf 89' lang='lat' dir='ltr'>iurisdictionem</span> <span class='ocrx_word' id='word_1_147' title='bbox 1638 1755 1814 1833; x_wconf 89' lang='lat' dir='ltr'>lletropoli·</span> 
     </span>
     <span class='ocr_line' id='line_1_14' title="bbox 252 1837 1815 1925; baseline 0.01 -30"><span class='ocrx_word' id='word_1_148' title='bbox 252 1843 338 1914; x_wconf 91' lang='lat' dir='ltr'>petat</span> <span class='ocrx_word' id='word_1_149' title='bbox 356 1850 449 1912; x_wconf 91' lang='lat' dir='ltr'>supra</span> <span class='ocrx_word' id='word_1_150' title='bbox 473 1837 576 1914; x_wconf 91' lang='lat' dir='ltr'>ipsum</span> <span class='ocrx_word' id='word_1_151' title='bbox 598 1837 1003 1914; x_wconf 83' lang='lat' dir='ltr'>Proto-Arabimandritam‚</span> <span class='ocrx_word' id='word_1_152' title='bbox 1031 1860 1034 1925; x_wconf 73' lang='lat' dir='ltr'>t</span> <span class='ocrx_word' id='word_1_153' title='bbox 1063 1844 1126 1904; x_wconf 87' lang='lat' dir='ltr'>tani</span> <span class='ocrx_word' id='word_1_154' title='bbox 1147 1859 1239 1921; x_wconf 92' lang='lat' dir='ltr'>supra</span> <span class='ocrx_word' id='word_1_155' title='bbox 1262 1846 1429 1906; x_wconf 91' lang='lat' dir='ltr'>monacbos</span> <span class='ocrx_word' id='word_1_156' title='bbox 1448 1846 1612 1907; x_wconf 88' lang='lat' dir='ltr'>admissam</span> <span class='ocrx_word' id='word_1_157' title='bbox 1628 1846 1738 1922; x_wconf 88' lang='lat' dir='ltr'>luisse;</span> <span class='ocrx_word' id='word_1_158' title='bbox 1762 1865 1815 1910; x_wconf 89' lang='lat' dir='ltr'>ve·</span> 
     </span>
     <span class='ocr_line' id='line_1_15' title="bbox 251 1928 1816 2009; baseline 0.009 -20"><span class='ocrx_word' id='word_1_159' title='bbox 251 1928 302 1990; x_wconf 88' lang='lat' dir='ltr'>vel</span> <span class='ocrx_word' id='word_1_160' title='bbox 334 1940 458 2004; x_wconf 88' lang='lat' dir='ltr'>contra,</span> <span class='ocrx_word' id='word_1_161' title='bbox 485 1929 518 1991; x_wconf 94' lang='lat' dir='ltr'>in</span> <span class='ocrx_word' id='word_1_162' title='bbox 548 1930 664 1992; x_wconf 93' lang='lat' dir='ltr'>iudicio</span> <span class='ocrx_word' id='word_1_163' title='bbox 695 1931 888 2009; x_wconf 77' lang='lat' dir='ltr'>apostoticae</span> <span class='ocrx_word' id='word_1_164' title='bbox 920 1933 1006 1996; x_wconf 90' lang='lat' dir='ltr'>Sedis</span> <span class='ocrx_word' id='word_1_165' title='bbox 1032 1942 1034 1985; x_wconf 92' lang='lat'><strong>:</strong></span> <span class='ocrx_word' id='word_1_166' title='bbox 1062 1943 1241 1999; x_wconf 89' lang='lat' dir='ltr'>rumtamen</span> <span class='ocrx_word' id='word_1_167' title='bbox 1264 1939 1441 2000; x_wconf 87' lang='lat' dir='ltr'>restrictam</span> <span class='ocrx_word' id='word_1_168' title='bbox 1463 1940 1497 2000; x_wconf 89' lang='lat' dir='ltr'>ad</span> <span class='ocrx_word' id='word_1_169' title='bbox 1527 1941 1680 2002; x_wconf 89' lang='lat' dir='ltr'>terminos</span> <span class='ocrx_word' id='word_1_170' title='bbox 1701 1943 1816 2003; x_wconf 90' lang='lat' dir='ltr'>consti·</span> 
     </span>
     <span class='ocr_line' id='line_1_16' title="bbox 251 2022 1813 2108; baseline 0.006 -23"><span class='ocrx_word' id='word_1_171' title='bbox 251 2022 427 2101; x_wconf 86' lang='lat' dir='ltr'>specialiter</span> <span class='ocrx_word' id='word_1_172' title='bbox 447 2039 463 2082; x_wconf 91' lang='lat' dir='ltr'>a</span> <span class='ocrx_word' id='word_1_173' title='bbox 485 2023 573 2084; x_wconf 88' lang='lat' dir='ltr'>vobis</span> <span class='ocrx_word' id='word_1_174' title='bbox 594 2033 790 2086; x_wconf 86' lang='lat' dir='ltr'>reservatum</span> <span class='ocrx_word' id='word_1_175' title='bbox 817 2024 911 2086; x_wconf 91' lang='lat' dir='ltr'>luisse</span> <span class='ocrx_word' id='word_1_176' title='bbox 932 2040 1004 2087; x_wconf 90' lang='lat' dir='ltr'>con·</span> <span class='ocrx_word' id='word_1_177' title='bbox 1062 2031 1220 2091; x_wconf 91' lang='lat' dir='ltr'>tutionum</span> <span class='ocrx_word' id='word_1_178' title='bbox 1253 2031 1491 2108; x_wconf 87' lang='lat' dir='ltr'>apostolicarum</span> <span class='ocrx_word' id='word_1_179' title='bbox 1521 2039 1552 2093; x_wconf 91' lang='lat' dir='ltr'>et</span> <span class='ocrx_word' id='word_1_180' title='bbox 1573 2033 1648 2094; x_wconf 91' lang='lat' dir='ltr'>sacri</span> <span class='ocrx_word' id='word_1_181' title='bbox 1680 2034 1813 2096; x_wconf 75' lang='lat' dir='ltr'>concilii</span> 
     </span>
     <span class='ocr_line' id='line_1_17' title="bbox 250 2117 1815 2202; baseline 0.008 -26"><span class='ocrx_word' id='word_1_182' title='bbox 250 2117 410 2195; x_wconf 92' lang='lat' dir='ltr'>spicimus.</span> <span class='ocrx_word' id='word_1_183' title='bbox 1062 2121 1250 2196; x_wconf 69' lang='lat' dir='ltr'>tridentini,</span> <span class='ocrx_word' id='word_1_184' title='bbox 1273 2123 1325 2183; x_wconf 94' lang='lat' dir='ltr'>ubi</span> <span class='ocrx_word' id='word_1_185' title='bbox 1348 2124 1415 2184; x_wconf 92' lang='lat' dir='ltr'>iura</span> <span class='ocrx_word' id='word_1_186' title='bbox 1435 2123 1663 2202; x_wconf 86' lang='lat' dir='ltr'>Metropolitani</span> <span class='ocrx_word' id='word_1_187' title='bbox 1687 2127 1719 2188; x_wconf 90' lang='lat' dir='ltr'>in</span> <span class='ocrx_word' id='word_1_188' title='bbox 1749 2143 1815 2188; x_wconf 92' lang='lat' dir='ltr'>mo-</span> 
     </span>
    </p>

    <p class='ocr_par' dir='ltr' id='par_1_4' title="bbox 249 2209 1815 2664">
     <span class='ocr_line' id='line_1_18' title="bbox 289 2209 1815 2296; baseline 0.007 -26"><span class='ocrx_word' id='word_1_189' title='bbox 289 2210 381 2284; x_wconf 79' lang='lat' dir='ltr'>§ib</span> <span class='ocrx_word' id='word_1_190' title='bbox 404 2210 525 2286; x_wconf 79' lang='lat' dir='ltr'>Duplex</span> <span class='ocrx_word' id='word_1_191' title='bbox 555 2209 677 2288; x_wconf 89' lang='lat' dir='ltr'>itaque,</span> <span class='ocrx_word' id='word_1_192' title='bbox 707 2221 743 2273; x_wconf 92' lang='lat' dir='ltr'>ut</span> <span class='ocrx_word' id='word_1_193' title='bbox 777 2210 900 2286; x_wconf 91' lang='lat' dir='ltr'>videtis,</span> <span class='ocrx_word' id='word_1_194' title='bbox 924 2213 1004 2274; x_wconf 92' lang='lat' dir='ltr'>deci·</span> <span class='ocrx_word' id='word_1_195' title='bbox 1063 2215 1175 2276; x_wconf 91' lang='lat' dir='ltr'>nachos</span> <span class='ocrx_word' id='word_1_196' title='bbox 1207 2226 1369 2293; x_wconf 89' lang='lat' dir='ltr'>exemptos</span> <span class='ocrx_word' id='word_1_197' title='bbox 1401 2217 1652 2294; x_wconf 78' lang='lat' dir='ltr'>praefiniuntur3</span> <span class='ocrx_word' id='word_1_198' title='bbox 1686 2233 1724 2279; x_wconf 91' lang='lat' dir='ltr'>ex</span> <span class='ocrx_word' id='word_1_199' title='bbox 1752 2235 1815 2296; x_wconf 92' lang='lat' dir='ltr'>quo</span> 
     </span>
     <span class='ocr_line' id='line_1_19' title="bbox 250 2303 1812 2387; baseline 0.004 -22"><span class='ocrx_word' id='word_1_200' title='bbox 250 2303 350 2365; x_wconf 93' lang='lat' dir='ltr'>denda</span> <span class='ocrx_word' id='word_1_201' title='bbox 372 2303 557 2380; x_wconf 91' lang='lat' dir='ltr'>proponitur</span> <span class='ocrx_word' id='word_1_202' title='bbox 585 2304 742 2380; x_wconf 66' lang='lat' dir='ltr'>quassum</span> <span class='ocrx_word' id='word_1_203' title='bbox 766 2303 861 2367; x_wconf 90' lang='lat' dir='ltr'>altera</span> <span class='ocrx_word' id='word_1_204' title='bbox 887 2304 1003 2366; x_wconf 86' lang='lat' dir='ltr'>scilicet</span> <span class='ocrx_word' id='word_1_205' title='bbox 1032 2318 1034 2381; x_wconf 86' lang='grc'>;</span> <span class='ocrx_word' id='word_1_206' title='bbox 1062 2308 1169 2384; x_wconf 90' lang='lat' dir='ltr'>procul</span> <span class='ocrx_word' id='word_1_207' title='bbox 1201 2307 1294 2369; x_wconf 92' lang='lat' dir='ltr'>dnbio</span> <span class='ocrx_word' id='word_1_208' title='bbox 1321 2309 1544 2387; x_wconf 84' lang='lat' dir='ltr'>consequitur,</span> <span class='ocrx_word' id='word_1_209' title='bbox 1578 2310 1726 2385; x_wconf 76' lang='lat' dir='ltr'>Abbates,</span> <span class='ocrx_word' id='word_1_210' title='bbox 1750 2327 1812 2373; x_wconf 95' lang='lat' dir='ltr'>non</span> 
     </span>
     <span class='ocr_line' id='line_1_20' title="bbox 249 2390 1814 2519; baseline 0.005 -63"><span class='ocrx_word' id='word_1_211' title='bbox 249 2396 331 2457; x_wconf 89' lang='lat' dir='ltr'>circa</span> <span class='ocrx_word' id='word_1_212' title='bbox 353 2395 565 2456; x_wconf 89' lang='lat' dir='ltr'>immediatam</span> <span class='ocrx_word' id='word_1_213' title='bbox 588 2395 741 2457; x_wconf 81' lang='lat' dir='ltr'>Abbatum</span> <span class='ocrx_word' id='word_1_214' title='bbox 766 2398 1002 2470; x_wconf 86' lang='lat' dir='ltr'>subiectionem,</span> <span class='ocrx_word' id='word_1_215' title='bbox 1032 2390 1034 2519; x_wconf 49' lang='lat' dir='ltr'>t</span> <span class='ocrx_word' id='word_1_216' title='bbox 1061 2401 1186 2477; x_wconf 89' lang='lat' dir='ltr'>quidem</span> <span class='ocrx_word' id='word_1_217' title='bbox 1217 2401 1472 2479; x_wconf 84' lang='lat' dir='ltr'>Metropolitano,</span> <span class='ocrx_word' id='word_1_218' title='bbox 1505 2403 1557 2462; x_wconf 90' lang='lat' dir='ltr'>sed</span> <span class='ocrx_word' id='word_1_219' title='bbox 1591 2403 1814 2466; x_wconf 76' lang='lat' dir='ltr'>Proto-drobi·</span> 
     </span>
     <span class='ocr_line' id='line_1_21' title="bbox 251 2487 1815 2566; baseline 0.007 -20"><span class='ocrx_word' id='word_1_220' title='bbox 251 2487 1002 2566; x_wconf 82' lang='lat' dir='ltr'>velProto-ArchimandritaevelMetropolitan03</span> <span class='ocrx_word' id='word_1_221' title='bbox 1032 2526 1034 2539; x_wconf 89' lang='lat'><em>·</em></span> <span class='ocrx_word' id='word_1_222' title='bbox 1062 2494 1234 2554; x_wconf 92' lang='lat' dir='ltr'>mandritae</span> <span class='ocrx_word' id='word_1_223' title='bbox 1257 2493 1435 2556; x_wconf 90' lang='lat' dir='ltr'>immediato</span> <span class='ocrx_word' id='word_1_224' title='bbox 1466 2494 1591 2555; x_wconf 86' lang='lat' dir='ltr'>subesse</span> <span class='ocrx_word' id='word_1_225' title='bbox 1612 2496 1736 2556; x_wconf 88' lang='lat' dir='ltr'>debere.</span> <span class='ocrx_word' id='word_1_226' title='bbox 1761 2495 1815 2557; x_wconf 87' lang='lat' dir='ltr'>lli·</span> 
     </span>
     <span class='ocr_line' id='line_1_22' title="bbox 251 2574 1813 2664; baseline 0.004 -22"><span class='ocrx_word' id='word_1_227' title='bbox 251 2580 349 2642; x_wconf 91' lang='lat' dir='ltr'>altera</span> <span class='ocrx_word' id='word_1_228' title='bbox 364 2581 803 2644; x_wconf 76' lang='lat' dir='ltr'>circaeorumdemdbbatum</span> <span class='ocrx_word' id='word_1_229' title='bbox 820 2585 1004 2660; x_wconf 88' lang='lat' dir='ltr'>praeceden-</span> <span class='ocrx_word' id='word_1_230' title='bbox 1032 2574 1034 2603; x_wconf 91' lang='lat'>&#39;</span> <span class='ocrx_word' id='word_1_231' title='bbox 1061 2601 1132 2646; x_wconf 93' lang='lat' dir='ltr'>sum</span> <span class='ocrx_word' id='word_1_232' title='bbox 1156 2593 1219 2662; x_wconf 89' lang='lat' dir='ltr'>est,</span> <span class='ocrx_word' id='word_1_233' title='bbox 1246 2594 1365 2648; x_wconf 92' lang='lat' dir='ltr'>rectum</span> <span class='ocrx_word' id='word_1_234' title='bbox 1400 2587 1620 2662; x_wconf 77' lang='lat' dir='ltr'>gubernandae</span> <span class='ocrx_word' id='word_1_235' title='bbox 1651 2588 1813 2664; x_wconf 88' lang='lat' dir='ltr'>religionis</span> 
     </span>
    </p>
   </div>
   <div class='ocr_carea' id='block_1_4' title="bbox 81 2739 1005 2845">
    <p class='ocr_par' dir='ltr' id='par_1_5' title="bbox 81 2739 1005 2845">
     <span class='ocr_line' id='line_1_23' title="bbox 81 2739 1005 2845; baseline -0.001 -15"><span class='ocrx_word' id='word_1_236' title='bbox 81 2739 235 2842; x_wconf 55' lang='lat' dir='ltr'>ffissffi&#39;ssg</span> <span class='ocrx_word' id='word_1_237' title='bbox 251 2768 351 2844; x_wconf 89' lang='lat' dir='ltr'>igitur</span> <span class='ocrx_word' id='word_1_238' title='bbox 374 2767 464 2828; x_wconf 90' lang='lat' dir='ltr'>initio</span> <span class='ocrx_word' id='word_1_239' title='bbox 485 2766 523 2828; x_wconf 92' lang='lat' dir='ltr'>ab</span> <span class='ocrx_word' id='word_1_240' title='bbox 537 2783 583 2840; x_wconf 88' lang='lat' dir='ltr'>ea,</span> <span class='ocrx_word' id='word_1_241' title='bbox 600 2782 678 2845; x_wconf 88' lang='lat' dir='ltr'>quae</span> <span class='ocrx_word' id='word_1_242' title='bbox 701 2769 858 2830; x_wconf 91' lang='lat' dir='ltr'>minorem</span> <span class='ocrx_word' id='word_1_243' title='bbox 874 2769 1005 2831; x_wconf 84' lang='lat' dir='ltr'>difficul-</span> 
     </span>
    </p>
   </div>
   <div class='ocr_carea' id='block_1_5' title="bbox 78 2847 1006 3124">
    <p class='ocr_par' dir='ltr' id='par_1_6' title="bbox 78 2847 1006 3124">
     <span class='ocr_line' id='line_1_24' title="bbox 78 2847 1004 2940; baseline 0.004 -20"><span class='ocrx_word' id='word_1_244' title='bbox 78 2847 184 2896; x_wconf 72' lang='lat' dir='ltr'>alavius.</span> <span class='ocrx_word' id='word_1_245' title='bbox 251 2869 348 2922; x_wconf 91' lang='lat' dir='ltr'>tatem</span> <span class='ocrx_word' id='word_1_246' title='bbox 372 2860 518 2934; x_wconf 91' lang='lat' dir='ltr'>involvit,</span> <span class='ocrx_word' id='word_1_247' title='bbox 546 2861 757 2934; x_wconf 89' lang='lat' dir='ltr'>decernimus,</span> <span class='ocrx_word' id='word_1_248' title='bbox 780 2864 861 2940; x_wconf 91' lang='lat' dir='ltr'>quod</span> <span class='ocrx_word' id='word_1_249' title='bbox 884 2863 917 2923; x_wconf 92' lang='lat' dir='ltr'>in</span> <span class='ocrx_word' id='word_1_250' title='bbox 939 2879 1004 2924; x_wconf 90' lang='lat' dir='ltr'>om-</span> 
     </span>
     <span class='ocr_line' id='line_1_25' title="bbox 251 2953 1005 3017; baseline 0.003 -2"><span class='ocrx_word' id='word_1_251' title='bbox 251 2954 346 3016; x_wconf 90' lang='lat' dir='ltr'>nibus</span> <span class='ocrx_word' id='word_1_252' title='bbox 368 2953 486 3014; x_wconf 90' lang='lat' dir='ltr'>actibus</span> <span class='ocrx_word' id='word_1_253' title='bbox 508 2953 686 3014; x_wconf 90' lang='lat' dir='ltr'>monasticis</span> <span class='ocrx_word' id='word_1_254' title='bbox 708 2953 1005 3017; x_wconf 79' lang='lat' dir='ltr'>Proto-Archiman-</span> 
     </span>
     <span class='ocr_line' id='line_1_26' title="bbox 252 3045 1006 3124; baseline 0.003 -16"><span class='ocrx_word' id='word_1_255' title='bbox 252 3047 334 3110; x_wconf 86' lang='lat' dir='ltr'>drita</span> <span class='ocrx_word' id='word_1_256' title='bbox 356 3046 517 3124; x_wconf 90' lang='lat' dir='ltr'>praecedat</span> <span class='ocrx_word' id='word_1_257' title='bbox 539 3045 688 3119; x_wconf 77' lang='lat' dir='ltr'>Abbates3</span> <span class='ocrx_word' id='word_1_258' title='bbox 714 3061 785 3107; x_wconf 92' lang='lat' dir='ltr'>cum</span> <span class='ocrx_word' id='word_1_259' title='bbox 808 3047 941 3110; x_wconf 90' lang='lat' dir='ltr'>minime</span> <span class='ocrx_word' id='word_1_260' title='bbox 962 3047 1006 3110; x_wconf 88' lang='lat' dir='ltr'>le·</span> 
     </span>
    </p>
   </div>
   <div class='ocr_carea' id='block_1_6' title="bbox 107 2673 1005 2751">
    <p class='ocr_par' dir='ltr' id='par_1_7' title="bbox 107 2616 1034 2815">
     <span class='ocr_line' id='line_1_27' title="bbox 107 2673 1005 2751; baseline 0.003 -17"><span class='ocrx_word' id='word_1_261' title='bbox 107 2686 231 2734; x_wconf 77' lang='lat' dir='ltr'>rava-mu.</span> <span class='ocrx_word' id='word_1_262' title='bbox 252 2674 329 2735; x_wconf 90' lang='lat' dir='ltr'>tiam</span> <span class='ocrx_word' id='word_1_263' title='bbox 350 2689 443 2751; x_wconf 87' lang='lat' dir='ltr'>supra</span> <span class='ocrx_word' id='word_1_264' title='bbox 472 2673 882 2736; x_wconf 76' lang='lat' dir='ltr'>Proto-archimandritam.</span> <span class='ocrx_word' id='word_1_265' title='bbox 907 2678 1005 2737; x_wconf 83' lang='lat' dir='ltr'>llucto</span> 
     </span>
    </p>
   </div>
   <div class='ocr_carea' id='block_1_7' title="bbox 1062 2679 1813 3128">
    <p class='ocr_par' dir='ltr' id='par_1_8' title="bbox 1062 2679 1813 3128">
     <span class='ocr_line' id='line_1_28' title="bbox 1062 2679 1813 2758; baseline 0.003 -18"><span class='ocrx_word' id='word_1_266' title='bbox 1062 2680 1204 2740; x_wconf 89' lang='lat' dir='ltr'>ordinem</span> <span class='ocrx_word' id='word_1_267' title='bbox 1227 2679 1359 2740; x_wconf 90' lang='lat' dir='ltr'>minime</span> <span class='ocrx_word' id='word_1_268' title='bbox 1378 2679 1547 2742; x_wconf 87' lang='lat' dir='ltr'>subsistere</span> <span class='ocrx_word' id='word_1_269' title='bbox 1570 2696 1667 2758; x_wconf 91' lang='lat' dir='ltr'>posse,</span> <span class='ocrx_word' id='word_1_270' title='bbox 1684 2683 1738 2742; x_wconf 94' lang='lat' dir='ltr'>ubi</span> <span class='ocrx_word' id='word_1_271' title='bbox 1754 2681 1813 2742; x_wconf 78' lang='lat' dir='ltr'>ab·</span> 
     </span>
     <span class='ocr_line' id='line_1_29' title="bbox 1062 2771 1812 2849; baseline 0.003 -16"><span class='ocrx_word' id='word_1_272' title='bbox 1062 2772 1146 2833; x_wconf 91' lang='lat' dir='ltr'>bates</span> <span class='ocrx_word' id='word_1_273' title='bbox 1168 2788 1183 2831; x_wconf 97' lang='lat' dir='ltr'>a</span> <span class='ocrx_word' id='word_1_274' title='bbox 1205 2771 1458 2849; x_wconf 79' lang='lat' dir='ltr'>Metropolitum,</span> <span class='ocrx_word' id='word_1_275' title='bbox 1483 2787 1548 2832; x_wconf 92' lang='lat' dir='ltr'>non</span> <span class='ocrx_word' id='word_1_276' title='bbox 1574 2781 1717 2834; x_wconf 91' lang='lat' dir='ltr'>autema</span> <span class='ocrx_word' id='word_1_277' title='bbox 1740 2774 1812 2835; x_wconf 86' lang='lat' dir='ltr'>Pro-</span> 
     </span>
     <span class='ocr_line' id='line_1_30' title="bbox 1064 2863 1810 2943; baseline 0.005 -19"><span class='ocrx_word' id='word_1_278' title='bbox 1064 2863 1365 2925; x_wconf 75' lang='lat' dir='ltr'>to-drobimandrita</span> <span class='ocrx_word' id='word_1_279' title='bbox 1401 2864 1580 2926; x_wconf 91' lang='lat' dir='ltr'>immediate</span> <span class='ocrx_word' id='word_1_280' title='bbox 1616 2867 1810 2943; x_wconf 81' lang='lat' dir='ltr'>penderent3</span> 
     </span>
     <span class='ocr_line' id='line_1_31' title="bbox 1062 2957 1810 3035; baseline 0.003 -17"><span class='ocrx_word' id='word_1_281' title='bbox 1062 2972 1161 3035; x_wconf 93' lang='lat' dir='ltr'>quum</span> <span class='ocrx_word' id='word_1_282' title='bbox 1184 2972 1241 3019; x_wconf 84' lang='lat' dir='ltr'>nec</span> <span class='ocrx_word' id='word_1_283' title='bbox 1263 2957 1456 3032; x_wconf 89' lang='lat' dir='ltr'>imaginaria,</span> <span class='ocrx_word' id='word_1_284' title='bbox 1481 2973 1537 3019; x_wconf 88' lang='lat' dir='ltr'>nec</span> <span class='ocrx_word' id='word_1_285' title='bbox 1559 2958 1725 3019; x_wconf 89' lang='lat' dir='ltr'>admodum</span> <span class='ocrx_word' id='word_1_286' title='bbox 1745 2975 1810 3020; x_wconf 94' lang='lat' dir='ltr'>rara</span> 
     </span>
     <span class='ocr_line' id='line_1_32' title="bbox 1063 3049 1812 3128; baseline 0.003 -18"><span class='ocrx_word' id='word_1_287' title='bbox 1063 3050 1234 3110; x_wconf 90' lang='lat' dir='ltr'>existimari</span> <span class='ocrx_word' id='word_1_288' title='bbox 1256 3049 1365 3111; x_wconf 90' lang='lat' dir='ltr'>debeat</span> <span class='ocrx_word' id='word_1_289' title='bbox 1376 3050 1505 3121; x_wconf 84' lang='lat' dir='ltr'>occasio,</span> <span class='ocrx_word' id='word_1_290' title='bbox 1520 3066 1580 3128; x_wconf 93' lang='lat' dir='ltr'>qua</span> <span class='ocrx_word' id='word_1_291' title='bbox 1596 3050 1695 3112; x_wconf 81' lang='lat' dir='ltr'>Abbas</span> <span class='ocrx_word' id='word_1_292' title='bbox 1716 3051 1748 3111; x_wconf 90' lang='lat' dir='ltr'>in</span> <span class='ocrx_word' id='word_1_293' title='bbox 1764 3053 1812 3112; x_wconf 92' lang='lat' dir='ltr'>sni</span> 
     </span>
    </p>
   </div>
   <div class='ocr_carea' id='block_1_8' title="bbox 84 3120 1813 3312">
    <p class='ocr_par' dir='ltr' id='par_1_9' title="bbox 84 3120 1813 3312">
     <span class='ocr_line' id='line_1_33' title="bbox 252 3120 1813 3221; baseline 0.004 -21"><span class='ocrx_word' id='word_1_294' title='bbox 252 3140 390 3203; x_wconf 92' lang='lat' dir='ltr'>rendum</span> <span class='ocrx_word' id='word_1_295' title='bbox 412 3139 464 3212; x_wconf 92' lang='lat' dir='ltr'>sit,</span> <span class='ocrx_word' id='word_1_296' title='bbox 487 3138 520 3199; x_wconf 93' lang='lat' dir='ltr'>in</span> <span class='ocrx_word' id='word_1_297' title='bbox 550 3139 729 3201; x_wconf 88' lang='lat' dir='ltr'>huiusmodi</span> <span class='ocrx_word' id='word_1_298' title='bbox 753 3138 1005 3202; x_wconf 85' lang='lat' dir='ltr'>actibusmona-</span> <span class='ocrx_word' id='word_1_299' title='bbox 1032 3120 1035 3201; x_wconf 79' lang='lat' dir='ltr'>l</span> <span class='ocrx_word' id='word_1_300' title='bbox 1062 3142 1242 3203; x_wconf 91' lang='lat' dir='ltr'>monasterii</span> <span class='ocrx_word' id='word_1_301' title='bbox 1274 3143 1447 3218; x_wconf 90' lang='lat' dir='ltr'>regimine,</span> <span class='ocrx_word' id='word_1_302' title='bbox 1471 3141 1562 3204; x_wconf 93' lang='lat' dir='ltr'>alicui</span> <span class='ocrx_word' id='word_1_303' title='bbox 1592 3143 1643 3204; x_wconf 90' lang='lat' dir='ltr'>vel</span> <span class='ocrx_word' id='word_1_304' title='bbox 1670 3143 1813 3221; x_wconf 90' lang='lat' dir='ltr'>pluribus</span> 
     </span>
     <span class='ocr_line' id='line_1_34' title="bbox 84 3231 1811 3312; baseline -0.002 -12"><span class='ocrx_word' id='word_1_305' title='bbox 84 3253 234 3308; x_wconf 70' lang='lat' dir='ltr'>instratusq-</span> <span class='ocrx_word' id='word_1_306' title='bbox 250 3234 349 3306; x_wconf 92' lang='lat' dir='ltr'>sticis,</span> <span class='ocrx_word' id='word_1_307' title='bbox 373 3231 552 3307; x_wconf 87' lang='lat' dir='ltr'>religiosum</span> <span class='ocrx_word' id='word_1_308' title='bbox 574 3232 631 3308; x_wconf 91' lang='lat' dir='ltr'>ipsi</span> <span class='ocrx_word' id='word_1_309' title='bbox 647 3232 892 3308; x_wconf 89' lang='lat' dir='ltr'>religionissuae</span> <span class='ocrx_word' id='word_1_310' title='bbox 914 3235 1004 3312; x_wconf 89' lang='lat' dir='ltr'>capiti</span> <span class='ocrx_word' id='word_1_311' title='bbox 1062 3236 1221 3296; x_wconf 89' lang='lat' dir='ltr'>monacbis</span> <span class='ocrx_word' id='word_1_312' title='bbox 1243 3251 1410 3311; x_wconf 89' lang='lat' dir='ltr'>gravamen</span> <span class='ocrx_word' id='word_1_313' title='bbox 1439 3235 1578 3297; x_wconf 91' lang='lat' dir='ltr'>intulisse</span> <span class='ocrx_word' id='word_1_314' title='bbox 1608 3236 1738 3310; x_wconf 90' lang='lat' dir='ltr'>dicatur,</span> <span class='ocrx_word' id='word_1_315' title='bbox 1762 3236 1811 3296; x_wconf 89' lang='lat' dir='ltr'>vel</span> 
     </span>
    </p>
   </div>
   <div class='ocr_carea' id='block_1_9' title="bbox 37 3305 220 3354">
    <p class='ocr_par' dir='ltr' id='par_1_10' title="bbox 37 3305 220 3354">
     <span class='ocr_line' id='line_1_35' title="bbox 37 3305 220 3354; baseline -0.005 -4"><span class='ocrx_word' id='word_1_316' title='bbox 37 3335 38 3338; x_wconf 66' lang='lat'>,</span> <span class='ocrx_word' id='word_1_317' title='bbox 76 3305 220 3354; x_wconf 74' lang='lat' dir='ltr'>salutaticum.</span> 
     </span>
    </p>
   </div>
   <div class='ocr_carea' id='block_1_10' title="bbox 1032 3208 1035 3345">
    <p class='ocr_par' dir='ltr' id='par_1_11' title="bbox 1032 3208 1035 3345">
     <span class='ocr_line' id='line_1_36' title="bbox 1032 3208 1035 3345; baseline 0 0"><span class='ocrx_word' id='word_1_318' title='bbox 1032 3208 1035 3345; x_wconf 90' lang='lat' dir='ltr'>l</span> 
     </span>
    </p>
   </div>
   <div class='ocr_carea' id='block_1_11' title="bbox 76 3327 1006 5170">
    <p class='ocr_par' dir='ltr' id='par_1_12' title="bbox 76 3327 1006 4522">
     <span class='ocr_line' id='line_1_37' title="bbox 251 3327 1005 3400; baseline 0.004 -14"><span class='ocrx_word' id='word_1_319' title='bbox 251 3327 392 3400; x_wconf 88' lang='lat' dir='ltr'>anteire;</span> <span class='ocrx_word' id='word_1_320' title='bbox 417 3331 504 3386; x_wconf 85' lang='lat' dir='ltr'>extra</span> <span class='ocrx_word' id='word_1_321' title='bbox 527 3340 602 3385; x_wconf 91' lang='lat' dir='ltr'>vero</span> <span class='ocrx_word' id='word_1_322' title='bbox 623 3333 709 3386; x_wconf 91' lang='lat' dir='ltr'>actus</span> <span class='ocrx_word' id='word_1_323' title='bbox 732 3327 935 3400; x_wconf 92' lang='lat' dir='ltr'>monasticos,</span> <span class='ocrx_word' id='word_1_324' title='bbox 959 3344 1005 3389; x_wconf 92' lang='lat' dir='ltr'>so-</span> 
     </span>
     <span class='ocr_line' id='line_1_38' title="bbox 251 3417 1003 3495; baseline 0 -15"><span class='ocrx_word' id='word_1_325' title='bbox 251 3419 346 3480; x_wconf 92' lang='lat' dir='ltr'>litum</span> <span class='ocrx_word' id='word_1_326' title='bbox 368 3417 486 3479; x_wconf 90' lang='lat' dir='ltr'>servari</span> <span class='ocrx_word' id='word_1_327' title='bbox 508 3417 729 3495; x_wconf 82' lang='lat' dir='ltr'>praecipimus3</span> <span class='ocrx_word' id='word_1_328' title='bbox 757 3419 846 3493; x_wconf 89' lang='lat' dir='ltr'>itaut,</span> <span class='ocrx_word' id='word_1_329' title='bbox 870 3419 896 3480; x_wconf 93' lang='lat' dir='ltr'>si</span> <span class='ocrx_word' id='word_1_330' title='bbox 918 3429 1003 3482; x_wconf 90' lang='lat' dir='ltr'>extra</span> 
     </span>
     <span class='ocr_line' id='line_1_39' title="bbox 250 3511 1005 3591; baseline 0 -17"><span class='ocrx_word' id='word_1_331' title='bbox 250 3511 423 3591; x_wconf 89' lang='lat' dir='ltr'>praedictos</span> <span class='ocrx_word' id='word_1_332' title='bbox 438 3517 535 3582; x_wconf 89' lang='lat' dir='ltr'>actus,</span> <span class='ocrx_word' id='word_1_333' title='bbox 552 3527 625 3571; x_wconf 89' lang='lat' dir='ltr'>usus</span> <span class='ocrx_word' id='word_1_334' title='bbox 646 3511 791 3586; x_wconf 91' lang='lat' dir='ltr'>invaluit,</span> <span class='ocrx_word' id='word_1_335' title='bbox 808 3513 888 3590; x_wconf 93' lang='lat' dir='ltr'>quod</span> <span class='ocrx_word' id='word_1_336' title='bbox 905 3513 1005 3575; x_wconf 78' lang='lat' dir='ltr'>ribbas</span> 
     </span>
     <span class='ocr_line' id='line_1_40' title="bbox 249 3603 1005 3685; baseline 0.001 -18"><span class='ocrx_word' id='word_1_337' title='bbox 249 3603 832 3685; x_wconf 82' lang='lat' dir='ltr'>praecedatProto-trebimandritam,</span> <span class='ocrx_word' id='word_1_338' title='bbox 857 3605 888 3667; x_wconf 92' lang='lat' dir='ltr'>in</span> <span class='ocrx_word' id='word_1_339' title='bbox 904 3615 1005 3684; x_wconf 89' lang='lat' dir='ltr'>poste-</span> 
     </span>
     <span class='ocr_line' id='line_1_41' title="bbox 250 3696 1005 3777; baseline -0.001 -17"><span class='ocrx_word' id='word_1_340' title='bbox 250 3715 324 3760; x_wconf 92' lang='lat' dir='ltr'>rum</span> <span class='ocrx_word' id='word_1_341' title='bbox 346 3698 441 3760; x_wconf 91' lang='lat' dir='ltr'>etiam</span> <span class='ocrx_word' id='word_1_342' title='bbox 463 3696 500 3759; x_wconf 90' lang='lat' dir='ltr'>ad</span> <span class='ocrx_word' id='word_1_343' title='bbox 522 3697 671 3758; x_wconf 79' lang='lat' dir='ltr'>Abbatem</span> <span class='ocrx_word' id='word_1_344' title='bbox 699 3700 914 3775; x_wconf 88' lang='lat' dir='ltr'>praecedentia</span> <span class='ocrx_word' id='word_1_345' title='bbox 936 3715 1005 3777; x_wconf 90' lang='lat' dir='ltr'>par·</span> 
     </span>
     <span class='ocr_line' id='line_1_42' title="bbox 249 3788 1003 3869; baseline -0.001 -17"><span class='ocrx_word' id='word_1_346' title='bbox 249 3793 371 3866; x_wconf 89' lang='lat' dir='ltr'>tineat;</span> <span class='ocrx_word' id='word_1_347' title='bbox 393 3790 509 3851; x_wconf 88' lang='lat' dir='ltr'>sivero</span> <span class='ocrx_word' id='word_1_348' title='bbox 524 3788 562 3850; x_wconf 91' lang='lat' dir='ltr'>de</span> <span class='ocrx_word' id='word_1_349' title='bbox 572 3790 740 3866; x_wconf 87' lang='lat' dir='ltr'>praeterito</span> <span class='ocrx_word' id='word_1_350' title='bbox 762 3791 908 3865; x_wconf 89' lang='lat' dir='ltr'>obtinuit,</span> <span class='ocrx_word' id='word_1_351' title='bbox 922 3792 1003 3869; x_wconf 92' lang='lat' dir='ltr'>quod</span> 
     </span>
     <span class='ocr_line' id='line_1_43' title="bbox 250 3883 1003 3961; baseline -0.001 -15"><span class='ocrx_word' id='word_1_352' title='bbox 250 3883 616 3946; x_wconf 79' lang='lat' dir='ltr'>Proto-drobimandrita</span> <span class='ocrx_word' id='word_1_353' title='bbox 645 3883 795 3944; x_wconf 79' lang='lat' dir='ltr'>Abbatem</span> <span class='ocrx_word' id='word_1_354' title='bbox 826 3886 1003 3961; x_wconf 89' lang='lat' dir='ltr'>praecedat,</span> 
     </span>
     <span class='ocr_line' id='line_1_44' title="bbox 251 3975 1004 4056; baseline 0 -17"><span class='ocrx_word' id='word_1_355' title='bbox 251 3979 389 4056; x_wconf 90' lang='lat' dir='ltr'>idipsum</span> <span class='ocrx_word' id='word_1_356' title='bbox 413 3975 557 4053; x_wconf 90' lang='lat' dir='ltr'>deinceps</span> <span class='ocrx_word' id='word_1_357' title='bbox 578 3983 734 4037; x_wconf 85' lang='lat' dir='ltr'>servetur.</span> <span class='ocrx_word' id='word_1_358' title='bbox 762 3975 825 4038; x_wconf 90' lang='lat' dir='ltr'>Nec</span> <span class='ocrx_word' id='word_1_359' title='bbox 848 3977 932 4038; x_wconf 92' lang='lat' dir='ltr'>enim</span> <span class='ocrx_word' id='word_1_360' title='bbox 954 3979 1004 4040; x_wconf 91' lang='lat' dir='ltr'>ab·</span> 
     </span>
     <span class='ocr_line' id='line_1_45' title="bbox 249 4067 1004 4147; baseline -0.001 -15"><span class='ocrx_word' id='word_1_361' title='bbox 249 4085 366 4132; x_wconf 91' lang='lat' dir='ltr'>sonum</span> <span class='ocrx_word' id='word_1_362' title='bbox 387 4068 474 4131; x_wconf 88' lang='lat' dir='ltr'>vobis</span> <span class='ocrx_word' id='word_1_363' title='bbox 495 4067 594 4130; x_wconf 86' lang='lat' dir='ltr'>rideri</span> <span class='ocrx_word' id='word_1_364' title='bbox 624 4069 731 4143; x_wconf 90' lang='lat' dir='ltr'>debet,</span> <span class='ocrx_word' id='word_1_365' title='bbox 755 4071 835 4147; x_wconf 91' lang='lat' dir='ltr'>quod</span> <span class='ocrx_word' id='word_1_366' title='bbox 857 4086 941 4132; x_wconf 91' lang='lat' dir='ltr'>unus</span> <span class='ocrx_word' id='word_1_367' title='bbox 962 4070 1004 4131; x_wconf 92' lang='lat' dir='ltr'>al-</span> 
     </span>
     <span class='ocr_line' id='line_1_46' title="bbox 251 4161 1003 4241; baseline -0.001 -15"><span class='ocrx_word' id='word_1_368' title='bbox 251 4172 358 4226; x_wconf 90' lang='lat' dir='ltr'>terum</span> <span class='ocrx_word' id='word_1_369' title='bbox 381 4161 541 4241; x_wconf 88' lang='lat' dir='ltr'>praecedat</span> <span class='ocrx_word' id='word_1_370' title='bbox 565 4161 598 4222; x_wconf 92' lang='lat' dir='ltr'>in</span> <span class='ocrx_word' id='word_1_371' title='bbox 619 4161 775 4239; x_wconf 83' lang='lat' dir='ltr'>aliquibus</span> <span class='ocrx_word' id='word_1_372' title='bbox 802 4162 1003 4226; x_wconf 89' lang='lat' dir='ltr'>circumstan-</span> 
     </span>
     <span class='ocr_line' id='line_1_47' title="bbox 250 4253 1006 4330; baseline 0.003 -13"><span class='ocrx_word' id='word_1_373' title='bbox 250 4259 316 4327; x_wconf 89' lang='lat' dir='ltr'>tiis,</span> <span class='ocrx_word' id='word_1_374' title='bbox 339 4255 372 4316; x_wconf 93' lang='lat' dir='ltr'>in</span> <span class='ocrx_word' id='word_1_375' title='bbox 394 4253 462 4315; x_wconf 93' lang='lat' dir='ltr'>aliis</span> <span class='ocrx_word' id='word_1_376' title='bbox 488 4270 563 4316; x_wconf 88' lang='lat' dir='ltr'>vero</span> <span class='ocrx_word' id='word_1_377' title='bbox 590 4254 673 4316; x_wconf 91' lang='lat' dir='ltr'>idem</span> <span class='ocrx_word' id='word_1_378' title='bbox 704 4254 792 4316; x_wconf 93' lang='lat' dir='ltr'>alteri</span> <span class='ocrx_word' id='word_1_379' title='bbox 820 4259 1006 4330; x_wconf 89' lang='lat' dir='ltr'>praeceden-</span> 
     </span>
     <span class='ocr_line' id='line_1_48' title="bbox 89 4348 1004 4423; baseline 0.002 -14"><span class='ocrx_word' id='word_1_380' title='bbox 89 4365 170 4422; x_wconf 77' lang='lat' dir='ltr'>naqu</span> <span class='ocrx_word' id='word_1_381' title='bbox 182 4377 233 4423; x_wconf 77' lang='lat' dir='ltr'>pro-</span> <span class='ocrx_word' id='word_1_382' title='bbox 249 4351 328 4412; x_wconf 88' lang='lat' dir='ltr'>tiam</span> <span class='ocrx_word' id='word_1_383' title='bbox 343 4348 501 4410; x_wconf 91' lang='lat' dir='ltr'>concedat.</span> <span class='ocrx_word' id='word_1_384' title='bbox 526 4348 558 4409; x_wconf 95' lang='lat' dir='ltr'>ld</span> <span class='ocrx_word' id='word_1_385' title='bbox 574 4348 746 4409; x_wconf 90' lang='lat' dir='ltr'>animante</span> <span class='ocrx_word' id='word_1_386' title='bbox 762 4348 866 4410; x_wconf 89' lang='lat' dir='ltr'>oculos</span> <span class='ocrx_word' id='word_1_387' title='bbox 882 4356 1004 4411; x_wconf 90' lang='lat' dir='ltr'>nostros</span> 
     </span>
     <span class='ocr_line' id='line_1_49' title="bbox 76 4429 1005 4522; baseline 0.003 -19"><span class='ocrx_word' id='word_1_388' title='bbox 76 4429 232 4518; x_wconf 47' lang='lat' dir='ltr'>{defflue-</span> <span class='ocrx_word' id='word_1_389' title='bbox 249 4443 365 4522; x_wconf 90' lang='lat' dir='ltr'>passim</span> <span class='ocrx_word' id='word_1_390' title='bbox 388 4441 518 4504; x_wconf 89' lang='lat' dir='ltr'>iactitari</span> <span class='ocrx_word' id='word_1_391' title='bbox 540 4441 756 4520; x_wconf 89' lang='lat' dir='ltr'>conspicimus.</span> <span class='ocrx_word' id='word_1_392' title='bbox 781 4442 941 4520; x_wconf 88' lang='lat' dir='ltr'>Siquidem</span> <span class='ocrx_word' id='word_1_393' title='bbox 958 4446 1005 4506; x_wconf 93' lang='lat' dir='ltr'>in·</span> 
     </span>
    </p>

    <p class='ocr_par' dir='ltr' id='par_1_13' title="bbox 247 4534 1004 5170">
     <span class='ocr_line' id='line_1_50' title="bbox 249 4534 1004 4614; baseline 0 -17"><span class='ocrx_word' id='word_1_394' title='bbox 249 4543 299 4598; x_wconf 89' lang='lat' dir='ltr'>ter</span> <span class='ocrx_word' id='word_1_395' title='bbox 323 4535 487 4598; x_wconf 90' lang='lat' dir='ltr'>canonicos</span> <span class='ocrx_word' id='word_1_396' title='bbox 498 4534 696 4596; x_wconf 89' lang='lat' dir='ltr'>Basilicarum</span> <span class='ocrx_word' id='word_1_397' title='bbox 720 4535 820 4610; x_wconf 85' lang='lat' dir='ltr'>Urbis,</span> <span class='ocrx_word' id='word_1_398' title='bbox 838 4551 935 4614; x_wconf 91' lang='lat' dir='ltr'>quum</span> <span class='ocrx_word' id='word_1_399' title='bbox 950 4537 1004 4597; x_wconf 94' lang='lat' dir='ltr'>ali-</span> 
     </span>
     <span class='ocr_line' id='line_1_51' title="bbox 249 4627 1003 4708; baseline 0 -18"><span class='ocrx_word' id='word_1_400' title='bbox 249 4629 305 4708; x_wconf 91' lang='lat' dir='ltr'>qui</span> <span class='ocrx_word' id='word_1_401' title='bbox 327 4628 391 4689; x_wconf 90' lang='lat' dir='ltr'>sint</span> <span class='ocrx_word' id='word_1_402' title='bbox 412 4627 576 4706; x_wconf 90' lang='lat' dir='ltr'>episcopali</span> <span class='ocrx_word' id='word_1_403' title='bbox 587 4636 619 4688; x_wconf 88' lang='lat' dir='ltr'>et</span> <span class='ocrx_word' id='word_1_404' title='bbox 633 4628 879 4706; x_wconf 88' lang='lat' dir='ltr'>archiepiscopali</span> <span class='ocrx_word' id='word_1_405' title='bbox 903 4629 1003 4704; x_wconf 91' lang='lat' dir='ltr'>digni-</span> 
     </span>
     <span class='ocr_line' id='line_1_52' title="bbox 248 4720 1003 4798; baseline 0 -15"><span class='ocrx_word' id='word_1_406' title='bbox 248 4729 315 4784; x_wconf 86' lang='lat' dir='ltr'>tate</span> <span class='ocrx_word' id='word_1_407' title='bbox 336 4720 490 4797; x_wconf 87' lang='lat' dir='ltr'>insigniti,</span> <span class='ocrx_word' id='word_1_408' title='bbox 514 4720 544 4780; x_wconf 91' lang='grc' dir='ltr'>ιιι</span> <span class='ocrx_word' id='word_1_409' title='bbox 571 4720 699 4798; x_wconf 90' lang='lat' dir='ltr'>quidem</span> <span class='ocrx_word' id='word_1_410' title='bbox 730 4721 867 4797; x_wconf 87' lang='lat' dir='ltr'>reliquos</span> <span class='ocrx_word' id='word_1_411' title='bbox 895 4737 1003 4784; x_wconf 85' lang='lat' dir='ltr'>amires</span> 
     </span>
     <span class='ocr_line' id='line_1_53' title="bbox 248 4812 1004 4892; baseline 0 -16"><span class='ocrx_word' id='word_1_412' title='bbox 248 4815 415 4876; x_wconf 90' lang='lat' dir='ltr'>canonicos</span> <span class='ocrx_word' id='word_1_413' title='bbox 436 4815 643 4892; x_wconf 81' lang='lat' dir='ltr'>praecedunt3</span> <span class='ocrx_word' id='word_1_414' title='bbox 667 4812 807 4876; x_wconf 87' lang='lat' dir='ltr'>Vicarius</span> <span class='ocrx_word' id='word_1_415' title='bbox 829 4821 934 4877; x_wconf 91' lang='lat' dir='ltr'>autem</span> <span class='ocrx_word' id='word_1_416' title='bbox 956 4831 1004 4876; x_wconf 91' lang='lat' dir='ltr'>re-</span> 
     </span>
     <span class='ocr_line' id='line_1_54' title="bbox 248 4907 1003 4986; baseline 0.003 -18"><span class='ocrx_word' id='word_1_417' title='bbox 248 4914 452 4986; x_wconf 87' lang='lat' dir='ltr'>praesentans</span> <span class='ocrx_word' id='word_1_418' title='bbox 462 4921 629 4984; x_wconf 91' lang='lat' dir='ltr'>personam</span> <span class='ocrx_word' id='word_1_419' title='bbox 641 4907 810 4968; x_wconf 87' lang='lat' dir='ltr'>Cardinalis</span> <span class='ocrx_word' id='word_1_420' title='bbox 825 4907 1003 4986; x_wconf 80' lang='lat' dir='ltr'>Arcbipres·</span> 
     </span>
     <span class='ocr_line' id='line_1_55' title="bbox 248 4998 1003 5078; baseline 0.001 -18"><span class='ocrx_word' id='word_1_421' title='bbox 248 4999 370 5076; x_wconf 79' lang='lat' dir='ltr'>byteri,</span> <span class='ocrx_word' id='word_1_422' title='bbox 404 4999 459 5077; x_wconf 94' lang='lat' dir='ltr'>qui</span> <span class='ocrx_word' id='word_1_423' title='bbox 481 4998 626 5060; x_wconf 89' lang='lat' dir='ltr'>Basilicae</span> <span class='ocrx_word' id='word_1_424' title='bbox 655 5008 745 5077; x_wconf 90' lang='lat' dir='ltr'>caput</span> <span class='ocrx_word' id='word_1_425' title='bbox 767 5009 829 5074; x_wconf 90' lang='lat' dir='ltr'>est,</span> <span class='ocrx_word' id='word_1_426' title='bbox 859 5002 1003 5078; x_wconf 92' lang='lat' dir='ltr'>quamvis</span> 
     </span>
     <span class='ocr_line' id='line_1_56' title="bbox 247 5089 1002 5170; baseline 0.003 -18"><span class='ocrx_word' id='word_1_427' title='bbox 247 5091 334 5152; x_wconf 88' lang='lat' dir='ltr'>idem</span> <span class='ocrx_word' id='word_1_428' title='bbox 356 5091 490 5170; x_wconf 84' lang='lat' dir='ltr'>simplex</span> <span class='ocrx_word' id='word_1_429' title='bbox 512 5089 666 5170; x_wconf 91' lang='lat' dir='ltr'>praelatus</span> <span class='ocrx_word' id='word_1_430' title='bbox 692 5094 732 5152; x_wconf 93' lang='lat' dir='ltr'>sit</span> <span class='ocrx_word' id='word_1_431' title='bbox 754 5092 869 5170; x_wconf 88' lang='lat' dir='ltr'>absque</span> <span class='ocrx_word' id='word_1_432' title='bbox 892 5092 1002 5154; x_wconf 90' lang='lat' dir='ltr'>ordine</span> 
     </span>
    </p>
   </div>
   <div class='ocr_carea' id='block_1_12' title="bbox 1061 3327 2046 4047">
    <p class='ocr_par' dir='ltr' id='par_1_14' title="bbox 1061 3327 2046 4047">
     <span class='ocr_line' id='line_1_57' title="bbox 1062 3327 1813 3407; baseline -0.001 -19"><span class='ocrx_word' id='word_1_433' title='bbox 1062 3328 1156 3388; x_wconf 90' lang='lat' dir='ltr'>etiam</span> <span class='ocrx_word' id='word_1_434' title='bbox 1179 3327 1276 3405; x_wconf 91' lang='lat' dir='ltr'>reipsa</span> <span class='ocrx_word' id='word_1_435' title='bbox 1303 3327 1457 3388; x_wconf 93' lang='lat' dir='ltr'>intulerit.</span> <span class='ocrx_word' id='word_1_436' title='bbox 1489 3327 1574 3402; x_wconf 86' lang='lat' dir='ltr'>Quod</span> <span class='ocrx_word' id='word_1_437' title='bbox 1596 3327 1722 3407; x_wconf 91' lang='lat' dir='ltr'>quidem</span> <span class='ocrx_word' id='word_1_438' title='bbox 1744 3343 1813 3404; x_wconf 88' lang='lat' dir='ltr'>gra-</span> 
     </span>
     <span class='ocr_line' id='line_1_58' title="bbox 1062 3419 1810 3497; baseline 0.003 -17"><span class='ocrx_word' id='word_1_439' title='bbox 1062 3435 1174 3482; x_wconf 91' lang='lat' dir='ltr'>vamen</span> <span class='ocrx_word' id='word_1_440' title='bbox 1199 3419 1285 3481; x_wconf 89' lang='lat' dir='ltr'>lacile</span> <span class='ocrx_word' id='word_1_441' title='bbox 1301 3428 1331 3481; x_wconf 92' lang='lat' dir='ltr'>et</span> <span class='ocrx_word' id='word_1_442' title='bbox 1345 3419 1487 3481; x_wconf 86' lang='lat' dir='ltr'>celeriter</span> <span class='ocrx_word' id='word_1_443' title='bbox 1502 3420 1663 3482; x_wconf 88' lang='lat' dir='ltr'>emendari</span> <span class='ocrx_word' id='word_1_444' title='bbox 1683 3421 1810 3497; x_wconf 89' lang='lat' dir='ltr'>poterit,</span> 
     </span>
     <span class='ocr_line' id='line_1_59' title="bbox 1061 3511 1810 3589; baseline 0.001 -16"><span class='ocrx_word' id='word_1_445' title='bbox 1061 3513 1085 3573; x_wconf 94' lang='lat' dir='ltr'>si</span> <span class='ocrx_word' id='word_1_446' title='bbox 1109 3513 1192 3574; x_wconf 91' lang='lat' dir='ltr'>illius</span> <span class='ocrx_word' id='word_1_447' title='bbox 1213 3513 1351 3589; x_wconf 85' lang='lat' dir='ltr'>cognitio</span> <span class='ocrx_word' id='word_1_448' title='bbox 1365 3513 1401 3573; x_wconf 91' lang='lat' dir='ltr'>ad</span> <span class='ocrx_word' id='word_1_449' title='bbox 1415 3511 1810 3574; x_wconf 76' lang='lat' dir='ltr'>Proto-Archimandritam</span> 
     </span>
     <span class='ocr_line' id='line_1_60' title="bbox 1062 3605 1812 3682; baseline -0.003 -12"><span class='ocrx_word' id='word_1_450' title='bbox 1062 3607 1234 3682; x_wconf 71' lang='lat' dir='ltr'>deleratur,</span> <span class='ocrx_word' id='word_1_451' title='bbox 1259 3620 1322 3666; x_wconf 92' lang='lat' dir='ltr'>non</span> <span class='ocrx_word' id='word_1_452' title='bbox 1345 3605 1386 3666; x_wconf 93' lang='lat' dir='ltr'>ita</span> <span class='ocrx_word' id='word_1_453' title='bbox 1407 3621 1494 3678; x_wconf 88' lang='lat' dir='ltr'>vero,</span> <span class='ocrx_word' id='word_1_454' title='bbox 1508 3605 1560 3666; x_wconf 93' lang='lat' dir='ltr'>ubi</span> <span class='ocrx_word' id='word_1_455' title='bbox 1582 3607 1812 3668; x_wconf 88' lang='lat' dir='ltr'>controversiae</span> 
     </span>
     <span class='ocr_line' id='line_1_61' title="bbox 1062 3697 1811 3776; baseline 0 -16"><span class='ocrx_word' id='word_1_456' title='bbox 1062 3701 1094 3762; x_wconf 94' lang='lat' dir='ltr'>in</span> <span class='ocrx_word' id='word_1_457' title='bbox 1117 3699 1312 3761; x_wconf 88' lang='lat' dir='ltr'>monasteriis</span> <span class='ocrx_word' id='word_1_458' title='bbox 1334 3704 1459 3759; x_wconf 81' lang='lat' dir='ltr'>exortae</span> <span class='ocrx_word' id='word_1_459' title='bbox 1483 3697 1711 3776; x_wconf 87' lang='lat' dir='ltr'>Metropolitani</span> <span class='ocrx_word' id='word_1_460' title='bbox 1733 3698 1811 3760; x_wconf 91' lang='lat' dir='ltr'>iudi·</span> 
     </span>
     <span class='ocr_line' id='line_1_62' title="bbox 1061 3791 1592 3854; baseline -0.008 0"><span class='ocrx_word' id='word_1_461' title='bbox 1061 3794 1107 3854; x_wconf 90' lang='lat' dir='ltr'>oio</span> <span class='ocrx_word' id='word_1_462' title='bbox 1130 3801 1161 3853; x_wconf 88' lang='lat' dir='ltr'>et</span> <span class='ocrx_word' id='word_1_463' title='bbox 1182 3791 1357 3852; x_wconf 89' lang='lat' dir='ltr'>sententiae</span> <span class='ocrx_word' id='word_1_464' title='bbox 1379 3799 1592 3852; x_wconf 90' lang='lat' dir='ltr'>reserventur.</span> 
     </span>
     <span class='ocr_line' id='line_1_63' title="bbox 1101 3883 2046 3962; baseline 0.001 -15"><span class='ocrx_word' id='word_1_465' title='bbox 1101 3886 1120 3960; x_wconf 69' lang='grc' dir='ltr'><strong>ἓ</strong></span> <span class='ocrx_word' id='word_1_466' title='bbox 1143 3884 1190 3947; x_wconf 78' lang='lat' dir='ltr'>iu.</span> <span class='ocrx_word' id='word_1_467' title='bbox 1215 3883 1363 3960; x_wconf 88' lang='lat' dir='ltr'>inspectis</span> <span class='ocrx_word' id='word_1_468' title='bbox 1385 3893 1543 3961; x_wconf 89' lang='lat' dir='ltr'>praeterea</span> <span class='ocrx_word' id='word_1_469' title='bbox 1569 3883 1713 3945; x_wconf 88' lang='lat' dir='ltr'>ecclesiae</span> <span class='ocrx_word' id='word_1_470' title='bbox 1735 3885 1811 3946; x_wconf 91' lang='lat' dir='ltr'>occi·</span> <span class='ocrx_word' id='word_1_471' title='bbox 1863 3915 1897 3958; x_wconf 79' lang='lat' dir='ltr'>ax</span> <span class='ocrx_word' id='word_1_472' title='bbox 1912 3918 2046 3962; x_wconf 74' lang='lat' dir='ltr'>consenta-</span> 
     </span>
     <span class='ocr_line' id='line_1_64' title="bbox 1062 3967 2045 4047; baseline -0.005 -4"><span class='ocrx_word' id='word_1_473' title='bbox 1062 3978 1194 4043; x_wconf 90' lang='lat' dir='ltr'>dentalis</span> <span class='ocrx_word' id='word_1_474' title='bbox 1211 3977 1392 4047; x_wconf 87' lang='lat' dir='ltr'>canonibus,</span> <span class='ocrx_word' id='word_1_475' title='bbox 1406 3977 1522 4038; x_wconf 91' lang='lat' dir='ltr'>eisdem</span> <span class='ocrx_word' id='word_1_476' title='bbox 1536 3976 1666 4038; x_wconf 90' lang='lat' dir='ltr'>minime</span> <span class='ocrx_word' id='word_1_477' title='bbox 1681 3992 1810 4038; x_wconf 89' lang='lat' dir='ltr'>consen·</span> <span class='ocrx_word' id='word_1_478' title='bbox 1830 3967 2045 4024; x_wconf 65' lang='lat' dir='ltr'>⁰⁰³⁸⁰¹⁵⁰³l¹¹¹¹³⁰</span> 
     </span>
    </p>
   </div>
   <div class='ocr_carea' id='block_1_13' title="bbox 1063 4020 2043 4148">
    <p class='ocr_par' dir='ltr' id='par_1_15' title="bbox 1063 4020 2043 4148">
     <span class='ocr_line' id='line_1_65' title="bbox 1063 4020 2043 4148; baseline -0.004 -12"><span class='ocrx_word' id='word_1_479' title='bbox 1063 4084 1190 4137; x_wconf 89' lang='lat' dir='ltr'>taneum</span> <span class='ocrx_word' id='word_1_480' title='bbox 1205 4073 1410 4148; x_wconf 90' lang='lat' dir='ltr'>cognovimus</span> <span class='ocrx_word' id='word_1_481' title='bbox 1425 4073 1608 4134; x_wconf 81' lang='lat' dir='ltr'>exercitium</span> <span class='ocrx_word' id='word_1_482' title='bbox 1625 4071 1811 4132; x_wconf 88' lang='lat' dir='ltr'>iurisdictio·</span> <span class='ocrx_word' id='word_1_483' title='bbox 1830 4020 2043 4120; x_wconf 49' lang='lat' dir='ltr'>{ffissfiffflgj</span> 
     </span>
    </p>
   </div>
   <div class='ocr_carea' id='block_1_14' title="bbox 1059 4126 1944 5075">
    <p class='ocr_par' dir='ltr' id='par_1_16' title="bbox 1059 4126 1944 5075">
     <span class='ocr_line' id='line_1_66' title="bbox 1062 4126 1944 4242; baseline -0.002 -14"><span class='ocrx_word' id='word_1_484' title='bbox 1062 4167 1110 4229; x_wconf 90' lang='lat' dir='ltr'>nis</span> <span class='ocrx_word' id='word_1_485' title='bbox 1132 4163 1377 4242; x_wconf 87' lang='lat' dir='ltr'>metropoliticae</span> <span class='ocrx_word' id='word_1_486' title='bbox 1399 4164 1430 4238; x_wconf 86' lang='lat' dir='ltr'>ip</span> <span class='ocrx_word' id='word_1_487' title='bbox 1446 4179 1482 4224; x_wconf 94' lang='lat' dir='ltr'>ea</span> <span class='ocrx_word' id='word_1_488' title='bbox 1498 4169 1723 4226; x_wconf 79' lang='lat' dir='ltr'>monachorum</span> <span class='ocrx_word' id='word_1_489' title='bbox 1746 4180 1812 4226; x_wconf 89' lang='lat' dir='ltr'>mo-</span> <span class='ocrx_word' id='word_1_490' title='bbox 1830 4126 1944 4173; x_wconf 77' lang='lat' dir='ltr'>caereus.</span> 
     </span>
     <span class='ocr_line' id='line_1_67' title="bbox 1062 4255 1810 4336; baseline -0.007 -13"><span class='ocrx_word' id='word_1_491' title='bbox 1062 4261 1206 4330; x_wconf 86' lang='lat' dir='ltr'>nasleria,</span> <span class='ocrx_word' id='word_1_492' title='bbox 1229 4258 1360 4336; x_wconf 90' lang='lat' dir='ltr'>quaein</span> <span class='ocrx_word' id='word_1_493' title='bbox 1383 4255 1574 4318; x_wconf 90' lang='lat' dir='ltr'>dioecesibus</span> <span class='ocrx_word' id='word_1_494' title='bbox 1587 4257 1810 4334; x_wconf 90' lang='lat' dir='ltr'>Episcoporum</span> 
     </span>
     <span class='ocr_line' id='line_1_68' title="bbox 1061 4350 1811 4428; baseline -0.005 -14"><span class='ocrx_word' id='word_1_495' title='bbox 1061 4352 1328 4427; x_wconf 76' lang='lat' dir='ltr'>suffraganeorum</span> <span class='ocrx_word' id='word_1_496' title='bbox 1349 4350 1405 4412; x_wconf 90' lang='lat' dir='ltr'>sita</span> <span class='ocrx_word' id='word_1_497' title='bbox 1432 4350 1652 4427; x_wconf 86' lang='lat' dir='ltr'>reperiuntur;</span> <span class='ocrx_word' id='word_1_498' title='bbox 1675 4352 1811 4428; x_wconf 91' lang='lat' dir='ltr'>quando·</span> 
     </span>
     <span class='ocr_line' id='line_1_69' title="bbox 1060 4444 1810 4525; baseline -0.004 -18"><span class='ocrx_word' id='word_1_499' title='bbox 1060 4445 1185 4525; x_wconf 90' lang='lat' dir='ltr'>quidem</span> <span class='ocrx_word' id='word_1_500' title='bbox 1203 4444 1400 4517; x_wconf 89' lang='lat' dir='ltr'>monasteria,</span> <span class='ocrx_word' id='word_1_501' title='bbox 1414 4457 1493 4521; x_wconf 90' lang='lat' dir='ltr'>quae</span> <span class='ocrx_word' id='word_1_502' title='bbox 1508 4458 1569 4504; x_wconf 94' lang='lat' dir='ltr'>non</span> <span class='ocrx_word' id='word_1_503' title='bbox 1586 4444 1701 4506; x_wconf 90' lang='lat' dir='ltr'>habent</span> <span class='ocrx_word' id='word_1_504' title='bbox 1717 4445 1810 4523; x_wconf 87' lang='lat' dir='ltr'>privi-</span> 
     </span>
     <span class='ocr_line' id='line_1_70' title="bbox 1061 4534 1810 4615; baseline 0 -16"><span class='ocrx_word' id='word_1_505' title='bbox 1061 4539 1179 4615; x_wconf 84' lang='lat' dir='ltr'>legium</span> <span class='ocrx_word' id='word_1_506' title='bbox 1201 4535 1408 4612; x_wconf 89' lang='lat' dir='ltr'>exemptionis</span> <span class='ocrx_word' id='word_1_507' title='bbox 1430 4542 1460 4596; x_wconf 92' lang='lat' dir='ltr'>et</span> <span class='ocrx_word' id='word_1_508' title='bbox 1482 4534 1679 4598; x_wconf 82' lang='lat' dir='ltr'>immediatae</span> <span class='ocrx_word' id='word_1_509' title='bbox 1694 4537 1810 4599; x_wconf 87' lang='lat' dir='ltr'>subiec-</span> 
     </span>
     <span class='ocr_line' id='line_1_71' title="bbox 1061 4627 1813 4706; baseline -0.003 -14"><span class='ocrx_word' id='word_1_510' title='bbox 1061 4631 1155 4692; x_wconf 88' lang='lat' dir='ltr'>tionis</span> <span class='ocrx_word' id='word_1_511' title='bbox 1177 4629 1248 4692; x_wconf 91' lang='lat' dir='ltr'>Sedi</span> <span class='ocrx_word' id='word_1_512' title='bbox 1270 4627 1479 4706; x_wconf 79' lang='lat' dir='ltr'>apostoticae,</span> <span class='ocrx_word' id='word_1_513' title='bbox 1504 4643 1568 4689; x_wconf 95' lang='lat' dir='ltr'>non</span> <span class='ocrx_word' id='word_1_514' title='bbox 1601 4629 1728 4705; x_wconf 91' lang='lat' dir='ltr'>quidem</span> <span class='ocrx_word' id='word_1_515' title='bbox 1749 4629 1813 4690; x_wconf 88' lang='lat' dir='ltr'>lle·</span> 
     </span>
     <span class='ocr_line' id='line_1_72' title="bbox 1062 4719 1810 4800; baseline -0.004 -15"><span class='ocrx_word' id='word_1_516' title='bbox 1062 4722 1253 4800; x_wconf 89' lang='lat' dir='ltr'>tropolitani,</span> <span class='ocrx_word' id='word_1_517' title='bbox 1275 4721 1327 4781; x_wconf 89' lang='lat' dir='ltr'>sed</span> <span class='ocrx_word' id='word_1_518' title='bbox 1351 4719 1574 4798; x_wconf 92' lang='lat' dir='ltr'>Episcoporum</span> <span class='ocrx_word' id='word_1_519' title='bbox 1596 4720 1742 4783; x_wconf 88' lang='lat' dir='ltr'>localium</span> <span class='ocrx_word' id='word_1_520' title='bbox 1764 4723 1810 4782; x_wconf 94' lang='lat' dir='ltr'>iu-</span> 
     </span>
     <span class='ocr_line' id='line_1_73' title="bbox 1060 4811 1811 4876; baseline -0.003 0"><span class='ocrx_word' id='word_1_521' title='bbox 1060 4814 1233 4876; x_wconf 85' lang='lat' dir='ltr'>risdictioni</span> <span class='ocrx_word' id='word_1_522' title='bbox 1253 4813 1379 4874; x_wconf 89' lang='lat' dir='ltr'>subesse</span> <span class='ocrx_word' id='word_1_523' title='bbox 1400 4811 1560 4873; x_wconf 91' lang='lat' dir='ltr'>iubentur.</span> <span class='ocrx_word' id='word_1_524' title='bbox 1585 4812 1714 4874; x_wconf 86' lang='lat' dir='ltr'>Sacrum</span> <span class='ocrx_word' id='word_1_525' title='bbox 1735 4830 1811 4876; x_wconf 91' lang='lat' dir='ltr'>vero</span> 
     </span>
     <span class='ocr_line' id='line_1_74' title="bbox 1060 4904 1809 4981; baseline -0.004 -12"><span class='ocrx_word' id='word_1_526' title='bbox 1060 4906 1281 4969; x_wconf 83' lang='lat' dir='ltr'>Tridentinum</span> <span class='ocrx_word' id='word_1_527' title='bbox 1295 4904 1467 4966; x_wconf 87' lang='lat' dir='ltr'>Concilium</span> <span class='ocrx_word' id='word_1_528' title='bbox 1481 4905 1556 4966; x_wconf 88' lang='lat' dir='ltr'>adeo</span> <span class='ocrx_word' id='word_1_529' title='bbox 1566 4905 1722 4967; x_wconf 91' lang='lat' dir='ltr'>solicitum</span> <span class='ocrx_word' id='word_1_530' title='bbox 1739 4906 1809 4981; x_wconf 87' lang='lat' dir='ltr'>luit,</span> 
     </span>
     <span class='ocr_line' id='line_1_75' title="bbox 1059 4996 1811 5075; baseline -0.001 -14"><span class='ocrx_word' id='word_1_531' title='bbox 1059 5015 1099 5061; x_wconf 89' lang='lat' dir='ltr'>ne</span> <span class='ocrx_word' id='word_1_532' title='bbox 1121 4997 1349 5075; x_wconf 83' lang='lat' dir='ltr'>Metropolitani</span> <span class='ocrx_word' id='word_1_533' title='bbox 1365 4996 1613 5059; x_wconf 90' lang='lat' dir='ltr'>iurisdictionem</span> <span class='ocrx_word' id='word_1_534' title='bbox 1627 5005 1811 5060; x_wconf 89' lang='lat' dir='ltr'>exercerent</span> 
     </span>
    </p>
   </div>
   <div class='ocr_carea' id='block_1_15' title="bbox 1058 5089 1811 5169">
    <p class='ocr_par' dir='ltr' id='par_1_17' title="bbox 1058 5089 1811 5169">
     <span class='ocr_line' id='line_1_76' title="bbox 1058 5089 1811 5169; baseline -0.001 -17"><span class='ocrx_word' id='word_1_535' title='bbox 1058 5093 1092 5153; x_wconf 94' lang='lat' dir='ltr'>in</span> <span class='ocrx_word' id='word_1_536' title='bbox 1112 5091 1385 5167; x_wconf 78' lang='lat' dir='ltr'>suffraganeorum</span> <span class='ocrx_word' id='word_1_537' title='bbox 1405 5089 1606 5163; x_wconf 90' lang='lat' dir='ltr'>dioecesibus,</span> <span class='ocrx_word' id='word_1_538' title='bbox 1629 5097 1676 5164; x_wconf 90' lang='lat' dir='ltr'>ut,</span> <span class='ocrx_word' id='word_1_539' title='bbox 1689 5099 1811 5169; x_wconf 92' lang='lat' dir='ltr'>praeter</span> 
     </span>
    </p>
   </div>
   <div class='ocr_carea' id='block_1_16' title="bbox 248 5182 1810 5354">
    <p class='ocr_par' dir='ltr' id='par_1_18' title="bbox 248 5182 1810 5354">
     <span class='ocr_line' id='line_1_77' title="bbox 248 5182 1809 5273; baseline -0.001 -29"><span class='ocrx_word' id='word_1_540' title='bbox 248 5184 426 5262; x_wconf 87' lang='lat' dir='ltr'>episcopali,</span> <span class='ocrx_word' id='word_1_541' title='bbox 450 5191 555 5245; x_wconf 91' lang='lat' dir='ltr'>tamen</span> <span class='ocrx_word' id='word_1_542' title='bbox 577 5185 612 5244; x_wconf 92' lang='lat' dir='ltr'>in</span> <span class='ocrx_word' id='word_1_543' title='bbox 632 5186 780 5258; x_wconf 89' lang='lat' dir='ltr'>oboro,et</span> <span class='ocrx_word' id='word_1_544' title='bbox 804 5185 834 5245; x_wconf 95' lang='lat' dir='ltr'>in</span> <span class='ocrx_word' id='word_1_545' title='bbox 858 5184 1002 5248; x_wconf 91' lang='lat' dir='ltr'>omnibus</span> <span class='ocrx_word' id='word_1_546' title='bbox 1029 5186 1032 5273; x_wconf 67' lang='lat' dir='ltr'>l</span> <span class='ocrx_word' id='word_1_547' title='bbox 1059 5183 1224 5263; x_wconf 90' lang='lat' dir='ltr'>peculiaris</span> <span class='ocrx_word' id='word_1_548' title='bbox 1248 5184 1386 5260; x_wconf 90' lang='lat' dir='ltr'>ipsorum</span> <span class='ocrx_word' id='word_1_549' title='bbox 1407 5182 1555 5244; x_wconf 90' lang='lat' dir='ltr'>dioecesis</span> <span class='ocrx_word' id='word_1_550' title='bbox 1583 5183 1809 5256; x_wconf 88' lang='lat' dir='ltr'>visitationem,</span> 
     </span>
     <span class='ocr_line' id='line_1_78' title="bbox 249 5275 1810 5354; baseline -0.001 -18"><span class='ocrx_word' id='word_1_551' title='bbox 249 5277 369 5338; x_wconf 93' lang='lat' dir='ltr'>actibus</span> <span class='ocrx_word' id='word_1_552' title='bbox 390 5275 619 5354; x_wconf 92' lang='lat' dir='ltr'>capitularibus,</span> <span class='ocrx_word' id='word_1_553' title='bbox 645 5277 816 5352; x_wconf 91' lang='lat' dir='ltr'>praedictos</span> <span class='ocrx_word' id='word_1_554' title='bbox 838 5278 1002 5339; x_wconf 90' lang='lat' dir='ltr'>canonicos</span> <span class='ocrx_word' id='word_1_555' title='bbox 1029 5280 1031 5313; x_wconf 85' lang='lat'><strong>¹</strong></span> <span class='ocrx_word' id='word_1_556' title='bbox 1059 5292 1122 5338; x_wconf 93' lang='lat' dir='ltr'>non</span> <span class='ocrx_word' id='word_1_557' title='bbox 1144 5276 1235 5336; x_wconf 89' lang='lat' dir='ltr'>aliter</span> <span class='ocrx_word' id='word_1_558' title='bbox 1256 5275 1479 5352; x_wconf 90' lang='lat' dir='ltr'>Episcoporum</span> <span class='ocrx_word' id='word_1_559' title='bbox 1500 5275 1810 5352; x_wconf 83' lang='lat' dir='ltr'>comprovincialium</span> 
     </span>
    </p>
   </div>
   <div class='ocr_carea' id='block_1_17' title="bbox 248 5367 1002 5910">
    <p class='ocr_par' dir='ltr' id='par_1_19' title="bbox 248 5367 1002 5910">
     <span class='ocr_line' id='line_1_79' title="bbox 249 5367 1002 5447; baseline 0.005 -19"><span class='ocrx_word' id='word_1_560' title='bbox 249 5367 416 5447; x_wconf 83' lang='lat' dir='ltr'>Episcopus</span> <span class='ocrx_word' id='word_1_561' title='bbox 431 5369 603 5446; x_wconf 87' lang='lat' dir='ltr'>praecedit;</span> <span class='ocrx_word' id='word_1_562' title='bbox 626 5377 713 5430; x_wconf 89' lang='lat' dir='ltr'>extra</span> <span class='ocrx_word' id='word_1_563' title='bbox 728 5369 858 5431; x_wconf 90' lang='lat' dir='ltr'>chorum</span> <span class='ocrx_word' id='word_1_564' title='bbox 881 5386 956 5431; x_wconf 90' lang='lat' dir='ltr'>vero</span> <span class='ocrx_word' id='word_1_565' title='bbox 972 5377 1002 5432; x_wconf 90' lang='lat' dir='ltr'>et</span> 
     </span>
     <span class='ocr_line' id='line_1_80' title="bbox 250 5459 1001 5539; baseline 0.004 -19"><span class='ocrx_word' id='word_1_566' title='bbox 250 5467 340 5522; x_wconf 89' lang='lat' dir='ltr'>extra</span> <span class='ocrx_word' id='word_1_567' title='bbox 362 5469 448 5522; x_wconf 89' lang='lat' dir='ltr'>actus</span> <span class='ocrx_word' id='word_1_568' title='bbox 468 5459 661 5539; x_wconf 90' lang='lat' dir='ltr'>capitulares,</span> <span class='ocrx_word' id='word_1_569' title='bbox 675 5459 756 5522; x_wconf 86' lang='lat' dir='ltr'>inira</span> <span class='ocrx_word' id='word_1_570' title='bbox 771 5461 896 5522; x_wconf 91' lang='lat' dir='ltr'>eosdem</span> <span class='ocrx_word' id='word_1_571' title='bbox 917 5463 1001 5523; x_wconf 90' lang='lat' dir='ltr'>ince·</span> 
     </span>
     <span class='ocr_line' id='line_1_81' title="bbox 248 5553 1002 5630; baseline 0 -16"><span class='ocrx_word' id='word_1_572' title='bbox 248 5553 294 5615; x_wconf 90' lang='lat' dir='ltr'>dit</span> <span class='ocrx_word' id='word_1_573' title='bbox 316 5561 348 5614; x_wconf 88' lang='lat' dir='ltr'>et</span> <span class='ocrx_word' id='word_1_574' title='bbox 368 5553 464 5615; x_wconf 92' lang='lat' dir='ltr'>sedet.</span> <span class='ocrx_word' id='word_1_575' title='bbox 489 5554 523 5615; x_wconf 97' lang='lat' dir='ltr'>ln</span> <span class='ocrx_word' id='word_1_576' title='bbox 545 5553 675 5630; x_wconf 90' lang='lat' dir='ltr'>collegio</span> <span class='ocrx_word' id='word_1_577' title='bbox 702 5554 819 5630; x_wconf 92' lang='lat' dir='ltr'>pariter</span> <span class='ocrx_word' id='word_1_578' title='bbox 839 5554 1002 5615; x_wconf 88' lang='lat' dir='ltr'>advocato-</span> 
     </span>
     <span class='ocr_line' id='line_1_82' title="bbox 248 5645 1000 5725; baseline 0.003 -19"><span class='ocrx_word' id='word_1_579' title='bbox 248 5661 322 5707; x_wconf 92' lang='lat' dir='ltr'>rum</span> <span class='ocrx_word' id='word_1_580' title='bbox 343 5646 607 5708; x_wconf 91' lang='lat' dir='ltr'>consistorialium</span> <span class='ocrx_word' id='word_1_581' title='bbox 631 5645 743 5724; x_wconf 91' lang='lat' dir='ltr'>aliquis</span> <span class='ocrx_word' id='word_1_582' title='bbox 772 5661 1000 5725; x_wconf 91' lang='lat' dir='ltr'>nonnunquam</span> 
     </span>
     <span class='ocr_line' id='line_1_83' title="bbox 249 5739 1002 5817; baseline 0 -17"><span class='ocrx_word' id='word_1_583' title='bbox 249 5740 408 5817; x_wconf 89' lang='lat' dir='ltr'>reperitur</span> <span class='ocrx_word' id='word_1_584' title='bbox 428 5739 590 5817; x_wconf 90' lang='lat' dir='ltr'>episcopali</span> <span class='ocrx_word' id='word_1_585' title='bbox 610 5741 706 5815; x_wconf 90' lang='lat' dir='ltr'>gradu</span> <span class='ocrx_word' id='word_1_586' title='bbox 722 5739 936 5817; x_wconf 80' lang='lat' dir='ltr'>praefulgens:</span> <span class='ocrx_word' id='word_1_587' title='bbox 955 5757 1002 5801; x_wconf 93' lang='lat' dir='ltr'>se-</span> 
     </span>
     <span class='ocr_line' id='line_1_84' title="bbox 249 5832 999 5910; baseline -0.001 -16"><span class='ocrx_word' id='word_1_588' title='bbox 249 5833 303 5894; x_wconf 93' lang='lat' dir='ltr'>det</span> <span class='ocrx_word' id='word_1_589' title='bbox 323 5833 374 5894; x_wconf 85' lang='lat' dir='ltr'>liic</span> <span class='ocrx_word' id='word_1_590' title='bbox 395 5833 427 5892; x_wconf 92' lang='lat' dir='ltr'>in</span> <span class='ocrx_word' id='word_1_591' title='bbox 449 5832 566 5894; x_wconf 90' lang='lat' dir='ltr'>actibus</span> <span class='ocrx_word' id='word_1_592' title='bbox 587 5832 798 5909; x_wconf 89' lang='lat' dir='ltr'>collegialibus</span> <span class='ocrx_word' id='word_1_593' title='bbox 815 5848 907 5910; x_wconf 90' lang='lat' dir='ltr'>supra</span> <span class='ocrx_word' id='word_1_594' title='bbox 929 5833 999 5894; x_wconf 89' lang='lat' dir='ltr'>reli-</span> 
     </span>
    </p>
   </div>
   <div class='ocr_carea' id='block_1_18' title="bbox 249 5923 1809 6006">
    <p class='ocr_par' dir='ltr' id='par_1_20' title="bbox 249 5923 1809 6006">
     <span class='ocr_line' id='line_1_85' title="bbox 249 5923 1809 6006; baseline 0.002 -20"><span class='ocrx_word' id='word_1_595' title='bbox 249 5939 328 6002; x_wconf 91' lang='lat' dir='ltr'>quos</span> <span class='ocrx_word' id='word_1_596' title='bbox 349 5940 460 5986; x_wconf 91' lang='lat' dir='ltr'>omnes</span> <span class='ocrx_word' id='word_1_597' title='bbox 471 5923 646 5986; x_wconf 88' lang='lat' dir='ltr'>advocatos:</span> <span class='ocrx_word' id='word_1_598' title='bbox 671 5940 736 5986; x_wconf 93' lang='lat' dir='ltr'>non</span> <span class='ocrx_word' id='word_1_599' title='bbox 752 5941 826 5988; x_wconf 91' lang='lat' dir='ltr'>vero</span> <span class='ocrx_word' id='word_1_600' title='bbox 841 5941 933 6006; x_wconf 92' lang='lat' dir='ltr'>supra</span> <span class='ocrx_word' id='word_1_601' title='bbox 949 5925 1000 5987; x_wconf 90' lang='lat' dir='ltr'>de·</span> <span class='ocrx_word' id='word_1_602' title='bbox 1027 5926 1030 6001; x_wconf 81' lang='lat' dir='ltr'>l</span> <span class='ocrx_word' id='word_1_603' title='bbox 1057 5943 1144 6002; x_wconf 89' lang='lat' dir='ltr'>mus,</span> <span class='ocrx_word' id='word_1_604' title='bbox 1178 5926 1365 5987; x_wconf 90' lang='lat' dir='ltr'>monasteria</span> <span class='ocrx_word' id='word_1_605' title='bbox 1397 5929 1428 5985; x_wconf 87' lang='lat' dir='ltr'>et</span> <span class='ocrx_word' id='word_1_606' title='bbox 1458 5925 1627 5987; x_wconf 87' lang='lat' dir='ltr'>monachos</span> <span class='ocrx_word' id='word_1_607' title='bbox 1659 5925 1809 6006; x_wconf 83' lang='lat' dir='ltr'>Episcopo</span> 
     </span>
    </p>
   </div>
   <div class='ocr_carea' id='block_1_19' title="bbox 1057 5367 2043 5850">
    <p class='ocr_par' dir='ltr' id='par_1_21' title="bbox 1057 5367 2043 5850">
     <span class='ocr_line' id='line_1_86' title="bbox 1058 5367 1810 5446; baseline -0.004 -16"><span class='ocrx_word' id='word_1_608' title='bbox 1058 5368 1201 5430; x_wconf 89' lang='lat' dir='ltr'>ecclesias</span> <span class='ocrx_word' id='word_1_609' title='bbox 1214 5367 1404 5430; x_wconf 89' lang='lat' dir='ltr'>cathedrales</span> <span class='ocrx_word' id='word_1_610' title='bbox 1418 5369 1511 5445; x_wconf 87' lang='lat' dir='ltr'>atque</span> <span class='ocrx_word' id='word_1_611' title='bbox 1523 5368 1677 5429; x_wconf 89' lang='lat' dir='ltr'>dioeceses</span> <span class='ocrx_word' id='word_1_612' title='bbox 1688 5368 1724 5429; x_wconf 93' lang='lat' dir='ltr'>ab</span> <span class='ocrx_word' id='word_1_613' title='bbox 1737 5367 1810 5446; x_wconf 91' lang='lat' dir='ltr'>ipsis</span> 
     </span>
     <span class='ocr_line' id='line_1_87' title="bbox 1058 5460 1810 5538; baseline -0.001 -17"><span class='ocrx_word' id='word_1_614' title='bbox 1058 5462 1177 5522; x_wconf 92' lang='lat' dir='ltr'>visitari</span> <span class='ocrx_word' id='word_1_615' title='bbox 1200 5462 1387 5538; x_wconf 90' lang='lat' dir='ltr'>permiserit,</span> <span class='ocrx_word' id='word_1_616' title='bbox 1410 5477 1503 5538; x_wconf 91' lang='lat' dir='ltr'>quam</span> <span class='ocrx_word' id='word_1_617' title='bbox 1523 5460 1579 5521; x_wconf 87' lang='lat' dir='ltr'>ubi</span> <span class='ocrx_word' id='word_1_618' title='bbox 1601 5461 1631 5522; x_wconf 93' lang='lat' dir='ltr'>id</span> <span class='ocrx_word' id='word_1_619' title='bbox 1646 5477 1662 5520; x_wconf 93' lang='lat' dir='ltr'>a</span> <span class='ocrx_word' id='word_1_620' title='bbox 1678 5460 1810 5522; x_wconf 91' lang='lat' dir='ltr'>concilio</span> 
     </span>
     <span class='ocr_line' id='line_1_88' title="bbox 1057 5553 1714 5633; baseline -0.002 -18"><span class='ocrx_word' id='word_1_621' title='bbox 1057 5554 1239 5633; x_wconf 87' lang='lat' dir='ltr'>provinciali</span> <span class='ocrx_word' id='word_1_622' title='bbox 1263 5553 1380 5614; x_wconf 91' lang='lat' dir='ltr'>eisdem</span> <span class='ocrx_word' id='word_1_623' title='bbox 1403 5555 1585 5614; x_wconf 92' lang='lat' dir='ltr'>mandatum</span> <span class='ocrx_word' id='word_1_624' title='bbox 1607 5553 1714 5614; x_wconf 85' lang='lat' dir='ltr'>luerit.</span> 
     </span>
     <span class='ocr_line' id='line_1_89' title="bbox 1098 5645 2043 5734; baseline -0.002 -26"><span class='ocrx_word' id='word_1_625' title='bbox 1098 5647 1117 5722; x_wconf 66' lang='grc' dir='ltr'><strong>ἓ</strong></span> <span class='ocrx_word' id='word_1_626' title='bbox 1133 5646 1180 5708; x_wconf 82' lang='lat' dir='ltr'>ts.</span> <span class='ocrx_word' id='word_1_627' title='bbox 1196 5645 1305 5724; x_wconf 91' lang='lat' dir='ltr'>Neque</span> <span class='ocrx_word' id='word_1_628' title='bbox 1317 5646 1427 5707; x_wconf 93' lang='lat' dir='ltr'>omissa</span> <span class='ocrx_word' id='word_1_629' title='bbox 1439 5645 1501 5706; x_wconf 86' lang='lat' dir='ltr'>luit</span> <span class='ocrx_word' id='word_1_630' title='bbox 1511 5651 1649 5706; x_wconf 87' lang='lat' dir='ltr'>accurata</span> <span class='ocrx_word' id='word_1_631' title='bbox 1663 5646 1695 5706; x_wconf 93' lang='lat' dir='ltr'>in</span> <span class='ocrx_word' id='word_1_632' title='bbox 1708 5645 1810 5708; x_wconf 83' lang='lat' dir='ltr'>orion·</span> <span class='ocrx_word' id='word_1_633' title='bbox 1843 5689 1956 5734; x_wconf 78' lang='lat' dir='ltr'>canonas</span> <span class='ocrx_word' id='word_1_634' title='bbox 1968 5687 2043 5734; x_wconf 68' lang='lat' dir='ltr'>accis</span> 
     </span>
     <span class='ocr_line' id='line_1_90' title="bbox 1058 5735 2042 5850; baseline -0.001 -49"><span class='ocrx_word' id='word_1_635' title='bbox 1058 5741 1126 5802; x_wconf 89' lang='lat' dir='ltr'>talis</span> <span class='ocrx_word' id='word_1_636' title='bbox 1147 5739 1291 5802; x_wconf 89' lang='lat' dir='ltr'>ecclesiae</span> <span class='ocrx_word' id='word_1_637' title='bbox 1306 5739 1392 5814; x_wconf 90' lang='lat' dir='ltr'>leges</span> <span class='ocrx_word' id='word_1_638' title='bbox 1407 5735 1598 5815; x_wconf 73' lang='lat' dir='ltr'>disquisitio,</span> <span class='ocrx_word' id='word_1_639' title='bbox 1621 5746 1652 5800; x_wconf 91' lang='lat' dir='ltr'>et</span> <span class='ocrx_word' id='word_1_640' title='bbox 1666 5740 1809 5816; x_wconf 85' lang='lat' dir='ltr'>quamvis</span> <span class='ocrx_word' id='word_1_641' title='bbox 1828 5740 2042 5850; x_wconf 51' lang='lat' dir='ltr'>iriffifo‘ss&#39;gr‘t&#39;rtssssig</span> 
     </span>
    </p>
   </div>
   <div class='ocr_carea' id='block_1_20' title="bbox 1057 5831 2042 5946">
    <p class='ocr_par' dir='ltr' id='par_1_22' title="bbox 1057 5831 2042 5946">
     <span class='ocr_line' id='line_1_91' title="bbox 1057 5831 2042 5946; baseline 0.002 -54"><span class='ocrx_word' id='word_1_642' title='bbox 1057 5834 1143 5894; x_wconf 84' lang='lat' dir='ltr'>iuxta</span> <span class='ocrx_word' id='word_1_643' title='bbox 1173 5833 1355 5894; x_wconf 90' lang='lat' dir='ltr'>earumdem</span> <span class='ocrx_word' id='word_1_644' title='bbox 1389 5831 1616 5909; x_wconf 89' lang='lat' dir='ltr'>praescriptum</span> <span class='ocrx_word' id='word_1_645' title='bbox 1646 5847 1810 5908; x_wconf 88' lang='lat' dir='ltr'>agnovert·</span> <span class='ocrx_word' id='word_1_646' title='bbox 1828 5858 1880 5946; x_wconf 46' lang='lat' dir='ltr'>{affra</span> <span class='ocrx_word' id='word_1_647' title='bbox 1901 5848 2042 5905; x_wconf 64' lang='lat' dir='ltr'>surrogan-</span> 
     </span>
    </p>
   </div>
   <div class='ocr_carea' id='block_1_21' title="bbox 0 0 2386 6967">
    <p class='ocr_par' dir='ltr' id='par_1_23' title="bbox 0 0 2386 6967">
     <span class='ocr_line' id='line_1_92' title="bbox 0 0 2386 6967; baseline 0 0"><span class='ocrx_word' id='word_1_648' title='bbox 0 0 2386 6967; x_wconf 95' lang='lat' dir='ltr'> </span> 
     </span>
    </p>
   </div>
  </div>
 </body>
</html>
