4708 6978
887 569 1085 624 nnnnnrcrus
1105 571 1172 624 xtr.
1721 547 1780 622 339
1830 549 1884 610 An.
1898 551 1928 610 d.
1949 547 2018 612 1747
2137 561 2142 573 ’

253 710 387 768 eaortae
407 703 476 766 sint
502 696 738 765 controuersiae
762 712 858 777 snper
879 693 999 760 intelli·
1055 711 1072 757 a
1093 695 1181 759 nobis
1202 695 1294 772 longa
1315 693 1536 775 disceptatione
1557 692 1720 774 probatum
1740 699 1798 770 est,

253 800 365 879 gentio
387 805 416 861 et
438 795 627 860 caecutienc
642 793 761 858 decreti
777 791 815 856 ab
831 792 890 854 hae
904 805 998 853 saera
1054 806 1126 852 cum
1152 791 1185 853 in
1211 792 1452 868 congregatione
1480 789 1610 854 concilii
1636 787 1800 850 asecretis

253 893 500 974 conprepationc
519 889 599 953 editi
620 888 672 952 die
691 903 748 951 vu.
773 886 850 949 iulii
865 900 995 948 uncum.
1055 899 1203 958 essemus,
1226 883 1259 947 in
1280 885 1411 962 quadam
1431 900 1518 948 eausa
1537 882 1717 947 Florentina
1731 897 1800 961 pro·

252 987 357 1064 quoad
384 983 533 1048 hebraeos
564 983 736 1060 utriusque
761 995 857 1042 semus
879 979 999 1040 denna·
1054 977 1158 1056 posita,
1172 993 1272 1040 xxvii.
1291 977 1368 1040 iulii
1384 993 1577 1053 nuncnune,
1593 983 1628 1040 nt
1643 977 1749 1040 ridere
1764 978 1799 1040 li-

254 1078 353 1140 liatas
374 1077 412 1142 de
428 1094 536 1140 coram
552 1077 655 1140 animi
670 1071 887 1138 declaratione
899 1071 1001 1132 susci·
1055 1076 1102 1134 cet
1124 1070 1159 1132 in
1189 1078 1262 1152 tom.
1288 1075 1309 1133 3
1336 1070 1491 1134 Thesauri
1520 1071 1610 1133 resol.
1634 1087 1707 1152 pap.
1729 1073 1799 1136 346

250 1171 362 1248 piendi
384 1169 596 1249 baptismum,-
610 1165 856 1230 eminentissimi
870 1170 903 1226 et
918 1179 999 1226 rece·
1054 1171 1085 1226 et
1105 1180 1178 1245 pag.
1204 1168 1274 1228 350
1296 1171 1326 1228 et
1340 1181 1433 1243 sequ,
1448 1182 1487 1227 ac
1507 1171 1581 1227 tom.
1606 1167 1639 1237 4,
1661 1180 1734 1244 pap.
1753 1171 1799 1228 30
1823 1237 1833 1250 ,
1895 1185 1896 1190 ¹

251 1264 438 1327 rendisaimi
466 1264 589 1327 domini
617 1259 804 1326 cardinales
833 1256 999 1323 Generales
1055 1265 1085 1319 et
1105 1276 1165 1337 sea.
1188 1259 1315 1335 Quando
1337 1258 1473 1320 infidelis
1494 1260 1528 1322 ad
1551 1259 1711 1322 Christum
1726 1276 1800 1322 con-

251 1358 464 1434 Inanisitores
495 1357 655 1436 praedicti
683 1357 807 1420 dictam
836 1354 999 1417 decretura
1055 1367 1163 1414 versus
1186 1353 1350 1415 transitum
1371 1351 1444 1416 lacit
1464 1353 1501 1415 ad
1522 1352 1594 1414 alias
1609 1353 1743 1432 nuptias,
1760 1370 1798 1416 an

251 1451 456 1524 declaranda,
479 1457 522 1524 et,
539 1457 698 1532 quatenns
719 1465 796 1528 opus
818 1450 873 1521 sit,
899 1450 1001 1529 rasor-
1055 1445 1161 1508 eadem
1178 1446 1217 1508 sit
1232 1445 1355 1508 libertas
1370 1445 1495 1522 coniugi
1509 1443 1627 1508 infideli
1643 1445 1715 1508 alias
1729 1462 1801 1508 con·

251 1544 381 1618 manda,
405 1545 441 1608 in
461 1553 622 1624 posterum
643 1545 727 1608 illud
747 1542 892 1622 sequenti
910 1541 999 1604 mode
1055 1537 1196 1602 trahendi
1226 1539 1360 1617 nuptias,
1383 1555 1432 1601 res
1453 1539 1552 1601 adhuc
1572 1539 1605 1601 in
1627 1539 1720 1602 dubio
1741 1546 1798 1602 est.

251 1639 367 1718 crepui
387 1639 589 1703 mandarant
609 1646 640 1702 et
657 1640 876 1702 decreverunt:
892 1651 999 1714 nempe
1054 1630 1250 1695 Sententiam
1272 1632 1450 1708 negativam
1465 1633 1599 1695 sustinet
1612 1633 1742 1696 Pontius
1757 1632 1801 1695 De

251 1733 334 1810 guod
357 1734 539 1811 hendecadi
569 1732 716 1797 hebraeos
744 1728 995 1802 denuntiabant,
1055 1726 1212 1798 matrim,
1232 1723 1285 1788 lib.
1303 1728 1337 1798 7,
1353 1742 1420 1804 cap.
1438 1728 1495 1799 48,
1514 1741 1604 1787 num.
1627 1730 1685 1790 25.
1711 1727 1801 1790 nntr-

249 1823 317 1885 sioe
337 1842 454 1899 mares,
475 1827 542 1888 siae
559 1829 715 1908 [reminas
731 1827 766 1888 αθ
781 1821 999 1902 declaratione
1054 1819 1171 1883 metire
1200 1819 1344 1881 adhaeret
1374 1819 1512 1882 Sancbez
1542 1821 1585 1882 lle
1611 1821 1797 1884 matrimon.

250 1917 355 1980 animi
385 1918 582 1997 suscipiendi
603 1918 809 1998 baptismam,
832 1934 888 1996 per
908 1922 1000 1981 nota·
1055 1909 1109 1975 lib·
1134 1913 1166 1984 ⁷,
1193 1912 1273 1989 dith-
1298 1914 1355 1986 77,
1380 1929 1412 1972 h·
1437 1915 1470 1973 d.
1501 1911 1672 1991 Utramque
1693 1913 1800 1993 proba·

251 2010 353 2083 rium,
376 2011 476 2074 iacta
497 2011 753 2092 interrogatoria
773 2009 936 2092 generalia
959 2007 998 2072 ab
1055 2007 1150 2070 bilem
1171 2007 1265 2068 Diana
1286 2006 1441 2069 existimat
1455 2007 1498 2068 ἰίι
1515 2007 1593 2069 edit.
1611 2006 1800 2070 coordinata

250 2103 289 2165 ll.
306 2104 343 2165 P.
360 2103 399 2164 D.
419 2104 630 2185 Viecsperente
650 2102 908 2184 praescribenda,
926 2118 998 2165 cam
1055 2101 1092 2162 dc
1110 2101 1269 2173 matram,
1295 2107 1369 2162 tom.
1387 2102 1422 2172 2,
1439 2097 1530 2162 resol.
1549 2101 1629 2172 122,
1647 2108 1745 2165 tract.
1764 2105 1797 2164 6.

250 2195 385 2274 speciali
406 2198 582 2259 monitione
599 2196 792 2262 relevantiac
807 2195 996 2277 iuramenti,
1094 2185 1182 2271 §ad
1206 2195 1285 2258 illud
1316 2210 1439 2274 quoque
1469 2194 1610 2257 hebraeis
1638 2204 1683 2256 est
1706 2197 1800 2275 probe

250 2290 441 2368 inscriptis
463 2307 569 2354 coram
590 2291 694 2353 eodem
715 2290 753 2353 li.
778 2290 814 2353 P.
834 2289 873 2350 D.
901 2289 998 2351 Vires·
1054 2289 1227 2366 cognitum,
1250 2288 1416 2364 coniugem
1438 2288 1507 2350 viro
1535 2304 1601 2350 esse
1622 2288 1798 2363 obnoxiam,

250 2391 393 2462 gerente,
415 2390 445 2445 et
471 2400 504 2444 co
526 2384 689 2462 impedita,
719 2399 826 2446 coram
849 2383 919 2445 eins
940 2399 998 2446 au·
1054 2383 1255 2461 eiusdemque
1276 2382 1307 2444 in
1325 2388 1475 2461 potestate
1489 2382 1701 2460 constitutam,
1717 2380 1799 2460 qnod

250 2475 365 2547 ditare,
396 2477 644 2551 attaminandum
666 2477 720 2556 aui
746 2478 844 2541 etiem
865 2491 998 2540 acumen
1054 2475 1165 2554 legunt
1188 2475 1336 2539 Genesaos
1364 2477 1437 2535 c.23
1465 2471 1530 2538 Sub
1551 2474 1615 2536 ciri
1642 2481 1800 2552 potestate

250 2570 439 2647 praefatam
466 2569 663 2634 subscribere
691 2569 837 2643 debeant·
856 2575 900 2642 et,
922 2586 998 2648 arta·
1055 2569 1131 2641 eris,
1154 2575 1184 2631 et
1206 2569 1272 2646 ipse
1293 2565 1517 2630 dominabitur
1540 2567 1602 2630 tui.
1625 2568 1699 2648 Ipsis
1715 2584 1800 2646 prae-

253 2667 347 2722 tenue
369 2661 432 2724 duo
454 2667 547 2725 testea
568 2663 637 2725 slat
657 2665 693 2727 dc
714 2663 790 2735 leco,
816 2670 953 2740 tempore
967 2667 998 2724 et
1054 2669 1137 2726 terea
1164 2668 1359 2740 compertum
1382 2669 1427 2723 est
1447 2660 1598 2741 sponsalia
1626 2661 1800 2740 plurimum

251 2755 416 2816 occasione
448 2761 613 2829 contestes,
637 2763 716 2820 tanc
747 2757 936 2820 denuntiati
957 2756 998 2819 ud
1054 2775 1069 2818 a
1091 2756 1290 2819 matrimonio
1312 2755 1447 2830 dilierre,
1469 2771 1542 2817 cnm
1563 2756 1637 2818 haee
1658 2771 1722 2817 non
1737 2755 1800 2817 sint

252 2847 380 2910 dunum
407 2849 706 2912 catechumenorum
732 2850 824 2923 duci,
854 2856 884 2912 et
906 2849 998 2912 cello·
1054 2850 1148 2926 aliud,
1172 2864 1265 2928 quem
1286 2847 1384 2910 lutari
1405 2848 1568 2927 promissio
1594 2849 1799 2925 matrimonii,

252 2943 323 3004 cari
344 2942 381 3003 ia
403 2945 467 3006 loca
487 2951 648 3022 separata,
671 2944 712 3007 ad
741 2945 827 3006 hunc
853 2946 997 3023 apertum
1055 2951 1090 3006 ut
1111 2943 1146 3003 ln
1171 2940 1435 3004 (landesmara
1456 2945 1515 3014 30,
1531 2949 1652 3020 quaest.
1670 2944 1702 3014 1,
1718 2949 1748 3004 et
1763 2943 1801 3004 in

252 3035 423 3108 destinato,
448 3035 485 3097 in
505 3052 598 3114 canae
618 3052 675 3115 per
689 3035 852 3099 duodecim
869 3036 934 3099 dies
950 3035 999 3097 de·
1055 3041 1113 3118 lep.
1132 3040 1149 3098 1
1171 3036 1206 3117 [s.
1229 3035 1264 3098 αθ
1284 3051 1402 3114 spons,
1427 3037 1508 3115 quod
1531 3043 1563 3098 et
1582 3036 1741 3113 colligitur
1761 3053 1800 3100 en

253 3129 354 3190 tiacri
374 3131 510 3206 possint,
534 3135 572 3190 at
592 3144 689 3207 saper
709 3130 856 3202 ueritate,
875 3136 905 3191 et
927 3145 998 3190 can·
1054 3131 1181 3193 historia
1203 3129 1311 3204 iacobi,
1336 3129 1443 3192 Gener.
1468 3130 1494 3190 'c.
1517 3129 1575 3201 29,
1592 3130 1646 3210 qui
1666 3131 1802 3193 servitu·

250 3222 379 3284 staatia
410 3221 640 3285 declarationis
674 3238 783 3284 eoram
817 3222 998 3286 voluntatis
1056 3233 1120 3289 tem
1140 3224 1257 3288 servire
1278 3224 1400 3287 Lobana
1420 3223 1526 3288 debuit
1541 3225 1576 3287 ad
1591 3231 1708 3288 statum
1723 3232 1801 3288 tem-

251 3314 449 3394 sascipicndi
481 3313 676 3395 baptismum
707 3317 927 3394 captarentur.
964 3315 998 3378 Si
1055 3335 1123 3398 pus,
1136 3326 1171 3380 ut
1185 3332 1317 3381 uxorem
1331 3319 1458 3380 duceret
1472 3318 1656 3396 promissam
1669 3317 1725 3379 sibi
1744 3319 1802 3381 ila-

252 3416 362 3472 uatem
385 3414 477 3471 testes
503 3418 599 3474 crant
624 3410 819 3491 singulares,
842 3409 889 3472 cel
911 3426 998 3472 aneas
1054 3412 1186 3476 chelem.
1213 3410 1283 3473 Nun
1305 3411 1336 3473 id
1357 3412 1467 3474 audeat
1487 3410 1698 3472 Hebraeorum
1719 3412 1802 3491 quis-

252 3502 374 3565 adcsset
397 3504 489 3566 testis
507 3502 639 3565 idoneas
655 3510 684 3567 et
699 3505 759 3584 ade
774 3503 903 3584 dignas,
921 3510 999 3565 tune
1055 3506 1135 3584 piam
1157 3505 1274 3568 inficias
1295 3504 1352 3581 ire,
1375 3504 1461 3566 iuxta
1482 3519 1594 3566 earnm
1615 3520 1729 3581 meree,
1746 3521 1801 3585 per

253 3595 453 3668 denuntiati,
477 3613 541 3659 nen
561 3597 676 3662 statim
689 3603 760 3674 post
776 3596 1001 3659 denunciatio·
1053 3599 1206 3680 sponsalia
1228 3599 1276 3662 ius
1297 3598 1449 3678 quoddam
1470 3613 1593 3676 sponso,
1615 3606 1648 3661 et
1668 3600 1802 3662 auctori·

254 3705 335 3762 aem,
352 3696 383 3751 et
399 3691 532 3753 testium
546 3707 678 3754 examen
694 3690 830 3752 ducendi
845 3698 943 3752 erant
957 3689 999 3754 ad
1056 3701 1151 3756 tatem
1173 3693 1206 3756 in
1226 3708 1370 3772 sponsam
1391 3692 1456 3756 dari
1476 3692 1578 3754 lorsan
1599 3693 1695 3756 etiam
1708 3694 1802 3756 maio-

255 3784 380 3846 damum
395 3782 704 3857 catechumenorum,
723 3784 775 3846 scd
789 3800 846 3863 per
861 3783 898 3845 R.
909 3784 944 3846 P.
957 3783 995 3845 D.
1056 3802 1123 3849 rem
1144 3786 1206 3862 illa,
1229 3801 1322 3866 qnam
1338 3786 1546 3849 christifidelis
1561 3785 1651 3848 habet
1672 3787 1705 3848 in
1720 3787 1800 3850 chri·

257 3877 500 3958 Vicesgcreatem
519 3885 617 3942 entra
638 3877 795 3959 photium,
818 3877 866 3940 oel
880 3879 916 3940 in
930 3877 999 3940 eius
1054 3881 1187 3944 stianam
1208 3879 1374 3943 mulierem
1397 3880 1455 3942 sibi
1476 3878 1699 3959 desponsatam.
1723 3881 1801 3944 Nam

256 3971 352 4046 donea,
377 3970 426 4033 ecl
447 3971 483 4034 in
503 3972 613 4051 aliana
634 3970 775 4045 eeclesia,
792 3973 838 4034 vel
853 3971 919 4035 alio
934 3971 999 4034 loeo
1056 3977 1124 4038 iure
1145 3975 1301 4056 pontificio
1323 3976 1425 4052 gravis
1444 3983 1491 4038 est
1512 3991 1583 4038 reus
1600 3977 1718 4057 culpae,
1735 3993 1799 4040 nan

255 4063 315 4128 eibi
338 4065 411 4130 benc
439 4067 517 4138 cisa,
541 4071 573 4128 et
594 4065 685 4129 intra
718 4073 840 4144 tempus
862 4082 999 4130 neeessa-
1056 4069 1212 4144 adulterii,
1228 4070 1282 4148 qui
1303 4067 1402 4131 aliena
1416 4083 1489 4132 cum
1503 4085 1614 4148 sponsa
1629 4071 1714 4150 turpi
1729 4087 1802 4133 con-

256 4159 342 4222 rinm
362 4165 395 4222 ct
410 4167 637 4238 opportunum,
653 4160 753 4222 iurato
769 4159 852 4241 tacti
866 4160 999 4238 speeiem
1055 4163 1151 4226 sartio
1172 4161 1369 4238 coniugatnr,
1392 4168 1428 4224 nt
1449 4176 1505 4223 nos
1523 4161 1594 4224 alibi
1609 4164 1801 4226 demonstra-

256 4260 284 4315 at
305 4253 584 4326 circumstantias,
613 4269 671 4331 pra
702 4253 842 4317 arbitrie
870 4257 900 4313 et
920 4269 999 4332 prn-
1056 4257 1159 4319 rimus
1181 4256 1214 4318 in
1234 4261 1346 4317 nestra
1365 4255 1586 4332 notificatione
1610 4257 1655 4328 V.,
1673 4263 1746 4319 tom.
1765 4263 1798 4331 3,

256 4347 365 4410 dantia
396 4347 478 4410 dicti
507 4347 545 4410 li.
567 4347 604 4409 P.
628 4347 667 4409 b.
694 4347 927 4426 Vicesperentis,
953 4363 999 4408 co·
1055 4365 1127 4430 pap.
1151 4353 1209 4422 65,
1233 4348 1311 4410 edit.
1336 4347 1456 4411 Bonan.
1480 4351 1519 4411 ht
1539 4351 1619 4428 apud
1641 4351 1800 4428 hebraeos,

254 4457 328 4503 ram
348 4440 500 4506 aclardus
522 4440 719 4520 replerandu
740 4443 813 4504 erit.
1056 4460 1094 4506 ex
1116 4443 1214 4508 reteri
1245 4443 1389 4505 instituto
1420 4443 1472 4523 qui
1497 4459 1577 4520 rem,
1601 4444 1699 4508 aliena
1728 4461 1801 4508 cum

98 4552 237 4616 noeuma-
292 4533 376 4610 558.
390 4534 474 4598 lianc
488 4533 1000 4615 aliaquaestiosequituradspon-
1055 4553 1165 4617 sponsa
1195 4535 1349 4612 hahuerit,
1376 4552 1441 4599 non
1472 4537 1644 4622 impudicus
1676 4539 1799 4615 dicitur,

74 4601 137 4716 {3125ss
147 4615 237 4706 {⁹31¹}ss
253 4645 299 4692 sas
320 4629 492 4708 pertinens,
514 4637 607 4708 atque
619 4629 767 4706 coniuges
781 4629 998 4704 hebraeorum,
1036 4633 1108 4694 sed
1129 4629 1262 4706 adulter,
1277 4637 1312 4692 ut
1324 4637 1396 4707 post
1413 4629 1581 4694 Scldennm
1597 4627 1651 4694 lib.
1664 4634 1698 4693 2.
1716 4631 1802 4694 llaor

74 4712 237 4814 {fifflffiff'
254 4723 307 4802 qni
328 4723 390 4784 riri
412 4723 472 4784 iam
492 4721 674 4809 christiani,
696 4730 750 4784 aut
776 4723 880 4801 sponsi
907 4737 999 4802 opera
1056 4721 1142 4786 debr.
1167 4739 1235 4802 cap.
1260 4725 1291 4796 1,
1313 4723 1532 4786 animadvertit
1554 4723 1673 4786 Calmet
1689 4724 1725 4784 in
1740 4741 1801 4787 saa

254 4817 325 4880 ndei
345 4816 510 4880 catholicae
541 4815 726 4880 atteruntur.
761 4816 852 4879 Nulla
877 4817 999 4880 iudaea·
1057 4817 1182 4881 dissert.
1217 4814 1450 4880 lie-connubiis
1482 4813 1569 4879 hebr.
1593 4824 1624 4880 et
1645 4819 1744 4881 adbuc
1765 4819 1799 4880 in

254 4926 326 4976 rum
347 4909 473 4989 querela
494 4916 550 4986 est,
573 4910 653 4989 qnod
676 4910 797 4985 thiris,
813 4917 866 4972 aut
880 4911 999 4988 sponsis
1055 4927 1198 4990 praesens
1228 4910 1310 4989 apud
1344 4909 1491 4972 hebraeos
1520 4908 1637 4985 scelus,
1670 4927 1732 4989 quo
1764 4913 1801 4975 de

254 5003 505 5069 christifidelibus
525 5017 663 5082 sponsae,
679 5011 732 5065 aut
746 5004 893 5081 coniuges
907 5005 942 5066 ad
958 5003 1000 5065 la·
1055 5021 1140 5068 nune
1161 5002 1293 5081 agimus,
1309 5012 1355 5066 est
1369 5003 1505 5081 capitale,
1522 5011 1558 5066 ut
1571 5003 1715 5066 observat
1729 5004 1801 5067 Car·

255 5113 383 5162 vacrum
397 5096 626 5159 sanctissimum
641 5095 821 5173 offerentum
834 5111 898 5160 non
913 5097 999 5158 enim
1055 5096 1166 5160 dinalis
1187 5098 1225 5161 de
1245 5096 1327 5158 Luca
1349 5094 1394 5156 De
1414 5097 1558 5160 matrim.
1576 5096 1611 5158 in
1625 5096 1747 5159 discur.
1765 5098 1799 5168 9,

255 5191 400 5255 nesciunt
419 5189 470 5251 vel
490 5189 547 5267 ipsi
579 5189 713 5265 hebraei,
736 5188 855 5252 nullam
875 5191 932 5252 hac
953 5189 1000 5252 in·
1055 5207 1088 5250 n.
1104 5193 1161 5262 15,
1173 5205 1267 5269 quem
1283 5189 1390 5252 habuit
1404 5191 1442 5253 de
1455 5187 1662 5268 quorumdam
1676 5189 1801 5252 ludaeo-

255 5285 430 5361 vitamenti,
449 5284 499 5346 rel
520 5283 740 5347 adhortationis
760 5285 861 5363 specie
881 5283 999 5347 violen·
1056 5300 1128 5346 rum
1149 5283 1262 5345 homae
1291 5273 1458 5346 connubio.
1482 5283 1581 5360 igitur
1602 5283 1801 5362 quemadmo-

255 5380 329 5442 tiam
352 5377 480 5453 includi,
503 5377 545 5440 ita
566 5386 601 5440 ut
621 5377 648 5438 si
668 5377 782 5439 mulier
812 5377 999 5457 baptismum
1055 5377 1131 5439 dum
1151 5392 1224 5439 cum
1244 5377 1281 5439 ad
1303 5376 1395 5438 tidem
1417 5376 1577 5452 accedunt,
1593 5377 1649 5454 qui
1669 5383 1801 5456 potesta-

254 5481 388 5552 roapuat,
411 5471 646 5535 matrimonium
667 5473 700 5532 in
715 5471 864 5536 iudaismo
878 5478 999 5536 eontra·
1055 5477 1120 5532 tem
1141 5471 1174 5532 in
1196 5468 1275 5531 iiiios
1295 5479 1348 5546 aut
1363 5469 1439 5531 silias
1453 5469 1579 5541 habent,
1596 5485 1705 5532 eorum
1719 5468 1801 5531 obla·

255 5576 340 5630 ctum
361 5566 492 5628 omnino
506 5565 655 5640 solvatur,
670 5573 750 5626 teste
763 5564 908 5643 Apostolo
924 5564 941 5623 1
958 5565 999 5629 ad
1056 5564 1173 5626 tionem
1188 5561 1340 5626 Ecclesiae
1362 5563 1458 5626 libere
1480 5580 1514 5624 ac
1527 5563 1596 5626 iure
1611 5560 1742 5641 iaciunt,
1759 5563 1801 5626 ita

258 5659 404 5724 Cariath.
421 5675 448 5720 e.
464 5659 499 5730 7,
515 5666 547 5720 et
561 5660 647 5721 iuxta
668 5656 875 5730 decretalem,
901 5659 1001 5734 Quin
1055 5657 1116 5732 vir,
1138 5663 1190 5720 aut
1221 5672 1351 5736 sponsus
1372 5656 1487 5720 Christi
1518 5655 1619 5733 legem
1640 5655 1801 5735 amplexus

256 5761 297 5828 to,
322 5754 368 5816 lic
389 5753 551 5824 diuortiis,
573 5769 651 5832 quae
665 5752 791 5832 quidem
806 5752 999 5816 matrimonii
1055 5751 1123 5814 iure
1144 5750 1261 5830 optima
1283 5750 1471 5813 oblationem
1486 5750 1558 5812 lacit
1571 5766 1645 5813 suae
1659 5749 1710 5812 rel
1725 5767 1801 5812 uuo·

255 5845 369 5910 solutio
389 5849 425 5910 iit
444 5846 549 5910 statim
570 5862 605 5909 ae
625 5845 750 5909 iudaeus
771 5845 915 5908 ecclesiae
929 5862 999 5924 gre·
1055 5845 1098 5907 ris
1118 5852 1171 5908 aut
1190 5859 1330 5923 sponsae,
1353 5844 1386 5907 in
1408 5860 1501 5925 quam
1522 5844 1570 5906 ius
1591 5843 1754 5922 alegibus,
1769 5853 1802 5907 et

257 5939 318 6006 mia
338 5941 489 6006 admhsus
514 5941 626 6007 transit
646 5939 684 6004 ad
706 5939 780 6006 alias
803 5939 938 6028 nuptias,
964 5947 1000 6006 ut
1054 5939 1267 6006 auctoritatem
1294 5939 1352 6006 sibi
1382 5953 1556 6006 conensem
1587 5937 1689 6006 habet.
1712 5937 1802 6006 Facta
