4764 6972
331 517 384 570 Aa.
399 519 429 570 O.
452 517 519 570 1743

329 3579 433 3626 blandai
444 3577 531 3632 electo,

322 3638 349 3696 ut
365 3632 423 3678 littei
442 3634 533 3689 proles-

321 3699 419 3733 sronam
432 3688 533 3733 emittat

321 3745 346 3786 et
357 3742 533 3787 iuramentum

321 3793 453 3842 fidelitatis
464 3806 533 3851 praa·

321 3852 376 3894 Stet.

339 5265 429 5308 Forma
462 5262 535 5310 roles-

323 5317 433 5363 slonlsfl
453 5319 483 5364 ei.

572 520 628 584 tea

549 657 709 720 Societatis
730 657 808 729 lesu,
825 664 856 719 et
877 656 990 736 popula
1005 655 1137 718 civitatis
1158 672 1191 718 ac
1212 653 1294 716 diae-

549 754 625 814 cesis
640 751 849 814 Antiochenae
868 751 1005 813 eiusdem
1028 749 1173 823 nationis,
1196 765 1250 828 per
1265 767 1295 810 a·

549 846 695 926 postolica
716 845 836 923 scripta
848 844 1042 919 mandamus
1059 851 1094 906 ut
1108 844 1295 920 suffraganei

550 941 605 1002 tibi
627 946 785 1018 tamquam
806 937 946 1000 membra
968 937 1059 1016 capiti
1077 938 1293 1016 obsequentes,

549 1040 580 1096 et
602 1033 771 1112 capitulum
794 1032 850 1094 tibi
873 1039 1029 1110 tamquam
1051 1031 1171 1110 patriet
1183 1032 1295 1109 pastori

550 1128 728 1189 animarum
749 1141 875 1187 suarum
897 1125 1059 1186 humiliter
1084 1125 1294 1200 intendentes,

550 1221 715 1284 exhibeant
737 1219 791 1280 tibi
813 1219 1020 1281 obedientiam
1039 1225 1070 1280 et
1085 1219 1294 1280 reverentiam

550 1315 665 1378 debitas
685 1320 716 1375 et
743 1314 883 1388 devotas3
908 1313 947 1373 ita
969 1313 1051 1390 quad
1076 1317 1186 1374 mutua
1214 1311 1295 1372 inter

550 1416 581 1470 te
602 1414 632 1468 et
654 1407 733 1485 ipsas
754 1405 962 1481 suffraganeos
984 1405 1081 1480 gratia
1111 1412 1212 1481 gratas
1232 1420 1296 1466 sor-

551 1501 645 1562 tiatur
667 1499 804 1573 effectus,
828 1505 858 1559 et
885 1513 941 1560 nos
965 1513 1076 1559 eorum
1098 1498 1296 1559 devotionern

549 1594 700 1673 possimus
716 1599 877 1672 propterea
893 1591 925 1653 in
941 1591 1072 1654 Domina
1088 1592 1198 1652 merito
1214 1607 1297 1653 com·

549 1685 712 1760 mendare;
735 1703 769 1746 ac
789 1684 945 1756 claresce,
962 1700 1017 1762 pra
1040 1690 1143 1744 nostra
1165 1691 1195 1744 et
1216 1685 1295 1746 eius·

550 1780 621 1842 dem
643 1779 728 1842 Sedis
744 1778 929 1852 reverentia,
946 1777 1082 1854 benigne
1097 1777 1294 1855 recipientes,

550 1881 581 1936 et
609 1873 780 1935 honorifice
811 1877 1051 1949 pertractantes,
1080 1877 1130 1931 tna
1163 1870 1295 1932 salubria

550 1967 667 2030 monita
690 1974 719 2028 et
735 1965 877 2028 mandata
892 1965 1059 2041 suscipiant
1076 1964 1249 2039 humiliter,
1266 1973 1296 2026 et

551 2059 712 2122 efficaciter
742 2058 912 2135 adimplere
946 2065 1132 2136 procurent;
1165 2059 1297 2136 populus

550 2170 626 2215 vero
646 2160 677 2213 te
700 2161 856 2230 tamquam
871 2159 991 2229 patrem
1011 2158 1040 2211 et
1063 2159 1218 2228 pastorem
1233 2153 1295 2212 ani·

550 2263 672 2309 marum
694 2260 822 2307 suarum
844 2243 955 2306 devote
976 2244 1182 2322 suscipientes
1200 2253 1229 2306 et
1247 2246 1299 2306 de-

549 2343 612 2404 bita
634 2339 870 2402 honorificentia
892 2345 1126 2417 prosequentes
1151 2339 1211 2400 tuis
1234 2355 1299 2400 nao-

551 2436 624 2497 nilis
646 2440 677 2494 et
699 2431 850 2494 mandatis
870 2431 1046 2494 salubribus
1068 2431 1230 2494 ltumiliter
1250 2433 1299 2493 in-

550 2530 689 2602 tendant,
713 2527 754 2587 ita
785 2524 865 2603 quod
888 2532 923 2587 tu
944 2526 976 2586 in
999 2527 1042 2586 eis
1068 2525 1242 2588 devotionis
1264 2525 1299 2585 ll-

550 2623 619 2698 lias,
641 2628 672 2682 et
694 2621 749 2698 ipsi
772 2622 804 2679 in
828 2627 859 2681 te
880 2635 934 2697 per
959 2635 1154 2698 consequens
1177 2625 1298 2698 patrem

550 2715 751 2790 benevolum,
762 2713 921 2775 invenisse
933 2713 1100 2789 gaudeatis:
1115 2713 1234 2774 vassalli
1246 2730 1298 2775 au·

551 2817 616 2870 tem
638 2808 782 2888 praedicti
799 2815 828 2869 te
847 2806 949 2868 debito
971 2806 1090 2868 bonore
1112 2821 1298 2884 prosequen-

552 2911 609 2977 tes,
633 2902 689 2964 tibi
718 2900 898 2962 fidelitatem
928 2899 1061 2973 solitam,
1087 2917 1120 2962 ac
1152 2909 1297 2988 consueta

550 2995 676 3058 servitia
699 3003 729 3056 et
752 2995 819 3055 iura
846 2993 902 3055 tibi
924 2993 961 3054 ab
981 2994 1025 3055 eis
1047 2994 1147 3055 debita
1176 2994 1298 3069 integre

551 3089 698 3152 exhibere
720 3096 905 3168 procurent;
929 3089 1068 3166 alioquin
1099 3089 1296 3162 sententiam,

550 3185 616 3246 sive
637 3198 781 3262 poenam,
798 3198 891 3260 quam
907 3184 965 3243 rite
981 3183 1089 3244 tuleris
1103 3183 1169 3242 sire
1182 3189 1297 3244 statue-

551 3279 594 3340 ris
616 3279 649 3340 in
671 3278 813 3352 rebelles,
836 3283 933 3338 ratam
955 3277 1136 3338 babebimus
1158 3285 1188 3337 et
1210 3276 1299 3338 facie·

551 3389 634 3447 mus,
650 3378 773 3434 auctore
789 3371 931 3445 Domino,
945 3386 1042 3447 usque
1064 3369 1099 3429 ad
1122 3369 1298 3432 satisfactio-

552 3480 624 3528 nem
647 3465 833 3542 condignam
858 3464 1080 3526 inriolabiliter
1101 3464 1269 3525 observari.

592 3562 610 3634 ἓ
632 3560 661 3620 l.
685 3559 836 3621 Volumus
851 3567 966 3633 autem,
980 3559 1060 3634 quad
1075 3565 1118 3632 tu,
1132 3565 1298 3635 antequam

552 3653 699 3730 regimini
719 3661 750 3714 et
771 3651 1031 3712 administrationi
1053 3652 1149 3712 dictae
1170 3651 1299 3728 patriar-

552 3748 646 3811 chalis
668 3747 812 3810 ecclesiae
833 3745 1043 3807 antiochenae
1059 3744 1192 3805 nationis
1214 3760 1300 3822 prae-

551 3843 630 3904 fatae
653 3849 683 3904 te
705 3841 736 3902 in
760 3840 863 3918 aliquo
892 3839 1075 3912 immisceas,
1099 3839 1131 3898 in
1155 3839 1299 3900 manibus

552 3936 680 3998 alicuius
691 3933 830 3995 catholici
845 3932 1013 4007 Antistitis,
1027 3933 1158 4008 gratiam
1170 3939 1200 3993 et
1216 3947 1300 3992 com·

552 4029 737 4090 munionem
765 4024 851 4090 Sedis
883 4025 1073 4102 apostolicae
1106 4025 1246 4087 habentis
1268 4031 1298 4085 et

552 4122 585 4183 in
608 4120 667 4182 illis
688 4120 825 4199 partibus
851 4118 1011 4196 degentis,
1036 4119 1107 4180 fidei
1133 4117 1298 4179 catholicae

551 4213 774 4296 professionem
796 4231 811 4274 a
827 4211 904 4274 Sede
919 4212 1071 4291 praedicta
1093 4211 1298 4274 Orientalibus

551 4308 782 4387 praescriptam,
806 4307 890 4368 iaxta
913 4322 1020 4380 unam,
1043 4319 1189 4382 expresse
1210 4305 1298 4364 entit-

553 4409 630 4477 lere;
654 4406 684 4461 et
700 4399 855 4461 fidelitatis
869 4398 987 4460 debitae
1002 4397 1130 4458 solitum
1142 4397 1299 4459 iuramen-

552 4501 631 4568 tum,
659 4493 744 4554 iusta
775 4493 916 4566 alteram,
945 4490 1058 4552 formas
1087 4491 1298 4568 praesentibus

552 4588 727 4660 adnotatas,
750 4591 903 4663 praestare
929 4584 1060 4645 omnino
1092 4584 1243 4659 tenearis,
1265 4602 1300 4645 ac

552 4679 750 4759 professionis
778 4679 848 4741 fidei
873 4695 965 4756 quam
994 4677 1144 4753 emiseris,
1166 4686 1198 4740 et
1219 4679 1300 4740 iura-

552 4773 651 4835 menti
673 4772 865 4847 buiusmadi,
889 4773 970 4850 quod
998 4771 1216 4851 praestaveris,
1240 4771 1299 4833 for-

553 4883 617 4927 mas
646 4867 746 4928 eidem
774 4864 1015 4941 congregationi
1044 4864 1081 4925 de
1103 4863 1299 4942 Propaganda

553 4961 626 5023 Fide
647 4959 685 5022 de
706 4960 803 5020 verbo
824 4959 860 5020 ad
882 4959 1013 5020 verbum
1035 4975 1090 5036 per
1113 4967 1177 5020 tuas
1192 4965 1300 5036 paten-

553 5063 599 5116 tes
612 5053 714 5115 literas
730 5061 782 5115 tuo
796 5053 897 5129 sigillo
912 5053 1059 5128 munitas,
1072 5069 1127 5131 per
1139 5053 1299 5131 proprium

555 5147 705 5208 nuntium
726 5145 934 5223 quantocitius
958 5145 1112 5206 destinare
1133 5161 1289 5222 procures.

595 5237 662 5313 §ti
697 5239 807 5299 Forma
839 5246 943 5298 autern
975 5236 1172 5316 professionis
1208 5237 1297 5312 fidei,

555 5347 648 5411 quam
676 5332 810 5406 emittes,
838 5330 911 5392 haec
932 5338 992 5391 est:
1018 5329 1083 5410 Epo
1111 5329 1220 5392 Simon
1242 5329 1298 5391 ele·

555 5433 627 5488 atras
651 5425 888 5505 patriarchalis
916 5425 1062 5487 ecelesiae
1083 5424 1299 5488 Antioche-nae

555 5521 699 5584 natiarsis
729 5519 970 5587 Maronitarum
995 5519 1088 5597 firma
1114 5520 1173 5598 fide
1195 5519 1297 5590 credo,

555 5621 585 5677 et
605 5617 756 5694 profitear
778 5615 884 5676 omnia
907 5621 937 5675 et
959 5613 1102 5694 singula,
1126 5630 1206 5691 qnae
1228 5631 1298 5674 can-

556 5711 705 5772 tinentar
726 5709 761 5770 in
775 5707 913 5786 symbolo
927 5709 1011 5788 fidat,
1029 5727 1088 5787 qna
1103 5707 1223 5771 Sancta
1239 5707 1298 5769 no-

554 5820 651 5867 mana
678 5803 819 5866 Ecclesia
847 5805 976 5875 atitar,
1005 5802 1170 5864 uidelicet.-
1201 5803 1298 5866 Credo

554 5897 589 5960 in
615 5913 717 5959 annm
742 5895 853 5970 Datim,
878 5897 1008 5960 Patrem
1041 5897 1297 5976 omnipotentem,

1073 538 1137 582 lllll.
1160 535 1252 581 PONT·
1276 534 1316 578 be
1338 534 1366 578 P.
1390 534 1419 578 F.
1444 535 1527 581 PARS
1548 536 1569 579 l.
1644 497 1647 504 ·

1351 657 1507 733 factorem
1534 653 1612 716 coeli
1634 660 1664 716 et
1687 661 1808 728 terrae,
1832 653 2011 718 risibilinm
2034 670 2097 715 am-

1351 748 1443 812 ninm
1465 755 1496 810 et
1518 748 1750 812 invisibilium.-
1772 757 1803 812 et
1826 749 1860 812 in
1876 746 2098 812 nnantDomi-

1351 860 1428 905 nam
1450 845 1553 907 lesam
1578 842 1744 906 Claristnm
1768 843 1891 905 Filiam
1914 841 1971 905 bei
1987 843 2096 922 Unige-

1352 937 1471 1008 nitnm,
1500 947 1528 1000 et
1555 955 1594 998 rar
1620 936 1719 1000 Patre
1747 944 1862 1000 natam
1888 942 1964 1000 ante
1990 936 2097 998 amnia

1351 1031 1492 1104 saecula,
1516 1031 1616 1094 Deam
1638 1031 1674 1092 dc
1698 1031 1889 1105 baalsamen
1911 1030 2095 1100 delumine,

1352 1124 1452 1188 Deam
1478 1142 1589 1188 acram
1612 1125 1649 1188 de
1670 1125 1732 1186 Deo
1758 1142 1842 1197 cero,
1868 1125 2013 1206 penitam
2034 1142 2098 1187 lton

1352 1222 1490 1300 saciant,
1503 1217 1811 1283 cartsnlrstantialem
1822 1219 1931 1291 Patri,
1942 1235 1998 1296 per
2007 1235 2098 1297 qaam

1353 1314 1459 1376 ontrsin
1481 1315 1572 1393 tacta
1594 1319 1684 1384 sant,
1702 1314 1757 1392 qni
1777 1317 1908 1392 propter
1929 1329 1984 1375 nos
2000 1312 2098 1374 bami-

1353 1425 1405 1467 nas
1427 1412 1458 1467 et
1479 1413 1611 1485 propter
1625 1413 1769 1470 nestram
1784 1406 1922 1469 satiatem
1938 1407 2098 1469 descendit

1353 1500 1389 1560 de
1419 1501 1527 1571 caelis,
1556 1507 1587 1561 et
1610 1501 1803 1563 trasarrtattts
1833 1505 1880 1560 ast
1902 1501 1939 1561 de
1969 1500 2098 1578 Spiritu

1353 1594 1471 1657 Soracte
1493 1613 1532 1656 cn
1555 1596 1662 1660 Maria
1681 1595 1819 1674 tilpino,
1837 1600 1867 1656 et
1884 1593 1972 1655 bama
1988 1596 2099 1674 taetras

1353 1693 1417 1761 esn-
1439 1690 1616 1766 rrnrifiacrts
1628 1689 1727 1750 etiam
1741 1705 1798 1766 pro
1811 1685 1899 1749 arabis
1915 1684 1972 1749 snb
1986 1687 2099 1748 Pontia

1352 1782 1473 1852 Pilato,
1482 1797 1597 1860 passas
1609 1789 1639 1844 et
1650 1783 1797 1860 sepultas
1809 1786 1906 1856 rst,et
1917 1781 2100 1842 resarserit

1355 1876 1454 1938 tertia
1470 1875 1520 1936 die
1534 1877 1707 1938 secandam
1728 1875 1924 1952 scripturas,
1941 1879 1971 1935 et
1993 1891 2100 1936 aaran·

1353 1969 1401 2030 dit
1425 1968 1459 2029 in
1482 1968 1612 2043 caelant,
1635 1967 1721 2028 sedet
1736 1968 1777 2030 ad
1792 1967 1957 2030 desieram
1973 1966 2100 2039 Potris;

1354 2067 1385 2122 et
1407 2062 1527 2122 lteram
1549 2067 1706 2124 cantaras
1729 2067 1776 2123 est
1798 2077 1870 2122 cnm
1890 2061 1994 2141 gloria
2016 2060 2100 2122 indi·

1354 2173 1428 2216 rare
1458 2156 1544 2215 risos
1571 2161 1600 2214 et
1622 2163 1783 2227 mortales,
1812 2156 1907 2216 craias
1923 2153 2022 2235 Regni
2037 2171 2101 2215 raon

1355 2249 1417 2310 crit
1439 2249 1529 2328 fiatis:
1552 2253 1582 2308 rt
1606 2249 1639 2309 in
1670 2249 1832 2327 Spiritum
1861 2249 2017 2312 Sanctam
2041 2249 2100 2308 lla-

1355 2343 1478 2404 minam
1513 2348 1543 2402 et
1575 2343 1805 2421 ririficantem,
1840 2342 1895 2421 qni
1928 2359 1966 2403 etc
2002 2339 2102 2404 Patre

1355 2434 1672 2513 Filioque-prarcdit,
1696 2435 1752 2512 qni
1773 2452 1845 2497 cnm
1861 2433 2001 2499 Patreet
2019 2433 2101 2496 Filio

1354 2529 1451 2590 sintal
1473 2531 1633 2591 adoratur
1648 2534 1679 2588 et
1695 2528 1971 2608 conglorificatur,
1988 2527 2043 2606 qni
2059 2527 2103 2588 la·

1355 2629 1450 2684 cattas
1473 2627 1519 2684 ast
1545 2639 1601 2700 per
1625 2622 1812 2701 propbetas:
1843 2628 1874 2684 et
1904 2639 2003 2685 anam
2027 2639 2099 2684 san·

1355 2715 1905 2793 ctamcatholicametapastolirnm
1916 2715 2101 2786 Ecclesiam

1355 2811 1505 2890 confitear
1527 2825 1628 2871 antara
1651 2807 1810 2887 baptisma
1832 2809 2102 2870 inremissionem

1354 2910 1577 2983 peccatorum;
1608 2910 1637 2964 et
1671 2908 1799 2980 seperta
1835 2902 2101 2963 resurrectionem

1354 3005 1575 3070 mor'tnarnm;
1609 3004 1638 3058 ct
1670 2998 1771 3058 citam
1803 2997 1936 3058 tralatam·
1967 2995 2098 3058 saeculi.

1355 3097 1462 3157 Anteia.
1491 3093 1623 3152 l'rneror
1645 3091 1741 3152 etiam
1765 3096 1794 3151 ct
1810 3091 1952 3168 susscipia
1974 3087 2102 3150 rtnircr-

1354 3188 1435 3249 salcs
1458 3186 1609 3262 Synodos,
1631 3190 1729 3263 prout
1754 3185 1913 3262 seqnitur,
1938 3182 2100 3244 uidelicet:

1357 3281 1529 3344 llicnrnam
1555 3279 1706 3356 primam,
1731 3283 1762 3338 et
1787 3279 1938 3357 profiteor
1964 3275 2044 3355 qaod
2067 3275 2102 3336 in

1355 3392 1390 3436 ca
1414 3379 1527 3434 contra
1542 3373 1658 3436 Aria-m
1680 3371 2031 3434 darnrsataemernoriac
2053 3368 2101 3431 da·

1355 3470 1485 3548 firritnm
1513 3471 1570 3538 est,
1599 3465 1771 3527 Donainnm
1800 3467 1903 3529 festam
1934 3463 2101 3525 Claristnm

1355 3579 1418 3621 esse
1441 3561 1562 3623 Filitam
1589 3559 1647 3620 bet
1669 3579 1708 3620 eac
1730 3560 1830 3621 Patre
1856 3565 1971 3622 natam
1992 3558 2102 3636 *arrige-

1356 3655 1474 3725 nitam,
1500 3655 1580 3716 idest
1596 3671 1635 3716 cn
1650 3652 1836 3715 salutantia
1858 3652 1971 3714 Putris
1987 3656 2101 3713 natant

1355 3767 1418 3809 raon
1440 3751 1585 3830 tristiam,
1603 3746 1910 3808 rorrsatlrstnntialcnt
1928 3745 2036 3816 Patri,
2053 3749 2102 3805 at·

1355 3859 1413 3920 qne
1433 3841 1548 3918 impias
1566 3841 1639 3902 illas
1656 3857 1740 3900 roras
1753 3846 1836 3900 recte
1851 3841 1886 3900 in
1901 3839 2007 3901 callent
2023 3839 2102 3914 Syn·

2125 517 2178 573 An.
2193 521 2224 574 G.
2247 522 2312 574 tata

1356 3935 1412 3997 ado
1434 3935 1605 3997 dantnatas
1637 3935 1816 4012 essequod
1845 3933 2017 4011 aliqnando
2039 3948 2101 3993 nort
2169 3923 2172 3930 ’

1355 4030 1471 4109 faerit,
1497 4034 1556 4090 atat
1586 4029 1666 4104 qaod
1696 4030 1805 4108 tactas
1833 4028 1877 4088 sit
1899 4045 1938 4089 eac
1961 4028 2001 4088 iis
2023 4043 2102 4104 qnae

1356 4139 1419 4183 nan
1440 4127 1530 4193 stant,
1554 4127 1614 4184 atat
1636 4139 1675 4182 aar
1698 4121 1765 4184 alia
1787 4120 1973 4183 susbstantia
1995 4121 2043 4181 nel
2058 4137 2103 4180 es·

1354 4216 1471 4287 sentia,
1495 4220 1555 4276 ant
1582 4215 1662 4291 qaod
1683 4215 1730 4276 sit
1752 4213 1933 4286 mutabilis,
1963 4214 2009 4275 acl
2031 4231 2103 4276 ron·

1355 4307 1514 4370 vertibilis
1537 4307 1643 4370 Filias
1666 4305 1742 4380 Dei,·
1774 4309 2102 4385 Caristontiaopalita·

1354 4419 1429 4464 raam
1439 4403 1592 4480 primam,
1609 4403 1781 4463 sectandam
1799 4401 1832 4463 in
1851 4402 1972 4472 ordine,
1987 4407 2017 4462 et
2031 4419 2102 4480 pro·

1354 4496 1445 4574 fiteor
1467 4495 1547 4572 qttod
1571 4495 1606 4556 in
1626 4512 1661 4557 ea
1678 4499 1791 4556 corttra
1814 4495 2032 4560 Macedoniam
2048 4495 2101 4557 da·

1355 4593 1485 4650 mnatar
1499 4588 1671 4650 memoriae
1684 4589 1852 4667 definitam
1867 4593 1925 4658 est,
1939 4587 2100 4663 Spiritum

1356 4680 1511 4744 Sanctam
1530 4698 1593 4742 non
1615 4698 1677 4742 esse
1692 4697 1831 4751 serram,
1847 4681 1899 4742 sed
1915 4679 2100 4753 Dominam,

1356 4791 1419 4835 naon
1440 4779 1638 4846 creaturam,
1662 4777 1713 4837 scd
1735 4771 1848 4846 Deam,
1867 4792 1904 4837 ae
1926 4790 2024 4836 unam
2047 4773 2103 4834 ba·

1356 4865 1477 4930 beatem
1508 4884 1580 4928 cam
1615 4867 1715 4929 Patre
1744 4872 1774 4927 et
1806 4867 1891 4928 Filio
1921 4866 2102 4938 Deitatem,·

1357 4960 1550 5038 Ephesinam
1565 4962 1716 5038 primam,
1735 4961 1866 5023 tertiam
1882 4962 1916 5022 in
1932 4961 2055 5032 ordine,
2072 4965 2101 5020 et

1353 5054 1523 5131 profiteor,
1547 5055 1627 5131 qnod
1654 5055 1689 5115 in
1717 5071 1752 5117 ea
1781 5061 1894 5116 caratra
1918 5053 2102 5116 ll'rstoriam

1355 5147 1527 5210 damnatae
1554 5147 1724 5208 memoriae
1752 5147 1919 5226 definitam
1941 5151 1999 5218 est,
2023 5146 2102 5206 diui-

1356 5241 1493 5303 nitatem
1516 5246 1546 5300 et
1569 5241 1818 5313 tumorositatem,
1836 5238 1993 5320 ineffabili
2008 5245 2038 5300 et
2055 5240 2103 5300 in-

1355 5333 1631 5411 comprebensibili
1643 5334 1772 5405 sanione,
1782 5335 1817 5395 in
1829 5353 1895 5396 rana
1906 5351 2039 5412 persona
2051 5332 2104 5393 Fi·

1355 5426 1394 5487 lii
1412 5427 1471 5489 Dei
1493 5444 1595 5489 alsatm
1618 5427 1707 5490 trabis
1729 5429 1831 5491 lesam
1850 5425 2017 5488 Cbristnm
2033 5443 2106 5486 can-

1354 5521 1514 5593 stitnisse,
1527 5539 1622 5600 eaque
1637 5525 1673 5585 de
1688 5539 1785 5584 caasa
1798 5521 2023 5583 Beatissimam
2038 5520 2105 5580 l'ir-

1354 5616 1459 5695 qinom
1481 5633 1551 5676 cere
1566 5633 1630 5677 esse
1645 5615 1703 5676 Det·
1720 5615 1932 5687 Genitriccm;
1955 5609 2103 5678 'calcada-

1355 5725 1492 5781 nensem,
1517 5715 1667 5787 quaartnm
1692 5708 1726 5769 in
1751 5708 1873 5781 otiliae,
1890 5715 1920 5768 ct
1940 5711 2101 5787 profiteor,

1353 5803 1435 5880 qnod
1453 5803 1487 5864 in
1502 5820 1538 5865 ca
1554 5809 1666 5864 contra
1679 5801 1848 5878 Eatgcben
1859 5807 1890 5863 rt
1900 5801 2101 5872 Dioscoram,

1354 5895 1460 5961 ambas
1476 5895 1647 5960 damnatae
1662 5895 1842 5969 memoriae,
1858 5895 2025 5976 delinitam
2041 5900 2099 5968 est,
