4708 6978
79 1928 201 1975 hcmtioues.

27 3961 29 4026 f
70 3981 159 4026 hirsutae
166 3992 216 4028 con-

27 4029 29 4074 l
65 4037 172 4082 linifonte.

865 575 1062 620 nnhnotc'tt‘s
1084 574 1146 620 xiv.

233 713 297 759 esse
324 698 481 772 volumus,
504 715 536 761 ac
558 701 697 764 districte
725 697 920 774 mandamus,
943 704 978 760 ut

233 796 452 873 unusquisque
478 811 586 858 eorum
608 796 641 858 in
664 798 786 876 propria
818 799 978 860 dumtaxat

233 885 375 963 dioecesi,
392 888 423 950 in
445 887 511 950 solo
533 889 674 965 urgentis
696 890 886 952 necessitatis
908 905 977 952 casu

233 987 262 1042 et
283 997 347 1043 non
370 982 472 1058 aliter,
495 982 638 1046 facultate
655 984 819 1059 antedicta,
842 999 914 1046 cum
930 982 979 1045 iis·

233 1077 302 1138 dem
323 1077 471 1140 clausulis
493 1085 523 1140 et
544 1079 773 1143 conditionibus
805 1078 836 1140 in
860 1076 978 1139 laudata

233 1177 336 1231 nostra
358 1171 503 1234 decretali
524 1171 653 1250 epistola
675 1172 838 1250 expressis,
861 1169 907 1232 uti
929 1187 979 1230 va·

232 1262 305 1326 leat:
330 1279 456 1344 nempe,
479 1272 514 1327 ut
536 1265 779 1343 dispensationes
799 1262 979 1324 huiusmodi

233 1371 288 1418 nec
310 1358 473 1433 generales
493 1374 550 1420 nec
578 1364 745 1437 perpetuae
766 1357 844 1431 sint,
868 1356 918 1417 sed
942 1356 979 1417 de

232 1465 314 1510 annu
336 1451 369 1512 iri
391 1447 528 1526 annum,
551 1451 608 1512 uni
630 1451 790 1513 dumtaxat
819 1455 903 1510 certo
926 1447 981 1508 ho-

232 1545 355 1606 miuum
376 1547 478 1606 coetui
498 1551 552 1605 aut
573 1542 803 1616 communitati,
826 1557 881 1620 per
902 1539 977 1602 illud

231 1636 427 1700 solummodo
460 1635 608 1715 temporis
633 1636 787 1715 spatium,
817 1649 979 1712 quousque

233 1730 350 1792 iustum
372 1746 407 1792 ac
428 1728 609 1791 rationabile
624 1727 820 1807 dispensandi
838 1741 978 1788 momen·

233 1827 302 1884 tum
324 1823 523 1901 praestiterit,
547 1823 766 1885 concedantur.

271 1917 340 1992 55.
366 1917 526 1993 Ceterum,
550 1934 591 1981 ne
611 1925 738 1997 propter
765 1915 977 1996 frequentem,

232 2010 325 2072 etiam
349 2010 382 2072 in
409 2009 588 2088 saepedictis
616 2010 734 2072 casibus
756 2017 786 2071 et
813 2009 870 2070 sub
890 2023 979 2086 saepe

232 2103 382 2180 expressis
396 2100 540 2165 clausulis
555 2111 586 2165 et
601 2101 842 2175 conditionibus,
859 2101 979 2178 dispen-

231 2195 315 2256 sandi
339 2194 578 2272 indulgentiam,
594 2195 711 2258 sensim
732 2193 934 2257 abstinentias
949 2202 979 2254 et

234 2287 348 2348 ieiunia
369 2287 547 2349 huiusmodi
570 2287 700 2362 remitti,
717 2295 809 2364 atque
830 2285 923 2348 etiam
946 2285 977 2347 iii

231 2380 421 2442 oblivionem
452 2381 536 2443 abire
569 2379 748 2460 (contingat
780 2379 978 2458 quemadmo-

231 2476 306 2538 dum
321 2490 393 2537 cum
408 2474 475 2536 aliis
490 2474 710 2537 ecclesiasticae
725 2473 902 2551 disciplinae
914 2489 977 2534 uon

233 2577 294 2631 tam
315 2569 593 2632 consuetudinibus
610 2585 702 2647 quarn
718 2568 888 2647 praeceptis
903 2567 978 2628 iam-

231 2661 348 2726 dudum
371 2661 487 2724 iactum
505 2679 571 2724 esse
584 2662 750 2741 dolemus),
774 2663 896 2724 eosdem
914 2677 979 2722 mo-

231 2757 343 2818 dernos
365 2763 397 2817 et
418 2772 474 2834 pro
498 2766 637 2835 tempore
649 2755 819 2818 existentes
840 2754 912 2816 dicti
928 2770 979 2834 pa-

232 2849 415 2911 triarchatus
430 2849 608 2912 antiocheni
630 2850 784 2912 antistites
799 2849 831 2910 iu
846 2847 978 2910 Domino

231 2944 413 3018 hortamur,
442 2943 629 3020 utquisque
657 2942 815 3005 districtae
836 2941 976 3016 rationis,

231 3053 323 3116 quam
345 3045 472 3098 aeterno
484 3035 576 3098 iudici
599 3035 723 3099 Christo
738 3037 805 3098 lesu
820 3042 975 3114 pastorum

232 3131 361 3209 principi
385 3131 421 3192 de
443 3129 584 3208 pastorali
605 3145 660 3192 sua
681 3129 897 3209 procuratione
918 3129 978 3190 rite

231 3230 399 3303 sancteque
413 3223 553 3286 obeunda
569 3223 746 3286 redditurus
768 3229 826 3296 est,
843 3237 975 3296 memor,

231 3318 316 3380 omni
338 3317 442 3380 studio
463 3325 494 3379 et
515 3325 627 3379 conatu
648 3314 795 3392 advigilet
812 3323 904 3394 atque
926 3333 978 3378 cu·

232 3420 290 3486 iet,
312 3416 347 3472 ut
370 3409 521 3490 quidquid
549 3423 642 3487 super
663 3407 858 3472 abstinentiis
884 3415 914 3470 et
937 3409 979 3471 ie-

232 3505 324 3566 iuniis
353 3503 533 3582 saepedictis
560 3501 734 3580 peripsam
762 3511 899 3564 nostram
927 3501 980 3563 de·

232 3597 379 3660 cretalem
403 3595 563 3674 epistolam
590 3594 828 3674 praescribitur,
850 3602 978 3673 excepta

232 3692 374 3768 urgentis
385 3692 545 3753 dumtaxat
560 3687 748 3751 necessitatis
759 3705 841 3762 casu,
854 3688 979 3767 penitus

232 3785 360 3846 omnino
374 3783 495 3845 debitae
507 3788 692 3861 exactaeque
703 3782 917 3845 observantiae
927 3780 978 3843 de-

233 3879 409 3938 mandetur.

272 3971 291 4044 ἓ
310 3969 340 4032 6.
364 3970 575 4031 Decernentes
596 3969 717 4030 easdem
747 3973 923 4046 praesentes
945 3965 980 4028 li-

234 4072 312 4126 teras
334 4070 366 4124 et
387 4063 421 4123 in
443 4061 487 4122 eis
508 4066 654 4124 contenta
665 4076 879 4139 quaecumque
900 4076 979 4122 sem·

233 4173 286 4236 per
319 4157 420 4231 firma,
449 4153 547 4216 valida
577 4161 607 4216 et
629 4152 760 4216 efficacia
791 4154 924 4215 existere
947 4161 977 4216 et

232 4250 307 4325 fure,
330 4264 465 4327 suosque
486 4247 640 4326 plenarios
655 4253 686 4308 et
701 4246 838 4324 integros
853 4246 978 4309 effectus

232 4343 335 4407 sortiri
356 4350 388 4403 et
409 4341 562 4416 obtinere,
579 4347 610 4402 et
625 4339 685 4401 illis
700 4339 736 4399 ad
758 4355 834 4418 quos
850 4346 977 4418 spectat,

233 4443 263 4497 et
282 4451 338 4515 pro
360 4442 501 4514 tempore
529 4433 788 4512 quandocumque
817 4432 977 4512 spectabit,

235 4531 266 4592 in
287 4530 434 4592 omnibus
453 4537 485 4590 et
506 4545 561 4607 per
582 4527 687 4590 omnia
716 4527 896 4606 plenissime
916 4527 978 4589 sul·

234 4623 355 4700 fragari,
373 4629 404 4684 et
422 4621 459 4683 ab
487 4621 532 4682 eis
559 4621 730 4699 respective
756 4619 981 4682 inviolabiliter'

234 4717 405 4792 ohservarq
428 4715 533 4793 sicque
554 4713 587 4774 in
609 4713 784 4791 praemissis
813 4729 869 4792 per
890 4729 980 4792 quos·

234 4826 367 4889 cumque
398 4806 513 4870 iudices
544 4805 717 4868 ordinarios
745 4813 775 4868 et
806 4806 976 4884 delegatos,

234 4905 324 4966 etiam
346 4916 508 4965 causarum
529 4899 631 4978 palatii
646 4898 802 4976 apostolici
825 4898 979 4962 auditores

235 5005 264 5058 et
284 4996 423 5058 eiusdem
445 4991 476 5055 S.
491 4992 526 5054 tl.
542 4993 577 5054 Ε.
592 4991 780 5068 cardinales,
802 4998 833 5053 et
854 4993 978 5070 quosvis

234 5089 305 5150 alios
326 5102 523 5166 quacumque
538 5083 781 5164 praeeminentia
803 5092 834 5147 et
850 5092 980 5163 potesta·

235 5189 264 5244 te
285 5181 454 5258 fungentes
477 5187 508 5242 et
530 5179 708 5253 functurus,
737 5177 855 5240 sublati
883 5177 927 5240 eis
948 5185 978 5240 et

236 5291 341 5338 eorum
362 5273 502 5348 cuilibet,
525 5271 633 5351 quavis
655 5270 745 5333 aliter
773 5269 928 5333 iudicandi
948 5278 979 5333 et

236 5366 461 5447 interpretandi
489 5365 634 5428 facultate
656 5371 686 5426 et
712 5363 910 5438 auctoritate,
933 5365 979 5427 iu-

236 5461 333 5524 dicare
349 5468 380 5522 et
395 5459 518 5523 ilehniri
530 5458 657 5534 debere3
680 5474 713 5519 ac
729 5457 851 5518 irritum
869 5464 899 5519 et
915 5458 979 5519 ina·

238 5571 285 5629 ue,
306 5557 332 5616 si
359 5569 447 5616 secus
467 5567 561 5630 super
587 5551 634 5611 his
655 5567 670 5610 a
692 5566 849 5628 quoquam
871 5550 979 5629 quavis

237 5648 413 5710 auctoritate
438 5645 574 5708 scienter
596 5642 646 5704 vel
674 5643 854 5720 ignoranter
881 5644 979 5707 conti-

238 5744 314 5820 gerit
335 5741 492 5804 attentari.

276 5955 304 6012 (i)
318 5951 356 6000 Ex
370 5951 512 6000 ‘rabulatio
527 5951 550 5996 S.
566 5951 591 5995 c.
607 5947 639 5996 de
652 5951 726 6006 Prop.
742 5947 812 5994 nido.

1703 559 1761 622 263
1812 557 1865 610 An.
1880 559 1910 612 C.
1932 558 2000 611 1746

1074 695 1093 768 ἓ
1115 693 1142 756 7.
1167 693 1236 756 Non
1264 696 1457 759 obstantibus
1486 699 1669 778 apostolicis,
1693 719 1726 765 ac
1748 703 1780 765 in
1826 703 2014 753 slessuicens-

1083 799 1089 812 .
1196 799 1202 810 .
1358 797 1364 810 .
1411 798 1416 810 .
1452 799 1457 810 .
1800 760 1951 816 rogatorias.

1035 798 1263 872 universalibus
1278 797 1580 876 provincialibusque
1601 807 1632 860 et
1652 799 1781 876 synoda·

1035 893 1115 956 libus
1135 891 1274 956 conciliis
1293 890 1383 953 editis
1399 891 1596 968 generalibus
1609 891 1782 968 velspecia·

1036 985 1116 1049 libus
1151 984 1424 1047 constitutionibus
1452 991 1483 1046 et
1514 983 1779 1060 ordinationibus,

1035 1077 1130 1140 etiam
1151 1078 1281 1154 nostris,
1312 1077 1406 1138 etiam
1426 1076 1482 1140 hac
1503 1093 1597 1156 super
1618 1093 1652 1138 re
1673 1077 1780 1151 editis,

1035 1186 1189 1244 necnon,
1213 1181 1366 1250 qnatenus
1388 1185 1464 1248 opus
1484 1169 1536 1244 sit,
1560 1168 1632 1232 dicti
1654 1170 1781 1250 patriar·

1034 1265 1141 1326 chatiis
1163 1263 1353 1338 antiocheni,
1377 1264 1469 1324 etiam
1494 1263 1683 1338 iuramento,
1709 1279 1780 1325 con-

1035 1359 1211 1420 firmatione
1235 1357 1409 1436 apostolica,
1433 1356 1483 1418 vel
1505 1357 1613 1435 quavis
1635 1357 1781 1419 firmitate

1035 1451 1090 1512 alii
1112 1451 1274 1524 roboratis,
1301 1451 1424 1513 statutis
1442 1459 1472 1512 et
1494 1450 1781 1526 consuetudinibus,

1035 1544 1208 1621 privilegiis
1229 1559 1363 1622 quoque,
1382 1543 1510 1605 indultis
1532 1551 1562 1605 et
1579 1541 1691 1605 litteris
1713 1559 1781 1622 apo-

1035 1637 1151 1700 stolicis
1174 1637 1205 1698 in
1228 1637 1419 1699 contrarium
1446 1637 1685 1716 praemissorum
1707 1653 1781 1715 quo

1035 1729 1203 1792 modolibet
1225 1731 1387 1805 concessis,
1412 1729 1601 1792 confirmatis
1612 1738 1643 1792 et
1655 1729 1781 1792 innova-

1037 1823 1084 1884 tis.
1118 1822 1233 1898 Quibus
1260 1822 1404 1886 omnibus
1429 1831 1459 1885 et
1480 1822 1628 1899 singulis,
1656 1823 1781 1887 illorum

1038 1924 1159 1977 tenores
1181 1915 1393 1993 praesentibus
1409 1931 1464 1995 pro
1477 1916 1567 1994 plene
1583 1923 1614 1978 et
1629 1916 1783 1979 sufficien-

1037 2015 1084 2069 ter
1106 2009 1268 2085 expressis,
1291 2026 1324 2071 ac
1346 2011 1383 2071 de
1405 2007 1501 2069 verbo
1523 2010 1558 2069 ad
1580 2009 1714 2070 verbum
1737 2009 1783 2070 in-

1035 2103 1124 2164 sertis
1151 2104 1316 2178 habentes,
1346 2102 1408 2164 illis
1429 2102 1501 2164 aliis
1528 2103 1562 2163 in
1589 2118 1646 2164 suo
1672 2103 1783 2164 robore

1036 2196 1264 2274 permansuris,
1298 2197 1334 2258 ad
1363 2197 1604 2274 praemissomm
1637 2195 1780 2258 eflectum

1036 2289 1090 2350 hac
1113 2288 1179 2351 vice
1201 2291 1359 2352 dumtaxat
1386 2287 1561 2367 specialiter
1582 2296 1613 2349 et
1638 2303 1782 2366 expresse

1035 2381 1235 2459 derogamus,
1264 2382 1434 2460 ceterisque
1463 2381 1626 2444 contrariis
1656 2381 1783 2460 quibus·

1035 2491 1180 2552 cumque.

1074 2567 1149 2644 58.
1185 2565 1340 2632 Volumus
1372 2579 1494 2643 autem,
1532 2576 1567 2631 ut
1601 2569 1779 2632 earumdem
1808 2585 2014 2652 rinssaainnan-

1036 2662 1245 2740 praesentium
1266 2661 1429 2724 literarum
1452 2662 1654 2741 transumptis
1674 2679 1727 2725 seii
1751 2679 1782 2725 e·
1800 2639 2011 2697 ⁰⁸tm¹¹⁸¹¹¹⁰⁹t¹³¹

1037 2754 1176 2833 xemplis,
1190 2755 1283 2815 etiam
1295 2755 1463 2833 impressis,
1476 2771 1572 2816 manu
1588 2755 1717 2818 alicuius
1727 2773 1781 2818 no·

1034 2847 1103 2908 tarii
1125 2847 1238 2926 publici
1260 2847 1450 2925 subscriptis,
1465 2856 1495 2910 et
1510 2847 1612 2924 sigillo
1633 2865 1782 2926 personae

1034 2938 1066 3000 in
1087 2939 1239 3016 dignitate
1254 2939 1455 3002 ecclesiastici
1476 2942 1664 3005 constitutae
1679 2943 1782 3004 muni·

1036 3033 1084 3107 tis,
1108 3033 1214 3095 eadem
1237 3048 1360 3111 prorsus
1383 3033 1457 3094 tides
1489 3033 1680 3108 adhibeatur,
1704 3051 1782 3112 quae

1033 3127 1234 3188 adhiberetur
1248 3124 1320 3204 ipsis
1335 3125 1558 3202 praesentibus,
1572 3127 1596 3188 si
1611 3127 1715 3189 forent
1731 3144 1783 3190 ex-

1035 3218 1147 3280 hibitae
1169 3219 1218 3279 vel
1241 3225 1392 3280 ostensae.

1074 3313 1185 3374 [tatum
1198 3311 1323 3387 Romae,
1337 3311 1415 3390 apud
1433 3313 1463 3376 S.
1481 3313 1606 3375 hiariam
1623 3313 1780 3393 hlaiorem,

1034 3405 1091 3468 suh
1129 3405 1245 3466 annulo
1281 3405 1462 3480 Piscatoris,
1499 3405 1549 3468 die
1585 3424 1640 3468 vii.
1679 3410 1780 3471 martii

1036 3515 1222 3574 nnocxivi„
1246 3498 1441 3578 pontificatus
1457 3499 1554 3560 nostri
1574 3515 1656 3563 anno
1671 3517 1714 3564 vi.

1341 3779 1475 3844 lxxxiii.

1037 3961 1296 4028 Commemoratis
1313 3971 1343 4027 et
1361 3965 1559 4044 confirmatis
1582 3966 1634 4041 iis,
1652 3985 1731 4046 qaae
1746 3969 1784 4031 de

1075 4055 1285 4120 celebratione
1307 4057 1408 4120 antas
1433 4058 1549 4124 Missae
1572 4061 1607 4122 ia
1629 4060 1784 4124 decretali

1076 4151 1297 4213 Demandatam
1320 4157 1486 4214 statuerat
1508 4169 1605 4228 saper
1620 4153 1722 4214 eodem
1737 4155 1783 4217 ul·

1077 4245 1144 4306 teri
1167 4242 1255 4321 op'hd
1278 4244 1413 4307 Graecos
1435 4244 1616 4317 Metelites,
1640 4247 1783 4310 concedit

1075 4335 1318 4413 Archiepiscope
1340 4335 1522 4414 Aieppeiisi
1539 4335 1574 4399 ob
1595 4339 1783 4418 anqestiem

1076 4429 1167 4490 illies
1189 4429 1348 4500 ecciesiae,
1373 4431 1479 4490 aoeies
1505 4430 1539 4490 ia
1561 4427 1671 4492 debes
1693 4431 1785 4512 festi-

1076 4523 1123 4583 oi‘s
1145 4520 1300 4584 celebrari
1321 4538 1421 4600 passe,
1445 4523 1612 4585 dummodo
1633 4523 1733 4589 Missa
1750 4525 1783 4585 ia

1075 4615 1179 4678 altari
1202 4615 1320 4678 maiori
1342 4631 1406 4677 aaa
1428 4616 1568 4678 iterator
1587 4613 1645 4697 (l).

1036 4800 1184 4869 venerab.
1197 4800 1285 4869 tratri
1297 4799 1534 4885 archiepiscopo
1550 4799 1784 4886 hieropolitano,

1208 4984 1451 5057 Benedictus
1469 4988 1528 5056 ΡΡ.
1543 4987 1613 5056 xiii.

1248 5173 1438 5245 venerahilis
1459 5177 1571 5257 trater,

1068 5271 1197 5342 salutem
1218 5276 1251 5339 et
1272 5271 1469 5354 apostolicam
1497 5267 1747 5339 benedictionem.

1076 5461 1267 5523 Decretalem
1299 5467 1438 5522 nostram
1468 5461 1518 5523 die
1548 5475 1643 5522 ιιιιιι..
1664 5460 1784 5523 decern-
1835 5481 1934 5528 ciiaraa
1954 5491 2017 5543 apo-

1037 5554 1100 5615 bris
1122 5554 1196 5616 anni
1228 5568 1407 5615 unecxiiii.
1441 5555 1472 5615 in
1494 5553 1595 5615 lucem
1624 5553 1782 5630 dedimus,
1803 5533 2017 5633 {ffl'fflffllffl

1037 5663 1167 5726 eamque
1193 5645 1407 5732 inscripsimus
1434 5648 1629 5710 Antiocheno
1654 5648 1784 5711 Patriac-
1802 5639 2017 5740 {Pagfflg‘jffifflss

1036 5741 1111 5801 chae
1131 5738 1485 5802 Graeco-Melchitarum
1504 5750 1534 5803 et
1556 5741 1666 5802 ceteris
1681 5743 1785 5805 catho-
1802 5747 1900 5794 auitas
1927 5757 2017 5805 super
