4828 6990
106 596 139 644 ιι.
149 585 172 637 G.
189 581 246 634 tata

903 589 1100 638 budubtcxtts
1121 588 1186 636 xlv.

274 711 363 774 nibus
384 725 510 790 operam
532 713 602 774 dare
628 711 803 792 oportebat,
826 708 1017 772 recurrenti-

273 805 327 867 bus
349 813 454 868 autem
476 805 708 869 ordinationum
738 804 943 882 temporibus,
966 801 1015 863 rel

271 898 490 962 evenientibus
511 897 712 963 ecclesiarum
731 895 950 977 parochialium
966 911 1016 955 va·

271 991 455 1068 cationibus,
478 1001 530 1054 aut
551 992 738 1055 cessantibus
759 989 1015 1055 confessariorum

272 1084 479 1161 facultatibus,
502 1103 588 1164 quas,
610 1085 646 1148 ad
669 1099 748 1147 nova
773 1084 810 1145 de
831 1079 906 1160 ipsis
926 1095 1018 1160 expe·

271 1178 406 1240 rimenta
427 1179 599 1242 identidem
621 1176 777 1258 capienda,
794 1175 919 1238 nonnisi
941 1184 1018 1236 tem·

272 1271 398 1350 poribus
419 1272 560 1335 definitas
576 1271 684 1335 iisdem
699 1261 867 1332 concedere
890 1282 1019 1332 consue-

273 1365 387 1440 rimas,
404 1365 546 1427 examina
561 1373 653 1442 atque
667 1379 834 1428 concursus
845 1361 913 1424 sine
929 1360 1018 1423 nobis

271 1457 377 1520 haberi
393 1473 457 1520 nou
473 1457 739 1536 permittebamus.
763 1456 803 1518 Et
817 1469 900 1531 sane,
912 1454 938 1516 si
950 1452 1018 1531 quis

272 1550 451 1630 episcopalis
473 1551 554 1614 ritae
574 1549 767 1613 conditiones
781 1555 816 1612 ut
830 1563 905 1610 rere
919 1563 952 1608 se
966 1545 1017 1607 ba·

272 1645 364 1719 beni,
397 1644 591 1707 considerare
621 1643 716 1718 velit,
745 1641 835 1704 facile
861 1648 1016 1717 agnoscet,

273 1737 427 1800 maiorum
444 1738 607 1800 civitatum
624 1737 788 1816 Episcopus
802 1735 867 1798 fere
883 1736 1018 1798 redactos

271 1847 337 1893 esse
358 1833 394 1894 ad
415 1831 594 1894 huiusmodi
618 1830 843 1894 benedictionis
863 1839 894 1892 et
916 1828 1018 1890 indui-

272 1925 395 2002 gantiae
406 1925 593 1989 beneficium
609 1923 763 2004 aliquibus
778 1925 936 1987 dumtaxat
952 1937 1018 2001 per·

270 2019 365 2094 souis,
379 2017 430 2080 rel
442 2033 569 2096 genere,
584 2019 633 2080 rel
650 2019 717 2080 aliis
732 2016 932 2098 qualitatibus
946 2029 1018 2076 con·

271 2112 397 2190 spicuis,
413 2121 444 2174 et
459 2111 584 2190 quidem
606 2112 803 2186 instantibus,
820 2119 850 2172 et
861 2107 1017 2187 postulau-

273 2204 366 2280 tibus,
390 2203 618 2282 exhibendum
641 2205 826 2284 pauperibus
846 2209 963 2274 autem,
986 2205 1017 2260 et

271 2299 505 2374 humilioribus,
522 2298 561 2360 ob
575 2297 764 2376 praeclusam
778 2297 847 2372 sibi,
860 2302 946 2358 extra
963 2309 1016 2356 ne·

272 2391 422 2454 cessitatis
442 2400 474 2453 et
495 2391 595 2454 noctis
618 2398 768 2468 tempora,
797 2385 1017 2465 subdelegaudi

273 2484 463 2560 facultatem,
486 2487 539 2547 rix
559 2499 697 2564 unquam
718 2498 901 2547 succurrere
917 2495 1014 2561 posse.

1737 559 1796 624 :stit
1845 547 1944 603 nnc.
1965 517 2033 600 ιιιι

1070 721 1225 789 quaquam
1246 704 1447 780 emeliorent,
1460 709 1541 766 recte
1564 708 1593 764 et
1609 699 1729 764 utiliter
1744 712 1815 759 cou-

1071 802 1143 865 ferri
1165 808 1257 880 atque
1279 798 1419 862 diffundi.

1111 895 1179 970 §ln
1201 894 1393 970 Quapropter
1409 890 1590 970 apostolicae
1604 886 1737 952 caritatis
1758 899 1813 948 no·
1853 889 2046 991 renasceretur-

1070 997 1151 1051 strae
1172 987 1289 1049 uiscera
1310 985 1484 1059 dilatantes,
1507 992 1538 1046 et
1560 991 1622 1046 tam
1644 979 1812 1053 veteribus,
1833 946 2046 1046 ιῖἶιειῃιιῗῧινιθιῖἷιῗ

1072 1097 1165 1162 quam
1187 1079 1411 1144 recentioribus
1433 1077 1651 1143 ecclesiasticae
1671 1073 1814 1152 benigni·
1833 1049 2045 1155 ,tffi'iipffiffil'ffl

1071 1176 1141 1239 tatis
1163 1176 1541 1256 exemplisiubaerentes3
1563 1171 1715 1252 siquidem
1729 1177 1815 1232 extat

1070 1269 1192 1332 illustre
1213 1277 1454 1332 mouumentum
1478 1266 1559 1330 tertii
1582 1264 1733 1328 Ecclesiae
1750 1278 1815 1326 sae·

1072 1365 1134 1427 culi
1156 1365 1189 1426 in
1222 1363 1348 1443 epistola
1371 1359 1473 1425 Sancti
1503 1359 1660 1439 Cypriani,
1682 1375 1760 1438 quae
1781 1358 1814 1418 in

1071 1458 1161 1519 noris
1182 1457 1369 1520 editionibus
1391 1456 1538 1534 impressa
1560 1461 1607 1515 est
1628 1467 1716 1516 oum.
1729 1451 1814 1524 litt,-

1063 1569 1131 1631 *qua
1152 1550 1279 1626 scilicet,
1303 1551 1335 1614 in
1356 1564 1467 1612 eorum
1488 1547 1629 1625 gratiam,
1651 1545 1704 1625 qui
1727 1544 1815 1607 libel-

1072 1646 1116 1708 los
1138 1653 1309 1723 martyrum
1343 1643 1554 1717 obtinuerant,
1581 1649 1614 1704 et
1643 1641 1676 1704 iu
1706 1638 1814 1702 mortis

1073 1739 1207 1818 periculo
1229 1736 1448 1813 versabantur3
1478 1751 1576 1814 quum
1597 1735 1662 1812 ipse
1692 1734 1815 1795 aestivis

1071 1831 1231 1894 ardoribus
1245 1831 1490 1910 praepediretur,
1506 1845 1566 1907 quo
1581 1829 1696 1902 minus,
1713 1835 1748 1889 ut
1763 1843 1815 1905 op·

1073 1931 1203 1998 laverat,
1216 1924 1250 1986 ad
1264 1941 1314 1986 eos
1329 1925 1572 1986 reconciliandos
1587 1939 1654 1984 sese
1674 1920 1815 1986 conferre

1073 2025 1188 2097 pusset3
1217 2017 1372 2098 permittit
1394 2025 1429 2080 ιιι
1456 2016 1497 2091 id,
1527 2017 1594 2077 rice
1613 2031 1679 2089 sua,
1703 2030 1718 2074 a
1740 2030 1816 2093 ιιιιιι-

1071 2128 1205 2190 cumque
1235 2111 1430 2191 presbytero,
1463 2117 1515 2173 aut
1543 2109 1637 2194 etiam
1663 2107 1812 2182 Diacouo,

1071 2205 1216 2285 praestari
1240 2211 1343 2284 queat.
1366 2203 1548 2267 Novissimis
1573 2217 1647 2264 rero
1670 2200 1818 2280 tempori-

1072 2299 1139 2373 bus,
1162 2315 1201 2362 ex
1228 2298 1360 2362 secunda
1389 2296 1613 2360 mediolanensi
1634 2286 1816 2375 prorinciali

1071 2391 1188 2471 synodo
1206 2398 1336 2464 constat,
1353 2409 1369 2453 a
1384 2391 1481 2454 felicis
1495 2389 1714 2454 recordationis
1728 2403 1815 2468 prae·

1072 2487 1348 2549 decessorenostro
1368 2485 1515 2561 Gregorio
1537 2485 1613 2564 Papa
1636 2483 1727 2558 xiil,
1750 2497 1816 2544 om·

60 2603 61 2626 ³
112 2592 257 2643 οιιιιιιιιι
313 2581 383 2656 §It
407 2579 493 2656 Quod
514 2579 539 2642 si
560 2580 632 2642 satis
654 2577 806 2641 momenti
834 2585 864 2638 et
886 2574 1017 2639 auctori-

60 2667 61 2696 ³
98 2649 257 2750 ἶιῗῗῖῗὲἕιῖῗέζ
275 2674 344 2737 tatis
367 2673 493 2736 baberet
518 2673 673 2734 sententia
695 2686 710 2731 a
732 2671 925 2732 nunnemine
950 2683 1017 2748 pro·

60 2775 61 2852 f
98 2769 128 2856 ,22
141 2751 256 2864 ¹⁰1⁰,¹{,¹,⁸,⁰‚¹,¹,3
273 2767 382 2846 posita,
405 2766 577 2846 plenariam
598 2765 714 2830 scilicet
736 2763 991 2842 indulgentiam
984 2781 1016 2827 m

1073 2580 1163 2642 nibus
1196 2579 1349 2659 Episcopis
1377 2577 1459 2640 iilius
1488 2577 1665 2656 provinciae
1692 2591 1816 2640 conces-

1072 2689 1141 2737 sum
1163 2672 1269 2748 fuisse,
1292 2688 1356 2734 non
1377 2672 1479 2734 solum
1494 2680 1529 2734 ut
1550 2671 1607 2749 ipsi
1629 2671 1816 2733 benedictio·

1073 2783 1147 2829 uem
1168 2781 1240 2829 cum
1263 2765 1454 2842 induigentia
1466 2765 1600 2843 plenaria
1621 2762 1815 2826 moribundis

60 2859 62 2900 ι
98 2819 256 2908 nnuuunor-
274 2861 383 2922 mortis
404 2860 534 2922 articulo
550 2859 776 2923 concedendam
790 2874 852 2920 nun
869 2875 946 2932 esse,
959 2859 1017 2921 nisi

60 2917 109 2968 it
99 2915 179 2963 ιιιιιιιι
173 2921 213 2963 i.ar

273 2954 331 3029 bis,
355 2969 492 3034 quorum
520 2954 633 3016 eximia
655 2955 687 3016 iu
717 2952 886 3016 Ecclesiam
906 2951 1017 3014 merita

273 3049 467 3124 extitissent3
497 3063 532 3109 ea
560 3047 711 3109 nimirum
738 3047 775 3110 de
803 3062 906 3122 causa,
936 3047 1017 3124 qnod

274 3147 369 3222 quum
394 3155 450 3220 pro
476 3140 652 3202 huiusmodi
681 3139 892 3216 indulgentiae
913 3155 1018 3202 conse·

274 3234 428 3313 quutione
443 3233 493 3296 ιιι
508 3233 633 3296 nulium
647 3233 776 3296 omniuo
791 3249 866 3312 opus
881 3232 1015 3310 iniungi,

271 3328 321 3390 ιιι
342 3327 469 3390 nonnisi
490 3327 652 3390 morientis
672 3327 765 3390 statui
780 3335 811 3390 et
831 3326 949 3388 viribus
969 3343 1017 3389 ac·

271 3423 501 3484 commodatum
513 3421 632 3500 imponi
644 3421 748 3499 possit,
760 3429 917 3500 praeterea
928 3419 1017 3482 dum·

272 3523 353 3578 taxat
376 3515 408 3577 in
430 3515 598 3578 Ecclesiam
627 3517 756 3590 merita,
786 3531 856 3577 cum
878 3523 1016 3577 extrema

272 3607 427 3688 praesenti
444 3608 624 3671 necessitate
638 3609 813 3685 coniuncta,
830 3608 930 3672 iocum
945 3625 1017 3688 sup

271 3701 356 3781 plere
379 3701 498 3780 possint
524 3700 656 3764 aliorum
682 3716 828 3780 operum,
851 3718 930 3780 quae
951 3717 1017 3766 cae·

272 3795 415 3874 toroquin
440 3796 476 3857 ad
494 3795 668 3874 plenariam
697 3795 925 3874 indulgentiam
954 3796 1016 3858 adi-

271 3888 445 3968 piscendam
460 3889 626 3967 praescribi
640 3889 758 3965 solent;
782 3889 860 3952 nibil
880 3889 1016 3968 profecto

271 3994 361 4058 esset,
384 3999 440 4044 cur
460 3980 577 4058 aliquid
599 3995 683 4043 nunc
698 4001 712 4042 a
727 3981 815 4044 nubis
836 3983 1015 4045 innovando

268 4081 467 4138 statueretur.
502 4073 621 4138 ilerum
655 4077 922 4153 praedecessorum
961 4093 1014 4138 no

269 4177 405 4230 strorum
433 4167 490 4229 hac
514 4169 546 4230 in
573 4184 606 4228 re
633 4169 744 4244 agendi
777 4155 869 4244 ratio,
900 4169 1015 4232 relatae

271 4261 406 4340 opinioni
433 4261 588 4324 contraria
618 4261 820 4339 dignoscitur.
858 4261 899 4324 Ut
929 4263 1014 4326 enim

269 4353 383 4416 multas
413 4361 644 4431 praetereamus
675 4355 887 4417 concessiones
912 4356 1014 4419 indul·

270 4447 392 4523 gantiae
405 4445 561 4524 plenariae
579 4446 784 4510 morientibus
806 4447 946 4511 fidelibus
967 4449 1014 4512 iu·

269 4539 410 4602 distincte
435 4538 650 4618 applicandae,
678 4555 830 4618 quaenam
855 4558 960 4622 porro,
983 4551 1013 4606 et

269 4646 361 4710 quam
376 4647 488 4709 magua
502 4633 536 4693 iu
552 4631 717 4696 Ecclesiam
737 4637 904 4713 promerita
920 4633 1014 4697 faisse

269 4723 406 4788 dicemus
426 4739 548 4800 eorum,
571 4727 625 4804 qui
646 4733 778 4805 quatuor
800 4727 930 4790 abhinc
951 4743 1014 4789 sae-

269 4817 356 4894 culis,
379 4817 524 4897 pestilera
546 4819 597 4881 luu
611 4835 666 4898 per
680 4819 826 4897 nngliam
841 4829 1011 4898 grassante,

269 4925 304 4972 ιιι
319 4911 375 4974 bac
390 4911 453 4972 rita
469 4911 675 4975 decedebantt
695 4913 807 4991 quibus
822 4921 925 4978 tamen
947 4932 1012 4977 om-

269 5003 370 5079 uibus,
392 5002 562 5066 dummodo
587 5006 848 5069 sacramentaliter
870 5007 1011 5084 confessi,

269 5105 296 5159 et
306 5115 389 5160 sacra
406 5098 635 5161 communione
649 5098 754 5162 relecti
769 5099 911 5178 fuissent,
928 5119 1012 5182 prae-

269 5189 439 5254 decessores
454 5191 553 5252 nostri
575 5191 719 5255 Clemens
734 5193 811 5273 Papa
826 5193 875 5258 lli.
894 5203 925 5258 et
939 5195 1013 5258 Gre-

269 5284 371 5361 gorius
391 5284 475 5363 Papa
486 5285 537 5347 ill.
554 5284 803 5349 benedictionem
816 5305 889 5351 cum
911 5290 1013 5352 indul-

269 5379 369 5453 gentia
392 5377 529 5456 plenaria
551 5394 605 5456 per
627 5377 744 5455 legatos
765 5396 836 5443 suos
859 5382 1010 5460 impertiri

269 5485 328 5531 non
351 5479 547 5533 recusarunt.
581 5469 640 5536 Sed
660 5477 691 5533 et
717 5474 779 5552 ipsa
806 5475 1010 5553 congregatio

270 5563 483 5641 indulgentiis,
505 5572 536 5627 ιι
557 5567 649 5630 sacris
670 5567 819 5649 Reliquiis
841 5570 1010 5648 praeposita

270 5657 326 5718 iam
348 5673 446 5737 usque
472 5659 509 5722 ab
530 5675 579 5722 an.
597 5677 757 5724 nucuxxv.
780 5664 828 5725 die
844 5679 913 5725 xnt.
932 5665 1009 5742 apri·

269 5750 314 5827 iis,
335 5765 371 5814 re
392 5751 559 5830 diligenter
580 5771 740 5835 perpensa,
753 5759 883 5832 censuit,
906 5758 1009 5821 indul-

270 5847 388 5920 gentiae
405 5844 561 5925 plenariae
578 5848 774 5927 largitionem
789 5853 822 5915 in
837 5869 888 5914 ecs
903 5857 1007 5930 etiam,

269 5943 318 6020 qui
338 5942 548 6019 singularibus
569 5946 602 6010 iu
628 5947 795 6012 Ecclesiam
816 5949 934 6013 meritis
956 5966 1009 6012 ne·

370 6097 424 6146 lar.
439 6097 511 6144 Porri.
526 6097 557 6145 de
573 6097 646 6158 Prop.
661 6096 723 6145 Fide
736 6099 819 6146 Partis
833 6101 852 6148 l.
866 6100 921 6149 voi.
936 6102 980 6147 111.

1072 2861 1213 2924 fidelibus
1235 2858 1401 2937 impertiri,
1423 2857 1475 2920 scd
1498 2851 1604 2933 etiam,
1620 2865 1654 2920 ut
1677 2857 1743 2919 aliis
1758 2859 1815 2919 bu-

1071 2953 1204 3016 iusmodi
1224 2952 1401 3016 facultatem
1417 2952 1513 3015 libere
1527 2951 1728 3028 subdelegare
1749 2964 1815 3029 pos·

1071 3053 1157 3123 sent3
1174 3047 1221 3108 bis
1237 3047 1344 3126 igitur,
1360 3047 1489 3126 aliisque
1503 3044 1665 3124 exemplis,
1678 3059 1735 3107 nec
1750 3060 1814 3107 non

1071 3140 1241 3203 rationibus
1255 3141 1397 3220 superius
1411 3139 1516 3202 relatis
1529 3140 1673 3219 permoti,
1690 3138 1746 3200 bae
1760 3154 1814 3201 no·

1071 3243 1132 3297 stra
1154 3243 1303 3315 perpetuo
1325 3232 1456 3298 valitura
1477 3232 1699 3296 constitutione
1720 3248 1815 3296 novas

1072 3333 1103 3394 in
1124 3333 1180 3395 bac
1194 3332 1320 3394 materia
1343 3330 1464 3408 regulas
1479 3329 1656 3408 praefinire,
1672 3329 1815 3408 quodque

1071 3427 1158 3501 olim,
1182 3432 1217 3487 ut
1237 3424 1460 3505 praemisimus,
1484 3424 1521 3486 de
1542 3422 1669 3484 alterius
1689 3428 1816 3500 senten·

1071 3521 1112 3582 tia
1123 3519 1357 3582 deliberandum
1373 3517 1460 3580 nobis
1472 3516 1582 3592 fuerat,
1596 3532 1681 3579 nuuc
1696 3517 1814 3578 demun

1071 3615 1109 3676 de
1130 3627 1271 3676 concessa
1285 3611 1372 3674 uobis
1387 3609 1568 3689 apostolicae
1579 3609 1736 3689 potestatis
1750 3609 1816 3687 plc-

1071 3705 1215 3770 nitudiue
1244 3705 1403 3768 absolvere
1431 3720 1464 3768 ac
1484 3705 1631 3784 perficere
1653 3703 1815 3766 constitui·

1071 3817 1151 3865 mus

1110 3896 1178 3974 55.
1203 3895 1307 3974 ltaque
1329 3894 1467 3974 primum
1488 3893 1633 3955 volumus
1648 3900 1741 3970 atque
1762 3891 2043 3955 demoniacae

1070 3991 1241 4065 ceruimus,
1269 3996 1403 4068 atquae
1428 3987 1588 4051 facultates
1615 3987 1813 4067 impertiendi
1831 3957 2045 4060 ἑθξιῖωᾞὲιῗῗζ

1070 4083 1317 4148 benedictionem
1349 4099 1421 4146 cum
1449 4081 1644 4159 indulgentia
1675 4081 1811 4161 plenaria
1831 4069 2044 4166 '‘iffi'fflssffi·

1070 4178 1232 4242 fidelibus
1227 4194 1258 4239 tn
1271 4177 1378 4239 mortis
1391 4177 1520 4240 articulo
1535 4177 1721 4252 constitutis,
1737 4192 1810 4239 reu
1860 4184 1947 4220 mscu
1962 4177 2007 4222 ιιι

1069 4273 1155 4358 fratr.
1175 4269 1581 4346 Patriarcbis,l>1·imattbus‚
1605 4271 1813 4350 ,archiepisco-
1887 4279 1892 4290 ·

1071 4367 1115 4446 pis
1136 4371 1167 4428 et
1190 4364 1347 4443 Episcopis
1368 4378 1453 4426 nnnc
1474 4363 1678 4426 existentibus
1693 4381 1708 4424 a
1724 4364 1812 4426 nobis

1069 4459 1119 4521 rel
1134 4476 1151 4520 a
1165 4457 1447 4538 praedecessoribus
1461 4457 1575 4520 nostris
1586 4458 1620 4520 ad
1635 4459 1717 4520 bunc
1728 4457 1812 4520 diem

1068 4567 1228 4615 concessae
1256 4552 1475 4630 reperiuntur,
1498 4551 1569 4612 licet
1594 4550 1664 4612 illae
1685 4552 1718 4613 iu
1740 4569 1812 4614 con-

1067 4645 1163 4709 suetis
1184 4645 1321 4726 epistolis
1335 4645 1490 4708 secretarii
1505 4645 1649 4708 branam
1666 4647 1702 4708 ad
1717 4647 1813 4709 trien·

1068 4740 1156 4802 nium
1171 4741 1342 4814 dumtaxat,
1356 4738 1405 4800 rei
1419 4739 1492 4800 alias
1507 4741 1542 4802 ad
1557 4741 1723 4804 delinitum
1736 4749 1812 4804 tem·

1067 4849 1124 4912 pus
1138 4832 1276 4896 indultae
1284 4832 1415 4907 fuerint,
1427 4831 1632 4896 nibilominus
1644 4837 1812 4912 praesentis

1068 4933 1193 4996 nostrae
1213 4926 1443 4989 constitutionis
1472 4926 1579 5002 rigore
1602 4943 1637 4988 eo
1660 4929 1810 5006 usquein

1066 5038 1122 5083 suo
1144 5021 1255 5082 robore
1275 5027 1434 5095 maneant,
1448 5019 1545 5097 qaroad
1568 5020 1662 5084 iidem
1684 5023 1813 5084 Antisti-

1069 5123 1113 5176 tes
1141 5130 1247 5178 earum
1279 5114 1478 5176 ecclesiarum
1511 5123 1604 5192 atque
1636 5115 1811 5178 dioecesum

1066 5208 1209 5285 regimen
1241 5206 1443 5281 obtinebunt,
1475 5223 1610 5285 quarum
1641 5208 1745 5270 farore
1780 5216 1811 5270 et

1066 5301 1184 5364 intuitu
1200 5299 1320 5362 easdem
1336 5299 1519 5362 facultatesa
1533 5301 1621 5363 uobis
1636 5310 1667 5364 et
1680 5301 1717 5364 ab
1732 5303 1812 5381 Apo·

1065 5394 1171 5456 stolica
1186 5392 1266 5458 Sede
1287 5395 1504 5472 impetrarunt.
1528 5393 1590 5456 Nos
1604 5395 1688 5456 enim
1709 5409 1759 5457 eas
1773 5397 1810 5459 ad

1065 5503 1158 5549 omne
1174 5496 1296 5566 tempus
1313 5487 1507 5565 buiusmodi3
1531 5493 1619 5550 motu
1641 5489 1763 5567 proprio
1779 5497 1810 5552 et

1065 5582 1247 5643 auctoritate
1261 5580 1406 5659 praefata,
1422 5589 1513 5661 atque
1529 5583 1709 5644 earumdem
1725 5599 1809 5661 prae·

1064 5675 1204 5739 sentium
1232 5675 1394 5736 literarum
1419 5675 1515 5749 serie,
1546 5675 1755 5752 extendimus,
1779 5684 1809 5738 et

1064 5783 1276 5847 prorogamus.

1103 5862 1205 5941 thue
1226 5869 1383 5941 praeterea
1399 5863 1613 5944 unusquisque
1628 5881 1666 5926 ex
1682 5863 1810 5928 Antisti-

1066 5956 1145 6019 tibus
1167 5955 1319 6036 praefatis,
1342 5972 1444 6020 unum
1472 5964 1525 6019 aut
1546 5957 1649 6059 plures
1678 5957 1743 6036 pios
1763 5975 1808 6019 sa·
1827 5965 2040 6021 ganutxnervraa-

1845 5858 1949 5906 Adiecta
1961 5859 2040 5906 facul·

1677 6107 1704 6148 45

1827 5913 1881 5958 tute
1916 5913 2040 5960 subdele-
2134 5915 2136 5920 '
