4708 6978
355 617 544 692 tn.c.'1mo'
595 638 655 702 282

1099 649 1164 696 lUll·
1190 645 1280 690 bour.
1306 643 1345 688 ub
1367 644 1395 688 P.
1419 643 1447 688 F·
1473 645 1555 690 exus
1578 645 1597 688 Ι.

575 774 708 840 rioribus
729 775 762 838 in
784 771 973 850 Martinicae,
1001 770 1206 853 Guadalupae,
1230 772 1322 838 Sanc·
1418 765 1530 828 Datum
1556 764 1685 836 Romae,
1711 759 1795 840 apud
1819 757 1850 824 S.
1879 756 2006 821 llariam
2034 756 2128 819 llaio·

575 880 681 935 torum
696 869 922 948 christophori,
939 867 1091 933 Dominici
1107 876 1138 931 et
1153 866 1320 941 vincentii,
1379 876 1458 933 rem,
1486 857 1544 921 sub
1565 856 1681 918 annulo
1707 853 1880 927 Piscatoris,
1910 852 1960 914 die
1983 867 2024 912 iv.
2052 850 2126 914 maii

575 981 609 1027 ac
629 965 783 1028 calennae
805 977 876 1025 curn
897 961 970 1026 locis
996 963 1204 1026 adiacentibus
1225 961 1322 1024 domi·
1381 969 1566 1028 unocxcvu,
1590 950 1699 1030 pontit.
1724 947 1823 1010 nostri
1844 963 1926 1008 anno
1948 963 1991 1007 vv.

576 1058 630 1121 nio
651 1056 800 1120 carissimi
822 1057 853 1118 in
877 1055 1000 1122 Christo
1022 1057 1079 1118 filii
1100 1057 1199 1120 nostrl
1222 1057 1321 1120 Ludo-

577 1149 635 1214 vici
661 1150 852 1212 Francorum
874 1149 956 1226 regis
983 1146 1229 1210 christianissimi
1251 1150 1321 1210 suh·

577 1243 673 1318 lectis,
695 1258 753 1304 nec
774 1257 837 1304 non
859 1241 1069 1318 llarigalensis
1089 1241 1261 1320 respective
1275 1241 1324 1304 in-

575 1336 652 1398 sulis
682 1334 835 1414 deputati,
870 1334 1007 1398 iniuncta
1036 1334 1094 1398 sibi
1126 1350 1256 1398 munera
1286 1336 1321 1397 ad

577 1427 825 1493 christifidelium
847 1427 971 1491 illarum
991 1429 1126 1506 partium
1142 1427 1321 1502 utilitatem,

1636 1149 1874 1162 ——n-

1680 1327 1829 1394 txxtltt.

578 1523 742 1584 adiuvante
764 1521 906 1596 Domino,
928 1520 1046 1584 facilius
1061 1520 1172 1602 exequi
1187 1520 1321 1596 valeant,
1382 1515 1558 1598 arnolf-aot
1582 1516 1682 1578 Bosstl
1717 1507 1982 1594 Conprcpotiouis
2004 1513 2129 1577 Missis·

578 1633 615 1678 ex
637 1614 799 1678 commisso
814 1615 902 1676 nohis
917 1615 1045 1678 coelitus
1059 1614 1242 1678 sacrosancti
1254 1628 1323 1691 apo·

578 1709 706 1771 stolatus
726 1707 826 1770 olilcio
853 1708 1016 1788 providere
1037 1708 1189 1781 volentes,
1212 1708 1250 1769 de
1270 1721 1323 1768 ve·

579 1799 764 1864 nerabilium
798 1800 930 1863 fratrum
962 1806 1142 1864 nostrorum
1170 1799 1200 1864 S.
1224 1801 1260 1862 lt.
1280 1800 1319 1862 ll.

579 1893 790 1957 Cardinalium
817 1895 850 1955 in
879 1903 941 1956 tota
973 1893 1129 1972 republica
1158 1894 1324 1958 christiana

506 2007 509 2012 ·
580 1987 774 2064 generalium
803 1986 1023 2066 inquisitorum
1048 1987 1194 2050 adversus
1219 1988 1326 2050 haere-

582 2082 672 2142 ticam
693 2079 876 2160 pravitatem
899 2081 1080 2143 auctoritate
1096 2080 1258 2159 apostolica
1274 2080 1324 2142 lle·

581 2179 760 2252 putatorum
774 2174 914 2250 consilio,
930 2173 1115 2252 preshyteris
1131 2173 1325 2252 regularibus

581 2265 782 2328 missionariis
796 2265 938 2345 praetatis
952 2283 1023 2330 cum
1039 2265 1178 2343 Nigritis,
1191 2267 1325 2346 neophv-

583 2357 621 2420 tis
648 2358 827 2420 earumdem
859 2357 1043 2432 insularum,
1075 2365 1142 2420 tum
1171 2357 1326 2434 indigenis

584 2459 650 2514 tum
671 2450 808 2526 advenis,
832 2451 863 2512 in
884 2465 1082 2530 quocumque
1101 2451 1152 2513 vel
1166 2451 1326 2530 quibusvis

582 2544 856 2621 consanguinitatis
878 2543 929 2606 vel
959 2545 1116 2608 affinitatis
1144 2545 1289 2623 gradibus
1310 2563 1325 2606 a

583 2637 650 2699 iure
671 2637 777 2700 divino
799 2654 862 2700 non
884 2638 1058 2718 prohibitis,
1082 2638 1182 2717 primo
1205 2647 1328 2702 tantum

583 2739 721 2810 excepto,
745 2747 777 2793 ac
799 2731 832 2794 in
853 2733 961 2795 eodem
983 2733 1083 2810 primo
1111 2732 1205 2794 etiam
1227 2740 1328 2796 rectae

584 2823 683 2887 lineae
703 2823 858 2886 affinitatis
880 2840 918 2886 ex
932 2823 1040 2902 copula
1056 2823 1162 2887 illicita
1179 2825 1330 2888 resultan-

585 2917 634 2994 tia,
656 2925 691 2982 ut
713 2917 950 2980 matrimonium
975 2918 1058 2979 inter
1079 2933 1112 2980 se
1132 2920 1327 2994 contrahere,

583 3025 638 3072 seu
661 3010 692 3073 in
715 3026 751 3074 eo
772 3011 865 3073 etiam
891 3011 1026 3074 scienter
1052 3020 1211 3076 contracto
1232 3029 1330 3074 rema·

585 3117 661 3165 nere
681 3102 814 3178 valeant,
838 3104 870 3166 in
892 3105 1019 3167 occultis
1036 3113 1151 3182 tamen,
1168 3123 1200 3168 ac
1216 3105 1248 3166 in
1264 3105 1330 3168 loro

585 3195 789 3259 conscientiae
816 3203 951 3274 tantum,
973 3215 1007 3261 ac
1029 3200 1214 3277 urgentibus
1243 3199 1331 3263 iustis

586 3289 695 3366 causis,
717 3291 899 3353 auctoritate
921 3299 1025 3354 nostra
1051 3293 1214 3371 apostolica
1237 3293 1331 3370 gratis

368 3409 471 3454 amnon
486 3405 568 3452 sosoi·
587 3383 792 3462 dispensandi,
815 3390 847 3446 et
866 3400 930 3460 eos,
954 3385 1007 3463 qui
1030 3386 1061 3448 in
1085 3385 1185 3464 primo
1201 3385 1333 3448 affinita-

355 3461 431 3507 vendi
450 3471 568 3506 connsu-

356 3515 391 3560 rls
414 3514 567 3560 contrahen-

589 3478 626 3541 tis
648 3478 745 3554 gradu
775 3477 952 3541 huiusmodi
981 3479 1217 3542 matrimonium
1239 3479 1333 3542 etiam

356 3571 402 3622 tes.
424 3573 448 3614 at
473 3567 568 3623 prorem
587 3569 722 3632 scienter
743 3569 967 3646 contraxerint,
989 3571 1027 3632 ab
1048 3571 1222 3633 excessibus
1237 3579 1267 3634 el
1282 3588 1336 3634 ex-

358 3620 526 3678 legltlmandl.

402 4527 544 4578 Clausulas.

588 3664 934 3740 communicationibus,
965 3663 1095 3742 aliisque
1125 3665 1276 3740 censuris,
1303 3675 1334 3728 et

589 3758 694 3838 poenis
725 3758 935 3830 ecclesiasticis
957 3773 991 3819 ea
1012 3757 1049 3819 de
1070 3774 1159 3820 causa
1191 3757 1333 3833 incursis,

587 3859 619 3914 et
641 3850 707 3913 loro
729 3851 933 3913 conscientiae
955 3857 1088 3926 tantum,
1112 3851 1205 3929 gratis
1221 3851 1335 3930 pariter

588 3943 778 4020 absolvendi,
800 3959 833 4005 ac
855 3943 974 4022 prolem
1007 3943 1080 4007 inde
1109 3952 1282 4024 susceptam
1304 3951 1335 4006 et

587 4037 814 4117 suscipiendam
835 4036 1008 4114 legitimam
1034 4037 1221 4101 decernendi
1242 4036 1335 4100 lacul-

591 4138 698 4206 tatem,
720 4130 755 4192 ad
777 4130 890 4202 viginti
911 4146 1008 4192 annos
1027 4132 1220 4206 duraturam,
1239 4131 1335 4192 donec

589 4225 718 4287 interim
740 4224 772 4285 in
796 4223 1015 4302 illispartibus
1037 4223 1147 4303 aliquis
1169 4223 1336 4301 Episcopus

590 4317 808 4390 constituatur,
825 4318 904 4379 dicta
919 4317 1113 4392 auctoritate,
1126 4324 1237 4378 tenore
1250 4330 1335 4394 prae·

590 4411 738 4485 sentium,
761 4409 959 4472 concedimus
981 4421 1016 4473 et.
1033 4410 1243 4487 indulgemus.

630 4501 699 4566 Non
721 4491 914 4566 obstantib'us
942 4503 1126 4582 apostolicis,
1154 4519 1187 4566 ao
1209 4503 1241 4565 in
1267 4501 1337 4565 uni-

591 4596 773 4672 versalibus,
795 4597 1110 4676 provincialibusque,
1132 4602 1164 4658 et
1185 4593 1337 4674 synodali-

591 4690 648 4753 bus
669 4689 806 4754 conciliis
828 4691 918 4752 editis
939 4689 1136 4767 generalibus
1158 4689 1208 4751 vel
1224 4689 1337 4768 speria·

591 4784 672 4846 libus
702 4779 977 4847 constitutionibus
1008 4791 1039 4844 et
1072 4780 1336 4858 ordinationibus,

592 4878 764 4957 ceterisque
785 4878 947 4940 contrariis
968 4877 1227 4956 quibuscumque·
1244 4873 1339 4938 Volu-

591 4987 662 5034 mus
682 4978 800 5046 autem‚
819 4977 852 5032 ut
873 4971 1053 5033 earumdem
1075 4970 1286 5049 praesentium
1303 4968 1337 5030 li·

594 5072 731 5126 terarum
753 5063 966 5142 transumptis,
982 5079 1037 5126 seu
1059 5064 1221 5140 exemplis,
1244 5063 1338 5125 etiam

593 5159 763 5236 impressis,
796 5173 892 5220 manu
920 5157 1050 5221 alicuius
1075 5157 1189 5220 notarii
1211 5157 1337 5236 publici,

595 5253 644 5313 vel
665 5253 822 5314 secretarii
838 5253 935 5314 dictae
951 5252 1110 5315 societatis
1125 5252 1192 5314 lesu
1207 5252 1340 5314 subscri-

594 5345 665 5425 ptis,
682 5354 712 5407 et
729 5345 834 5430 sigillo
848 5345 1014 5423 Praepositi
1029 5344 1186 5428 Generalis
1201 5347 1339 5408 eiusdem

595 5439 753 5502 Societatis
774 5425 854 5514 lesu,
871 5440 920 5500 vel
936 5437 1063 5500 alterius
1078 5452 1227 5517 personae
1242 5439 1275 5502 iu
1290 5455 1338 5502 eo·

594 5533 760 5596 clesiastica
791 5535 944 5611 dignitate
974 5534 1160 5595 constitutae
1187 5533 1337 5610 munitis,

595 5629 700 5690 eadem
722 5643 846 5707 prorsus
867 5627 942 5690 tides
964 5627 997 5688 in
1018 5625 1130 5688 iudicio
1152 5634 1182 5688 et
1203 5635 1289 5689 extra
1304 5628 1339 5689 il·

596 5720 648 5782 lud
670 5721 861 5798 adhibeatur,
877 5737 955 5800 quae
974 5720 1187 5800 praesentibus
1203 5720 1275 5799 ipsis
1290 5722 1341 5783 ad·

596 5815 768 5892 biberetur,
789 5815 815 5877 si
836 5815 940 5879 forent
953 5817 1108 5880 exhibitae
1122 5816 1173 5878 vel
1188 5823 1337 5880 ostensae.

623 6001 668 6096 vli)
683 6037 720 6082 nx
734 6037 875 6087 saumario
889 6041 965 6097 cong.
981 6037 1013 6086 de
1027 6041 1100 6097 erop.
1116 6039 1185 6086 ntae.

1423 1611 1473 1672 oia
1489 1610 1650 1786 {icarium
1663 1608 1880 1686 apostolicum
1896 1607 2054 1688 Aipasion.
2072 1604 2130 1665 eli-

1422 1705 1469 1786 pit
1508 1704 1547 1782 l).

1515 1886 1633 1955 Dilecto
1654 1884 1719 1955 lilio
1748 1881 1872 1954 bruolio
1894 1883 1995 1954 Bossia

1402 1982 1580 2067 presbytero
1602 1978 1756 2048 saeculari
1772 1977 1921 2065 congreg.
1941 1977 2109 2057 llissionie,

1544 2124 1787 2196 acoemetus
1815 2125 1873 2195 ΡΡ.
1896 2123 1967 2194 llll.

1657 2261 1774 2330 llileole
1796 2260 1856 2342 lili,

1417 2361 1544 2429 salutem
1567 2363 1600 2427 et
1620 2357 1817 2443 apostolicam
1844 2355 2096 2425 benedictionem.

1426 2553 1483 2614 Pro
1504 2552 1666 2614 commissa
1688 2550 1776 2614 nobis
1797 2547 1948 2610 divinitus
1972 2544 2134 2626 pastoralis

1387 2645 1477 2708 ollicii
1509 2661 1581 2707 cura
1613 2642 1823 2723 spiritualibus
1848 2639 2071 2704 catholicorum
2102 2640 2135 2699 in

1387 2737 1485 2801 hlrica
1500 2739 1558 2799 sub
1573 2738 1745 2800 Turcarnm
1760 2735 1876 2798 ditione
1888 2734 2069 2811 degentium
2081 2748 2137 2794 ne·

1387 2831 1576 2895 cessitatibns
1598 2838 1751 2910 quantum
1774 2830 1862 2893 uobis
1884 2844 1923 2891 ex
1944 2827 2006 2892 alto
2027 2842 2136 2889 concc-

1387 2925 1472 2988 ditur
1492 2923 1666 2997 consulere,
1691 2931 1795 3000 leque,
1818 2923 1883 3001 qui,
1901 2929 1935 2984 ut
1950 2919 2135 2998 accepimus,

1386 3016 1547 3097 presbyter
1567 3015 1731 3078 saecularis
1747 3014 2004 3092 congregationis
2019 3012 2139 3075 Missio-

1389 3111 1436 3172 nis
1457 3109 1573 3184 existis,
1596 3125 1629 3170 ac
1656 3110 1694 3172 de
1716 3116 1768 3171 tua
1790 3109 1860 3184 tide,
1890 3107 2041 3182 doctrina,
2064 3123 2138 3184 pru·

1388 3203 1501 3278 dantia,
1526 3203 1650 3282 pietate,
1673 3202 1820 3265 charitate
1838 3210 1869 3262 et
1882 3199 2050 3263 catholicae
2063 3200 2138 3263 reli-

1389 3296 1489 3374 gionis
1511 3295 1577 3357 zelo
1605 3295 1778 3374 plurimum
1801 3293 1832 3356 in
1855 3293 1986 3355 Domino
2015 3294 2137 3367 conlisi,

1388 3389 1571 3470 specialibus
1603 3387 1758 3452 favoribus
1787 3394 1818 3450 et
1855 3387 1961 3463 gratiis
1991 3387 2138 3464 prosequi

1390 3483 1542 3555 volentes,
1565 3488 1597 3544 et
1618 3497 1633 3542 a
1655 3481 1815 3558 quibusvis
1844 3479 2140 3542 excommunicatio-

1391 3577 1450 3652 nis,
1472 3574 1686 3655 suspensionis
1708 3582 1738 3635 et
1760 3571 1930 3645 interdicti,
1946 3572 2076 3650 aliisque
2091 3587 2140 3634 ec·

1390 3669 1565 3732 clesiasticis
1586 3665 1763 3740 sententiis,
1785 3667 1925 3730 censuris
1946 3673 1979 3750 et
2000 3663 2139 3744 poenisa

1393 3767 1459 3823 lure
1481 3763 1531 3824 vel
1552 3761 1589 3824 ab
1619 3759 1747 3823 homine
1768 3759 1875 3838 quavis
1907 3758 2064 3822 occasione
2089 3757 2140 3820 vel

1391 3871 1478 3918 causa
1500 3854 1580 3929 latis,
1602 3853 1761 3932 siquibus
1793 3851 2027 3932 quomodolibet
2049 3851 2147 3941 inno·¹

1392 3949 1478 4010 datus
1494 3947 1610 4021 existis,
1627 3949 1663 4009 ad
1685 3946 1832 4010 ellectum
1849 3943 2057 4024 praesentium
2074 3952 2142 4005 tan-

1393 4049 1460 4104 tum
1475 4041 1743 4118 consequendum,
1759 4040 1870 4102 harum
1886 4039 1967 4100 serie
1981 4035 2141 4099 absolven-

1393 4141 1438 4196 tes
1459 4140 1490 4194 et
1511 4132 1686 4195 absolutum
1709 4131 1775 4194 lore
1797 4140 1971 4205 censentes,
1994 4133 2032 4193 de
2046 4144 2140 4191 vene·

1393 4225 1537 4289 rabilium
1559 4225 1690 4288 lratrum
1713 4232 1894 4287 nostrorum
1916 4225 1947 4288 S.
1961 4224 1997 4286 ll.
2015 4223 2050 4285 E.
2069 4225 2140 4286 Car·

1393 4319 1543 4382 dinalium
1565 4318 1697 4394 negotiis
1719 4316 1937 4396 Propagandae
1954 4315 2040 4380 Fidei
2055 4332 2141 4394 prae·

1394 4413 1564 4491 positorum
1586 4411 1724 4486 consilio,
1742 4418 1772 4472 te
1790 4411 1821 4472 in
1838 4409 1997 4472 Vioarium
2012 4412 2141 4487 Aposto-

1394 4506 1489 4567 licum
1511 4503 1658 4581 hlgerieo
1681 4504 1747 4566 loco
1762 4502 1898 4566 defuncti
1914 4501 2015 4566 Caroli
2030 4500 2142 4563 Mariae

1393 4597 1543 4662 Gabrielis
1564 4597 1681 4658 Poirier
1701 4595 1743 4659 du
1769 4596 1876 4672 Burgh
1901 4595 2040 4658 eiusdem
2062 4596 2143 4657 Gon-

1394 4691 1582 4768 gregationis
1609 4687 1760 4751 Missionis
1788 4687 1973 4767 presbyteri,
1996 4701 2067 4750 cum
2089 4701 2142 4748 ex·

1395 4783 1537 4847 tensione
1557 4781 1592 4844 ad
1608 4782 1766 4844 civitatem
1781 4781 1907 4857 Tuneti,
1928 4793 2001 4843 cum
2017 4777 2142 4843 faculta-

1396 4877 1477 4939 tibus
1497 4877 1596 4940 solitis
1617 4883 1647 4938 et
1669 4874 1836 4950 consuetis,
1869 4873 2051 4937 auctoritate
2072 4888 2142 4951 apo-

1394 4969 1499 5032 stolica
1523 4977 1629 5032 tenore
1651 4968 1861 5048 praesentium
1875 4967 2095 5030 constituimus
2111 4975 2141 5028 et

1395 5065 1596 5142 deputamus;
1612 5070 1730 5125 attento
1744 5077 1817 5123 vero
1827 5060 1951 5123 itineris
1962 5059 2139 5135 intervallo,

1395 5173 1457 5236 quo
1485 5163 1520 5219 tu
1548 5156 1664 5233 Algerii
1692 5154 1831 5218 residens
1860 5154 1953 5231 longe
1980 5153 2097 5215 distans
2126 5171 2140 5213 a

1396 5252 1535 5326 Tuneto,
1566 5257 1599 5311 ut
1628 5257 1801 5328 opportune
1830 5246 2079 5311 christifidelium
2110 5246 2141 5307 in

1395 5346 1529 5427 praelata
1550 5345 1674 5408 civitate
1695 5345 1868 5420 Tunetana,
1890 5360 1945 5406 seu
1960 5345 1996 5406 ad
2011 5358 2078 5405 eam
2094 5359 2143 5422 ap

1396 5439 1590 5521 pellentium,
1606 5438 1816 5517 spiritualibus
1833 5437 2012 5514 indigentiis
2027 5437 2143 5515 prospi-

1396 5535 1507 5609 ciatur,
1532 5541 1565 5595 tu
1597 5532 1703 5594 statim
1724 5547 1757 5594 ac
1785 5532 1939 5610 receperis
1967 5539 2143 5608 praesentes

1397 5636 1516 5690 nostras
1532 5627 1647 5701 literas,
1664 5640 1719 5704 per
1741 5633 1807 5688 tuas
1828 5633 1969 5704 patentes
1990 5624 2092 5687 literas
2110 5623 2141 5686 in

1397 5731 1487 5783 tuum
1516 5719 1752 5783 Pro-Vicarium
1781 5719 1962 5797 generalem
1991 5734 2045 5796 pro
2072 5717 2141 5780 llis·

1396 5815 1482 5876 sione
1505 5815 1664 5876 lunelana
1692 5813 1841 5877 dilectum
1868 5811 1969 5874 illium
1997 5809 2140 5875 carolum

2156 621 2206 670 An.
2221 623 2247 673 C.
2267 625 2321 678 tlte
