4798 6978
338 553 392 618 ku.
407 553 437 617 0.
459 551 528 616 1755

577 549 636 627 aad

558 699 608 775 tis,
631 705 689 762 etc.
714 705 744 761 et
766 697 900 762 aliorum
931 697 1099 776 festorum,
1122 707 1180 763 etc.
1205 705 1303 763 stete·

557 803 629 856 rent
650 793 765 872 pariter
786 795 819 857 in
842 795 983 868 decretis,
1002 793 1156 874 videlicet,
1173 798 1253 874 quod
1270 797 1301 859 in

555 887 762 951 celebratione
781 888 932 952 Paschatis
947 896 978 952 et
993 890 1123 954 aliorum
1139 892 1301 966 festorum,

555 984 685 1046 krmeni
705 984 835 1046 Liburni
850 985 1019 1046 existentes
1033 984 1163 1048 omnino
1180 1000 1304 1046 servare

556 1077 687 1140 debeant
708 1077 924 1141 kalendarium
944 1078 1176 1154 gregorianum.
1200 1078 1302 1153 Quum

555 1171 653 1247 igitur
679 1171 751 1234 huic
780 1173 902 1232 decreto
930 1171 1145 1249 obtemperare
1174 1169 1302 1232 Armeni

555 1264 702 1342 praedicti
725 1272 908 1339 renuerent,
921 1263 1012 1324 huius
1034 1264 1079 1325 rei
1102 1264 1237 1340 cognitio
1252 1264 1303 1326 de·

555 1359 653 1435 legata
685 1359 745 1420 livit
774 1358 950 1438 particulari
975 1359 1208 1436 congregationi
1232 1359 1303 1422 Car·

555 1453 707 1518 dinatium
722 1453 860 1516 doctrina
875 1453 1110 1531 praestantium,
1123 1469 1199 1532 quos
1220 1453 1302 1515 inter

555 1549 641 1612 luere
670 1549 757 1612 dard.
791 1549 920 1611 loannes
947 1550 1125 1612 Franciscus
1152 1550 1300 1626 Albanus,

553 1642 607 1720 qui
622 1658 781 1705 summum
797 1641 908 1704 deinde
923 1643 1137 1721 pontificatum
1152 1643 1300 1716 obtinuit,

553 1743 585 1798 et
607 1735 777 1798 Cardinalis
799 1735 950 1798 Henricus
980 1735 1121 1798 Norisius
1153 1737 1300 1815 praeclari

553 1829 690 1894 nominis
718 1829 801 1890 inter
829 1828 979 1891 litteratos
1001 1829 1095 1891 viros.
1118 1828 1213 1890 Porro
1238 1828 1300 1907 ipsa

554 1920 752 1998 congregatio
782 1920 883 1983 habita
915 1922 964 1984 die
992 1938 1087 1985 xxnr.
1115 1922 1300 2002 septembris

553 2032 635 2079 anno
651 2031 807 2078 uncxovv.
821 2016 1000 2079 huiusmodi
1016 2017 1110 2079 edidit
1125 2017 1297 2091 decretum,

552 2129 567 2171 a
590 2111 743 2190 praedicto
769 2109 918 2172 Pontitice
944 2111 1051 2172 eadem
1073 2109 1135 2188 ipsa
1157 2110 1206 2171 die
1227 2126 1298 2172 con-

552 2205 725 2266 firmatum:
751 2201 827 2264 «lle
849 2211 971 2265 mature
986 2209 1124 2277 tractata,
1141 2205 1298 2282 perpensis

551 2297 697 2359 omnibus
718 2295 789 2358 iacti
820 2296 1071 2370 circumstantiis,
1093 2303 1296 2372 censuerunt,

551 2388 721 2452 secuudum
736 2384 859 2468 eaquae
880 2397 1111 2468 proponuntur,
1135 2389 1297 2452 conniveri

550 2500 638 2563 posse
649 2499 721 2546 cum
733 2483 878 2545 armenis
894 2481 1056 2546 Catholicis
1070 2481 1200 2544 Liburni
1216 2498 1299 2545 com-

550 2577 760 2653 morantibus,
789 2581 819 2638 ct
844 2577 899 2655 qui
926 2576 1120 2653 pacatiorem
1152 2573 1297 2638 obtinent

449 2716 453 2722 .
551 2671 727 2743 eccleciam,
751 2669 831 2732 circa
853 2685 946 2734 usum
975 2669 1147 2732 kalendarii
1170 2670 1295 2744 veteris,

550 2767 648 2828 donec
670 2765 726 2843 ipsi
749 2767 784 2827 ad
806 2763 1016 2842 omnimodam
1038 2763 1207 2825 kalendarii
1228 2778 1297 2839 gre-

550 2859 671 2935 goriani
693 2857 921 2920 observantiam
943 2857 1158 2936 disponantur,
1171 2861 1202 2917 et
1218 2857 1297 2918 inte·

447 2981 450 2988 »
549 2953 610 3014 rim
625 2953 659 3015 ad
677 2951 762 3015 Sedis
778 2950 968 3030 apostolicae
984 2949 1224 3029 beneplacitum
1241 2949 1297 3012 hac

330 3517 529 3563 Graecisveroo·

316 3570 418 3618 riental.
436 3579 529 3626 prepo-

315 3623 529 3732 iirtlwseqlmr‘rigffl

316 3733 366 3779 nlsi
380 3731 528 3778 volantibus

315 3785 469 3834 iniunctum.

548 3047 676 3124 insuper
697 3044 872 3107 conditione
886 3037 1012 3119 adiecta,
1029 3045 1110 3122 quod
1132 3043 1238 3106 diebus
1254 3044 1297 3105 ie·

548 3140 603 3202 stis
625 3141 662 3202 de
683 3144 846 3218 praecepto
872 3139 958 3200 iuxta
985 3135 1202 3200 kalendarium
1228 3153 1296 3214 gre-

550 3233 714 3310 gorianum
736 3231 988 3306 occurrentibus,
1011 3230 1048 3292 ab
1068 3229 1212 3308 operibus
1233 3247 1295 3293 ser-

548 3325 662 3389 vilibus
683 3325 836 3388 abstinere
858 3331 889 3386 et
909 3339 1029 3388 sacrum
1045 3324 1151 3386 andire
1165 3326 1294 3388 omnino

547 3429 724 3484 teneantur.

588 3515 607 3591 5
628 3515 677 3577 ld.
696 3514 727 3578 Si
744 3529 818 3575 vero
833 3515 870 3576 de
884 3513 1006 3576 Graecis
1018 3513 1219 3577 orientalibus
1231 3531 1294 3576 ser-

549 3625 599 3672 mo
614 3610 665 3683 sit,
678 3613 796 3671 constat
817 3607 953 3686 quidem,
972 3607 1137 3686 aliquando
1159 3608 1296 3686 proposi-

549 3709 616 3765 tum
628 3701 701 3780 ipsis
716 3700 819 3774 luisse,
836 3708 870 3762 ut
886 3717 969 3762 novo
987 3702 1150 3763 emendato
1166 3700 1293 3764 kalend.

547 3803 725 3870 uterentur}
737 3794 789 3856 sed
806 3801 909 3856 emen
922 3793 950 3855 id
964 3793 1088 3856 nullum
1104 3795 1225 3856 exitum
1242 3796 1294 3855 ha-

547 3889 624 3952 buit.
642 3889 726 3950 lnter
747 3887 891 3952 articulos
913 3893 943 3949 et
965 3887 1156 3949 conditiones
1178 3888 1295 3950 liuthe-

547 3983 595 4044 nis
609 3982 775 4062 propositas
787 3982 818 4043 in
836 3981 953 4044 unione
966 3979 1025 4042 sub
1040 3979 1202 4043 Clemente
1213 3981 1290 4043 lllll.

546 4083 672 4139 tractata
693 4085 725 4138 et
745 4074 900 4150 absoluta,
924 4090 958 4136 ea
980 4089 1106 4152 quoque
1126 4073 1164 4136 de
1186 4074 1294 4138 kalen·

544 4170 629 4232 dario
650 4169 827 4247 recipiendo
849 4169 965 4232 inserta
979 4167 1050 4243 luit,
1066 4168 1114 4231 cui
1136 4169 1293 4232 redditum

544 4279 744 4342 responsum:
780 4261 1012 4324 Kclccdcriom
1042 4277 1170 4334 orooro,
1198 4264 1226 4324 si
1247 4281 1292 4324 sc·

546 4355 687 4418 cundram
708 4354 881 4433 antiquom
905 4353 978 4431 ficri
998 4353 1113 4432 possit,
1138 4357 1292 4435 suscipia-

545 4466 631 4512 mus:
662 4449 709 4511 uti
737 4449 842 4524 legere
870 4454 915 4510 est
938 4448 970 4510 in
1000 4465 1093 4528 opere
1118 4449 1291 4514 Thomaea

544 4543 624 4618 lesu,
646 4559 719 4622 pop.
742 4541 831 4616 329,·
860 4551 891 4604 et
914 4543 985 4604 licet
1009 4558 1192 4620 responsum
1215 4545 1291 4609 illud

543 4636 778 4712 ambiguitatem
806 4637 970 4714 quamdam
1003 4637 1224 4714 praeseferret,
1248 4647 1292 4702 ta·

543 4745 617 4791 men
639 4746 674 4790 ea
697 4730 734 4792 de
754 4745 789 4790 re
809 4729 888 4790 nihil
910 4727 1044 4792 ulterius
1072 4741 1173 4794 actum
1196 4731 1290 4795 luisse

543 4821 817 4901 deprehendimus,
841 4839 943 4901 neque
965 4823 1022 4886 hoc
1046 4839 1139 4901 snper
1160 4827 1290 4888 articulo

542 4915 692 4978 iudicium
715 4915 813 4979 ullum
839 4917 969 4996 protulit
990 4917 1163 4995 theologus,
1179 4921 1232 4999 qui
1253 4922 1289 4983 ad

541 5026 609 5073 rem
621 5009 860 5073 examinandam
875 5010 976 5078 luerat
990 5012 1165 5092 deputatus,
1181 5029 1288 5092 quem·

542 5107 707 5168 admodum
730 5113 813 5186 patet
833 5123 872 5168 ex
894 5106 1002 5168 eodem
1024 5121 1117 5184 opere
1134 5121 1206 5186 pop.
1223 5107 1289 5168 335

542 5209 573 5260 et
593 5217 653 5279 aeq.
671 5199 844 5278 Aliquando
861 5208 963 5260 tamen
980 5199 1102 5278 ipsimet
1117 5199 1288 5264 Orientales

540 5302 651 5371 sponte
671 5309 726 5354 soa
753 5309 872 5355 novum
901 5292 1118 5355 kalendarium
1148 5310 1289 5373 suscepe-

541 5393 628 5460 runt,
651 5387 697 5447 uti
719 5401 904 5462 cognoscere
925 5387 996 5450 licet
1019 5403 1057 5448 ex
1080 5389 1202 5466 saepius
1216 5390 1288 5450 cita·

540 5487 570 5541 ta
592 5479 716 5557 synodo
737 5480 918 5557 provinciali
939 5479 1163 5544 Maronitarum
1185 5481 1288 5544 habita

540 5590 622 5636 anno
634 5589 853 5637 ccccxxxvi:
873 5575 980 5636 «Tam
996 5573 1027 5637 in
1045 5575 1180 5652 ieiuniis,
1194 5592 1287 5654 quam

539 5667 573 5729 in
594 5667 678 5730 iestis
699 5667 772 5729 anni
795 5669 913 5743 diebus,
935 5669 1000 5730 sive
1022 5667 1198 5744 mobilibus,
1221 5669 1286 5730 sive

539 5760 762 5837 immobilibus,
777 5761 1175 5825 romanumkalendarium
1187 5779 1203 5823 a
1213 5763 1286 5826 Gre-

540 5853 627 5932 gorio
649 5851 728 5916 illll.
745 5870 868 5916 sonmo
884 5854 1043 5933 Pontifice,
1062 5856 1099 5917 de
1114 5864 1219 5918 nostra
1234 5873 1286 5918 na·

539 5949 624 6010 tione
646 5949 763 6030 optime
784 5950 908 6026 merito,
931 5949 1142 6025 emendatum,
1165 5951 1199 6013 in
1221 5967 1287 6014 om-

1077 571 1142 626 lira.
1167 573 1256 626 bour.
1281 571 1371 626 brae.
1395 571 1425 627 li.
1450 578 1532 627 nans
1554 572 1575 627 l.

1357 698 1448 762 nibus
1478 700 1612 764 ecclesiis
1642 703 1755 765 nostris
1783 699 1940 765 observari
1967 703 2105 766 districte

1356 794 1550 869 mandamus,
1565 791 1697 873 'eiusque
1710 796 1884 860 kalendarii
1905 797 2058 860 rationem
2074 807 2105 860 et

1358 905 1462 964 usum,
1486 888 1746 967 quemadmodum
1769 899 1800 954 et
1817 897 1944 953 cantum
1966 892 2104 954 ecclesia-

1356 983 1469 1044 sticum
1497 983 1530 1044 in
1553 999 1740 1062 unaquaque
1766 981 1891 1046 ecclesia
1913 1003 1928 1045 a
1950 985 2105 1062 magistris

1356 1091 1468 1154 pueros
1490 1075 1611 1137 edoceri
1637 1076 1881 1155 praecipimus.»
1903 1077 1962 1141 Sed
1985 1081 2106 1157 quoties

1355 1167 1527 1231 Orientales
1544 1168 1676 1230 minime
1691 1179 1927 1246 consenserunt,
1944 1172 2107 1251 iustusque

1356 1261 1454 1324 adluit
1475 1261 1580 1336 timor,
1600 1278 1639 1324 ne
1662 1263 1817 1324 tumultus
1838 1263 2107 1342 dissensionesque

1357 1353 1578 1430 excitarentur,
1592 1355 1616 1416 si
1629 1355 1703 1416 novi
1719 1356 1891 1420 kalendarii
1914 1358 1985 1436 ipsis
2000 1359 2106 1420 iniun-

1357 1452 1484 1522 geretur
1516 1463 1609 1520 usus,
1641 1445 1713 1516 tulit
1740 1449 1912 1525 apostolica
1940 1447 2045 1522 Sedes,
2069 1459 2105 1512 ut

1356 1538 1525 1601 Orientales
1545 1544 1576 1600 et
1591 1540 1695 1602 Graeci
1719 1541 1751 1603 in
1774 1543 1901 1604 remotis
1922 1544 2106 1622 regionibus

1350 1633 1504 1719 ¹degentes
1533 1635 1673 1694 veterem
1703 1650 1789 1696 suam
1816 1637 2007 1716 disciplinam
2030 1639 2105 1700 reti-

1356 1733 1486 1800 nerent,
1509 1723 1652 1788 videlicet
1681 1728 1844 1806 antiquum
1867 1738 2028 1794 servarent
2049 1732 2105 1793 ka·

1356 1818 1542 1896 rendacium,
1560 1819 1751 1883 occasionem
1773 1824 2030 1902 opportuniorem
2050 1843 2106 1888 er-

1354 1920 1479 1992 pectans
1501 1911 1668 1974 inducendi
1690 1930 1782 1977 usum
1797 1917 1872 1978 novi
1886 1917 2106 1996 emendatione

1354 2005 1538 2068 kalendarii.
1557 2005 1620 2080 Qua
1637 2007 1668 2068 in
1685 2025 1720 2070 re
1736 2025 1870 2072 consona
1890 2027 2015 2090 quoque
2027 2019 2104 2074 sunt

1353 2099 1474 2160 decreta
1490 2100 1779 2184 congregationum
1794 2106 1832 2165 de
1846 2099 2042 2181 Prepaganda
2053 2106 2105 2168 Fi-

1353 2191 1433 2253 deet
1446 2207 1549 2254 sacrae
1570 2194 1801 2273 inquisitionis3
1825 2197 2102 2274 quemadmodum,

1352 2287 1451 2363 quoad
1473 2283 1618 2364 primam,
1640 2286 1887 2366 deprehenditur
1908 2305 1949 2352 eu
1969 2292 2103 2353 decretis

1352 2378 1441 2442 editis
1456 2378 1505 2441 die
1521 2395 1600 2442 xxu.
1618 2382 1740 2458 augusti
1752 2398 1895 2445 uncxxv.
1913 2391 1944 2446 et
1955 2385 2005 2447 die
2020 2401 2099 2446 uxr.

1351 2471 1455 2551 aprilis
1483 2489 1661 2552 uooxx11.;
1684 2474 1782 2554 quoad
1814 2479 1982 2540 secundam
2010 2494 2099 2552 vero,

1352 2581 1390 2626 ex
1411 2564 1543 2629 decretis
1572 2567 1694 2630 dierum
1723 2585 1813 2631 xvru.
1842 2570 1911 2632 iulii
1938 2587 2099 2647 unsrun,

1349 2674 1382 2720 ac
1398 2675 1463 2722 xrv.
1476 2661 1648 2725 decembris
1660 2677 1794 2724 uncxrr.
1810 2663 1876 2726 lmo
1891 2679 1940 2726 res
1955 2681 1991 2726 eo
2002 2681 2102 2744 quan-

1350 2751 1451 2832 doque
1473 2756 1631 2832 processit,
1644 2765 1679 2818 ut
1694 2755 1893 2818 missionariis
1908 2774 2031 2837 quoque
2045 2776 2100 2821 ve-

1352 2847 1425 2908 teris
1446 2847 1618 2911 kalendarii
1635 2867 1709 2912 usus
1720 2850 1815 2913 luerit
1830 2853 2009 2931 permissus,
2023 2856 2099 2918 dum

1350 2956 1470 3004 moram
1494 2945 1654 3006 traherent
1674 2946 1708 3007 in
1729 2947 1921 3024 regionibus,
1938 2948 2100 3029 inquibus

1351 3037 1464 3098 veteris
1487 3037 1657 3102 kalendarii
1673 3059 1747 3104 usus
1760 3042 1956 3106 solummodo
1977 3045 2100 3107 obtine-

1350 3141 1416 3216 bat;
1439 3138 1537 3202 veluti
1559 3156 1746 3218 cognoscere
1760 3147 1805 3202 est
1820 3157 1857 3202 er
1869 3143 2032 3206 nonnullis
2046 3146 2099 3208 de·

1349 3237 1440 3300 cretis
1455 3235 1732 3312 aCongregatione
1753 3236 1790 3298 de
1812 3234 2008 3316 Propaganda
2024 3239 2098 3301 Fide

1349 3330 1398 3393 die
1413 3345 1479 3391 xvr.
1497 3329 1601 3408 aprilis
1623 3346 1760 3393 uocem.
1779 3337 1810 3394 et
1824 3331 1874 3394 die
1888 3345 1953 3394 xvr.
1976 3334 2098 3396 decem-

1349 3422 1413 3485 bris
1435 3439 1566 3486 noocrv.
1587 3423 1751 3500 evulgatis.
2363 3503 2364 3508 ἵ

1389 3517 1477 3592 §hi
1495 3516 2095 3598 Reliquumest,utdepostremoquae·
2160 3527 2211 3584 svo
2238 3533 2298 3577 tuo

1348 3609 1419 3686 sito,
1442 3612 1480 3672 de
1500 3609 1618 3672 ieiunio
1641 3610 1768 3685 scilicet,
1798 3610 1891 3672 verba
1913 3613 1998 3673 liant.
2024 3613 2094 3691 Syri

1350 3703 1541 3781 Armenique
1556 3703 1708 3778 catholici,
1726 3704 1812 3765 iuxta
1827 3705 1967 3782 ipsorum
1983 3707 2093 3784 ritum,
2115 3688 2239 3789 Rflfigngm

1348 3799 1385 3860 ab
1406 3815 1464 3860 usu
1485 3796 1615 3876 piscium
1637 3797 1746 3859 ieiunii
1763 3806 1903 3876 tempore
1924 3800 2093 3880 abstinent;

1348 3907 1478 3966 verum,
1502 3905 1573 3952 cnm
1595 3890 1721 3954 Latinos
1743 3890 1780 3952 iis
1801 3893 1885 3954 vesci
1904 3895 2094 3971 conspiciant

1346 3991 1379 4046 et
1400 3984 1601 4063 caeteroquin
1623 3983 1811 4062 impossibile
1832 3984 1884 4046 vel
1908 3985 2017 4048 saltem
2038 3987 2095 4049 dii·

1348 4077 1523 4140 ticillimnm
1551 4083 1704 4139 asseratur
1731 4092 1784 4140 eos
1813 4085 1986 4158 temperare
2008 4097 2095 4159 posse

1345 4189 1361 4236 a
1377 4173 1521 4252 piscihus,
1536 4172 1648 4251 quihus
1663 4172 1788 4234 Latinos
1811 4173 1891 4234 vesci
1915 4174 2092 4252 intuentum

1347 4267 1415 4328 ideo
1437 4272 1595 4342 tamquam
1617 4264 1728 4326 rationi
1756 4276 2002 4328 consentaneum
2024 4283 2110 4346 pro--

1346 4359 1485 4436 ponitur,
1508 4366 1543 4420 ut
1564 4358 1765 4420 missionariis
1787 4357 1913 4422 lacultas
1939 4361 2094 4423 tribuatur

1347 4467 1418 4514 cum
1434 4452 1470 4514 iis
1488 4451 1697 4531 dispensandi,
1711 4459 1799 4514 caute
1822 4461 1926 4514 tamen
1944 4455 2093 4532 omnique

1345 4545 1465 4608 secluso
1479 4543 1633 4618 scandalo,
1646 4552 1676 4612 et
1691 4545 1743 4624 pio
1763 4544 1866 4623 aliquo
1888 4561 1980 4624 opere
2002 4546 2034 4608 in
2050 4546 2093 4608 lo·

1344 4653 1416 4700 cum
1431 4637 1636 4700 abstinentiae
1652 4653 1668 4698 a
1683 4637 1816 4716 piscibus
1830 4638 2007 4718 subrogato.
2032 4643 2093 4720 Ap-

1345 4730 1483 4793 tissimos
1505 4731 1556 4793 hic
1578 4732 1668 4792 lieret
1689 4731 1772 4792 locus
1792 4733 1961 4794 disserendi
1981 4735 2018 4796 de
2040 4751 2090 4796 ve·

1344 4829 1457 4887 tustate
1468 4823 1577 4885 ieiunii
1589 4823 2089 4905 apudOrientaleseiusquelege,

1343 4916 1415 4980 licet
1435 4918 1597 4994 severiori,
1620 4919 1813 4981 exactissime
1842 4925 1946 4982 tamen
1968 4936 2091 5000 semper

1343 5018 1479 5089 servata3
1502 5013 1611 5073 sedne
1627 5011 1782 5089 longiores
1803 5013 1913 5086 simne,
1928 5029 2021 5092 quam
2037 5029 2091 5093 par

1342 5111 1400 5178 est,
1424 5103 1453 5164 id
1476 5121 1575 5167 unum
1597 5105 1739 5182 dicimus,
1756 5105 1962 5185 Apostolicam
1978 5109 2089 5172 sedem
2130 5123 2299 5192 vetarentur·
2363 5107 2364 5110 ’

1343 5198 1435 5259 toties
1451 5197 1633 5261 Patriarcbis
1648 5199 1811 5275 obstitisse,
1820 5202 1940 5279 quoties
1951 5210 2089 5264 veterem
2108 5183 2145 5230 ¹¹¹¹
2157 5181 2299 5239 ⁶¹⁵⁰¹m¹¹¹³¹¹¹

2107 5237 2195 5284 iisdem
2215 5235 2299 5281 relaxa-

1342 5293 1480 5368 rigorem
1491 5293 1602 5355 ieiunii
1617 5294 1682 5357 suis
1695 5295 1825 5357 subditis
1846 5295 2027 5374 praescripti
2042 5312 2088 5358 re·
2108 5293 2297 5398 ffflssaqffl

1342 5383 1445 5446 laxare
1466 5385 1645 5449 voluerunt.
1668 5388 1777 5450 Petrus
1791 5388 2014 5451 Maronitarum
2035 5389 2089 5450 Pa·
2107 5357 2195 5448 {orrea
2208 5396 2279 5444 sace.

1344 5479 1491 5556 triorche,
1523 5481 1767 5561 archiepiscopis
1794 5489 1825 5543 et
1847 5483 2003 5563 Episcopis
2030 5484 2088 5546 sibi

1342 5573 1506 5649 subiectis,
1541 5574 1684 5638 carnibus
1713 5575 1793 5638 vesci
1824 5577 1974 5638 laicorum
2002 5591 2088 5638 more

1343 5666 1490 5742 indulsit,
1513 5668 1584 5730 licet
1613 5669 1697 5731 iuxta
1725 5676 1864 5731 veterem
1895 5669 2087 5749 disciplinam

1343 5761 1485 5823 carnibus
1506 5761 1714 5840 abstinerent;
1741 5763 1888 5824 universo
1908 5769 2014 5824 autem
2035 5779 2088 5842 po-

1342 5853 1416 5932 pulo
1437 5856 1689 5932 quadragesimae
1712 5867 1851 5934 tempore
1871 5855 1967 5934 pisces
1995 5857 2087 5920 edere

1341 5950 1515 6030 vinumque
1538 5951 1642 6012 bibere
1656 5950 1808 6028 permisit,
1824 5950 1965 6029 quamvis
1980 5951 2008 6014 id
2025 5951 2086 6012 illis

2114 3635 2300 3738 lunantaddsci
2363 3681 2364 3686 ,

2259 3703 2300 3738 hert

2115 3581 2195 3638 nique
2214 3588 2299 3631 cumis
2363 3591 2364 3622 t
