4856 6984
304 519 356 574 An.
371 521 401 575 (i.
423 521 489 574 1751
541 521 603 586 436

521 660 639 724 mitatis
660 660 755 724 robur
776 661 948 737 adiicimus,
965 669 1008 737 et,
1024 667 1177 740 quatenus
1192 675 1268 738 opus

522 755 573 830 sit,
596 755 631 817 ad
654 761 843 834 exponentes
866 755 1030 832 praelatos,
1056 754 1192 832 aliosque
1213 767 1267 829 pro

524 855 664 926 tempore
693 847 862 910 existentes
888 847 1065 926 provinciae
1089 845 1268 909 huiusmodi

523 941 666 1018 syndicos
688 940 885 1004 extendimus
900 947 931 1002 et
951 939 1134 1019 ampliamus
1155 953 1210 1000 seu
1231 937 1269 999 de

523 1046 606 1092 novo
627 1033 836 1108 concedimus,
849 1033 931 1094 salva
954 1040 1069 1108 tamen,
1093 1046 1215 1109 semper
1237 1030 1267 1091 in

523 1124 710 1202 praemissis
728 1127 913 1188 auctoritate
934 1125 1072 1188 eiusdem
1095 1125 1269 1201 congrega·

523 1215 617 1277 tionis
639 1216 858 1280 cardinalium.

563 1310 771 1374 Decernentes
800 1313 924 1374 easdem
949 1319 1127 1390 praesentes
1153 1311 1270 1373 litteras

525 1405 641 1479 sirmas,
665 1403 779 1465 validas
800 1410 832 1465 et
847 1403 985 1466 efficaces
998 1405 1132 1465 existere
1152 1410 1183 1465 et
1204 1403 1270 1464 iore

523 1511 658 1574 suosque
678 1497 833 1575 plenarios
855 1505 885 1559 et
908 1497 1045 1574 integros
1060 1497 1187 1560 allectus
1207 1511 1271 1557 sor-

473 1589 1270 1678 ‚mmmwmfflmmmmfflm

524 1697 579 1760 pro
602 1689 743 1762 tempore
764 1684 1025 1762 quandocumque
1045 1681 1193 1760 spectabit
1208 1681 1271 1760 ple-

524 1774 653 1838 nissime
673 1775 835 1852 suffragari
855 1784 887 1837 et
908 1774 945 1836 ab
966 1776 1010 1837 eis
1030 1775 1201 1852 respective
1223 1775 1270 1836 in·

525 1867 712 1930 violabiliter
733 1868 1021 1946 observari,sicque
1043 1869 1075 1930 in
1097 1867 1269 1947 praemissis

524 1975 579 2039 per
600 1976 813 2039 quoscumque
835 1962 951 2024 iudices
973 1960 1146 2024 ordinarios
1167 1968 1198 2022 et
1220 1962 1271 2023 de-

524 2053 639 2130 legatos
667 2055 761 2116 etiam
787 2069 949 2117 causarum
978 2054 1081 2133 palatii
1113 2053 1270 2133 apostolici

523 2147 688 2221 auditores,
712 2146 839 2210 iudicari
855 2153 886 2208 et
901 2147 1026 2210 deliniri
1041 2146 1165 2222 debere,
1182 2163 1216 2208 ac
1230 2146 1270 2208 ir·

524 2237 621 2298 ritutu
642 2245 673 2299 et
699 2238 803 2314 inane,
820 2239 845 2300 si
868 2254 954 2301 secus
975 2253 1069 2318 super
1090 2239 1137 2301 his
1158 2257 1174 2300 a
1195 2255 1271 2317 quo·

524 2344 617 2407 quam
639 2330 746 2408 quavis
768 2332 948 2393 auctoritate
962 2333 1097 2394 scienter
1111 2333 1162 2394 vel
1184 2333 1271 2408 iguo·

524 2428 629 2484 ranter
655 2423 821 2500 contigerit
849 2423 996 2484 attentari
1023 2424 1272 2505 quibuscumque

524 2515 557 2578 in
579 2515 770 2577 contrarium
785 2514 969 2577 iacientibus
984 2531 1047 2578 non
1066 2516 1268 2580 obstantibus.

563 2607 677 2670 ilatum
704 2607 835 2682 Romae,
861 2606 942 2684 apud
971 2605 1001 2670 S.
1026 2607 1153 2670 blaciam
1180 2610 1272 2672 blaio·

524 2715 603 2776 rem,
624 2700 682 2762 sub
703 2699 820 2762 annulo
838 2698 1012 2778 Piscatoris,
1038 2701 1086 2763 die
1101 2716 1175 2764 xxv.
1200 2704 1271 2764 maii

525 2810 653 2856 nocent.
671 2793 869 2872 pontificatus
890 2794 988 2855 nostri
1009 2810 1092 2857 anno
1115 2811 1160 2856 ιιι.

564 3221 595 3276 (1)
610 3223 660 3268 Pro
680 3222 847 3278 regularibus
868 3223 984 3269 notanda
1004 3225 1067 3270 sunt
1088 3229 1122 3273 ti·
1137 3223 1171 3280 20,
1185 3225 1220 3279 tl,
1234 3226 1269 3280 22,

523 3287 558 3342 29,
572 3289 606 3343 32,
621 3289 655 3344 33,
670 3289 702 3333 il.
718 3289 844 3334 Addimus
858 3300 983 3346 sequens:

811 3424 981 3468 bncnnrtltl

606 3559 697 3604 Felicia
711 3563 905 3606 recordationis
921 3563 1060 3604 Onmaatts
1074 3561 1124 3604 PP.
1141 3561 1185 3603 XI.

522 3629 593 3672 circa
603 3629 802 3672 celebrationem
812 3631 841 3671 tn
852 3631 979 3672 orator-tta
985 3631 1103 3681 artoarto
1112 3631 1271 3672 catenatum

734 3704 777 3738 xv.
793 3697 935 3739 decerneres
950 3704 1057 3739 nrnccrn.

562 3827 688 3873 Nonnulli
709 3828 829 3885 Episcopi
849 3830 876 3874 et
889 3828 1038 3885 complures
1059 3828 1207 3886 regulares,
1222 3828 1271 3873 sub

521 3896 661 3950 praetextu
675 3893 884 3951 privilegiorum,
896 3906 926 3941 ea
937 3895 988 3940 sibi
999 3894 1080 3940 licere
1090 3897 1194 3952 putant,
1203 3905 1271 3951 quae

522 3959 656 4017 prohibita
671 3964 746 4018 sunt;
761 3961 892 4018 siquidem
907 3962 1028 4020 Episcopi
1047 3962 1128 4008 etiam
1142 3962 1170 4007 in
1184 3961 1271 4007 aliena

521 4027 641 4084 muscosi,
651 4030 727 4074 extra
741 4029 848 4074 domum
859 4028 981 4086 propriae
990 4028 1171 4084 habitationis,
1182 4027 1209 4072 in
1221 4027 1272 4083 pri·

521 4091 590 4138 vatis
604 4092 734 4138 laicorum
749 4091 870 4139 domibus
884 4094 953 4150 erigi
967 4090 1068 4139 iaciunt
1078 4095 1172 4148 altare,
1182 4091 1271 4149 ibique

521 4169 665 4215 perunum
688 4162 737 4204 aut
750 4159 840 4216 plures
855 4171 869 4204 e
884 4159 940 4205 suis
961 4159 1121 4217 cappellanis
1140 4159 1270 4204 vivificam

522 4225 622 4274 christi
635 4226 751 4272 hostiam
772 4226 922 4280 immolari:
944 4227 1083 4283 regulares
1097 4237 1159 4272 vero
1174 4225 1201 4271 in
1216 4225 1273 4283 qui·

521 4291 632 4338 busdam
647 4295 812 4348 magnatum,
827 4304 874 4338 seu
884 4293 1000 4340 aliarum
1011 4292 1139 4339 nobilium
1150 4304 1271 4350 persona-

522 4367 582 4402 rum
597 4357 709 4414 privatis
730 4359 864 4413 oratoriis,
884 4359 1054 4415 quaerentis
1069 4359 1226 4416 quandoque
1240 4373 1271 4405 ex

521 4425 609 4469 causis
623 4435 639 4470 a
654 4425 718 4470 sede
732 4423 879 4481 apostolica
899 4425 1006 4470 concedi
1026 4425 1121 4480 solent,
1137 4425 1271 4472 celebrare

521 4490 629 4546 audent,
639 4492 681 4536 vel
692 4491 782 4546 plures
795 4491 898 4546 missas,
909 4502 989 4548 quam
1000 4491 1027 4536 in
1037 4490 1071 4536 lis
1082 4491 1117 4537 sit
1127 4491 1270 4549 indultum,

521 4557 564 4602 vel
583 4555 683 4613 absque
703 4557 855 4613 praesentia
874 4568 1057 4614 personarum,
1079 4568 1194 4614 quarum
1215 4569 1271 4605 con·

522 4623 694 4678 templatione
709 4622 827 4679 gratiosa
841 4624 973 4669 concessio
987 4624 1130 4680 emanavit,
1140 4625 1181 4668 vel
1196 4627 1271 4670 extra

521 4689 623 4736 debitas
637 4689 717 4736 horas
731 4693 757 4735 et
771 4693 830 4747 post
845 4691 991 4747 meridiem,
1006 4692 1048 4737 vel
1061 4691 1116 4736 illis
1128 4690 1210 4736 etiam
1220 4690 1271 4736 die-

521 4757 582 4812 bus,
605 4757 702 4814 quibus
725 4768 772 4814 per
792 4758 996 4804 constitutiones
1020 4759 1202 4814 dioecesanas,
1223 4760 1270 4803 aut

522 4823 603 4870 etiarn
617 4825 723 4869 decreta
738 4827 833 4870 Sacrae
847 4824 1064 4882 congregationis
1083 4824 1193 4870 concilii
1207 4823 1271 4868 cele·

521 4890 596 4935 brari
609 4889 773 4947 prohibetur,
788 4893 835 4937 aut
849 4903 916 4948 quae
930 4892 958 4936 in
973 4892 1037 4948 ipsis
1048 4891 1160 4936 indultis
1170 4893 1272 4948 aposto-

521 4957 579 5002 licis
593 4956 769 5013 excipiuntur,
784 4957 937 5014 quominus
952 4957 980 5002 in
995 4959 1048 5004 illis
1069 4957 1200 5003 celebrari
1215 4967 1271 5014 pos·

522 5024 566 5080 sit,
580 5027 626 5068 aut
640 5022 720 5068 etiam
734 5023 816 5070 altari
836 5024 959 5081 portatili
972 5025 1014 5070 uti
1028 5035 1079 5071 non
1102 5027 1228 5070 verentur
1241 5023 1269 5068 iu

521 5100 658 5137 sacrarum
680 5089 846 5136 sanctionum
868 5092 1058 5148 contemptum,
1080 5102 1111 5138 ac
1132 5090 1216 5137 saneti
1231 5101 1271 5136 sa·

521 5156 614 5202 criticii
633 5157 844 5203 irreverentiam.
865 5157 1048 5213 Quamobrem,
1063 5158 1096 5203 ad
1111 5158 1209 5203 abusus
1223 5157 1270 5202 bu·

521 5223 636 5269 iusmodi
655 5224 839 5280 eliminandos,
853 5224 886 5270 ad
901 5223 1103 5270 instaurandam
1125 5223 1270 5269 veneratio·

520 5300 581 5335 nem
596 5291 733 5336 tremendo
748 5289 876 5347 mysterio
890 5290 1015 5347 debitam,
1031 5290 1213 5336 sanctissimus
1228 5289 1270 5335 do-

521 5356 609 5402 minus
630 5359 729 5413 noster,
744 5369 775 5402 ex
794 5357 915 5404 unanimi
936 5361 997 5403 voto
1018 5361 1042 5402 S.
1059 5361 1087 5402 it.
1103 5361 1130 5402 Ε.
1147 5357 1269 5402 cardina-

521 5423 587 5468 lium
602 5424 710 5470 concilii
724 5425 793 5473 urid.
808 5428 997 5483 Interpretum‚
1011 5425 1173 5471 inhaerendo
1186 5425 1271 5470 decla·

522 5489 669 5536 rationibus
682 5491 750 5538 alias
765 5493 814 5538 hac
827 5493 859 5538 de
869 5504 898 5538 re
909 5491 996 5548 editis,
1006 5502 1128 5548 expresse
1138 5490 1268 5536 declarat:

522 5555 653 5616 Episcopis
668 5561 695 5603 et
710 5557 752 5603 his
773 5558 919 5604 maioribus
939 5555 1075 5614 praelatis,
1090 5557 1171 5602 etiam
1186 5555 1268 5602 cardi-

521 5623 628 5670 nalatus
641 5623 773 5680 dignitate
787 5622 958 5680 tulgentibus,
973 5633 1058 5679 neque
1070 5623 1118 5668 snb
1128 5625 1268 5679 praetextu

521 5689 652 5746 privilegii
672 5690 757 5736 clausi
771 5689 798 5736 in
813 5701 921 5747 corpore
943 5689 1020 5746 iuris,
1043 5700 1126 5746 neque
1140 5690 1194 5736 alio
1208 5701 1269 5750 quo·

521 5767 574 5811 quo
594 5755 682 5810 titulo,
697 5757 770 5802 nullo
792 5757 869 5802 modo
890 5755 976 5813 licere,
998 5759 1075 5804 extra
1089 5757 1196 5802 domum
1211 5767 1269 5814 pro-

521 5821 596 5878 priae
609 5822 782 5870 habitationis
795 5823 823 5868 in
838 5823 959 5869 domibus
973 5823 1058 5878 laicis,
1074 5824 1154 5870 etiam
1169 5824 1196 5868 in
1211 5835 1268 5880 pro

521 5887 579 5944 pria
600 5889 719 5945 dioecesi,
740 5889 809 5946 quod
832 5889 926 5936 lortius
947 5889 1112 5947 intelligitur
1129 5891 1157 5938 in
1171 5889 1265 5947 ababa,

1046 541 1107 586 tun.
1134 541 1225 586 PONT·
1248 541 1289 584 ΠΕ
1311 541 1340 584 P·
1364 539 1392 584 F.
1419 539 1500 584 PARS
1522 539 1542 581 l.

1643 653 1749 720 CXXI.

1364 843 1409 905 De
1430 843 1569 908 oratorii
1590 843 1714 920 privet-i
1736 842 1892 904 erectione
1914 845 1945 902 ct
1967 857 2031 903 uso

1325 939 1423 1000 iacto
1445 935 1592 998 ccclesiae
1614 934 1820 1012 disciplinam
1849 933 1991 996 deceruit
2013 930 2068 1012 (l).

1418 1119 1553 1204 Epistola
1575 1118 1731 1203 enctclioa
1753 1118 1788 1188 at
1811 1117 1971 1202 primaten,

1326 1215 1581 1298 drobiepiseopoe
1591 1211 1802 1296 etEpiscopos
1814 1208 1907 1295 Regni
1917 1211 2070 1290 Pelopiae,

1458 1358 1703 1429 tenebratus
1726 1357 1941 1430 setsooetts

1543 1497 1730 1566 Venerabilis
1751 1498 1859 1576 irater,

1366 1593 1494 1662 salutern
1514 1597 1547 1660 el
1565 1591 1762 1676 apostolicam
1783 1589 2031 1658 benedictionem.

1366 1783 1475 1858 blegne
1496 1798 1568 1844 cum
1590 1781 1685 1843 animi
1707 1783 1805 1844 nostri
1827 1781 1933 1844 dolore
1953 1783 2072 1844 anobis

1326 1876 1522 1939 intellectum
1552 1885 1608 1950 est,
1633 1876 1801 1938 nonnullas
1822 1876 1855 1938 in
1884 1875 2072 1938 dioecesibus

1325 1970 1435 2032 vestris
1467 1970 1694 2032 controversias
1724 1987 1757 2031 ac
1785 1969 1915 2032 molesta
1937 1969 2071 2044 dissidia,

1326 2070 1451 2142 propter
1472 2062 1604 2124 oratoria
1618 2063 1748 2142 privata,
1766 2062 1988 2138 insurrexisse;
2004 2062 2071 2142 qui·

1325 2155 1381 2217 bus
1402 2153 1612 2234 praecidendis
1633 2170 1705 2217 cnm
1726 2155 1829 2216 omnis
1850 2170 1904 2233 per
1925 2170 1979 2215 vos
1999 2170 2072 2216 cura

1326 2265 1359 2310 ac
1380 2247 1541 2323 diligentia
1560 2246 1696 2308 adbibita
1710 2245 1817 2322 luerit,
1834 2261 1897 2309 non
1919 2246 2009 2308 modo
2021 2261 2073 2323 op

1326 2347 1388 2403 tato
1410 2342 1473 2402 stne
1499 2339 1640 2402 frustrati
1660 2341 1726 2401 sitis
1753 2339 1806 2400 sed
1828 2347 1859 2400 et
1881 2339 1912 2402 in
1940 2339 2072 2400 aliorum

1325 2431 1531 2494 offensionem
1554 2431 1761 2506 incurreritis,
1773 2431 1923 2509 vobisque
1944 2447 2011 2493 eam
2026 2447 2072 2492 ac-

2102 515 2164 569 An.
2181 515 2214 566 G.
2238 514 2307 565 1751
2329 561 2332 570 ,

2120 1790 2307 1838 Prooemium.

1326 2522 1517 2603 quisiveritis
1529 2524 1804 2602 reprehensionem
1816 2530 1847 2585 et
1858 2523 2071 2601 notam,quasi
2171 2515 2173 2519 ’

1326 2615 1425 2677 ιιιιιιιο
1446 2615 1550 2691 rigore
1571 2615 1742 2677 adhibendo
1757 2614 1886 2677 modum
1907 2613 2069 2676 excedatis:

1326 2706 1425 2785 optari
1445 2707 1575 2784 proinde
1597 2723 1613 2768 a
1634 2705 1740 2778 vobis,
1761 2713 1796 2767 ut
1818 2721 1873 2785 per
1897 2706 1975 2768 banc
1997 2705 2072 2768 Sau-

1326 2807 1407 2861 ctam
1428 2798 1541 2863 Sedem
1562 2805 1663 2860 certae
1685 2798 1772 2860 vobis
1793 2798 1921 2875 regulae
1936 2797 2073 2860 indicen-

1327 2898 1391 2966 tur,
1413 2893 1448 2953 ad
1472 2906 1605 2969 quarum
1635 2906 1796 2966 normam,
1826 2891 1952 2952 sublatis
1974 2890 2073 2952 abusi-

1326 2981 1396 3057 bus,
1418 2983 1530 3062 prirati
1553 2983 1681 3046 oratorii
1710 2983 2072 3064 privilegiumdexerceri

1324 3223 1431 3269 etiamsi
1445 3223 1592 3269 dioecesani
1611 3233 1753 3269 cousensus
1769 3221 1951 3277 adhiberetur,
1970 3220 2074 3278 erigere

1323 3291 1417 3345 altare,
1432 3289 1521 3347 ibique
1537 3293 1733 3336 sacrosanctum
1748 3290 1846 3336 missae
1861 3286 2022 3336 sacrificium
2036 3299 2074 3334 ce·

1323 3357 1438 3414 lebrare,
1453 3357 1508 3404 sive
1521 3356 1651 3403 celebrari
1665 3356 1756 3403 iacere.
1773 3361 1808 3402 Ac
1822 3355 1880 3414 pari
1894 3357 1969 3403 modo
1979 3356 2007 3402 in
2018 3366 2075 3402 ora·

1324 3424 1402 3470 toriis
1416 3423 1535 3480 privatis,
1550 3436 1618 3482 quae
1632 3435 1679 3482 per
1701 3427 1823 3471 Sanctam
1846 3425 1937 3470 sedem
1952 3435 2073 3471 concessa

1324 3492 1432 3549 tuerint,
1443 3505 1494 3539 non
1503 3494 1584 3538 licere
1595 3493 1765 3550 regularibus
1775 3493 1891 3539 cuiusvis
1902 3491 2016 3548 ordinis,
2026 3495 2074 3538 aut

1324 3559 1443 3606 instituti
1457 3572 1504 3606 seu
1522 3559 1744 3618 congregationis,
1759 3560 1840 3606 etiam
1862 3559 2001 3606 societatis
2015 3562 2074 3604 lesu

1324 3631 1371 3674 aut
1393 3629 1475 3675 etiarn
1495 3629 1685 3686 cuiuscumque
1708 3627 1813 3673 Ordinis
1835 3625 1971 3682 Militaris,
1992 3625 2073 3672 etiam

1325 3698 1348 3740 S.
1365 3696 1469 3742 loannis
1484 3694 1727 3751 Hierosolymitani,
1737 3695 1784 3739 aut
1793 3693 1855 3739 aliis
1865 3692 2074 3750 quibuscumque

1325 3761 1514 3817 sacerdotibus,
1535 3759 1641 3806 etiamsi
1661 3761 1751 3805 essent
1771 3756 1899 3816 Episcopi,
1921 3758 1948 3802 in
1963 3757 1997 3803 iis
2011 3758 2074 3803 eele-

1326 3829 1403 3874 hrare
1418 3827 1445 3872 in
1459 3828 1551 3873 diebus
1573 3828 1716 3883 Pascbatis,
1731 3829 1906 3880 Pentecosten,
1920 3824 2074 3872 Nativitatis

1325 3895 1425 3939 Christi
1444 3893 1555 3949 Domini,
1570 3894 1682 3950 aliisque
1697 3893 1761 3940 anni
1774 3892 1847 3938 iestis
1863 3891 2073 3948 solemnioribus,

1324 3971 1355 4006 ac
1369 3961 1461 4005 diebus
1476 3961 1503 4004 ln
1517 3960 1622 4006 indulto
1636 3962 1758 4017 exceptis.
1775 3963 1804 4004 In
1819 3958 1930 4016 reliquis
1947 3969 2010 4004 vero
2024 3957 2074 4002 die·

1325 4028 1382 4083 bus,
1396 4027 1539 4084 praedictis
1554 4027 1722 4084 regularibus
1736 4029 1763 4071 et
1777 4024 1959 4071 sacerdotibus
1969 4023 2074 4080 quibus·

1324 4105 1446 4150 cumque,
1460 4094 1542 4140 etiam
1557 4093 1697 4152 Episcopis
1712 4093 1739 4138 in
1753 4090 1879 4148 praelatis
1896 4090 2022 4138 oratoriis
2036 4101 2075 4136 ce-

1324 4161 1429 4206 lebrare
1451 4171 1502 4206 nou
1516 4159 1604 4216 licere,
1618 4159 1664 4205 ubi
1679 4160 1733 4205 iam
1754 4157 1833 4203 unica
1855 4157 1945 4212 missa,
1964 4167 2031 4214 quae
2045 4157 2072 4201 iu

1325 4227 1429 4271 indulto
1443 4226 1603 4280 conceditur,
1618 4225 1699 4270 drerit
1713 4225 1860 4270 celebrata:
1875 4234 1955 4279 super
1969 4233 2022 4279 quo
2035 4233 2074 4267 ce·

1324 4291 1478 4339 lebraturus
1497 4294 1620 4338 teneatur
1640 4291 1781 4348 diligenter
1795 4289 1941 4348 inquirere,
1955 4291 1982 4334 et
1997 4289 2028 4334 de
2042 4299 2072 4334 eo

1324 4371 1352 4404 se
1366 4360 1464 4416 optime
1484 4358 1643 4404 informare:
1665 4359 1745 4416 atque
1759 4357 1805 4404 illa
1825 4357 1907 4402 etiam
1926 4355 1953 4400 in
1968 4355 2073 4401 casibus

1324 4427 1478 4484 praemissis
1492 4425 1620 4471 celebrari
1642 4427 1756 4480 nequeat
1777 4425 1835 4479 post
1857 4419 2011 4475 meridiem
2033 4420 2074 4466 de·

1325 4493 1473 4540 mandando
1488 4492 1602 4538 ulterius
1617 4493 1643 4536 et
1660 4490 1819 4537 declarando
1832 4491 1860 4535 in
1873 4489 1995 4535 omnibus
2010 4487 2073 4534 casi-

1325 4560 1382 4614 bus,
1396 4571 1521 4616 personas
1534 4568 1713 4617 quascumque
1728 4558 1811 4603 dictas
1826 4557 1921 4602 missas
1936 4555 2074 4602 audientes

1325 4625 1477 4671 nullatenus
1491 4629 1630 4684 praecepto
1641 4623 1766 4671 ecclesiae
1776 4623 1935 4670 satisfacere.
1947 4627 2002 4673 Quo
2012 4633 2074 4667 vero

1325 4692 1358 4737 ad
1371 4693 1456 4738 altare
1476 4693 1609 4750 portatile,
1624 4693 1725 4738 iterum
1744 4690 1906 4736 inhaerendo
1921 4689 2074 4735 declaratio

1324 4759 1402 4804 uibus
1417 4759 1575 4818 supradictis
1595 4760 1707 4815 censuit,
1729 4758 1858 4813 licentias,
1873 4769 1919 4804 seu
1933 4757 2074 4815 privilegia

1324 4835 1445 4872 concessa
1465 4827 1600 4871 nonnullis
1621 4826 1791 4882 regularibus
1806 4829 1835 4869 tn
1855 4835 1913 4877 cop.
1933 4827 1962 4868 In
1977 4823 2028 4878 bis,
2043 4828 2074 4869 dc

1322 4895 1414 4944 privat.
1430 4903 1460 4936 ac
1474 4902 1520 4948 per
1541 4891 1643 4948 aliquos
1665 4896 1787 4937 Summos
1806 4889 1946 4935 Pontifices
1959 4889 2020 4935 aliis
2036 4900 2075 4934 re·

1324 4957 1464 5014 gularibus
1477 4958 1679 5014 communicata,
1694 4957 1786 5003 artandi
1805 4956 1875 5002 dicto
1890 4956 1972 5003 altari
1986 4957 2073 5012 porta-

1325 5023 1369 5068 tili
1382 5023 1410 5068 in
1423 5035 1505 5080 eoque
1514 5025 1664 5070 celebrandi
1673 5024 1771 5082 absque
1782 5023 1985 5068 ordinariorum
1995 5023 2072 5068 licen·

1324 5089 1371 5145 tia,
1381 5089 1409 5134 in
1422 5089 1495 5146 locis,
1505 5090 1532 5136 in
1543 5090 1639 5147 quibus
1649 5091 1756 5146 degunt,
1766 5089 1874 5135 omnino
1884 5091 2007 5134 resumta
2017 5099 2073 5135 esse

1324 5157 1460 5213 peridem
1485 5156 1628 5204 Concilium
1651 5156 1849 5211 Tridentiuum,
1874 5157 1953 5212 atque
1976 5154 2074 5202 idcirco

1323 5224 1429 5268 eosdem
1443 5225 1580 5280 regulares
1595 5223 1778 5280 prohibendos,
1794 5233 1826 5268 ne
1840 5223 1895 5268 illis
1909 5223 2029 5278 utantur,
2044 5233 2075 5268 ac

1324 5290 1512 5346 mandandum,
1526 5292 1606 5346 prout
1620 5289 1767 5347 praesentis
1781 5291 1872 5334 tenore
1893 5288 2002 5335 manem
2017 5287 2074 5344 lipi-

1324 5355 1416 5413 scopis,
1430 5356 1543 5414 aliisque
1559 5356 1705 5402 ordinariis
1720 5357 1846 5411 locorum,
1856 5357 1887 5401 ut
1897 5357 1990 5401 contra
1999 5365 2074 5412 quos-

1323 5434 1435 5480 cumque
1455 5425 1683 5470 contravenientes
1697 5423 1818 5482 quamvis
1835 5423 1973 5479 regulares
1987 5432 2075 5480 proce·

1323 5492 1395 5546 dant,
1410 5491 1492 5536 etiam
1506 5492 1643 5547 tamquam
1653 5489 1898 5546 sedisapostolicae
1908 5487 2030 5546 delegati,
2040 5491 2073 5534 ad

1323 5567 1419 5614 poenas
1433 5557 1611 5613 praescriptas
1625 5568 1672 5613 per
1686 5556 1756 5602 idem
1769 5559 1879 5601 sacrum
1889 5553 2034 5601 Concilium
2045 5556 2074 5600 in
2140 5610 2142 5615 .

1323 5623 1392 5668 dicto
1406 5622 1512 5667 decreto
1525 5635 1586 5667 sess.
1600 5624 1642 5672 22,
1660 5634 1679 5666 c.
1696 5627 1784 5670 unwo,
1802 5631 1885 5677 usque
1899 5620 1932 5666 ad
1946 5632 2073 5668 censuras

1322 5688 1393 5735 latae
1408 5688 1568 5735 sententiae:
1584 5688 1685 5734 tributa
1694 5688 1774 5734 etiam
1786 5687 1879 5732 iisdem
1889 5686 2015 5733 racmtate
2026 5699 2073 5744 per

1323 5757 1372 5801 hoc
1385 5756 1531 5810 decretum,
1541 5755 1580 5800 ita
1589 5753 1753 5813 procedendi,
1764 5753 1873 5810 perinde
1882 5763 1913 5798 ac
1922 5753 1945 5798 si
1954 5764 2001 5810 per
2012 5757 2074 5800 san·

1322 5825 1393 5868 ctam
1409 5823 1500 5868 Sedern
1514 5821 1665 5878 specialiter
1679 5831 1800 5865 concessa
1810 5818 1915 5874 inissem
1926 5821 1952 5864 et
1963 5819 2002 5867 ita
2012 5823 2073 5867 San·

1323 5889 1402 5938 clitas
1417 5891 1470 5936 Sua
1483 5889 1609 5942 dechrat,
1623 5890 1650 5933 ot
1664 5887 1767 5932 servari
1780 5886 1888 5932 mandat
1903 5889 1951 5936 eto.
