4764 6972
887 539 1086 584 nannnlcrtts
1106 538 1171 584 xiv.

253 661 286 724 in
305 659 416 722 eodem
438 659 585 740 capitulo,
608 659 733 722 iacente
754 659 828 734 Deo,
851 660 1004 722 constabi-

253 755 304 816 lita
324 753 384 816 luit
399 755 490 816 unica
506 753 719 829 congregatio,
730 766 770 814 ex
783 752 901 816 duabus
915 767 1002 830 prae·

252 847 321 909 latis
341 845 513 924 provinciis
546 847 732 924 composita,
760 844 818 908 sub
846 845 1002 921 regimine

252 939 343 1004 unius
377 939 791 1016 Proto-drobimandritae3
828 939 1001 1018 supradicta

252 1034 341 1096 etiam
362 1033 548 1094 alternative
564 1031 718 1110 proposita
734 1041 765 1092 et
779 1031 912 1094 stabilita
928 1031 1001 1106 luit,

252 1135 282 1189 et
301 1127 477 1188 secundum
504 1140 574 1186 eam
595 1123 713 1186 electus
740 1123 799 1186 luit
830 1124 1001 1187 Proto-Ar·

251 1218 474 1295 obimandrita,
506 1225 600 1297 atque
621 1218 646 1280 is
667 1223 698 1279 et
727 1217 912 1279 Litbuaniae
933 1234 1002 1296 pro-

252 1312 369 1389 xincia3
392 1311 482 1374 electi
504 1311 621 1391 pariter
642 1310 772 1374 luerunt
787 1310 932 1372 officiales
953 1311 1002 1372 in·

250 1406 388 1478 leriores,
405 1403 597 1467 consultores
613 1404 765 1465 nimirum
782 1410 813 1465 et
831 1405 1000 1479 secretarii,

250 1499 368 1577 aequali
390 1513 525 1560 numero
548 1504 609 1558 tam
631 1513 670 1558 ex
691 1513 765 1572 una,
782 1512 875 1575 quam
891 1511 929 1558 ex
945 1497 1000 1558 alia

250 1592 427 1670 proxincia3
455 1591 593 1669 aliaeque
625 1589 730 1670 plures
761 1590 1001 1652 constitutiones

250 1693 279 1746 et
300 1684 508 1746 resolutiones
530 1690 717 1744 emanarunt
738 1698 793 1760 pro
815 1682 897 1744 ielici
919 1683 1001 1759 regi-

250 1777 337 1840 mine
357 1777 451 1838 buius
472 1792 572 1838 novae
597 1775 846 1853 congregationis
867 1790 906 1836 ex
929 1775 1001 1838 dua·

250 1871 306 1933 bus
328 1869 498 1950 provinciis
518 1870 714 1947 composilae.

110 1974 233 2040 oximano
288 1964 307 2038 ἓ
324 1963 353 2026 7.
372 1962 452 2026 Cum
467 1972 585 2037 autem,
601 1978 657 2040 pro
671 1961 920 2039 supradictorum
935 1977 1000 2024 om·

83 2030 233 2144 manig]
251 2059 341 2119 nium
364 2057 523 2129 firmitate,
547 2063 703 2129 nostrum,
720 2062 755 2116 ut
770 2071 825 2134 par
839 2062 917 2129 erat,
930 2071 1001 2134 apo-

84 2138 233 2188 ³l³÷¹l²⁰l⁰⁰¹³
249 2150 395 2212 stolicum
417 2148 649 2228 beneplacitum
671 2155 864 2210 reservatum
886 2147 999 2225 luerit,

84 2189 233 2294 {acchonem-
249 2259 306 2305 nos
329 2259 404 2306 vero
419 2258 491 2305 cum
507 2241 635 2304 consilio
646 2257 718 2303 ren.
731 2242 864 2302 fratrum
880 2250 1001 2304 nostro-

84 2294 231 2354 raaqutibldem
441 2336 458 2346 ,,
764 2334 770 2346 ,
815 2334 820 2346 ,
977 2335 983 2346 ,

84 2357 190 2400 maican.
249 2352 319 2398 rum
342 2343 477 2412 negotiis
499 2333 715 2412 Propagandae
736 2335 822 2396 Tader
848 2351 999 2413 praeposi·

249 2437 356 2491 torum
378 2429 466 2490 nobis
493 2427 726 2506 procedendum
747 2444 814 2490 esse
841 2429 999 2491 censueri-

248 2539 339 2600 mus3
362 2523 536 2584 convocatis
563 2521 681 2582 eisdem
709 2537 813 2584 coram
842 2523 930 2584 nobis
951 2523 999 2584 die

249 2617 412 2693 trigesimo
450 2615 566 2677 mensis
597 2615 700 2676 martii
735 2616 890 2677 currentis
925 2617 999 2678 anni

249 2725 439 2785 unccxcrv,
456 2708 664 2786 omnibusque
687 2708 719 2769 in
740 2710 848 2770 eadem
870 2724 1001 2785 congre-

249 2803 376 2879 gatione
396 2801 567 2881 perpensis,
591 2817 669 2879 quae
689 2799 724 2864 ad
747 2799 938 2878 praedictum
953 2818 1001 2863 ca-

247 2895 386 2973 pitulum
409 2894 667 2972 generalellubni
689 2893 843 2966 habitum,
859 2894 895 2955 ad
911 2895 1000 2957 unio·

247 3003 323 3050 nem
345 2989 478 3050 duarum
493 2987 785 3064 congregationum,
798 2985 835 3047 ad
849 2987 1000 3049 constitu-

249 3087 313 3142 tam
334 3080 418 3142 inter
439 3097 489 3142 eas
510 3079 739 3154 alternatlram,
763 3087 856 3158 atque
877 3079 999 3143 electio-

247 3189 325 3235 nem
350 3173 733 3235 Proto-drobimandritae
762 3173 857 3235 totius
881 3174 999 3236 ordinis

246 3267 289 3328 ibi
313 3280 466 3345 peractam
493 3266 708 3344 pertinerent,
738 3265 846 3326 libenti
874 3281 999 3343 promus

246 3360 353 3420 animo
384 3357 507 3420 adducti
534 3374 655 3432 sumus,
683 3364 719 3419 ut
747 3361 997 3437 approbaremus,

247 3451 512 3532 quemadmodum
528 3467 583 3530 per
597 3460 774 3530 praesentes
795 3462 915 3516 nostras
929 3470 999 3533 apo-

245 3546 371 3609 stolicas
385 3545 489 3607 literas
503 3545 709 3624 approbamus
724 3553 754 3608 et
765 3549 997 3624 continuamus,

247 3647 311 3702 tam
334 3637 507 3718 capitulum
535 3638 692 3715 generale,
715 3655 807 3717 quam
835 3641 997 3718 unionem,

246 3731 479 3804 alternativam,
501 3738 594 3809 atque
616 3731 801 3793 electionem
829 3732 1000 3796 Proto-itr-

247 3823 492 3897 cbimandritae,
524 3823 720 3902 aliorumque
746 3824 935 3902 officialium,
965 3828 997 3889 in

247 3918 360 3978 eodem
381 3917 515 3994 capitulo
537 3917 674 3978 decretas
695 3925 727 3978 et
742 3920 914 3996 respective
930 3935 999 3999 per-

246 4017 344 4086 actas;
368 4025 448 4086 quae
468 4009 573 4069 omnia
594 4011 630 4072 ad
654 4010 820 4073 utilitatem
842 4012 937 4090 ipsius
951 4029 999 4075 or-

247 4102 331 4164 dinis
352 4101 384 4163 S.
408 4100 531 4175 anilii,
554 4117 649 4179 quem
671 4110 817 4182 paternae
844 4105 999 4168 charitatis

247 4195 361 4256 aflectu
394 4195 632 4272 prosequimur,
660 4193 825 4257 salubriter
852 4197 999 4276 expedire

247 4287 468 4361 iudicavimus,
490 4296 584 4365 atque
605 4289 679 4349 adeo
702 4288 883 4351 iudicamus.

116 4403 229 4466 sannae,
288 4379 360 4455 58.
384 4381 430 4441 bb
452 4379 671 4458 approbatione
691 4381 819 4460 capituli
834 4381 998 4458 generalis,

79 4464 231 4556 ffiuffiffi
248 4489 375 4536 necnon
406 4473 547 4546 unionis,
571 4473 749 4549 electionis,
782 4473 997 4550 alternativae,

38 4601 39 4612 ³
79 4563 120 4662 {21³
137 4575 230 4610 [Μ-
247 4567 446 4642 aliorumque
462 4565 714 4642 praemissorum,
727 4567 857 4644 gradum
873 4569 999 4631 iacimus

38 4671 39 4698 ³
102 4653 106 4660 '
247 4661 284 4721 ad
309 4658 478 4720 nonnullas
507 4659 730 4737 resolutiones,
758 4661 887 4739 quasin
912 4677 999 4739 prae-

247 4751 332 4814 dicto
352 4751 486 4830 capitulo
503 4752 672 4829 propositas
696 4759 827 4831 utraque
840 4753 998 4830 provincia

247 4845 445 4907 unanimiter
465 4843 578 4906 iudicio
601 4852 707 4905 nostro
728 4845 860 4906 remisit.

86 4954 231 5020 cnuqcon-
288 4939 310 5012 ἓ
330 4936 360 4999 9.
383 4937 487 4997 Prima
502 4937 638 4998 occurrit
653 4953 699 5010 ea,
711 4953 790 5015 quae
811 4938 948 5016 pertinet
963 4939 998 4999 ad

78 5013 230 5119 i'ffi‘liflssfflssf
248 5031 378 5092 titulum
401 5029 652 5107 congregationis
672 5043 712 5090 ex
733 5029 851 5092 duabus
873 5029 998 5108 proriu-

78 5118 231 5216 ξῇῗξξξζὶὲζ
247 5123 302 5184 ciis
323 5123 524 5201 compositae,
546 5137 620 5184 cum
641 5121 799 5201 provincia
814 5123 999 5185 Litbuaniae

79 5223 133 5265 aba
247 5232 303 5294 pro
332 5220 573 5278 conservatione
605 5215 687 5277 tituli
725 5214 781 5278 SS.
822 5215 998 5277 Trinitatis

248 5311 435 5380 draitonam,
451 5309 611 5386 provincia
625 5325 699 5370 vero
714 5307 860 5371 Poloniae
875 5325 929 5389 pro
944 5325 998 5370 no·

247 5417 284 5462 ra
306 5401 565 5464 denominatione
596 5401 733 5464 Bioinae
754 5401 997 5473 Providentiae,

246 5495 995 5573 suumrespectivedesideriumsignificaverint.

247 5585 310 5648 Nos
338 5603 415 5650 vero
445 5588 688 5664 considerantes,
722 5589 914 5668 provinciam
947 5589 999 5650 Li·

246 5681 396 5742 tbuaniae
422 5696 517 5742 suum
545 5681 729 5760 iampridem
759 5682 901 5743 obtinere
923 5683 998 5745 titu-

246 5773 315 5835 lum
339 5774 571 5838 Sanctissimae
597 5775 782 5846 Trinitatis,
796 5775 886 5837 sicuti
910 5774 998 5836 Polo-

246 5868 349 5930 loniae
370 5869 530 5947 provincia
551 5868 648 5930 alium
670 5867 761 5930 babet
782 5869 997 5930 Protectionis

352 6014 406 6060 latr.
424 6014 493 6060 Toni.
510 6012 540 6059 dc
556 6013 629 6072 l’rop.
644 6011 707 6058 Fide
722 6012 904 6060 Perdikiai.
920 6015 963 6062 111.

1735 531 1791 592 iii
1843 533 1897 586 An.
1911 534 1941 587 0.
1963 533 2034 586 1744

1061 660 1271 724 Beatissimae
1295 661 1457 742 Virqinis,·
1478 664 1608 743 duplicis
1631 672 1736 729 autem
1759 683 1810 744 ge-

1060 753 1144 814 neris
1165 761 1251 816 actus
1272 753 1309 817 ab
1330 757 1448 819 eisdem
1476 757 1644 836 provinciis
1673 761 1811 822 exerceri

1060 861 1158 923 posse,
1182 847 1257 909 allos
1279 848 1433 912 nimirum
1448 851 1599 912 universo
1613 851 1715 916 ordini
1727 869 1810 916 com-

1060 953 1184 1015 munes,
1195 940 1271 1002 alios
1287 957 1361 1003 vero
1377 944 1518 1021 proprios
1532 944 1727 1021 singularum
1740 962 1810 1025 pro-

1059 1032 1254 1110 vinciarum3
1278 1043 1453 1114 opportune
1474 1035 1707 1100 decernendum
1730 1039 1810 1104 iudi-

1059 1140 1176 1203 camus,
1200 1127 1282 1206 quod
1301 1135 1385 1190 actus
1407 1144 1590 1192 communes
1604 1131 1810 1207 expediantur

1058 1218 1116 1280 sub
1138 1219 1230 1281 titulo
1255 1219 1387 1282 Ordinis
1414 1220 1528 1285 Sancti
1557 1221 1676 1284 Basilii
1699 1225 1809 1303 Maqni

1059 1310 1306 1374 Rntdenornna:
1336 1313 1368 1374 in
1397 1313 1515 1376 actibus
1543 1331 1618 1376 aero
1646 1317 1810 1393 peculiari·

1060 1405 1115 1466 bus
1137 1406 1315 1483 prouinciae
1338 1405 1523 1468 Litbuaniae
1544 1407 1673 1471 addatur
1697 1409 1808 1473 titulus

1061 1497 1292 1561 Sanctissimae
1330 1497 1507 1561 Trinitatis
1540 1502 1734 1575 antiocena,-
1766 1509 1809 1565 at-

1058 1607 1119 1669 que
1140 1592 1173 1653 in
1195 1591 1244 1666 iis,
1268 1592 1321 1670 qui
1343 1592 1460 1670 proprii
1481 1593 1544 1654 sint
1562 1589 1808 1671 provinciae'Po-

1058 1684 1170 1760 loniae,
1193 1684 1380 1762 adiungatur
1401 1685 1479 1748 alius
1500 1684 1716 1749 Protecticnis
1731 1688 1810 1751 Bcc-

1060 1778 1204 1840 tissinanc
1234 1776 1377 1857 Virqinis
1399 1779 1544 1852 Marica·
1564 1788 1595 1842 et
1617 1781 1658 1842 ita
1683 1783 1808 1860 utrique

1058 1871 1235 1949 provinciae
1256 1888 1331 1934 suus
1352 1872 1538 1950 praecedens
1561 1873 1671 1936 titulus
1686 1890 1809 1937 conser-

1058 1972 1162 2026 vetur.
1632 1999 1635 2004 ·

1098 2059 1187 2134 §lo
1212 2057 1317 2120 Altera
1344 2075 1383 2120 ex
1404 2075 1441 2120 eo
1462 2066 1567 2120 ortum
1593 2060 1701 2134 babet,
1725 2061 1807 2137 quod
1858 2087 2042 2134 monsterium

1058 2152 1218 2229 provincia
1240 2152 1426 2214 Litbuaniae
1447 2153 1673 2214 monasterium
1702 2152 1808 2215 tublt-
1828 2138 2043 2239 ffifflfflssffigffij

1057 2259 1154 2306 nense
1175 2245 1265 2306 cessit
1287 2245 1464 2322 provinciae
1487 2245 1631 2307 Poloniae
1661 2262 1734 2307 cum
1754 2245 1810 2307 ali·
1828 2256 1873 2292 ⁰³0
1891 2246 2026 2294 adoriatur.

1056 2337 1170 2414 quibus
1192 2336 1435 2412 conditionibus,
1453 2345 1483 2400 et
1494 2339 1657 2416 signanter
1672 2355 1744 2402 cum
1761 2355 1810 2415 ea,=

1056 2427 1137 2507 quod
1160 2430 1336 2492 huiusmodi
1367 2431 1475 2506 cessio,
1502 2447 1556 2493 seu
1587 2431 1738 2507 dimissio,
1761 2449 1809 2494 ea-

1058 2531 1148 2584 tenus
1180 2523 1285 2584 valere
1313 2523 1440 2598 debeat,
1470 2540 1669 2602 quousquea
1698 2525 1809 2588 Sancta

1056 2613 1135 2679 Sede
1156 2616 1326 2690 decidatur,
1349 2625 1458 2679 utrum
1479 2617 1536 2678 alia
1557 2617 1721 2680 duodecim
1745 2633 1808 2679 ma-

1056 2709 1201 2783 nasterio,
1225 2725 1310 2788 quae·
1324 2709 1406 2771 intra
1428 2710 1506 2770 lines
1528 2710 1707 2788 provinciae
1722 2710 1809 2772 Polo-

1057 2803 1126 2864 niae
1147 2802 1316 2864 constituta
1338 2818 1404 2863 esse
1431 2803 1590 2877 dicuntur,
1618 2813 1650 2865 et
1671 2818 1807 2881 quorum

1055 2895 1206 2975 possessio
1228 2902 1275 2956 est
1296 2893 1376 2972 apud
1398 2895 1591 2974 provinciam
1609 2895 1807 2970 Litbuaniae,

1056 2988 1227 3066 praedictae
1249 2987 1427 3066 provinciae
1448 2987 1593 3050 Poloniae
1614 2989 1749 3051 debeant
1763 3005 1809 3049 as·

1057 3079 1184 3156 signari.
1216 3079 1335 3142 ilerum
1358 3080 1389 3141 in
1416 3081 1572 3158 praesenti
1597 3097 1706 3144 rerum
1726 3089 1807 3144 statu

1056 3189 1113 3234 nos
1134 3172 1215 3235 nibil
1234 3171 1317 3234 aliud
1331 3173 1519 3250 respondere
1533 3189 1708 3252 possumus,
1721 3190 1809 3253 prae·

1056 3273 1201 3344 terquam
1216 3265 1424 3344 supradictam
1439 3265 1609 3327 cessionem
1626 3269 1808 3329 monasterii

1055 3359 1253 3422 Lublinensis
1275 3373 1290 3418 a
1312 3357 1401 3419 nobis
1423 3357 1713 3437 approbaremus
1735 3359 1809 3422 reli·
1860 3391 1895 3434 n,
1909 3389 2040 3445 peninon-

1056 3470 1116 3533 qua
1138 3469 1230 3527 roro,
1254 3451 1420 3515 ulteriores
1448 3459 1640 3530 opportunae
1668 3452 1739 3514 lacti
1761 3453 1807 3514 in·
1826 3440 2041 3542 2⁸03ssssssng

1055 3545 1257 3608 formationes
1279 3559 1294 3604 a
1316 3544 1403 3606 vobis
1424 3543 1614 3606 exhibendae
1635 3552 1741 3620 erunt,
1771 3553 1807 3608 ut
1827 3549 2041 3647 {acernaacern-

1055 3654 1148 3717 supra
1179 3637 1313 3699 aliorum
1344 3637 1508 3698 duodecim
1544 3639 1807 3701 monasteriorum
1839 3613 1876 3648 Μ’

1055 3730 1244 3810 pertinentia
1276 3729 1428 3792 iudicium
1461 3737 1607 3792 nostrum
1641 3730 1806 3794 ellormare

1056 3825 1219 3904 possimus.
1254 3822 1406 3902 Equidem
1429 3823 1462 3884 in
1489 3823 1617 3885 cumulo
1642 3823 1807 3902 scriptura-

1055 3905 1144 3992 rum,
1168 3931 1247 3995 quae
1275 3915 1363 3977 nobis
1390 3915 1639 3978 communicatae
1663 3915 1805 3990 luerunt,

1055 4011 1093 4073 de
1115 4023 1224 4070 eorum
1240 4008 1432 4087 possessione
1453 4009 1533 4086 apud
1548 4008 1741 4085 provinciam
1756 4009 1806 4070 Li-

1057 4103 1204 4165 tbuaniae
1226 4101 1358 4162 minime
1380 4101 1549 4162 dubitatur.
1580 4098 1659 4162 illud
1681 4117 1807 4178 quoque

1056 4197 1215 4270 asseritur,
1249 4192 1401 4255 nonnulla
1423 4208 1461 4253 ex
1489 4193 1526 4253 iis
1555 4192 1681 4254 lundata
1710 4193 1805 4256 luisse

1055 4304 1111 4368 pro
1132 4287 1309 4350 Litbuanis.
1322 4285 1403 4346 llaec
1425 4285 1576 4346 nimirum
1597 4284 1674 4347 facta
1697 4283 1808 4347 diluci-

1055 4381 1154 4445 danda
1182 4387 1276 4454 sunt,
1299 4376 1578 4454 recognoscendae·
1594 4376 1805 4453 fundationes,

1055 4474 1254 4554 explicandae
1275 4487 1394 4546 causae,
1407 4477 1534 4549 propter
1555 4486 1630 4549 quas
1648 4472 1806 4547 provincie

1056 4567 1199 4629 Poloniae
1216 4581 1326 4627 eorum
1338 4565 1510 4627 cessionem
1527 4579 1612 4626 nunc
1626 4562 1685 4624 sibi
1700 4563 1806 4626 deberi

1055 4659 1233 4736 contendit;
1256 4674 1335 4736 quae
1356 4658 1472 4730 omnia,
1485 4657 1510 4718 si
1526 4655 1617 4730 libet,
1641 4656 1722 4718 intra
1737 4657 1806 4718 bre·

1055 4768 1095 4813 xe
1116 4759 1240 4828 tempus
1261 4757 1292 4810 et
1315 4749 1429 4827 absque
1444 4764 1555 4826 magna
1578 4749 1716 4829 impensa
1738 4765 1807 4826 per-

1056 4847 1105 4907 fici
1126 4851 1271 4924 possunt;
1305 4841 1518 4905 concordando
1546 4841 1663 4903 scilicet
1690 4840 1806 4903 iactum

1056 4955 1159 5002 coram
1192 4945 1298 4999 nostro
1331 4935 1448 4998 Nuntio
1476 4935 1555 5013 apud
1587 4934 1732 4996 Poloniae
1760 4947 1807 4994 re·

1056 5047 1156 5108 gnum
1177 5029 1346 5105 residente,
1363 5028 1414 5089 vel
1428 5042 1532 5090 coram
1555 5027 1637 5090 illius
1652 5028 1805 5100 auditore,

1054 5141 1111 5185 seu
1132 5123 1192 5186 alio
1214 5123 1361 5185 ministro
1383 5121 1545 5183 abeodem
1567 5121 1752 5200 deputando,
1769 5119 1805 5180 ad

1055 5220 1114 5280 boc
1136 5225 1170 5279 ut
1192 5217 1304 5280 deinde
1324 5215 1361 5276 ad
1383 5231 1439 5277 nos
1469 5213 1651 5277 remittatur
1670 5211 1806 5274 veridica

1056 5310 1164 5371 relatio
1185 5317 1252 5372 tum
1274 5308 1355 5383 iacti,
1372 5315 1440 5370 tum
1457 5307 1550 5369 etiam
1566 5305 1724 5367 rationum
1739 5319 1806 5365 om·

1055 5404 1157 5478 nium,
1175 5417 1254 5481 quae
1275 5417 1378 5464 coram
1401 5402 1466 5478 ipso
1479 5399 1628 5477 utrinque
1650 5397 1805 5459 deducen-

1055 5505 1124 5574 tur;
1148 5497 1262 5574 quibus
1277 5495 1420 5573 peractis,
1434 5493 1564 5554 minime
1585 5489 1805 5552 cunctabimur

1054 5597 1264 5669 opportunam
1285 5587 1509 5649 resolutionem
1530 5583 1681 5663 prolerre.

1094 5683 1113 5757 ἓ
1137 5682 1183 5743 ll.
1208 5682 1310 5744 Tertia
1331 5677 1490 5741 concernit
1506 5675 1674 5753 hospitium
1696 5690 1804 5755 procu·
1851 5705 1997 5761 nmmum
2010 5705 2037 5754 ω

1053 5777 1164 5838 catoris
1187 5773 1340 5851 generalis
1363 5771 1457 5850 ipsius
1479 5770 1608 5845 ordinis,
1624 5770 1679 5847 qui
1701 5769 1734 5828 in
1750 5771 1804 5830 bac
1824 5757 2039 5806 Ulh⁶⁸i¹¹¹¹¹¹l⁰¹·

1053 5869 1136 5932 Urbe
1158 5865 1295 5930 residere
1322 5864 1428 5938 debet,
1456 5878 1581 5924 necnon
1612 5862 1803 5936 alumnatus,
1823 5813 2040 5922 ἷῗῗῖῑυοῖῗῗέοἶῗ

1671 6008 1697 6050 19
