4744 6976
871 625 1068 672 sennonteus
1089 626 1151 672 xlv.

407 745 598 810 Benedictus
621 746 709 824 Papo
733 743 818 808 Xlll.

296 865 491 931 l'enerobilea
512 871 644 949 scotres,
670 883 707 930 oc
729 867 841 930 dilecti
860 866 932 948 filii,

264 961 400 1024 salutern
422 966 452 1024 et
473 961 680 1040 apostolicam
702 959 958 1024 benedictionem.

279 1121 354 1183 ‹Ad
376 1119 468 1185 aures
484 1129 603 1185 uestras
618 1123 774 1202 pervenit,
791 1125 983 1185 vocationem

240 1217 381 1296 gentium
403 1215 610 1294 ecclesiaeque
636 1217 840 1290 incrementa,
860 1223 984 1295 propter

239 1310 377 1373 subortas
398 1310 484 1372 inter
504 1311 659 1388 operarios
671 1309 866 1386 evangelicae
878 1310 984 1371 messis

239 1403 475 1476 controversias,
498 1403 619 1479 magnis
641 1403 731 1464 isthic
753 1401 984 1464 difficultatibus

240 1495 385 1556 laborare.
409 1495 490 1570 Quae
511 1495 636 1573 quidem
654 1510 689 1556 eo
705 1495 880 1571 graviorem
896 1495 984 1557 nobis

238 1589 375 1652 dolorem
391 1589 651 1668 attuleruntque
669 1588 804 1650 remedia
818 1588 984 1651 salubriter

238 1682 308 1744 alias
329 1681 464 1745 adbibita
478 1683 596 1745 diutius
613 1699 628 1744 a
647 1683 808 1746 nonnullis
830 1683 982 1760 repudiari

36 1791 37 1832 t
91 1793 222 1841 asservasse-
240 1776 463 1839 intelleximus.
486 1777 549 1838 lam
565 1778 648 1838 enim
671 1793 726 1855 per
741 1777 984 1839 conmenda-

36 1859 37 1866 ’
72 1858 102 1896 ivn
114 1847 156 1892 card

74 1917 89 1950 ra
98 1908 210 1960 laomen-t

73 1959 220 2014 natisnatis-

74 2023 104 2056 ven
115 2009 219 2053 clementis

160 1844 221 1890 inuiis

212 1869 340 1941 ,volum
369 1871 519 1932 Thomam
551 1870 755 1932 latriarcham
778 1877 852 1932 tuuc
877 1871 983 1932 Antio·

237 1963 385 2038 ebenum,
408 1979 479 2026 oum
512 1972 662 2039 potestate
689 1963 795 2040 Legati
824 1963 983 2026 delatore

73 2065 157 2118 aspen.
239 2056 449 2133 apostolicum
484 2056 705 2133 visitatorem,
744 2056 856 2120 deinde
891 2059 984 2120 buius

36 3486 98 3540 jD

36 3547 99 3584 ,nb

149 3540 160 3578 l,

237 2149 268 2213 S·
285 2149 320 2211 ll.
339 2151 375 2211 E.
401 2150 605 2224 cardinalem,
629 2152 776 2231 pleraque
796 2151 831 2212 ad
852 2153 984 2228 gliscen-

238 2254 281 2305 tes
302 2243 373 2305 iites
394 2247 621 2323 componendas
650 2245 906 2324 explicandasque
927 2246 984 2308 dii·

237 2338 388 2401 bcultates
409 2339 566 2418 sapienter
583 2339 767 2418 praescripta
783 2339 916 2414 fuerant,
933 2339 984 2401 de-

235 2440 317 2494 creto
333 2433 458 2496 condito
470 2434 644 2496 Pudicberii
657 2433 689 2494 in
704 2449 784 2494 sacra
800 2433 983 2496 visitatione

236 2525 409 2603 apostolica
444 2525 493 2587 die
522 2543 616 2588 xxviv.
652 2527 770 2588 utensis
799 2527 878 2588 iunii
909 2527 981 2588 anni

236 2635 368 2681 voccvv.
392 2619 440 2680 die
456 2635 530 2680 vero
546 2629 651 2682 octava
674 2621 740 2682 iulii
758 2621 896 2683 eiusdem
909 2621 982 2682 anni

237 2711 445 2790 promulgato.
480 2711 620 2774 Partibus
642 2721 747 2774 autem
773 2716 914 2776 nondum
937 2731 982 2776 ac·

234 2805 479 2882 quiescentibus,
502 2805 539 2868 de
562 2815 666 2868 mente
693 2806 743 2869 lei.
773 2809 889 2869 record.
915 2808 982 2871 Gie-

235 2899 352 2959 mentis
377 2898 429 2961 lll.
460 2901 701 2977 praedecessoris
731 2902 830 2963 nostri
862 2902 982 2963 diversa

236 2990 436 3069 opinantibus
458 2999 487 3053 et
509 2993 739 3070 evulgantibus,
758 2995 838 3056 idem
858 2998 981 3074 praede-

234 3099 337 3146 cessor
357 3095 464 3148 noster
478 3085 555 3148 datis
571 3088 606 3148 ad
623 3087 833 3149 venerabilem
856 3089 981 3151 tratrem

235 3177 422 3256 Episcopum
444 3179 703 3259 lilellapurensem
725 3180 823 3242 literis
837 3181 886 3243 die
902 3199 979 3244 xvn.

235 3272 354 3332 mensis
373 3274 558 3349 septembris
577 3273 651 3335 anni
672 3289 819 3336 nnccxn.
842 3291 929 3337 suam
945 3278 981 3338 de

233 3364 396 3425 servandis
417 3367 548 3428 decretis
570 3373 710 3428 mentem
735 3376 910 3446 opportune
931 3369 982 3430 de

122 3481 217 3525 salop„
233 3457 370 3518 claravit.
402 3457 442 3520 Ut
465 3460 561 3536 igitur
588 3469 710 3523 nostrae
737 3477 862 3540 quoque
882 3463 981 3524 solici-

100 3493 145 3578 ll.

234 3551 351 3614 tudinis
374 3564 474 3632 partes
488 3556 524 3616 ad
540 3556 765 3617 controversias
787 3555 980 3631 avertendas,

234 3654 265 3708 et
283 3646 417 3710 salutem
434 3649 576 3724 gentium
592 3649 795 3712 concordibus
815 3650 924 3713 studiis
940 3652 981 3712 ia-

233 3741 323 3804 cilius
349 3760 366 3803 a
393 3744 481 3806 vobis
513 3747 736 3822 procurandam
764 3744 979 3822 adhibeamus3

235 3844 416 3922 praesertim
439 3859 479 3904 ne
501 3846 571 3923 quis
592 3859 629 3905 ex
650 3844 776 3905 silentio
804 3852 910 3905 nostro
931 3845 982 3905 de-

235 3946 368 4000 tractum
389 3938 506 4016 aliquid
528 3955 594 4002 esse
615 3940 790 4016 suspicetur
818 3939 979 4013 mandatis,

234 4041 263 4093 et
284 4032 544 4094 declarationibus
559 4033 738 4109 antedictis;
762 4030 874 4093 laudati
896 4040 981 4092 ante·

234 4127 361 4188 cessoris
383 4127 483 4190 nostri
502 4127 626 4203 vestigii
652 4127 860 4200 inhaerentes,
877 4127 979 4188 decre-

235 4227 262 4280 ta
283 4221 426 4282 eiusdem
447 4219 640 4282 Patriarcivae
661 4219 848 4282 antiocheni
875 4229 978 4282 nostra

234 4315 326 4374 etiam
347 4315 530 4376 auctoritate
552 4314 784 4387 confirmamus,
807 4327 978 4390 eorumque

234 4407 441 4468 obedientiam
455 4415 486 4470 et
497 4407 723 4468 observantiam
736 4405 881 4467 similiter
893 4422 979 4468 man·

77 4509 217 4580 lectonam·
235 4501 342 4563 damus
371 4509 401 4563 et
427 4499 628 4580 requirimus.
661 4501 826 4562 Decretum
855 4516 980 4578 quoque

75 4567 218 4674 ῗὲἶῖὲῗιῗιιζῖιζ
235 4597 271 4656 de
290 4595 491 4656 sacramentis
512 4592 764 4654 administrandis
786 4593 979 4656 moribundis

74 4669 178 4764 {blm
188 4674 412 4751 in'bominibus
429 4689 553 4750 intimae
564 4686 760 4759 conditionis,
772 4701 848 4765 quos
861 4686 979 4749 Peneos

234 4783 400 4862 appeliant,
424 4779 564 4844 ulteriori
587 4780 726 4844 dilationi
749 4788 879 4853 remota,
901 4783 978 4859 pari-

236 4883 280 4938 ter
290 4876 407 4939 servari
420 4883 450 4938 et
465 4874 587 4953 impleri
600 4874 814 4952 praecipimus.
833 4872 978 4936 Vestrum

234 4978 337 5033 autem
358 4970 430 5044 erit,
453 4979 487 5030 ιιι
510 4969 649 5030 mandata
673 4983 728 5044 per
753 4976 977 5030 antecessorem

234 5072 376 5125 nostrum
391 5071 422 5143 et
437 5079 493 5142 per
515 5079 570 5124 nos
592 5062 672 5139 ipsos
691 5060 853 5138 apostolica
875 5070 979 5122 auctr»-

234 5158 339 5231 ritate,
375 5167 484 5218 tenore
513 5155 738 5234 praesentium,
769 5155 800 5214 in
835 5155 977 5216 omnibus

234 5251 423 5324 confirmata,
449 5251 580 5327 impigre
595 5254 624 5309 et
639 5246 848 5325 obsequenter·
867 5245 977 5309 incisu·

235 5350 288 5418 tes,
305 5359 382 5421 opus
404 5343 471 5416 liei,
494 5343 575 5419 quod
602 5347 685 5400 tanta
708 5354 777 5400 cum
801 5339 897 5400 animi
919 5341 976 5400 aia-

233 5437 336 5496 critate
351 5435 540 5512 suscepistis,
553 5433 624 5505 rite,
642 5432 845 5501 unanimiter,
861 5433 976 5492 studio·

232 5545 324 5607 seque
339 5529 515 5607 perficiatis.
539 5529 582 5588 Ac
596 5527 694 5600 vobis,
711 5525 903 5587 venerabiies
918 5525 976 5587 ira-

232 5627 303 5698 tres,
316 5622 420 5684 dilecti
434 5621 502 5696 filii,
515 5619 710 5698 apostolicam
726 5619 974 5683 benedictionem

231 5724 425 5792 peramanter
447 5714 658 5793 impertimur.

269 5809 408 5872 «Datum
423 5807 550 5881 Romae,
563 5810 641 5887 apud
655 5807 685 5870 S.
700 5806 839 5881 Petrum,
851 5806 909 5868 sub
922 5823 974 5868 an-

230 5904 303 5966 nulo
318 5903 475 5966 Piscatoris
488 5903 537 5966 die
553 5918 609 5965 an.
627 5900 765 5964 decemb.
783 5914 972 5962 noccxxvn.

231 5999 422 6074 pontificatus
443 5997 541 6059 nostri
562 6010 644 6059 auno
666 6012 739 6056 vv.»

1709 603 1764 666 {73
1816 599 1868 652 An.
1884 601 1914 654 0.
1936 602 2006 656 1744

1081 744 1100 818 ἓ
1127 744 1156 806 9.
1182 746 1317 808 Tantum
1348 761 1423 806 vero
1449 744 1562 820 abluit,
1593 747 1630 805 ut
1655 739 1708 821 qui
1730 755 1785 818 pro
1805 802 1829 848 ω
1851 749 2018 807 sancticetur

1041 842 1152 904 ritibus
1183 857 1218 902 eo
1250 841 1372 902 decreto
1404 839 1555 903 damnatis
1586 835 1784 917 pugnabant,
1804 806 2019 922 ,ebssffl'cb'ffi

1041 935 1114 996 nuic
1135 950 1234 996 novae
1256 935 1395 996 eiusdem
1417 933 1530 995 decreti
1557 927 1784 995 confirmationi
1805 921 1896 1022 {aab}
1913 921 2020 1012 3325?

1042 1028 1367 1106 acquiescerent,quin
1381 1025 1480 1103 potius
1495 1041 1576 1088 anno
1588 1037 1782 1086 nnccaxxn.

1042 1122 1265 1200 praedecessori
1292 1130 1398 1184 nostro
1420 1120 1574 1183 Clementi
1601 1119 1696 1196 Papae
1717 1117 1784 1180 llll.

1042 1215 1074 1277 in
1087 1215 1243 1278 Benedicti
1256 1215 1357 1278 locum
1372 1214 1537 1289 subrogato
1549 1211 1783 1286 declaraverint,

1041 1327 1074 1372 se
1095 1309 1173 1372 nibli
1195 1309 1233 1370 de
1255 1325 1334 1369 nova
1364 1307 1598 1370 confirmatione
1620 1305 1783 1379 audivisse,

1042 1419 1144 1481 neque
1166 1403 1291 1480 aliquid,
1306 1401 1386 1479 quod
1408 1402 1443 1464 ad
1459 1414 1524 1462 eam
1540 1407 1702 1476 spectaret,
1716 1398 1785 1476 Epi·

1041 1497 1138 1574 scopis
1160 1505 1191 1558 et
1214 1495 1415 1557 missionariis
1441 1494 1599 1557 indiarum
1630 1494 1723 1556 luisse
1744 1493 1785 1556 le·
1886 1539 1890 1549 .

1042 1591 1152 1666 gitime
1172 1590 1404 1663 denuntiatum,
1425 1589 1552 1666 ideoque
1569 1589 1669 1650 eninls
1690 1587 1786 1666 preci-

1042 1685 1097 1746 bus
1119 1685 1155 1746 ab
1177 1701 1213 1746 eo
1235 1684 1471 1758 postulaverint,
1495 1691 1540 1757 ut,
1561 1697 1625 1744 nou
1646 1680 1786 1742 obstante

1042 1777 1199 1840 Benedicti
1231 1777 1308 1841 lllll.
1347 1777 1567 1854 dispositione,
1604 1775 1786 1851 dignaretur

1041 1871 1121 1934 banc
1143 1872 1281 1935 eamdem
1304 1887 1425 1933 oausam
1447 1869 1550 1932 denuo
1571 1870 1667 1932 sancti
1690 1869 1785 1944 Otiiqii

1042 1966 1297 2042 Congregationis
1319 1965 1452 2028 examini
1475 1973 1506 2026 et
1524 1964 1693 2040 cognitioni
1715 1963 1786 2024 sub-

1042 2059 1151 2134 iicere3
1175 2069 1206 2121 et
1227 2073 1426 2137 quamquam,
1443 2059 1508 2120 allis
1523 2072 1631 2119 earum
1650 2057 1784 2136 partium

1043 2153 1242 2215 missionariis
1265 2169 1385 2214 causam
1401 2152 1519 2214 finitam
1542 2168 1608 2214 esse
1624 2159 1654 2214 et
1671 2152 1785 2212 invem

1042 2247 1205 2308 iudicatam
1227 2245 1337 2306 abiisse
1364 2246 1599 2322 reputantibnS,
1628 2261 1683 2308 seu
1704 2245 1785 2306 exci-

1041 2339 1214 2414 pientibus,
1249 2354 1313 2401 non
1343 2341 1503 2414 deessent,
1539 2341 1591 2417 qui
1625 2337 1785 2416 postulatis

1040 2432 1121 2494 baud
1153 2433 1358 2494 annuendum
1388 2449 1453 2494 esse
1479 2435 1657 2505 crederent,
1687 2431 1785 2510 iisque

1040 2526 1437 2601 adversarentur,attamen
1460 2527 1540 2588 idem
1565 2525 1704 2588 Pontifex
1717 2525 1785 2588 Cle·
1822 2537 1915 2598 ¹casm
1929 2545 2015 2581 conca·

1041 2635 1128 2680 mens
1152 2621 1232 2693 llll,
1261 2635 1444 2698 supremum
1474 2622 1598 2682 taudem
1627 2619 1784 2682 acerrimis
1803 2589 2017 2708 proppsctoplpppp

1039 2712 1282 2797 perniciosisque
1310 2714 1440 2774 dissidiis
1463 2715 1557 2775 linem
1581 2713 1647 2775 lieri
1676 2727 1786 2790 perup·
1803 2696 2017 2806 fflfiffissficifflssl

1041 2813 1128 2881 tans,
1162 2807 1407 2884 supradictorum
1440 2823 1545 2884 preces
1577 2807 1783 2869 admittendas

1039 2900 1244 2974 existimavit,
1275 2900 1504 2977 declaravitque
1524 2900 1558 2961 in
1580 2915 1669 2961 causa
1697 2915 1785 2978 posse

1041 2995 1174 3069 procedi.
1197 2994 1295 3067 Quare
1323 2997 1416 3055 totius
1444 2994 1590 3055 materiae
1617 2992 1784 3054 instaurata

1039 3085 1274 3164 disceptatione,
1304 3103 1359 3166 per
1386 3086 1462 3149 duos
1484 3087 1548 3150 iere
1570 3102 1666 3148 annos
1688 3087 1786 3148 conti·

1040 3187 1143 3252 nuata,
1166 3179 1360 3242 documentis
1381 3180 1474 3242 certis
1496 3190 1526 3241 et
1547 3179 1725 3241 necessariis
1746 3195 1785 3239 ex

1040 3281 1170 3350 utraque
1191 3283 1278 3352 parte
1301 3273 1472 3351 productis,
1495 3273 1635 3351 iactaque
1649 3287 1785 3350 praeser-

1042 3365 1095 3426 tim
1118 3365 1233 3428 decreti
1250 3367 1519 3444 impugnatoribus
1540 3366 1728 3444 amplissima
1743 3366 1786 3426 ia·

1039 3460 1153 3521 coitate
1168 3459 1315 3522 afferendi
1331 3461 1479 3539 quidquid
1495 3461 1528 3521 in
1548 3469 1783 3522 controversum

1038 3567 1195 3631 quemquo
1216 3555 1383 3616 articulum
1406 3554 1624 3617 deducendum
1649 3554 1783 3630 allegan-

1039 3653 1176 3727 dumqne
1198 3665 1215 3710 e
1236 3666 1269 3710 re
1291 3667 1345 3712 sua
1374 3651 1564 3730 iudicareut3
1586 3661 1654 3730 post
1679 3655 1783 3732 plures

1037 3746 1293 3821 congregationes
1316 3748 1432 3809 babitus
1454 3749 1486 3809 in
1510 3761 1669 3813 conventu
1691 3751 1785 3814 Sanc·

1040 3848 1087 3901 tae
1108 3839 1219 3902 llariae
1240 3859 1331 3921 supra
1353 3843 1522 3906 blinervam
1537 3862 1552 3905 a
1569 3844 1600 3908 S.
1614 3846 1650 3907 lt.
1665 3849 1698 3908 E.
1713 3849 1784 3910 Car·

1038 3935 1190 3996 dinaiibus
1229 3939 1260 3998 in
1295 3939 1428 4015 negotiis
1463 3939 1546 4000 Fidei
1583 3940 1784 4003 Generalibus

1038 4029 1277 4108 inquisitoribus
1298 4048 1353 4110 per
1375 4033 1552 4094 universam
1576 4035 1782 4097 Christianam

1037 4124 1273 4203 Rempubiicam
1301 4125 1471 4203 deputatis,
1497 4127 1517 4187 ii
1545 4127 1686 4202 tandem,
1710 4129 1782 4207 quid

1039 4217 1175 4295 ipsorum
1203 4219 1315 4281 iudicio
1347 4220 1378 4280 in
1407 4221 1615 4283 controversis
1646 4223 1783 4285 articulis

1037 4321 1090 4372 aut
1111 4313 1374 4389 confirmandum,
1397 4321 1450 4375 aut
1472 4317 1708 4385 moderandum,
1732 4317 1783 4378 de·

1038 4405 1216 4468 clarandum
1249 4407 1401 4485 denique,
1431 4416 1484 4468 aut
1512 4408 1612 4488 aliqua
1635 4426 1671 4470 ex
1696 4417 1782 4487 parte

1037 4499 1264 4560 remittendum
1278 4510 1367 4574 esset,
1384 4511 1593 4578 aperuerunt,
1610 4518 1782 4581 eorumque

1037 4592 1243 4654 resolutiones
1259 4592 1410 4670 probavit,
1424 4596 1683 4674 confirmavitque
1698 4613 1782 4674 prae

1039 4686 1177 4748 laudatus
1199 4685 1343 4748 Clemens
1361 4687 1436 4764 Papa
1459 4688 1538 4762 llll,
1556 4688 1684 4768 illasque
1706 4690 1783 4752 inle-
1802 4687 1946 4789 mssffmeqs
1961 4691 2016 4777 ³¹13

1036 4779 1145 4841 reudas
1167 4781 1305 4841 decrevit
1326 4780 1495 4857 apostolicis
1518 4781 1614 4843 literis
1637 4753 2015 4845 inlor'·ma1‘ubob2³s³a¹o⁰bb-

1035 4871 1154 4947 Brevis,
1178 4872 1289 4950 quibus
1311 4873 1562 4950 bladurensibns,
1591 4877 1782 4954 llayssuren·
1801 4854 1896 4906 goega‘·
1918 4855 2011 4907 capus.

1035 4965 1119 5027 sibus
1140 4972 1171 5026 et
1195 4966 1434 5028 Carnateusibus
1463 4968 1631 5048 Episcopis,
1654 4987 1688 5032 ac
1709 4973 1783 5033 mis-

1034 5061 1189 5134 sionariis,
1212 5060 1374 5139 apostolica
1399 5063 1581 5125 auctoritate
1611 5065 1781 5139 mandavit,

1037 5154 1253 5232 iniunxitque,
1278 5163 1311 5215 nt
1337 5154 1393 5216 lata
1423 5156 1474 5216 abs
1501 5172 1534 5216 se
1562 5159 1682 5219 decreta
1715 5167 1780 5220 tum

1035 5247 1180 5323 religiose
1203 5251 1257 5326 ipsi
1271 5249 1483 5323 observarent,
1502 5257 1567 5310 turm
1583 5251 1619 5312 ab
1634 5251 1700 5312 aliis
1716 5267 1780 5314 om·

1036 5340 1126 5402 nibus
1154 5358 1277 5403 summa
1301 5343 1360 5403 siole
1389 5359 1422 5402 ac
1444 5344 1602 5418 diligentia
1624 5344 1781 5406 observari

1033 5444 1189 5496 curarent.
1213 5434 1334 5497 Literae
1355 5435 1388 5496 in
1411 5435 1507 5496 lorma
1519 5437 1625 5498 Brevis
1646 5447 1720 5499 sunt
1734 5453 1780 5498 se-

1034 5528 1158 5603 quentis
1181 5529 1313 5589 tenoris:

1076 5618 1313 5684 Venerabiiibos
1338 5620 1512 5701 patribus,
1538 5641 1575 5686 cc
1597 5624 1723 5686 dilectis
1744 5626 1779 5704 fi·
1817 5629 2012 5678 annositatem.

1033 5711 1097 5786 iiis,
1124 5713 1288 5791 Episcopus
1309 5724 1339 5776 ct
1361 5716 1545 5792 apostolicis
1561 5717 1779 5780 missionariis
1797 5683 2012 5796 ffflrpc'o‘bbbbff

1032 5807 1067 5868 in
1089 5806 1207 5888 Reqrtis
1231 5809 1399 5870 indiarum
1424 5809 1643 5874 Orientalium
1665 5811 1779 5876 Modo·
1797 5791 1868 5834 ΜΕ
1882 5793 2010 5844 editarum

1032 5903 1129 5974 censi,
1154 5902 1374 5980 Mogssurcnsi
1395 5911 1426 5966 ct
1450 5901 1654 5979 ceromensi,
1796 5843 1837 5954 3³1⁶
1843 5856 2011 5956 fflifflff'
