4798 6978
953 564 1150 610 enunotcrtts
1173 565 1235 610 xlv.

321 691 372 748 xta
393 683 547 760 regularia
563 694 692 744 suorum
708 684 860 748 ordinum
876 684 1017 746 instituta
1032 681 1065 744 in

320 779 402 859 pacis
423 777 610 840 amoenitate
631 785 755 852 gratum
767 777 926 840 ultissimo
947 777 1066 856 impen-

320 871 394 933 dant
416 870 613 946 famulatum,
637 868 885 949 felicioribusque
908 869 939 932 in
955 869 1018 931 dies
1034 870 1067 931 in

321 965 369 1027 vid
391 963 515 1026 Domini
536 963 698 1042 proficiant
720 963 932 1026 incrementis.

360 1058 379 1132 5
403 1057 428 1118 l.
454 1057 519 1118 Tibi
542 1073 627 1132 sane,
650 1071 722 1120 ven.
741 1057 935 1135 frater,p1·ae
956 1057 1067 1119 ceteris

321 1151 418 1230 magis
438 1159 595 1228 comperta
617 1157 709 1230 atque
731 1151 886 1228 explorata
907 1157 981 1212 sunt
1003 1166 1066 1212 non

320 1245 420 1308 solnm
443 1244 628 1322 deploranda
651 1244 788 1322 partium
809 1245 908 1307 studia
930 1252 961 1306 et
982 1244 1069 1306 dissi·

319 1337 367 1399 dia
389 1339 472 1400 inter
493 1337 620 1401 dilectos
642 1339 720 1400 lilios
743 1343 908 1401 monachos
923 1338 953 1402 S.
971 1340 1068 1401 Anto-

320 1432 365 1495 nii
380 1433 505 1494 rlbbatis
520 1434 775 1510 congregationis
790 1433 971 1496 Libanensis
985 1448 1069 1495 nun-

321 1534 447 1607 cupatae
462 1528 577 1591 iamdiu
592 1536 711 1602 exorta,
727 1527 906 1606 saepissime
921 1543 985 1590 non
1000 1527 1068 1589 sine

320 1621 476 1684 bonorum
508 1622 649 1684 omnium
684 1621 942 1686 christifidelium
974 1628 1068 1699 atque

322 1717 459 1794 ipsorum
476 1715 653 1778 infidelium
675 1716 804 1778 istarum
820 1717 956 1794 partium
971 1715 1069 1778 olien-

320 1809 409 1872 sione
430 1817 461 1872 et
481 1809 633 1884 scandalo,
656 1816 687 1872 et
709 1810 841 1872 maxima
858 1825 930 1871 cum
950 1811 1066 1871 anima-

321 1919 393 1966 rum
414 1903 594 1982 pernicieet
616 1903 790 1967 incredibili
811 1919 884 1965 cum
905 1903 1068 1980 religiosae

321 1999 536 2078 regularisque
557 1996 736 2076 disciplinae
751 1996 900 2059 dedecore
922 2013 953 2058 ac
975 1997 1068 2058 detri-

321 2100 429 2154 mento
450 2090 573 2166 agitata,
590 2095 621 2150 et
643 2089 679 2152 de
702 2090 856 2168 praesenti
872 2090 913 2151 ita
929 2089 1064 2164 adaucta,

322 2183 416 2260 unde,
439 2183 499 2244 nisi
521 2191 696 2261 opportune
719 2183 931 2260 provideatur,
954 2183 1066 2244 timen-

321 2278 378 2340 dus
398 2277 438 2340 sit
459 2278 599 2340 eiusdem
622 2277 880 2354 congregationis
902 2277 1065 2354 interitus;

322 2387 434 2435 verum
455 2371 548 2434 etiam
569 2371 674 2434 omnia
698 2369 880 2449 apostolicae
903 2369 1068 2451 providen-

323 2464 382 2526 tiae
403 2471 588 2544 nostraeque
602 2464 735 2526 caritatis
746 2471 777 2526 et
788 2463 978 2524 auctoritatis
990 2461 1067 2524 inita

322 2557 459 2632 consilia,
483 2557 617 2642 adbibita
644 2556 793 2632 remedia,
816 2573 850 2618 ac
871 2557 991 2619 decreta
1013 2571 1068 2633 per

322 2667 417 2714 venn.
441 2651 553 2712 fratres
581 2658 702 2712 nostros
726 2650 756 2713 S.
776 2649 812 2711 ll.
831 2648 865 2710 c.
890 2648 1067 2711 cardinales

323 2745 562 2824 congregationi
591 2744 808 2821 Propagandae
833 2742 917 2804 Fidei
940 2757 1068 2821 praepu-

321 2842 395 2904 sitns
417 2847 523 2902 nostro
545 2837 674 2900 nomine
694 2853 788 2916 super
808 2837 985 2900 huiusmodi
1014 2853 1067 2900 ne·

323 2937 407 3013 gotio
429 2933 519 2998 edita.
544 2931 605 2994 Nos
619 2939 737 3007 autem,
754 2933 807 3010 qui
823 2933 855 2992 in
870 2931 997 2994 sublimi
1012 2931 1068 2994 bac

322 3027 488 3091 catholicae
508 3027 663 3089 Romanae
678 3024 833 3090 Ecclesiae
851 3023 993 3087 cathedra
1012 3040 1068 3103 per

322 3121 510 3185 ineffabilem
531 3121 655 3184 divinae
683 3119 827 3182 bonitatis
848 3118 1066 3182 abundantiam

265 3219 266 3222 ’
322 3218 496 3293 constituti,
516 3216 556 3278 ab
581 3215 727 3294 imposito
749 3213 836 3276 nobis
861 3221 924 3275 tam
946 3212 1068 3290 ingenti

323 3330 418 3378 onere
439 3311 517 3374 nibil
539 3309 717 3373 curavimus
731 3307 914 3386 impensius,
927 3322 1019 3386 quam
1035 3315 1069 3370 ut

323 3423 432 3470 omnes
462 3403 718 3468 cbristitidelium
745 3401 971 3475 contentiones,
999 3400 1069 3462 lites

323 3510 355 3563 et
376 3495 616 3571 controversiae,
633 3495 896 3572 quemadmodum
911 3495 1010 3568 decet,
1023 3509 1070 3556 ca·

324 3594 416 3656 ritate
436 3592 539 3670 potins
561 3603 654 3668 qnam
675 3602 798 3649 summo
826 3587 894 3647 iure
915 3593 945 3648 et
967 3593 1071 3646 ancto-

324 3691 426 3764 ritate,
442 3689 720 3762 componerentur,
737 3697 793 3759 per
814 3697 870 3742 nos
890 3680 949 3758 ipsi
967 3680 1069 3740 omnia

324 3784 359 3846 ad
371 3784 450 3845 hanc
461 3778 657 3842 dissidiorum
669 3793 788 3840 causam
800 3778 978 3854 spectantia,
992 3793 1071 3855 quae

324 3879 359 3940 ad
389 3884 577 3938 memoratos
607 3871 784 3935 cardinales
813 3871 1071 3948 congregationis

324 3971 539 4049 propagandae
551 3968 636 4031 Fidei
653 3974 792 4030 accurate
803 3965 1007 4028 examinanda
1023 3982 1072 4028 re-

211 4143 214 4150 ,
326 4065 521 4140 miseramus,
545 4063 744 4140 ipsorumque
766 4060 977 4123 cardinalium
999 4074 1072 4121 con-

324 4158 430 4220 silium
453 4165 484 4219 et
504 4155 687 4231 suffragium
713 4153 991 4231 exquisiveramus‚
1013 4152 1071 4214 ite·

324 4267 398 4316 rum
419 4250 595 4329 expendere
616 4249 804 4312 studuimus.

364 4347 383 4421 ἓ
404 4346 434 4408 c.
458 4346 564 4424 ltaque
578 4345 619 4406 de
630 4343 775 4406 omnibus
789 4349 819 4404 et
830 4342 961 4420 singulis
976 4343 1071 4421 probe

326 4441 446 4515 edocti,
470 4447 562 4516 atque
587 4439 625 4498 de
650 4435 832 4499 eorumdem
859 4436 1069 4500 cardinalium

326 4532 466 4606 consilio,
490 4532 614 4592 ineam
642 4531 786 4592 venimus
812 4529 1012 4606 sententiam,
1036 4540 1070 4592 ut

325 4625 511 4688 fraternitati
533 4631 614 4700 tuae,
637 4625 675 4686 de
706 4625 792 4686 cuius
821 4623 942 4685 eximiis
971 4629 1071 4702 pasto·

325 4719 504 4799 ralibusqne
526 4716 695 4779 virtutibus
715 4716 901 4795 praeclaram
923 4717 1071 4780 babemus

326 4813 507 4893 opinionem
527 4819 559 4872 et
579 4811 753 4890 plurimum
775 4813 807 4874 in
825 4812 954 4874 Domino
977 4813 1071 4874 confi·

326 4908 439 4982 dimus,
461 4905 625 4984 apostolica
645 4906 838 4981 auctoritate,
855 4912 965 4967 tenore
985 4921 1071 4984 prae·

325 4999 475 5074 sentium,
487 4999 718 5061 committamus
730 5010 761 5060 et
772 5001 967 5075 mandemus,
981 5006 1071 5078 prout

325 5093 552 5157 committimus
573 5100 604 5154 et
625 5091 822 5166 mandamus,
845 5099 880 5154 ut
901 5093 934 5153 in
955 5091 1072 5169 gravis-

325 5191 405 5252 simo
426 5189 485 5252 boc
498 5189 624 5266 negotio
639 5190 674 5251 ad
691 5189 839 5250 maiorem
855 5188 952 5251 divini
976 5189 1072 5250 bono-

326 5283 369 5345 ris
389 5283 509 5346 cultum
536 5282 805 5360 amplificandum,
828 5290 987 5343 aeternam
1007 5281 1072 5343 ani-

327 5391 451 5438 marum
477 5375 609 5438 salutem
641 5376 884 5453 procurandam,
907 5375 1071 5452 pristinam

326 5469 478 5547 regularis
488 5469 666 5548 disciplinae
680 5469 909 5531 observantiam
922 5470 1072 5531 reducen-

326 5564 409 5638 dam,
421 5570 452 5624 et
466 5563 664 5625 christianam
687 5578 792 5642 pacem
813 5562 1072 5640 concordiamque

326 5658 410 5719 inter
431 5656 553 5718 eosdem
576 5655 741 5719 monachos
756 5655 979 5718 conciliandam
1000 5671 1072 5717 con·

327 5749 573 5827 firmandamque
601 5766 657 5829 per
685 5759 726 5825 te,
749 5765 820 5811 ven.
852 5748 962 5826 frater,
986 5764 1072 5828 pera-

328 5844 429 5920 gendo
451 5842 711 5921 absolvendoque,
729 5850 791 5904 tam
813 5841 995 5904 auctoritate
1017 5857 1071 5904 ne·

327 5937 390 6000 strd
410 5935 573 6015 apostolica
594 5951 686 6016 quam
708 5934 862 5997 ordinarit
877 5935 930 5998 tut
953 5935 1073 5998 iurisdi-

1122 682 1236 760 ctione,
1264 692 1371 746 nostro
1402 685 1531 748 nomine
1552 686 1584 748 in
1612 685 1683 765 ipsis
1710 685 1897 748 monacbis.
1999 671 2004 686 ''

1124 785 1235 839 notum
1256 771 1361 855 facias}
1385 780 1537 842 nimirum
1564 788 1703 843 mentem
1730 790 1867 843 nostram

1123 885 1189 931 esse
1211 877 1242 932 et
1263 869 1329 933 fore
1349 881 1395 948 ut,
1418 872 1598 951 posthabitis
1620 881 1651 936 et
1671 874 1821 936 revocatis
1836 890 1869 936 ae

1123 964 1248 1043 penitus
1276 963 1384 1027 deletis
1416 967 1563 1029 omnibus
1584 975 1615 1030 et
1636 967 1767 1044 singulis
1795 968 1868 1031 actis

1123 1058 1293 1136 gestisque,
1319 1061 1502 1137 praesertim
1529 1060 1562 1123 in
1586 1069 1701 1123 asserto
1726 1061 1868 1140 capitulo

1125 1149 1263 1226 generali
1277 1167 1359 1214 anno
1371 1169 1521 1216 uncctrv.
1535 1154 1699 1230 celebrato,
1712 1171 1790 1233 quae
1804 1163 1868 1217 acta

1124 1253 1260 1320 adgesta
1282 1247 1463 1308 auctoritate
1485 1254 1515 1310 et
1537 1256 1646 1310 tenore
1667 1247 1792 1326 paribus
1813 1264 1869 1308 nos

1123 1338 1321 1402 annullamus
1336 1357 1370 1402 ac
1384 1341 1502 1403 nullius
1523 1341 1642 1404 roboris
1663 1349 1694 1403 et
1716 1341 1869 1404 momenti

1125 1448 1190 1494 esse
1210 1451 1244 1496 ac
1264 1432 1329 1494 fore
1351 1434 1508 1510 volumus,
1531 1436 1696 1498 statuimus
1716 1443 1749 1496 et
1770 1434 1868 1498 decla·

1124 1543 1240 1604 ramus,
1264 1526 1350 1590 nullo
1373 1535 1459 1606 pacto
1473 1529 1525 1590 liat
1545 1528 1697 1608 separatio
1712 1545 1746 1591 ac
1757 1527 1869 1590 divisio

1125 1621 1382 1698 Congregationis
1405 1622 1437 1683 in
1467 1622 1672 1685 libanensem
1694 1629 1724 1684 et
1747 1622 1870 1702 llleppi-

1124 1731 1208 1791 nam,
1235 1715 1300 1776 sive
1328 1714 1548 1779 Montanorum
1572 1723 1603 1778 et
1631 1715 1867 1794 llleppinorum,
1958 1715 1961 1720 '

1124 1809 1176 1870 sed
1197 1824 1319 1888 semper
1342 1825 1402 1872 una
1430 1808 1618 1888 eademque,
1648 1819 1740 1890 prout
1767 1818 1868 1886 antea,

1124 1911 1216 1980 atque
1238 1903 1370 1965 indivisa
1391 1903 1431 1964 sit
1446 1911 1477 1964 et
1499 1903 1649 1967 habeatur
1663 1903 1869 1981 congregatio

1124 1995 1306 2058 Libanensis
1327 2003 1516 2074 nuncupata.
1543 1997 1670 2072 Deinde,
1686 2004 1721 2060 ut
1747 1997 1870 2077 capitu-

1124 2087 1191 2150 lum
1215 2089 1372 2166 generale,
1388 2106 1452 2168 quo
1466 2091 1557 2152 citius
1579 2090 1741 2154 convocari
1763 2091 1868 2170 possit,

1124 2183 1253 2244 omnino
1264 2191 1465 2260 convocetur,
1476 2191 1510 2252 ut
1522 2185 1700 2248 convocatio
1711 2185 1870 2247 huiusmo-

1124 2275 1154 2337 di
1170 2274 1390 2338 afraternitate
1412 2286 1462 2339 tua
1485 2277 1649 2353 indicatur,
1663 2286 1697 2340 ut
1714 2279 1746 2341 in
1762 2280 1869 2340 eodem

1125 2368 1274 2446 capitulo
1287 2367 1462 2432 fraternitas
1484 2379 1535 2432 tua
1557 2371 1718 2450 apostolica
1738 2372 1870 2446 auctori-

1125 2467 1186 2523 tate
1214 2464 1318 2525 nostra
1343 2462 1458 2542 tueque
1485 2464 1638 2527 ordinarit
1659 2465 1870 2528 iurisdictione

1124 2557 1308 2636 pt·aesideat;
1332 2567 1366 2621 ut
1387 2567 1553 2638 antequam
1575 2561 1715 2622 eiusdem
1738 2559 1870 2638 Capituli

1124 2652 1278 2728 generalis
1292 2653 1458 2716 celebratio
1472 2654 1632 2731 habeatur,
1649 2653 1777 2718 dilectos
1789 2655 1870 2717 tilios

1125 2747 1290 2809 monachos
1318 2747 1506 2811 loacbimum
1536 2747 1772 2822 Enchelensem,
1803 2748 1871 2812 cle-

1124 2845 1263 2901 mentem
1275 2840 1424 2902 llasdrani
1440 2848 1471 2902 et
1485 2840 1670 2918 ltapltaelem
1682 2840 1806 2916 Zucclri,
1819 2857 1871 2920 pe-

1126 2933 1179 2994 titt
1203 2940 1304 2994 tamen
1328 2933 1428 3008 veniat,
1444 2935 1481 2995 ab
1499 2934 1712 2996 ecclesiasticis
1730 2936 1871 2997 censuris

1124 3034 1155 3087 et
1178 3026 1295 3104 poenis,
1312 3025 1344 3088 in
1366 3043 1441 3105 quas
1463 3027 1665 3101 incurrerint,
1682 3027 1818 3090 absolvas
1840 3036 1870 3091 et

1124 3119 1278 3181 absolutos
1293 3135 1360 3182 esse
1381 3129 1473 3200 atque
1494 3121 1527 3183 in
1544 3121 1606 3200 ipsa
1621 3122 1870 3200 congregatione

1124 3228 1323 3291 perseverare
1337 3215 1450 3277 debere
1464 3216 1615 3293 declares,
1639 3215 1774 3294 reliquos
1795 3233 1871 3278 vero

1125 3307 1290 3370 monachos
1302 3307 1334 3371 in
1344 3310 1409 3372 suis
1420 3310 1591 3387 respective
1602 3311 1747 3388 gradibus
1758 3313 1872 3377 eonsti-

1125 3409 1202 3463 tuas.
1211 3402 1358 3476 Quocirca
1371 3402 1438 3479 tibi,
1448 3418 1520 3465 ven.
1531 3402 1637 3480 frater,
1646 3420 1756 3466 omnes
1767 3421 1870 3469 neces-

1125 3494 1217 3554 sarias
1238 3503 1269 3556 et
1291 3503 1479 3574 opportunas
1504 3495 1664 3559 facultates
1689 3501 1870 3564 auctoritate

1125 3595 1156 3648 et
1172 3595 1280 3650 tenore
1294 3590 1419 3668 paribus
1432 3590 1597 3653 tribuimus
1613 3598 1644 3654 et
1659 3591 1868 3672 impertimur.

1165 3686 1185 3761 ς
1205 3683 1233 3745 3.
1258 3681 1388 3760 Verum,
1404 3686 1428 3748 si
1445 3687 1623 3764 capitulum
1645 3690 1793 3766 generale
1813 3690 1872 3753 bu-

1126 3779 1271 3854 iusmodi,
1294 3795 1308 3838 a
1333 3778 1526 3843 fraternitate
1549 3781 1599 3844 tut
1625 3782 1684 3844 iam
1706 3784 1870 3861 indictum,

1126 3871 1176 3934 vel
1197 3874 1358 3935 convocari
1381 3889 1444 3935 non
1466 3874 1560 3951 possit
1575 3875 1625 3938 vel
1642 3877 1701 3938 iam
1723 3894 1873 3941 convoca-

1128 3975 1194 4028 tum
1223 3966 1370 4028 canonice
1391 3965 1523 4042 absolvi,
1547 3983 1605 4030 nec
1630 3972 1775 4032 canonica
1795 3986 1872 4049 quo-

1127 4075 1188 4138 que
1207 4059 1407 4138 superiorum
1422 4059 1533 4122 electio
1554 4062 1657 4139 pertici
1681 4064 1791 4142 possit3
1816 4081 1871 4126 nos

1125 4151 1159 4212 in
1182 4151 1320 4229 quolibet
1340 4151 1455 4215 borum
1476 4155 1643 4216 eveniente
1664 4171 1745 4232 casu,
1768 4165 1871 4220 aucto-

1127 4245 1217 4307 ritate
1239 4252 1270 4306 et
1294 4252 1403 4306 tenore
1431 4245 1571 4324 paribus,
1593 4246 1872 4330 fraternitatitnae

1126 4336 1306 4399 facultatem
1325 4338 1472 4400 similiter
1493 4331 1658 4404 tribuimus
1678 4352 1710 4405 et
1732 4345 1872 4424 imperti-

1126 4447 1198 4492 mur
1223 4445 1279 4508 per
1300 4441 1331 4492 te
1352 4431 1454 4510 ipsum
1475 4433 1634 4498 dumtaxat
1656 4436 1790 4515 eligendi
1812 4440 1873 4502 llb-

1127 4524 1231 4586 batem
1257 4525 1434 4603 generalem
1466 4533 1497 4588 et
1523 4537 1657 4606 quatuor
1684 4532 1873 4598 Diffinitores

1127 4618 1299 4695 generales,
1321 4620 1387 4698 qui,
1411 4629 1440 4681 te
1462 4617 1586 4702 quoque
1614 4628 1820 4704 praesidente,
1842 4639 1874 4692 et

1127 4715 1202 4778 alios
1216 4716 1347 4780 Abbates
1362 4715 1479 4794 eligant
1492 4723 1525 4780 et
1538 4721 1787 4797 congregationis
1803 4724 1873 4786 nni-

1127 4825 1234 4871 versae
1256 4810 1446 4887 gubernium
1471 4821 1628 4875 assumant
1649 4822 1742 4892 atque
1763 4816 1803 4878 ita
1826 4831 1874 4878 re-

1128 4911 1220 4980 gant,
1251 4904 1380 4982 perinde
1402 4921 1436 4967 ac
1460 4906 1486 4967 si
1507 4906 1540 4968 in
1567 4907 1705 4982 generali
1733 4911 1874 4988 capitulo

1128 4996 1217 5057 electi
1232 4995 1372 5059 luissent.
1391 4999 1493 5076 Atque
1505 4999 1564 5062 sub
1579 4999 1789 5064 ecclesiasticis
1803 5019 1875 5066 cen-

1127 5090 1207 5151 snris
1230 5097 1260 5151 et
1282 5091 1401 5169 poenis,
1418 5101 1571 5170 quatenus
1592 5109 1670 5174 opus
1690 5095 1742 5171 sit,
1758 5099 1873 5177 eosqui

1128 5184 1254 5261 electos,
1273 5192 1306 5247 ut
1328 5187 1550 5264 praemittitur,
1566 5187 1717 5250 Abbatem
1738 5195 1770 5250 et
1792 5191 1874 5252 Dilli-

1129 5280 1246 5342 nitores
1275 5280 1434 5356 generales
1464 5279 1600 5360 aliosque
1627 5283 1759 5345 Abbates
1791 5301 1875 5349 reco-

1128 5387 1276 5450 gnoscere
1297 5374 1404 5450 eisque
1426 5388 1535 5451 parere
1556 5373 1807 5455 detrectaverint,
1825 5395 1874 5443 co-

1128 5482 1180 5544 gas
1201 5474 1232 5527 et
1253 5465 1428 5544 compellas.

1168 5563 1186 5636 ἓ
1208 5564 1236 5625 l.
1261 5563 1440 5627 blandantes
1452 5572 1611 5642 propterea
1626 5565 1658 5626 in
1671 5566 1790 5628 virtute
1805 5583 1874 5628 sau·

1128 5663 1194 5719 ctae
1215 5657 1418 5733 obedientiae,
1441 5674 1475 5719 ac
1495 5658 1553 5719 sub
1574 5658 1797 5736 indignationis
1819 5677 1874 5723 no·

1128 5758 1210 5813 strae
1230 5749 1359 5828 aliisque
1390 5751 1518 5813 arbitrio
1546 5758 1652 5814 nostro
1679 5750 1875 5831 imponendis

1128 5845 1246 5922 poenis,
1268 5844 1413 5906 omnibus
1430 5853 1462 5906 et
1476 5844 1607 5920 singulis
1629 5859 1875 5924 saepememora-

1129 5943 1176 6000 tae
1186 5937 1435 6017 congregationis
1449 5935 1608 6000 monacbis
1619 5945 1650 5999 et
1660 5937 1739 6012 aliie,
1750 5939 1785 6000 ad
1798 5954 1874 6017 quos

1789 547 1847 612 687
1898 549 1952 604 An.
1966 551 1996 602 c.
2018 550 2087 603 1757
