4838 6982
332 544 384 598 An.
399 549 429 599 0.
451 545 520 598 1154
568 547 627 610 hili
1070 569 1132 612 3333.
1158 568 1246 612 3333.
1273 567 1312 610 os
1335 567 1361 610 3.
1387 568 1415 612 3.
1442 569 1523 614 raus
1547 569 1566 612 3.

550 683 673 757 gatione
702 685 862 748 erudiendi
892 701 946 764 per
967 703 1016 763 se,
1046 688 1294 766 erudiendosque
1350 701 1407 764 pro
1429 687 1498 748 cias
1528 687 1745 766 responsione,
1768 693 1806 747 att
1829 690 1889 748 eut
1910 682 2043 761 plenius
2066 688 2096 744 et

549 777 676 838 curandi
693 778 884 841 Christianae
900 781 1061 843 Doctrinae
1077 782 1246 860 praeceptis
1262 782 1295 844 d·
1351 780 1521 842 33333333
1543 780 1724 858 loquemur,
1748 784 1807 841 eol
1829 795 1908 856 3333
1931 777 1997 839 31133
2020 785 2096 839 asoto

550 869 618 943 lios,
634 887 766 948 suosque
782 871 963 935 familiares:
981 875 1155 955 3333333333
1168 879 1197 940 33
1214 877 1296 942 dioe-
1350 878 1440 944 arelat,
1465 891 1528 935 oea
1550 873 1743 952 replicemus
1763 873 1864 937 letius
1880 881 1938 935 ete.
1966 873 2096 948 Quodsi

550 964 668 1024 casibus
690 974 831 1043 receptus
853 976 910 1042 est,
932 976 1088 1044 servetur,
1105 980 1295 1050 orneturque
1350 968 1449 1028 ciniis
1472 967 1588 1030 turdos
1610 971 1667 1042 est,
1691 967 1946 1029 misericorditer
1966 983 2096 1028 saccar-

550 1056 762 1134 recipienſtrlus
792 1058 845 1120 uhi
870 1062 1019 1124 haetenus
1052 1079 1114 1124 non
1146 1064 1293 1141 obtinuit,
1350 1061 1467 1122 resides
1490 1065 1548 1132 est,
1573 1059 1839 1139 3333133333,
1863 1076 2097 1138 3333333333

551 1168 634 1226 33333,
659 1152 741 1213 irrata
764 1169 869 1231 quem,
892 1163 964 1218 ante
985 1157 1119 1236 velpost
1141 1159 1293 1237 parochia·
1322 1153 1531 1223 lateressorio
1552 1161 1645 1228 scot,
1670 1155 1733 1232 ipsi
1761 1155 1966 1232 potissimam
1993 1153 2098 1215 toreul-

551 1243 611 1306 lem
634 1246 769 1320 missam,
792 1247 869 1310 elata
884 1263 970 1324 voce
986 1267 1041 1328 per
1062 1252 1230 1330 ipsummet
1246 1269 1324 1345 pa
1322 1232 1464 1308 ruodo.
1491 1248 1568 1310 lllud
1591 1248 1679 1310 nobis
1701 1263 1879 1326 333333333
1896 1255 1953 1321 est
1971 1246 2046 1321 lore,
2063 1254 2097 1309 ul

551 1342 679 1400 rochum
708 1341 880 1404 recitantur
909 1343 998 1421 133133,
1020 1346 1136 1423 333333
1163 1346 1324 1429 caritatis,
1323 1308 1584 1419 longeplura
1578 1341 1634 1418 3331
1665 1340 1906 1419 persequamini,
1931 1355 2097 1418 quameu-

549 1439 634 1494 actus
656 1441 738 1494 recte
760 1435 938 1512 compositi,
963 1438 1077 1515 populo
1099 1439 1224 1500 interim
1247 1453 1325 1514 333
1323 1433 1471 1512 cyclicis
1493 1434 1577 1496 hisee
1598 1434 1697 1496 literis
1719 1434 1832 1496 nostris
1846 1433 1934 1494 robis
1956 1433 2099 1510 indigita-

550 1526 633 1586 rochi
651 1527 743 1588 verha
766 1528 908 1591 iterante.
933 1529 995 1593 Nee
1010 1531 1101 1592 etiam
1118 1533 1297 1609 negligatur
1323 1538 1325 1587 l
1352 1544 1431 1590 mus.
1466 1528 1596 1590 interim
1618 1528 1721 1601 vohis,
1753 1527 1944 1588 venerabiles
1965 1525 2096 1600 fratres,

551 1619 735 1681 incumbens
753 1621 885 1699 parocho
900 1639 990 1700 onus,
1003 1640 1064 1702 quo
1079 1623 1162 1686 lestis
1178 1625 1296 1699 diebus,
1323 1622 1325 1655 l
1351 1622 1589 1700 concreditoque
1617 1618 1818 1682 sollicitudini
1850 1630 1971 1682 vestrae
1997 1621 2096 1696 gregi,

551 1713 610 1774 nisi
632 1713 811 1776 concionem
835 1715 868 1776 ad
892 1716 1043 1794 populum
1065 1717 1190 1792 hahere,
1213 1725 1324 1795 cer,te
1350 1713 1546 1792 apostolicam
1570 1711 1817 1775 benedictionem
1829 1721 2026 1791 peramanter
2041 1712 2097 1773 im-

550 1805 675 1908 quidem
699 1821 737 1866 es
752 1808 838 1868 altari
861 1809 1058 1886 evangelium
1076 1810 1103 1871 ei
1119 1811 1324 1888 explana-‚ie
1352 1807 1515 1884 pertimur.

551 1897 715 1975 ipsumque
737 1914 897 1978 3333333333
913 1901 1043 1964 Sanctae
1057 1901 1227 1980 Religionis
1243 1919 1297 1964 no
1323 1900 1324 1937 l
1391 1855 2099 1977 [133333333303333·163331313133,3133

551 2003 632 2052 strae
653 1993 813 2070 mysteria,
829 1993 882 2054 liei
905 2005 1065 2073 praecepta
1086 2004 1117 2056 33
1133 1996 1294 2071 Ecclesiae
1322 1966 1440 2053 *aava
1477 1993 1555 2055 iunii
1587 1993 1967 2070 3333333333331133333
2000 1994 2097 2054 nostri

551 2101 584 2145 ac
599 2084 746 2162 quidquid
763 2087 887 2148 demum
905 2096 1101 2166 eporestal
1117 2089 1432 2154 sacramen-ranno
1454 2101 1518 2147 xiv.

551 2187 656 2240 33333
677 2177 771 2254 digne
792 2181 943 2259 particeps
969 2184 1037 2257 liat,
1060 2185 1188 2245 edocere
1212 2158 1324 2267 tene-2

550 2279 613 2333 tur.
636 2271 772 2348 Vestigia
795 2272 869 2335 haec
890 2283 1050 2338 sectentur
1080 2293 1204 2355 quoque
1225 2293 1296 2339 con·
1322 2302 1323 2335 l

550 2365 739 2440 cionatores,
768 2366 880 2444 quibus
910 2368 1044 2431 salutare
1066 2369 1142 2433 illud
1166 2371 1297 2433 iteretur
1322 2380 1324 2467 l

550 2461 718 2535 monitum,
742 2470 776 2522 ut
794 2457 1062 2526 adhortationibus
1084 2464 1296 2526 institutiones
1322 2524 1324 2571 3

550 2554 1324 2653 3313333333333331333331333333333333331333333

342 2653 477 2700 3333311
490 2653 533 2698 do·
550 2646 713 2709 auditores.
731 2647 869 2726 lienique
884 2665 1036 2726 quaenam
1051 2649 1090 2711 sit
1103 2651 1214 2729 optima
1232 2668 1324 2737 333-33

320 2707 532 2824 ἓῗιῗῗ-ἷιῑὲιῗοῖῗὲ-
551 2740 1324 2807 313331333333331333133333313333133333333113
1351 2745 1562 2808 armenorum
1576 2744 2096 2808 CiliciaeclectumPutriurchem

321 2813 533 2924 {³„ffigalfflffipss2i
551 2834 648 2897 ctrina
671 2833 868 2908 erudiendis,
899 2835 1083 2912 indigitatur
1103 2853 1118 2896 a
1140 2835 1171 2899 S.
1192 2824 1324 2924 hugo-5
1392 2837 1559 2916 confirmet
1580 2837 1736 2916 eidemque
1757 2839 1895 2915 pellium
1914 2839 2018 2901 tradit
2038 2839 2094 2920 (l).

321 2921 449 2977 ⁰¹l¹³¹¹²¹l
550 2928 632 2990 stine
654 2928 685 2988 33
708 2927 786 2989 libro
801 2929 838 2990 de
856 2927 1125 2992 Cethechizondis
1146 2931 1293 3006 redibas,
1322 2940 1324 2981 1

552 3037 620 3099 333.
639 3023 692 3094 10,
712 3022 763 3084 ubi
786 3020 1087 3099 133333333133333
1111 3041 1181 3104 prae
1201 3037 1298 3090 caete·
1322 2994 1324 3035 ³

552 3116 593 3177 ris
615 3131 682 3176 eam
704 3131 781 3189 esse,
798 3131 868 3192 qua,
886 3122 952 3192 post
974 3117 1235 3196 explanationem,
1256 3121 1297 3182 la·
1323 3158 1324 3195 ,

551 3208 686 3269 mitiores
721 3207 927 3270 instituantur
956 3209 1236 3290 interrogationes;
1258 3231 1296 3276 ex
1323 3219 1325 3293 l
1393 3213 1470 3277 llece
1493 3214 1552 3274 iam
1575 3214 1666 3275 lertio
1692 3231 1728 3276 33
1752 3215 1895 3278 hocloco
1924 3216 2097 3278 313333133-

551 3301 694 3363 familiari
713 3301 827 3379 333333
843 3301 1087 3379 interrogatione
1101 3314 1297 3384 compertum
1323 3308 1325 3363 l
1353 3309 1487 3369 motione
1516 3306 1692 3382 3333333333,
1720 3324 1774 3369 333
1803 3309 2016 3387 postulationis
2045 3310 2096 3370 Pa-

552 3395 597 3470 33,
620 3412 672 3471 33,
695 3411 773 3473 quae
794 3396 925 3474 quisque
947 3398 1076 3473 audivit,
1101 3408 1208 3462 mente
1230 3415 1297 3478 per·
1323 3392 1325 3451 ἷ
1353 3400 1502 3463 triarchas
1524 3400 1645 3463 Ciliciae
1668 3401 1877 3464 armenorum
1897 3400 1983 3465 vobis
2004 3403 2095 3465 verba

551 3489 677 3567 ceperit,
694 3488 745 3551 vel
767 3505 806 3550 an
827 3489 930 3568 potius
952 3491 1057 3552 iterata
1080 3493 1296 3570 explanatione
1353 3494 1489 3556 facimus.

1658 2557 1786 2620 CLXlll.

1590 3019 1856 3091 allocutio.

550 3597 628 3661 opus
648 3584 703 3660 sit;
728 3589 762 3645 33
783 3584 884 3646 alieno
905 3585 1003 3663 captui
1027 3601 1076 3646 res
1098 3586 1294 3650 subiiciatur:

552 3675 806 3755 interropetione
818 3677 1033 3754 quaerendum
1049 3685 1108 3749 est,
1125 3682 1239 3741 afram
1256 3679 1295 3752 is,
1323 3672 1325 3737 l

551 3771 606 3846 poi
628 3769 1064 3849 catechizator,iotellipot;
1087 3777 1117 3832 et
1138 3772 1296 3852 33333133
1323 3742 1325 3830 Ι

591 3995 621 4052 ll)
636 3994 696 4042 Vita
710 3995 799 4042 huncio
813 3995 905 4043 Iacobo
919 3996 1055 4043 variabiet
1068 4001 1243 4043 armenorum
1258 3995 1295 4042 ci-

549 4060 627 4108 liciae
641 4061 803 4118 Petriarcha,
817 4063 864 4122 qui
877 4063 949 4109 Petri
962 4064 1070 4109 secundi
1086 4075 1180 4110 nomen
1195 4074 1295 4110 assum·

549 4131 648 4187 33331,
662 4128 856 4186 archiepiscopi
870 4128 994 4176 catholici
1008 4129 1115 4174 armeni
1125 4128 1296 4184 ritus,.simul

549 4195 711 4254 congregati,
726 4194 879 4242 Michaelem
899 4197 1058 4241 monachum
1077 4195 1105 4242 in
1119 4195 1295 4252 archiepisco·

550 4273 612 4322 pum
622 4264 696 4320 Alepi
706 4265 732 4308 et
743 4263 925 4309 Patriarcham
934 4263 1040 4310 ciliciae
1049 4268 1223 4308 armenorum
1234 4274 1297 4308 una·
1321 4271 1324 4373 Ι

550 4330 617 4376 nimi
630 4341 758 4376 consensu
773 4329 919 4386 elegerunt.
935 4333 1001 4376 Tum
1017 4331 1153 4384 electores,
1167 4329 1295 4386 cumipse

1392 3585 1557 3648 Neminem
1580 3595 1719 3650 vestrum
1735 3589 1880 3663 ignorare
1894 3589 2094 3663 arbitramur,

1353 3679 1460 3741 multis
1474 3681 1511 3741 ab
1526 3680 1598 3742 hinc
1612 3681 1741 3743 saeculis
1753 3679 1957 3743 Patriarcham
1974 3683 2097 3744 Ciliciae

1353 3774 1577 3848 armenorum,
1613 3773 1802 3852 transfugam
1834 3775 1871 3836 ab
1902 3776 1956 3836 hac
1986 3774 2096 3838 Sancta

1349 3996 1516 4053 piscoporum
1540 4000 1715 4042 armenorum
1741 3995 1933 4042 catholicorum
1956 3999 2097 4052 armeniae

1350 4063 1460 4109 minoris
1474 4067 1501 4108 et
1515 4063 1627 4118 ciliciae,
1642 4063 1717 4108 enixe
1736 4063 1945 4120 supplicantium
1964 4065 2097 4111 sanctissi-

1350 4141 1392 4176 mo
1407 4131 1513 4176 domino
1534 4133 1633 4184 nostro,
1648 4132 1677 4176 ut
1693 4129 1820 4187 dignetur
1840 4131 1986 4188 approbare
2000 4137 2028 4178 et
2040 4144 2098 4178 con·

1350 4197 1458 4242 liemare
1472 4197 1627 4242 electionem
1643 4207 1688 4242 seu
1704 4197 1911 4254 postulationem
1927 4199 2098 4246 patriarchae

1349 4264 1475 4309 catholici
1489 4275 1537 4320 pro
1552 4263 1660 4309 ecclesia
1676 4264 1851 4320 patriarchali
1861 4265 2002 4312 armeniae
2017 4268 2098 4313 mino·

1350 4331 1387 4376 ris
1402 4334 1429 4376 et
1443 4331 1557 4386 ciliciae,
1572 4333 1682 4376 vacante
1696 4341 1744 4388 per
1758 4331 1861 4377 obitum
1876 4333 1962 4379 iacobi
1972 4333 2042 4379 Petri
2054 4337 2098 4379 Pa·

1351 4398 1492 4452 triarchas,
1506 4409 1522 4443 a
1536 4397 1662 4454 praefatis
1677 4397 1885 4456 archiepiscopis
1905 4401 2026 4445 unanimi
2040 4412 2097 4446 con·

550 4398 648 4443 electus
668 4398 824 4443 Patriarcha
845 4397 1007 4454 supplicibus
1028 4397 1098 4444 datis
1118 4397 1218 4442 litteris
1240 4399 1295 4442 tam
1321 4398 1324 4467 1

550 4465 717 4512 sanctissimo
738 4465 844 4510 domino
865 4467 956 4510 nostro
977 4465 1116 4510 Benedicto
1133 4467 1217 4522 Papae
1232 4467 1294 4510 x1v.
1322 4476 1324 4531 3
1351 4476 1430 4510 sensu
1444 4467 1580 4521 peractam
1595 4463 1626 4508 de
1640 4476 1753 4522 persona
1773 4467 1803 4510 a.
1819 4469 1844 4510 Ρ.
1860 4469 1886 4510 D.
1903 4467 2039 4513 Michaelis
2053 4473 2099 4512 ar-

550 4544 629 4590 quam
644 4531 863 4578 eminentissimis
878 4531 1062 4577 cardinalibus
1077 4535 1171 4577 sacrae
1187 4535 1297 4588 congre·
1321 4538 1324 4608 3
1350 4532 1510 4590 chlepiscopi
1530 4532 1634 4588 Alepen.
1657 4531 1702 4589 qui
1725 4532 1798 4577 Petri
1821 4544 1916 4578 nomen
1939 4534 2098 4591 assumpsit,

549 4602 665 4659 gationis
679 4603 711 4646 de
725 4601 896 4658 propaganda
909 4599 981 4655 Fide,
996 4610 1036 4654 ea,
1051 4611 1103 4656 qua
1124 4611 1172 4656 par
1186 4602 1235 4655 est,
1250 4601 1297 4645 hu·
1350 4598 1556 4644 eminentissimi
1570 4601 1661 4644 Patres
1676 4597 1769 4644 habita
1783 4599 1887 4645 ratione
1904 4600 1936 4646 de
1951 4601 2099 4647 orthodoxa

550 4669 664 4716 militate
684 4667 826 4715 sanctitati
847 4669 914 4713 Suae
936 4666 1128 4724 supplicarunt,
1146 4669 1176 4711 ut
1194 4667 1298 4713 electio·
1351 4666 1409 4722 tide,
1423 4665 1572 4723 prudentia,
1594 4666 1658 4720 celo,
1679 4665 1844 4722 caeterisque
1865 4666 2012 4713 virtutihus
2031 4668 2099 4714 eius·

550 4749 610 4784 nem
625 4748 672 4782 seu
686 4735 891 4794 postulationem
913 4734 1032 4780 eiusdem
1052 4733 1128 4780 electi
1148 4745 1193 4778 seu
1208 4736 1297 4791 postu·
1350 4733 1409 4779 dem
1428 4736 1458 4778 R.
1474 4735 1499 4777 P.
1514 4735 1540 4776 D.
1558 4731 1700 4787 Michaelis,
1721 4733 1890 4789 censuerunt,
1909 4734 2098 4780 consulendum

550 4805 597 4852 lati
612 4802 734 4850 monachi
750 4801 883 4848 Michaelis
898 4801 1054 4848 admitteret
1068 4803 1094 4846 et
1109 4811 1234 4857 suprema
1248 4812 1297 4848 sua
1350 4811 1407 4845 esse
1422 4798 1565 4845 sanctitati
1579 4802 1647 4844 Suae
1661 4810 1708 4856 pro
1721 4798 1883 4845 admissione
1900 4801 2036 4848 electionis
2051 4813 2098 4848 seu

550 4872 710 4918 auctoritate
724 4869 902 4923 confirmaret,
917 4879 948 4914 ac
966 4867 1040 4924 pallii
1059 4869 1186 4913 honorem
1201 4867 1226 4913 ei
1239 4879 1298 4914 con·
1351 4867 1547 4924 postulationis,
1560 4866 1592 4910 de
1607 4877 1659 4922 qua
1679 4865 1779 4923 agitur,
1798 4877 1859 4911 cum
1880 4869 2017 4915 sanatione
2038 4881 2099 4928 quo·

550 4940 661 4988 cederet.
677 4937 808 4983 afferendo
822 4935 957 4992 legitimas
976 4946 1078 4990 causas,
1094 4935 1190 4992 quibus
1204 4936 1237 4981 ad
1252 4939 1296 4981 Ur·

550 5007 608 5052 bem
623 5005 746 5051 accedere
767 5015 842 5060 posse
863 5001 1089 5060 praepediebatur.
1112 5006 1206 5049 Totum
1221 5015 1298 5060 nego·

550 5074 619 5118 tium
643 5075 738 5117 Sacrae
759 5069 963 5128 congregationi
986 5069 1017 5114 de
1041 5071 1211 5128 propaganda
1235 5071 1297 5116 Fide

550 5139 745 5186 discutiendum
761 5137 893 5183 Sanctitas
908 5140 961 5182 Sua
975 5136 1120 5191 commisit;
1140 5149 1193 5194 qua
1206 5149 1297 5184 consu·

550 5207 622 5252 lente
645 5217 693 5262 pro
715 5203 916 5250 confirmatione
937 5205 963 5247 et
984 5202 1122 5248 sanatione
1145 5204 1296 5250 defectuum

550 5273 632 5320 etiam
647 5271 873 5326 substantialium,
884 5273 1016 5327 quatenus
1026 5281 1091 5326 opus
1100 5274 1178 5325 esset,
1190 5283 1298 5329 sequen-

551 5341 573 5386 ti
587 5341 658 5387 edito
671 5341 785 5395 deciate,
801 5337 933 5384 Sanctitas
943 5341 996 5383 Sua
1005 5337 1039 5384 ad
1049 5337 1184 5394 praefatae
1194 5339 1297 5386 electio·

550 5408 592 5456 nis
606 5407 834 5454 confirmationem
849 5403 963 5450 devenit.

838 5544 1009 5588 oboacrum

577 5682 673 5724 Sacrae
689 5679 906 5730 consecrationes
921 5678 1055 5728 penerralls
1069 5677 1101 5720 de
1114 5677 1195 5728 Prop.
1208 5677 1271 5720 Fide

708 5747 814 5790 haduae
825 5747 867 5790 dte
881 5753 916 5788 vr.
932 5746 998 5788 malt
1011 5753 1133 5788 nocetur.

591 5877 691 5926 Relatis
706 5890 752 5936 per
761 5881 791 5923 a.
802 5879 828 5923 P.
841 5880 868 5922 D.
879 5876 1014 5922 Nicolaum
1026 5874 1179 5921 Lercarium
1194 5872 1297 5919 archia

551 5946 685 6008 piscopum
700 5945 877 5992 Rhodiensem
892 5942 1067 5990 secretarium
1081 5941 1182 5988 litteris
1193 5941 1297 5987 archie-

1351 4944 1525 4990 rumcumque
1539 4931 1688 4978 defectuum
1704 4933 1786 4978 etiam
1800 4933 2027 4992 substantialium,
2037 4947 2099 4995 qua·

1351 5004 1428 5046 tenus
1449 5011 1515 5056 opus
1536 4998 1580 5055 sit,
1602 5011 1702 5045 necnon
1720 5003 1759 5054 ut,
1774 5001 1882 5057 praevia
1902 5002 2098 5050 absolutiones

1351 5068 1454 5114 vinculo
1469 5067 1599 5113 licclesiae
1620 5067 1851 5123 archiepiscopalis
1873 5068 1955 5126 alepi,
1974 5069 2098 5126 dignetur

1351 5135 1489 5192 providere
1503 5134 1654 5191 praedictae
1669 5133 1806 5179 Ecclesiae
1820 5135 1998 5181 patriarchali
2011 5140 2099 5182 arme-

1351 5202 1411 5247 niae
1426 5201 1538 5246 minoris
1557 5204 1583 5245 et
1598 5199 1702 5245 Ciliciae
1721 5200 1753 5244 de
1767 5211 1880 5257 persona
1899 5202 2040 5247 memorati
2053 5202 2100 5247 Mi·

1351 5269 1450 5316 chaelis
1465 5267 1666 5324 archiepiscopi.

1391 5339 1474 5386 Quam
1490 5338 1584 5380 sacrae
1601 5334 1817 5391 congregationis
1837 5337 1997 5383 sententiam
2011 5337 2044 5382 ab
2059 5348 2099 5383 eo·

1351 5403 1410 5448 dem
1425 5401 1532 5448 domino
1551 5401 1696 5447 secretario
1710 5403 1822 5447 relatam
1836 5403 2005 5449 sanctissimo
2018 5404 2099 5449 domi-

1351 5482 1384 5517 no
1398 5473 1489 5516 nostro
1507 5470 1647 5515 Benedicta
1663 5471 1707 5514 PP.
1725 5471 1787 5514 XIV.
1805 5469 1832 5514 in
1851 5469 1988 5516 audientia
2006 5471 2099 5517 habita

1351 5537 1393 5583 die
1407 5549 1453 5584 333.
1469 5537 1534 5583 maii
1548 5547 1670 5582 uoccurv.
1683 5535 1815 5582 sanctitas
1826 5538 1879 5582 Sua
1888 5536 1914 5582 in
1925 5537 2047 5583 omnibus
2057 5539 2099 5584 be·

1351 5605 1430 5662 33333
1444 5603 1600 5661 approbavit
1615 5607 1642 5648 et
1656 5603 1758 5649 annuit.
1779 5605 1874 5649 Datum
1893 5616 1924 5650 ex
1939 5603 2048 5651 aedibus
2062 5605 2099 5650 di·
2116 5623 2118 5626 ·

1351 5675 1409 5718 ctae
1424 5674 1519 5717 sacrae
1534 5669 1751 5727 congregationis
1761 5669 1803 5716 die
1813 5681 1888 5716 xvur.
1900 5671 2018 5717 eiusdem
2029 5682 2099 5717 men·

1352 5738 1388 5784 sis
1402 5741 1430 5784 et
1443 5738 1514 5784 anni.

1624 5873 1647 5917 s.
1663 5871 1736 5918 card.
1752 5875 1872 5918 vannum
1886 5871 2043 5921 Praefectus.
