4828 6990
889 529 1083 576 dementatus
1106 529 1168 575 xttt.

255 649 354 712 cultas
380 647 437 727 ipsi
469 649 599 725 collegio
631 649 761 712 mittime
793 656 998 728 corrrpcteret,

253 743 365 804 saltem
386 743 574 806 cuniulativa
597 762 659 806 raon
679 745 930 821 impugnaretur,
947 744 1000 805 sed

253 837 294 898 ob
316 853 410 898 novas
431 853 446 896 a
469 838 571 914 priore
598 846 628 898 et
654 847 811 899 conventu
841 836 1000 915 praedictis

253 931 347 994 lactas
378 931 598 1008 oppositiones,
622 947 684 992 nou
712 931 780 993 siue
809 930 999 1007 gravamine,

253 1023 292 1084 lis
314 1031 345 1086 et
366 1041 453 1086 causa
484 1024 661 1087 huiusmodi
691 1041 745 1104 per
766 1025 870 1104 plures
891 1040 998 1098 anuos,

252 1125 284 1181 et
307 1116 342 1178 ad
361 1133 458 1197 usque
474 1134 594 1182 annum
609 1135 787 1184 uuccxuru.
805 1119 837 1180 iu
851 1133 1000 1196 suspenso

254 1211 424 1288 remansit;
447 1213 565 1275 interea
588 1215 734 1292 temporis
755 1229 825 1276 cum
841 1227 940 1274 novae
955 1228 1001 1272 ra-

252 1304 355 1376 tiones
386 1305 644 1385 probationesque
673 1323 688 1366 a
716 1315 836 1368 rectore
858 1305 1000 1368 3133113-

252 1397 305 1474 gio
326 1399 489 1476 praedictis
510 1409 706 1477 pararentur,
729 1400 765 1461 acl
786 1399 844 1461 boc
865 1408 899 1462 ut
912 1416 999 1462 causa

251 1489 432 1554 huiusmodi
453 1491 678 1568 absolveretur,
699 1492 829 1554 dilectus
851 1491 943 1554 etiam
966 1491 999 1553 lr-

64 1581 232 1684 Μξῇξῑῖοῑξὲἱξῇ
250 1581 315 1644 lius
336 1583 469 1646 Thomas
489 1583 590 1663 Ripoll
612 1584 760 1662 magister
781 1584 933 1662 generalis
948 1583 1000 1648 Or·

62 1689 161 1750 3331331
178 1695 232 1741 pro
250 1676 335 1738 druis
356 1677 617 1754 Praedicatorum,
632 1681 682 1742 cui
704 1679 866 1757 praemissa
882 1695 944 1741 uon
959 1677 1000 1740 la-

61 1748 232 1890 ffissndonlufpl
251 1770 372 1846 tebant,
405 1779 435 1834 et
466 1772 619 1851 proposita
645 1790 661 1833 a
689 1773 770 1835 dicto
801 1779 999 1852 procuratore

63 1853 206 1952 fflufflt
249 1864 430 1944 primodicti
446 1864 568 1942 collegii
588 1865 744 1944 probabat,
761 1867 796 1930 ad
812 1864 999 1929 dirimendas

250 1959 322 2022 lites
344 1960 428 2021 inter
448 1965 549 2038 partes
576 1959 754 2024 huiusmodi
776 1969 869 2035 ortas,
892 1976 999 2038 procu·

249 2052 408 2118 ratoribus
423 2053 586 2116 memorati
599 2063 771 2117 conventus
783 2054 952 2129 mandavit,
966 2059 1000 2115 ut

247 2145 504 2224 supersederent,
528 2153 559 2207 et
581 2147 822 2226 propositionem
844 2165 897 2226 pro
913 2157 999 2226 parte

248 2239 406 2304 dictorum
422 2240 549 2304 rectoris
566 2247 598 2302 et
612 2239 787 2318 primodicti
801 2239 922 2318 collegii
941 2240 999 2304 lac·

248 2341 317 2396 tam
338 2350 387 2396 am
410 2334 614 2396 lecterentur.

94 2431 229 2496 supplicatur
291 2349 597 2508 Hisceppraehabitis,
624 2437 803 2508 procurator
824 2405 999 2508 primodicti

62 2491 101 2586 1³:5¹
116 2491 230 2594 'blm'
248 2522 374 2600 collegii
400 2521 580 2586 charissimo
601 2523 635 2585 in
657 2523 779 2586 Christo
810 2524 871 2586 tilio
893 2533 999 2610 nostro

62 2593 214 2650 mosaeam.
248 2615 449 2680 Ferdinando
476 2615 656 2680 earumdem
685 2617 899 2697 Hispaniarum
921 2617 999 2695 Regi

248 2709 401 2772 catholico
431 2709 626 2791 supplicavit,
659 2718 812 2790 quatenus
834 2711 999 2775 instantiae

247 2802 394 2878 assentiri
424 2804 616 2881 dignaretur,
645 2805 870 2883 commissaque
891 2805 928 2866 ab
949 2822 999 2867 eo·

248 2897 322 2960 dem
343 2898 539 2962 Ferdinaudo
566 2897 649 2976 Rege
678 2899 797 2962 cuidam
819 2900 885 2962 eius
906 2899 998 2962 mini·

247 2999 314 3054 stro
336 2992 446 3072 plenae
478 2993 607 3054 fiduciae
627 2999 659 3054 et
690 2992 881 3056 litteraturae
912 3009 997 3072 prae-

248 3087 327 3161 dito,
349 3085 538 3164 quaestionis
552 3101 608 3148 seu
622 3085 684 3148 litis
699 3085 879 3149 huiusmodi
893 3087 997 3164 cogui-

250 3179 353 3254 tioue;
376 3185 445 3258 post
471 3178 682 3256 cognitionem
710 3179 898 3256 huiusmodi,
920 3181 996 3243 rela-

249 3271 433 3350 tionemque
455 3271 555 3334 eidem
572 3273 763 3336 Ferdinando
783 3273 861 3351 Regi
875 3274 995 3352 tructam,

248 3366 313 3444 ipse
344 3366 558 3428 Ferdinandus
588 3367 655 3428 Rex
675 3368 724 3429 die
746 3383 826 3428 xvu.
849 3368 996 3432 lebruarii

248 3460 392 3539 proxime
414 3459 572 3539 praeteriti
592 3477 685 3523 suum
706 3460 802 3524 edidit
822 3462 994 3539 decretum,

48 3601 231 3716 tn
248 3569 379 3710 {aaa
398 3553 996 3728 tritura,tarataram

68 3701 231 3812 13331ῗὲᾞῖἷῖ
250 3742 369 3818 legium
392 3741 424 3802 in
445 3740 600 3819 publicam
627 3741 718 3804 studit
752 3743 905 3820 generalis
926 3744 997 3806 uni-

70 3804 181 3852 mmm
249 3833 430 3896 versitatem
451 3849 524 3896 cum
545 3831 661 3895 eisdem
679 3833 874 3898 facultatibus
889 3845 919 3898 et
935 3838 995 3915 pri·

253 3926 384 4002 vilegiis,
411 3926 524 4005 quibus
554 3927 807 3989 secuudodictum
829 3927 994 4006 collegium

249 4021 368 4083 edicto
389 4020 566 4094 Hernando,
588 4020 668 4082 sicut
689 4022 908 4100 praemittitur,
926 4023 994 4086 lun-

249 4115 368 4190 uatum,
385 4113 536 4190 gaudebat
551 4121 581 4175 et
596 4113 766 4190 fruebatur,
782 4115 898 4194 erexit;
914 4124 944 4180 et
958 4116 993 4179 ad

250 4207 429 4270 huiusmodi
458 4206 603 4270 ellectum
633 4209 799 4284 mandavit,
823 4211 903 4287 quod
926 4227 994 4288 gra·

250 4301 305 4364 dus
326 4301 516 4381 quicumque
537 4301 614 4364 inibi
640 4303 838 4365 studentibus
859 4303 993 4367 conferri

250 4402 384 4474 possent,
407 4409 478 4458 cum
506 4411 602 4457 onere
622 4396 796 4459 sustinendi
823 4397 991 4473 cathedras,

251 4489 335 4551 iuxta
361 4487 513 4565 redditus,
535 4489 588 4568 qui
610 4505 648 4550 ex
674 4490 809 4552 secundo
831 4491 994 4555 (11313331-

251 4584 328 4661 legio
351 4583 397 4644 illi
418 4581 547 4645 luerunt
575 4582 748 4659 adiudicati,
771 4593 801 4648 et
822 4586 993 4648 adiectione

251 4679 380 4740 aliarum
394 4675 621 4752 cathedrarum,
637 4685 790 4756 quatenus
804 4680 915 4742 rectori
930 4679 993 4758 pri·

251 4772 374 4834 modicti
396 4771 518 4848 collegii
539 4771 669 4848 propriis
685 4772 825 4851 expensis
840 4772 905 4834 illas
920 4771 992 4835 adii-

250 4883 319 4930 cere
332 4865 498 4944 placuerit;
515 4863 683 4941 iniungens
698 4865 798 4926 eidem
814 4864 905 4928 iudici
921 4882 993 4928 con·

249 4959 441 5021 servatoria
473 4957 627 5041 praedicto
659 4955 798 5036 Philippo
828 4957 912 5035 Rege
941 4959 992 5021 de·

249 5055 367 5132 putato,
390 5058 425 5113 ut
446 5051 611 5129 praemissa
638 5051 741 5112 omnia
769 5049 928 5131 adimpleri
952 5053 993 5114 13-

249 5163 329 5222 cere,
346 5157 377 5208 et
392 5146 425 5208 iu
438 5144 570 5220 singulis
584 5145 701 5206 actibus
716 5144 845 5222 publicis
860 5147 991 5208 dedicta

250 5238 413 5302 Hernanrlo
435 5245 581 5315 tanquam
597 5235 758 5300 fundatore
774 5245 804 5298 et
819 5237 993 5302 benefacto-

249 5351 281 5396 re
302 5331 487 5397 memoriam
502 5330 618 5406 baberi,
635 5340 665 5392 et
681 5331 818 5393 decrevit
833 5333 944 5408 gradus
959 5333 991 5395 iu

249 5425 427 5490 huiusmodi
447 5421 638 5502 primodicto'
656 5423 786 5500 collegio
808 5424 839 5485 in
860 5423 992 5502 singulis

248 5520 383 5583 scientiis
405 5527 436 5581 et
455 5518 651 5582 tacuttattbus
668 5526 835 5597 susceptos,
852 5522 991 5580 eamdem

249 5615 312 5676 vim
333 5621 367 5676 et
387 5611 632 5693 praerogativam
649 5612 773 5688 babere,
790 5629 863 5691 quas
878 5612 992 5674 liabent

248 5709 291 5771 illi
313 5711 346 5772 iu
369 5724 564 5788 quacumque
586 5706 788 5769 universitate
802 5708 945 5788 suscepti,
961 5718 992 5771 et

248 5793 374 5866 illorum
405 5804 533 5877 virtute,
566 5801 662 5864 allicia
684 5809 714 5864 et
745 5799 909 5878 dignitates
931 5801 992 5864 illis

248 5897 523 5988 correspondentia
538 5896 677 5958 conterre
700 5911 796 5976 posse.
814 5895 872 5957 Pro
887 5911 924 5958 eo
940 5911 992 5957 re-

1723 515 1783 576 359
1834 513 1887 567 An.
1902 517 1932 568 C.
1955 517 2022 568 1747

1056 662 1104 724 ro,
1130 650 1212 726 quod
1241 651 1277 712 ad
1306 649 1424 712 dictum
1455 656 1647 714 conventum
1664 650 1800 726 attinet,

1055 742 1134 804 circa
1155 743 1220 804 eius
1241 743 1503 808 continuationem
1525 744 1557 808 in
1580 751 1739 823 praetensa
1761 743 1802 804 la-

1056 833 1180 910 cultate,
1203 837 1239 898 de
1261 853 1321 915 qua
1336 837 1476 914 legitime
1491 844 1521 900 et
1538 836 1649 912 valide,
1666 847 1700 900 ut
1716 854 1801 917 prae-

1056 927 1167 1004 iertur,
1191 946 1253 992 nou
1275 929 1451 1006 docebatur,
1474 930 1574 994 dictus
1588 931 1801 995 lerdinaudus

1055 1021 1120 1084 Rex
1143 1023 1307 1086 attendens
1331 1023 1555 1103 supplitiouem
1580 1026 1650 1088 dicti
1671 1024 1754 1087 Petri
1775 1025 1801 1087 l·

1056 1115 1153 1191 guatii
1175 1117 1380 1194 procuratoris
1402 1123 1457 1197 pro
1479 1118 1559 1181 bono
1582 1119 1661 1198 pacis
1678 1134 1801 1196 promo-

1056 1208 1172 1270 vendae
1195 1207 1315 1284 iactam,
1340 1202 1481 1289 amplecti
1501 1212 1594 1273 etiam
1609 1213 1801 1275 erectionem

1056 1301 1266 1366 universitatis
1281 1304 1313 1366 iu
1329 1305 1410 1368 dicto
1425 1311 1595 1382 conventu,
1608 1308 1800 1371 erectionem

1055 1409 1179 1473 quoque
1197 1395 1375 1459 huiusmodi
1398 1414 1457 1460 una
1480 1401 1650 1478 eademque
1665 1400 1801 1463 3113333-

1056 1488 1156 1563 cessit,
1173 1489 1249 1552 itaut
1270 1507 1331 1553 una
1346 1501 1376 1554 et
1391 1493 1485 1556 altera
1500 1494 1718 1556 universitates
1734 1511 1801 1572 gra-

1055 1581 1110 1642 dus
1132 1598 1344 1664 quoscumque
1365 1586 1397 1648 iu
1420 1586 1463 1647 eis
1485 1587 1655 1665 respective
1674 1590 1800 1651 studen-

1056 1673 1136 1736 tibus
1157 1676 1301 1739 coulerre
1325 1679 1454 1757 possint,
1471 1679 1505 1741 ad
1530 1680 1627 1743 instar
1647 1681 1802 1763 universi-

1056 1773 1167 1843 tatum,
1190 1769 1300 1848 quibus
1323 1781 1384 1833 tam
1406 1774 1481 1836 ordo
1499 1774 1632 1837 lratrum
1647 1775 1800 1838 Praedica-

1055 1867 1171 1938 torum,
1194 1880 1287 1943 quarn
1310 1864 1442 1928 Societas
1465 1868 1531 1929 lesu
1553 1868 1743 1944 huiusmodi,
1767 1870 1799 1932 iu

1055 1955 1229 2020 civitatibus
1251 1959 1288 2020 de
1303 1959 1415 2022 Manila
1430 1961 1556 2024 Sanctae
1572 1962 1668 2036 Fidei,
1686 1963 1800 2038 31031-

1055 2047 1134 2110 tensi
1158 2050 1307 2126 gaudent:
1331 2069 1364 2115 ac
1384 2069 1440 2133 pro
1461 2070 1533 2116 suae
1548 2055 1717 2118 voluntatis
1731 2072 1801 2119 exe·

1054 2143 1191 2219 cutione,
1212 2145 1332 2208 dilectis
1361 2164 1483 2227 quoque
1512 2148 1583 2210 liliis
1604 2147 1731 2211 consilio
1752 2151 1801 2212 ln·

1055 2235 1176 2298 diarum
1197 2240 1366 2316 mandavit,
1389 2242 1470 2320 quod
1495 2255 1589 2322 super
1611 2243 1694 2306 bisce
1715 2251 1799 2306 actus

1055 2331 1244 2412 quicumque
1273 2333 1304 2397 iu
1335 2333 1446 2398 iudicio
1479 2336 1573 2400 babiti
1606 2336 1798 2413 delerentur,

1054 2441 1111 2487 uec
1132 2427 1264 2505 amplius
1288 2428 1347 2491 ulla
1364 2429 1510 2492 instantia
1524 2429 1645 2492 admitti
1660 2431 1797 2507 deberet,

1054 2530 1303 2601 perpetuumque
1324 2521 1485 2584 silentium
1506 2525 1538 2585 iu
1554 2524 1727 2603 praemissis
1743 2525 1799 2587 im·

1054 2613 1167 2691 posuit,
1191 2616 1325 2692 3131133,
1354 2624 1446 2695 prout
1467 2616 1500 2678 in
1534 2616 1674 2680 eiusdem
1694 2619 1799 2682 1133311-

1054 2708 1149 2770 nandi
1179 2705 1271 2786 Regis
1301 2711 1424 2772 decreto
1456 2727 1551 2772 manu
1584 2712 1706 2790 propria
1726 2713 1797 2775 sub·

1053 2800 1176 2880 scripto,
1200 2812 1230 2863 et
1251 2802 1298 2864 die
1321 2818 1407 2864 xxvi.
1432 2803 1504 2866 maii
1535 2804 1674 2881 proxime
1695 2802 1797 2883 elapso

1053 2896 1206 2974 expedito,
1228 2895 1315 2960 cuius
1338 2905 1477 2960 tenorem
1504 2897 1721 2976 praesentibus
1742 2915 1797 2978 pro

1053 3005 1196 3070 expresso
1223 2991 1328 3053 baberi
1354 2991 1510 3069 volumus,
1538 2992 1664 3056 uberius
1683 2991 1798 3058 dicitur

1052 3085 1216 3148 contineri.
1616 3091 1618 3098 '

1092 3179 1172 3242 cun
1193 3187 1309 3256 autem,
1331 3180 1411 3244 sicut
1431 3181 1539 3245 eadem
1560 3181 1710 3262 expositio
1724 3185 1798 3246 sub·
1815 3185 2027 3293 „mss‘ss'ssfssgds‘gn

1051 3273 1210 3350 iungebat,
1233 3273 1332 3337 dictus
1353 3275 1498 3353 losepbus
1520 3285 1711 3356 procurator,
1735 3293 1796 3356 quo
1815 3292 1889 3340 urae.
2013 3255 2028 3290 ⁰

1052 3367 1216 3444 praemissa
1237 3367 1358 3430 firmius
1378 3369 1558 3444 subsistant,
1578 3377 1609 3431 et
1630 3380 1797 3433 serventur

1051 3461 1187 3523 exactius
1209 3460 1389 3540 apostolicae
1409 3462 1656 3525 confirmationis
1673 3470 1796 3526 nostrae

1052 3554 1220 3632 patrocinio
1234 3555 1435 3631 communiri,
1448 3555 1675 3634 collegiumque
1689 3555 1798 3618 buius-

1052 3646 1134 3709 modi
1156 3648 1189 3710 iu
1210 3647 1382 3727 supradicta
1413 3649 1516 3712 Sancti
1548 3649 1700 3711 Dominici
1722 3650 1797 3712 civi-

1051 3748 1113 3804 tate
1134 3750 1274 3805 erectum
1296 3741 1535 3822 fundatumque,
1566 3743 1597 3805 in
1619 3739 1795 3821 pubblicam

1049 3835 1233 3898 studiorum
1256 3835 1451 3912 generalium
1483 3837 1718 3898 universitatem
1741 3852 1795 3916 per

1050 3943 1105 3989 nos
1141 3925 1220 4004 erigi
1258 3935 1288 3990 et
1324 3929 1445 3990 institui
1482 3944 1680 4008 summopere
1717 3930 1796 3992 desi-

1049 4020 1145 4081 deret.

1089 4113 1160 4189 llos,
1183 4115 1236 4194 qui
1268 4114 1451 4178 Societatem
1484 4116 1674 4191 huiusmodi,
1706 4117 1793 4180 cuius
1831 4132 2026 4195 133333333-

1048 4205 1167 4269 alumni
1188 4215 1219 4269 et
1242 4207 1426 4288 professores
1445 4209 1556 4272 uberes
1578 4211 1741 4274 literarum
1763 4217 1794 4274 et
1811 4185 2025 4286 fflflfflffifflm

1048 4301 1169 4378 pietatis
1185 4301 1217 4363 in
1232 4301 1391 4380 publicum
1405 4303 1525 4366 tructus
1540 4306 1710 4382 producere
1725 4319 1795 4384 per-

1049 4402 1143 4473 gunt,
1179 4397 1315 4474 paternis
1347 4395 1584 4475 complectimur
1615 4397 1791 4474 aflectibus,

1048 4489 1143 4568 ipsius
1164 4489 1283 4568 losepbi
1305 4490 1511 4568 procuratoris
1529 4490 1608 4552 votis
1629 4493 1683 4553 bac
1699 4490 1730 4552 iu
1746 4507 1792 4568 re,

1048 4590 1200 4662 quantum
1220 4598 1292 4648 curn
1307 4581 1439 4645 Domino
1455 4599 1627 4662 possumus,
1644 4583 1794 4646 lavorabi-

1049 4678 1118 4742 liter
1133 4693 1271 4740 annuere
1286 4677 1439 4754 volentes,
1451 4677 1617 4757 ipsumque
1629 4679 1792 4758 losepbum

1048 4778 1281 4852 procuratorem
1295 4771 1434 4849 aquibus
1450 4771 1791 4850 excommunicationis,

1047 4863 1257 4944 suspensionis
1279 4869 1309 4924 et
1324 4861 1494 4938 interdicti,
1510 4862 1640 4941 aliisque
1655 4864 1793 4927 ecclesia-

1047 4959 1130 5020 sticis
1150 4956 1325 5031 sententiis,
1348 4957 1486 5018 censuris
1508 4963 1538 5017 et
1556 4957 1674 5035 poenis,
1691 4972 1707 5018 a
1722 4959 1792 5021 iure

1048 5049 1099 5114 vel
1120 5051 1156 5112 ab
1177 5050 1304 5112 homine
1325 5050 1431 5126 quavis
1453 5050 1611 5112 occasione
1633 5050 1682 5111 vel
1704 5067 1792 5113 causa

1049 5147 1126 5221 latis,
1138 5145 1163 5205 si
1179 5144 1289 5223 quibus
1304 5141 1536 5222 quomodolibet
1551 5143 1718 5206 innodatus
1729 5145 1793 5206 exi-

1047 5241 1112 5314 stit,
1135 5239 1170 5300 ad
1193 5236 1337 5299 ellectum
1359 5237 1568 5317 praesentium
1585 5244 1705 5300 tantum
1721 5253 1793 5300 con·

1046 5333 1251 5411 sequendum,
1270 5333 1378 5392 barum
1395 5331 1475 5392 serie
1490 5331 1682 5392 absolventes
1697 5339 1727 5392 et
1742 5331 1791 5392 ab·

1047 5426 1185 5489 solutum
1217 5424 1283 5487 lore
1313 5433 1486 5500 censentes,
1518 5423 1792 5503 supplicationibus

1046 5517 1113 5582 eius
1128 5521 1255 5583 nomine
1270 5520 1358 5583 nobis
1372 5535 1465 5598 super
1480 5519 1538 5581 boc
1548 5519 1712 5580 humiliter
1722 5534 1791 5599 por·

1047 5615 1138 5680 rectis
1168 5615 1319 5690 inclinati,
1351 5615 1561 5692 supradictum
1593 5614 1791 5675 decretuma

1048 5719 1219 5773 memorato
1233 5709 1427 5771 Ferdinando
1441 5706 1537 5784 Rege,
1553 5707 1632 5769 sicut
1648 5707 1790 5792 praemit-

1048 5805 1135 5879 titur,
1158 5802 1285 5878 lactum,
1305 5801 1451 5878 edictum,
1466 5801 1674 5880 subscriptum
1690 5805 1721 5861 et
1735 5815 1791 5877 pu·

1047 5896 1206 5971 blicatum,
1228 5912 1299 5958 cum
1321 5895 1467 5960 omnibus
1488 5903 1518 5958 et
1546 5893 1678 5974 singulis
1699 5893 1730 5958 ia
1753 5909 1790 5957 eo
