4764 6972
103 2127 126 2174 td
135 2124 226 2174 tollenda

34 2219 35 2226 ,
78 2181 132 2232 invola
149 2179 226 2237 effugia

79 2236 135 2284 catut

81 3062 224 3126 uduoddcposi·

75 3123 124 3162 tates
140 3122 222 3162 uatium

74 3171 177 3226 singulares,
204 3171 221 3214 si

74 3225 223 3278 nradpoenam,

73 3277 222 3324 artsuticuntcs

72 3331 192 3376 oltodomm.

34 3389 36 3418 l

80 3993 220 4067 :ovfuciinteur-

74 4049 218 4149 ,a

87 5300 102 5342 it
112 5313 157 5360 pont
168 5315 216 5360 pro·

74 5347 115 5408 lud
133 5361 217 5405 conim-

74 5414 117 5463 lltt,
133 5422 164 5456 rto
182 5414 218 5459 in-

74 5461 145 5510 auare

878 571 1073 622 bnubbtcxus
1094 569 1159 622 XIV.

248 691 393 756 Ordinem
414 694 658 774 presbyteratus,
682 696 768 758 iuxta
793 704 991 776 praetensum

249 803 341 864 onus,
364 788 447 867 quod
470 789 526 869 ipsi
553 791 625 852 fisco
653 791 836 853 incumbere
864 796 991 852 conten-

247 882 333 944 dunt.
364 883 410 945 Ad
433 884 637 948 alleviandam
661 901 736 946 vero
765 885 866 948 delicti
891 885 992 961 gravi·

247 987 353 1054 tatem,
376 978 453 1041 illud
475 979 639 1058 aliquando
654 980 830 1043 audivimus
852 979 990 1055 allegari,

247 1075 326 1152 quod
348 1089 421 1136 reus
442 1075 600 1150 integram
620 1074 745 1135 missam
773 1089 836 1134 non
858 1073 992 1134 celebra-

246 1168 337 1243 verit,
359 1168 412 1231 sed
435 1177 602 1246 antequam
624 1167 708 1230 illam
731 1167 882 1247 expleret,
898 1166 936 1228 ab
950 1167 992 1228 al-

246 1261 302 1323 tari
324 1261 513 1339 discesserim
535 1260 585 1323 vel
607 1261 701 1342 quod,
717 1262 741 1322 si
757 1277 851 1323 unam
867 1261 991 1322 missam

246 1357 368 1432 integre
389 1354 559 1418 celebrasse
576 1356 736 1418 convictus
756 1354 864 1430 fuerit,
880 1356 922 1431 id,
946 1356 991 1415 iu-

246 1457 296 1511 xta
318 1458 473 1512 assertum
502 1465 629 1512 sensum
658 1450 885 1527 praedictarum
912 1449 991 1512 Gon-

244 1543 458 1618 stitutionum,
471 1559 668 1622 nequaquam
689 1543 821 1605 sufficiat
835 1544 872 1606 ad
886 1543 991 1606 incur·

245 1639 356 1700 rendas
384 1653 496 1716 poenas
523 1639 554 1698 iu
578 1637 693 1699 eisdem
726 1638 912 1716 propositas;
941 1635 991 1712 vel

244 1731 392 1809 denique,
415 1731 535 1794 etiamsi
556 1731 660 1810 plnres
672 1731 850 1794 huiusmodi
871 1731 993 1793 sacrile-

244 1840 297 1902 gas
328 1825 436 1886 missas
466 1825 685 1900 celebraverit,
709 1825 842 1886 minime
870 1824 991 1903 probari

243 1919 341 1996 possit
361 1918 493 1982 formam
518 1919 755 1981 consecrationis
779 1919 816 1979 ab
837 1932 873 1979 eo
894 1914 992 1994 prola-

245 2021 307 2074 tam
326 2011 433 2087 fuisse.

282 2107 303 2182 ἓ
324 2107 353 2169 d.
377 2107 492 2169 idcirco
507 2122 575 2183 nos,
592 2105 702 2168 frivola
723 2103 901 2169 huiusmodi
924 2120 993 2166 reo-

243 2217 316 2263 rum
338 2201 452 2279 effugia
473 2202 511 2263 de
533 2201 635 2262 medio
658 2199 767 2261 tollere
788 2199 940 2272 volentes,
957 2213 992 2258 re

242 2303 367 2358 mature
387 2311 403 2354 a
425 2293 514 2356 nobis
535 2294 607 2371 ipsis
621 2301 654 2354 et
668 2302 809 2355 accurate
830 2307 989 2372 perpensa,

242 2397 339 2466 atque
359 2389 452 2450 etiam
474 2385 579 2449 audito
607 2386 736 2450 consilio
763 2401 835 2448 ven.
859 2386 992 2447 fratrum

242 2487 430 2545 nostrorum
454 2481 485 2544 S.
509 2480 545 2542 ll.
573 2479 608 2542 Ε.
639 2479 851 2543 cardinalium
865 2480 905 2540 in
928 2485 989 2540 tota

241 2574 411 2652 Republica
433 2573 605 2636 Christiana
630 2575 777 2636 adversus
805 2572 990 2634 haereticam

241 2667 428 2747 pravitatem
442 2665 635 2744 generalium
648 2666 871 2745 inquisitorum
883 2681 898 2724 a
914 2665 990 2728 San-

241 2771 288 2826 cta
322 2762 403 2826 Sede
430 2761 603 2840 specialiter
635 2761 873 2839 deputatorum,
902 2766 990 2820 motu

241 2859 370 2939 proprio
391 2867 421 2920 et
443 2858 487 2920 de'
508 2855 687 2935 apostolicae
713 2854 871 2933 potcstatis
892 2852 991 2931 pleni-

241 2953 372 3028 tudine,
404 2952 568 3014 statuimus
600 2949 700 3028 primo
728 2955 760 3010 et
787 2947 988 3019 declaramus,

241 3047 325 3126 quod
352 3047 424 3109 licet
452 3045 601 3108 delictum
630 3041 847 3105 celebrationis
879 3040 989 3102 missae

240 3157 305 3203 non
329 3140 401 3202 satis
422 3138 513 3218 plene
541 3137 706 3216 probatum
734 3135 794 3198 dici
822 3133 928 3213 possit,
951 3133 987 3195 ad

238 3235 389 3298 effectum
399 3230 584 3294 deveniendi
600 3229 635 3292 ad
649 3229 767 3292 realem
779 3229 989 3307 delinquentis

239 3327 444 3392 traditionem
466 3324 590 3387 brachio
611 3323 772 3398 saeculari,
795 3323 918 3401 quando
944 3328 988 3382 te·

239 3431 300 3483 stes
324 3419 445 3483 inducti
460 3419 493 3480 in
508 3419 571 3481 suis
593 3418 724 3496 quisque
745 3415 988 3494 depositionibus

237 3513 414 3592 singulares
435 3513 679 3590 dignoscuntur3
712 3510 919 3573 nibilominus
941 3511 987 3570 in·

237 3608 316 3670 dicia
338 3624 393 3687 per
414 3605 591 3668 huiusmodi
612 3605 818 3684 depositiones
841 3603 986 3682 acquisita

237 3702 312 3763 satis
334 3699 505 3762 relevantia
533 3697 661 3761 iudicari
689 3699 836 3774 debeant,
859 3706 894 3759 ut
915 3713 987 3759 reus

237 3795 405 3858 tormentis
426 3792 618 3868 subiiciatur,
641 3793 677 3855 ad
702 3791 885 3854 eliciendam
906 3790 987 3852 vexi-

237 3895 346 3952 tatem.

277 3983 350 4058 §a
373 3983 419 4045 nd
446 3981 691 4058 dignoscendum
720 3989 843 4055 autem,
877 3987 985 4042 utrum

237 4092 312 4139 reus
333 4077 366 4138 in
388 4075 496 4137 ordine
528 4073 758 4153 presbyteratus
783 4089 892 4135 revera
914 4089 986 4135 con·

234 4173 366 4233 stitutus
385 4169 493 4244 fuerit,
516 4181 626 4244 necne,
653 4165 838 4228 laudabilem
859 4167 985 4245 quidem

235 4265 493 4326 commendamus
514 4262 634 4340 praxim
661 4259 824 4322 tribunalis
847 4262 911 4324 Sao.
937 4261 985 4324 ln-

235 4357 427 4435 quisitionis,
444 4373 501 4435 qua
517 4355 679 4418 consuevit
701 4355 733 4416 in
747 4353 922 4417 huiusmodi
938 4371 985 4415 ca·

234 4451 321 4512 sibus
342 4450 508 4529 exquirere
528 4465 584 4527 per
606 4449 710 4511 literas
731 4449 769 4510 ab
784 4449 934 4527 Episcopo
948 4446 985 4509 il-

234 4542 296 4606 lius
319 4544 388 4619 loci,
418 4544 502 4605 unde
523 4557 595 4604 reus
623 4543 778 4620 originem
809 4543 912 4616 ducit,
934 4541 984 4604 vel

234 4636 266 4698 in
290 4653 354 4714 quo
369 4635 562 4699 domicilium
577 4636 679 4712 babet,
696 4653 734 4699 an
756 4637 821 4715 ipse
837 4639 983 4699 eumdem

233 4745 330 4792 rcum
344 4730 546 4808 promoverit,
559 4730 625 4792 sive
639 4729 674 4791 ad
690 4730 786 4793 alium
799 4730 982 4809 Episcopum

234 4823 341 4884 literas
351 4823 569 4884 dimissoriales
587 4838 642 4901 pro
661 4824 799 4886 eiusdem
816 4824 982 4885 ordinatio-

234 4931 275 4978 ne
296 4917 459 4991 direxerit,
476 4925 511 4979 ut
532 4918 582 4979 bic
603 4917 716 4980 deinde
737 4917 927 4998 requiratur,
944 4935 982 4980 au

234 5011 269 5073 ad
292 5026 402 5072 earum
424 5007 641 5073 executionem
663 5012 835 5074 devenerit.
864 5011 982 5076 l'erum

233 5104 300 5179 ubi,
324 5105 382 5166 hoc
402 5113 536 5183 peracto,
559 5122 597 5166 cx
618 5103 795 5166 huiusmodi
817 5106 983 5168 extraiudi·

233 5198 363 5260 cialibus
384 5198 606 5278 Episcoporum
628 5197 727 5260 literis
742 5206 873 5274 constet,
891 5201 983 5262 mini-

234 5306 287 5353 me
308 5307 399 5354 reum
421 5291 724 5371 fuissepromotum3
748 5293 776 5355 id
791 5294 862 5355 satis
876 5311 982 5374 super·

235 5400 298 5462 que
318 5397 384 5446 esse
405 5385 562 5460 volumus,
575 5393 610 5447 ut
625 5387 690 5448 fisci
708 5387 843 5449 intentio
858 5387 982 5467 probata

235 5479 373 5556 dicatur3
404 5478 611 5554 declarantes,
633 5495 697 5541 non
724 5480 815 5542 aliter
841 5483 914 5544 fisco
936 5483 981 5544 in·

235 5573 384 5634 cumbere
406 5588 485 5635 onus
500 5574 649 5654 probandi
670 5589 734 5636 non
752 5569 1002 5653 promotionem

234 5667 281 5728 rei
296 5668 332 5730 ad
348 5668 490 5730 ordinem
504 5668 747 5747 presbyteratus,
760 5670 812 5731 sed
827 5669 862 5729 ad
879 5670 981 5748 ipsum

233 5763 336 5840 potius
346 5777 437 5823 reum
449 5762 617 5842 pertinere,
625 5770 778 5841 quatenus
789 5762 980 5825 contrarium

233 5855 427 5932 praetendat,
449 5871 537 5916 suam
552 5855 781 5934 promotionem
795 5857 829 5919 ad
846 5855 980 5934 praedic·

232 5955 303 6012 tum
323 5947 466 6011 ordinem
490 5949 711 6013 concludenter
731 5951 905 6012 ostendere.

1717 551 1772 620 lli
1824 554 1922 612 tue.
1944 553 2015 612 1744

1086 695 1105 770 ἓ
1126 695 1155 758 6.
1180 693 1243 760 Sub
1254 693 1454 773 dispositione
1469 709 1543 758 vero
1557 695 1793 774 praesentisno-
1861 718 1894 754 m.
1911 706 2025 764 Ampliat

1046 795 1138 864 strae,
1161 805 1283 852 necnon
1305 790 1543 867 praemissarum
1564 791 1707 854 omnium
1721 807 1795 854 con·
1811 761 2027 870 ξὲἧὲἶῗωξοὲῗὲῖ

1045 883 1258 957 stitutiouum‚
1276 884 1496 962 comprehendi
1515 885 1713 948 decernimus
1728 902 1793 946 om·
1811 869 2026 968 {lssflsslgffifi‘ss‘g

1047 993 1103 1039 nes
1129 985 1159 1039 et
1187 975 1340 1054 singulos,
1370 978 1440 1056 qui,
1469 978 1582 1056 absque
1613 975 2025 1077 Sissesd⁰t³¹i1ffi¹l{¹,¹,⁵„‘{¹sst²,}¹,¹,‘¹

1047 1069 1143 1148 gradu
1165 1077 1195 1132 et
1218 1071 1337 1146 ordine,
1360 1087 1424 1134 non
1447 1073 1537 1135 modo
1559 1087 1654 1134 unam
1670 1071 1791 1134 Missam
1918 1041 1932 1088 ρ
2019 1063 2024 1085 ’

1046 1165 1200 1226 celebrare
1221 1165 1285 1227 ausi
1306 1166 1381 1240 sint,
1397 1167 1448 1228 scd
1468 1167 1561 1228 etiam
1577 1168 1671 1230 unius
1685 1168 1793 1232 blissae

1046 1269 1165 1338 partem
1176 1247 1347 1324 celebrasse¹
1357 1261 1542 1324 iudicialiter
1555 1261 1722 1339 fateantur,
1736 1281 1792 1326 seu

1046 1352 1187 1430 legitime
1208 1355 1342 1418 convicti
1356 1355 1486 1430 fuerint,
1503 1356 1671 1418 dummodo
1693 1357 1792 1420 eleva·
1825 1375 2024 1438 nqmmouosts

1046 1448 1166 1509 tionem
1188 1447 1308 1510 Hostiae
1329 1447 1378 1510 vel
1401 1449 1521 1523 Calicis,
1538 1465 1594 1512 seu
1616 1451 1790 1530 utriusque,
1810 1431 1939 1537 {ffl‘ffiffn
1967 1442 2024 1488 ω’

1046 1541 1080 1603 in
1096 1542 1192 1604 ditari
1207 1543 1397 1624 peregerint,
1410 1543 1553 1622 quamvis
1567 1544 1605 1604 de
1620 1543 1792 1623 prolatione

1046 1634 1164 1698 formae
1178 1637 1494 1699 consecrationis-non
1509 1646 1644 1700 constet:
1668 1655 1739 1701 oum
1754 1656 1792 1700 ex

1047 1729 1225 1792 huiusmodi
1247 1723 1416 1820 verborum
1437 1731 1610 1810 prolatione
1636 1732 1791 1796 tremendi

1047 1825 1171 1901 quidem
1192 1824 1332 1886 sacrificii
1353 1831 1548 1904 contemptus
1563 1831 1594 1887 et
1609 1824 1792 1904 delinquen·
1833 1847 1834 1850 ¹

1048 1918 1085 1978 tis
1107 1918 1228 1980 audacia
1244 1925 1275 1979 et
1290 1918 1408 1982 crimen
1423 1929 1591 1996 augeatur3
1614 1921 1665 1982 sed
1688 1935 1727 1981 ex
1741 1935 1793 1981 eo·

1046 2027 1118 2072 rum
1129 2011 1290 2074 reticentia
1302 2027 1496 2091 nequaquam
1509 2013 1714 2075 imminuatur
1725 2031 1793 2094 pec·

1047 2113 1150 2166 catum
1172 2105 1377 2181 idololatriac,
1400 2108 1491 2184 quod.
1505 2123 1559 2185 per
1581 2114 1665 2168 actus
1687 2105 1793 2169 adora-

1048 2199 1139 2260 tionis
1154 2198 1356 2262 acelebrante
1370 2216 1433 2261 non
1446 2207 1586 2279 promoto
1597 2216 1670 2277 erga
1682 2217 1792 2279 puram
1924 2206 1932 2232 ‘

1047 2293 1133 2370 panis
1154 2300 1185 2354 et
1206 2292 1271 2356 vini
1289 2294 1492 2356 substantiam
1513 2295 1666 2357 exhibitos
1682 2297 1792 2358 admit-

1048 2384 1134 2460 titur,
1152 2394 1182 2448 et
1198 2387 1228 2448 in
1245 2388 1325 2466 quod
1341 2387 1471 2466 populus
1493 2388 1586 2450 etiam
1601 2388 1710 2466 fidelis,
1728 2405 1792 2452 ma·
1861 2455 1866 2466 ,

1046 2480 1197 2543 terialiter
1216 2481 1337 2555 saliem,
1360 2481 1529 2545 inducitur.
1553 2483 1637 2558 Quod
1659 2483 1702 2558 si,
1726 2499 1789 2547 uon

1046 2581 1165 2651 peracta
1187 2575 1372 2650 elevatione,
1401 2589 1491 2638 reum
1513 2577 1549 2638 ab
1570 2575 1657 2638 altari
1680 2577 1791 2640 disces·

1045 2668 1119 2728 sisse
1139 2665 1299 2746 probetur,
1323 2676 1397 2731 tunc
1418 2669 1520 2732 solum
1541 2671 1740 2732 concedimus
1755 2680 1791 2733 ut
1852 2691 1855 2703 ·

1045 2768 1151 2822 contra
1172 2762 1275 2839 ipsum
1302 2764 1338 2825 ad
1359 2762 1518 2826 mitiorem
1546 2779 1678 2842 poenam
1700 2764 1790 2827 deve-

1045 2855 1162 2930 niatur,
1185 2855 1312 2917 arbitrio
1333 2863 1364 2918 et
1379 2855 1543 2935 prudentia
1565 2858 1673 2920 iudicis
1695 2858 1791 2920 ecclc-

1043 2947 1156 3009 siastici
1179 2949 1433 3026 praefiniendam.

1084 3043 1103 3116 ἓ
1125 3041 1152 3103 7.
1176 3041 1290 3105 Omnes
1318 3044 1452 3122 denique
1478 3045 1672 3122 exceptiones
1698 3061 1788 3125 supra
1821 3059 2021 3122 rrssmrsssssx-

1043 3149 1212 3213 expressas,
1235 3151 1313 3214 quae
1327 3136 1364 3197 ab
1379 3136 1556 3201 huiusmodi
1577 3139 1649 3213 reis,
1665 3155 1788 3202 eorum·
1807 3118 2020 3226 {Sssssss‘r'ssffiffl

1043 3245 1105 3307 que
1119 3229 1342 3305 deiensoribus,
1355 3232 1387 3294 in
1403 3232 1541 3310 ipsorum
1557 3234 1787 3297 excusationem
1807 3221 2019 3330 ξξῃῖᾗῗξξζόᾞ

1043 3324 1202 3402 praetendi
1223 3324 1335 3400 solent,
1358 3341 1413 3387 seu
1434 3327 1626 3403 singulatim,
1639 3345 1694 3390 seu
1715 3345 1787 3390 con·
1807 3327 1940 3427 suurstgsrr
1972 3329 2020 3374 ‘¹0-

1043 3417 1175 3480 iunctim
1197 3419 1444 3493 considerentur,
1457 3420 1637 3483 nullatenus
1658 3421 1786 3498 attendi,
1807 3390 1874 3426 ΜΝ

1041 3527 1096 3573 seu
1111 3513 1228 3574 eisdem
1239 3513 1299 3574 reis
1312 3512 1474 3590 suflragari
1487 3515 1599 3577 debere
1609 3517 1786 3593 statuimus,

1042 3605 1213 3683 quominus
1239 3607 1274 3669 ad
1302 3607 1418 3670 realem
1445 3625 1556 3672 eorum
1588 3609 1788 3673 traditionem

1042 3699 1165 3763 brachio
1185 3700 1344 3776 saeculari,
1360 3700 1423 3779 vel,
1439 3703 1463 3764 si
1486 3703 1524 3765 de
1544 3703 1663 3768 clericis
1684 3708 1717 3771 in
1733 3709 1787 3774 ali·

1042 3810 1103 3871 quo
1124 3794 1326 3857 ecclesiastico
1347 3797 1456 3858 ordine
1474 3799 1650 3861 constitutis
1664 3809 1784 3881 agatur,

1041 3889 1077 3949 ad
1109 3883 1219 3949 eorum
1250 3889 1498 3965 degradationem
1527 3899 1559 3954 et
1586 3895 1786 3959 traditionem

1040 3981 1155 4060 pariter
1176 3981 1299 4070 brachio
1320 3983 1479 4060 saeculari,
1502 3986 1596 4048 etiam
1617 4003 1673 4066 pro
1687 3990 1786 4068 prima

1039 4075 1117 4150 vice,
1141 4077 1334 4154 procedatur,
1351 4075 1386 4137 ad
1409 4078 1466 4140 boc
1486 4085 1522 4141 ut
1543 4081 1704 4159 condignis
1718 4090 1786 4146 tan-

1041 4178 1087 4230 tae
1108 4169 1275 4249 impietatis
1296 4171 1403 4249 poenis
1419 4189 1440 4234 a
1462 4172 1542 4249 iure,
1565 4190 1619 4236 seu
1640 4176 1711 4239 alias
1726 4186 1785 4240 sta-

1040 4263 1115 4324 tutis
1136 4272 1167 4325 et
1188 4264 1396 4340 comminatis,
1417 4281 1490 4328 cum
1521 4267 1632 4331 effectu
1652 4271 1784 4349 punian-

1039 4363 1090 4417 tur
1111 4363 1142 4418 et
1162 4357 1347 4420 afficiantur.
1425 4391 1429 4408 ,

1078 4451 1097 4525 ἕ
1117 4449 1145 4511 8.
1172 4451 1300 4513 Easdem
1325 4451 1544 4516 declarationes
1565 4445 1596 4518 'et
1617 4456 1784 4521 ordinatio-
1815 4473 1943 4532 Quicquid
1958 4485 2016 4524 con·

1038 4559 1093 4605 nes
1115 4559 1130 4605 a
1152 4545 1240 4606 nobis
1254 4554 1362 4609 contra
1381 4547 1569 4611 celebrantes
1581 4566 1645 4613 non
1660 4567 1783 4630 promo-
1802 4531 1839 4573 “²¹
1855 4539 1907 4574 '¹⁰¹¹
1919 4540 2016 4585 ⁰¹⁰¹¹¹⁰'

1801 4583 1841 4627 tos
1857 4583 2015 4632 celebrantes

1038 4644 1085 4699 tos
1106 4640 1266 4717 bucusque
1280 4647 1419 4716 statutas,
1435 4641 1544 4716 adeos
1566 4645 1658 4707 etiam
1674 4655 1782 4709 exten·
1801 4639 2015 4749 {ffltss‘ffinifflsst

1038 4731 1141 4794 dimus
1161 4741 1193 4801 et
1214 4734 1372 4810 pertinere
1398 4736 1611 4814 decernimus,
1633 4740 1687 4817 qui
1710 4748 1884 4808 cum1e0tos
1912 4747 2014 4810 corros

1037 4829 1208 4910 sacerdotes
1223 4842 1287 4888 non
1302 4828 1376 4902 sint,
1389 4827 1595 4892 confessiones
1609 4849 1781 4896 sacramen·
1801 4799 2015 4900 {gusmarien-

1037 4920 1111 4981 tales
1133 4919 1239 4983 audire
1262 4927 1293 4982 et
1304 4921 1530 4985 absolutionem
1551 4927 1783 5003 poenitentibus
1839 4993 1842 5003 ,

1037 5014 1192 5093 impertiri
1207 5023 1422 5093 praesumant3
1446 5033 1522 5095 quos
1536 5019 1651 5097 pariter
1666 5020 1781 5084 eisdem

1037 5107 1144 5185 poenis
1177 5107 1349 5170 traditionis
1379 5109 1501 5171 brachio
1531 5111 1698 5189 saeculari,
1726 5132 1781 5179 seu

1036 5199 1209 5279 respective
1235 5199 1460 5277 degradationis
1483 5212 1513 5265 et
1540 5205 1710 5269 traditionis
1732 5225 1782 5286 pa-

1037 5294 1116 5356 riter
1145 5294 1267 5358 brachio
1294 5296 1458 5372 saeculari,
1485 5299 1578 5360 etiam
1607 5317 1661 5380 pro
1682 5302 1782 5379 prima

1036 5389 1115 5464 vice,
1137 5389 1246 5452 subiici
1267 5388 1379 5452 debere
1400 5392 1620 5470 praecipimus;
1645 5409 1708 5457 nou
1730 5395 1782 5457 ob-

1036 5481 1188 5543 stantibus
1209 5483 1383 5560 praemissis
1406 5486 1650 5563 exceptionibus,
1666 5488 1692 5550 si
1707 5505 1782 5566 quas

1036 5575 1074 5636 ab
1096 5574 1274 5638 huiusmodi
1296 5577 1356 5637 reis
1377 5577 1412 5639 ad
1428 5579 1588 5656 proprium
1610 5596 1714 5643 casum
1728 5597 1782 5660 ap-

1035 5668 1154 5743 tabiles,
1176 5669 1209 5731 in
1231 5669 1279 5732 sui
1300 5670 1512 5732 defensionem
1534 5689 1590 5734 seu
1611 5677 1779 5737 excusatio-

1035 5778 1109 5823 nem
1129 5762 1238 5825 adduci
1258 5763 1427 5840 contingat.
1461 5762 1520 5828 Sed
1542 5783 1635 5829 unam
1658 5768 1779 5831 dumta·
1829 5783 1960 5844 excipitur
1974 5797 2010 5835 ca·

1035 5864 1086 5918 xat
1108 5857 1332 5934 exceptionem,
1355 5858 1392 5920 ad
1419 5857 1563 5922 effectum
1592 5861 1779 5937 mitigandae
1798 5848 1842 5884 ³¹¹⁵
1858 5851 1908 5886 ¹¹⁰⁰
1928 5843 2010 5941 prors-

1034 5965 1162 6028 poenae,
1178 5951 1295 6013 attendi
1316 5951 1428 6013 debere
1445 5954 1640 6034 mandamus
1662 5955 1716 6017 ubi
1732 5957 1780 6018 ni·
1797 5895 1839 5992 ἐκ
1854 5893 1993 6000 ‘mg-⁰⁰
