4708 6978
354 545 453 598 tuc.
475 544 543 596 1746
591 543 650 610 256

572 680 725 742 sationem
752 677 848 740 semel
870 677 1076 752 destinandis;
1105 681 1137 738 et
1158 692 1196 736 ex
1217 674 1317 738 officio

572 773 607 834 ad
629 775 730 851 ipsum
751 771 894 834 accedere
909 779 939 832 et
953 772 1104 832 interesse
1125 770 1318 832 tenebuntur

572 883 679 928 ornnes
695 873 725 927 et
739 865 856 942 singuli
877 865 1001 928 discreti
1022 864 1137 942 absque
1159 863 1316 926 ulterioris

571 959 801 1022 convocationis
814 975 868 1020 seu
890 958 1043 1022 citationis
1065 957 1256 1020 necessitate.
1281 959 1315 1020 ln

571 1053 707 1114 absentia
728 1051 903 1126 Guardiani,
920 1059 972 1114 ant
991 1051 1192 1130 praesidentis
1209 1051 1314 1114 Custo-

571 1147 656 1222 diae,
680 1145 916 1225 praesidentiam
939 1145 1062 1207 babebit
1090 1145 1239 1218 vicariae,
1262 1151 1316 1206 aut

571 1239 776 1318 provicarins;
798 1246 969 1318 cunctaque
984 1238 1190 1301 discutientur
1210 1244 1241 1298 et
1263 1236 1314 1300 de-

572 1333 822 1396 terminabantur
854 1332 962 1395 eodem
986 1348 1111 1411 prorsus
1144 1331 1251 1407 modo,
1281 1348 1315 1394 ao

569 1427 594 1488 si
615 1442 759 1505 praesens
780 1425 858 1490 foret
879 1425 943 1505 ipse
972 1426 1174 1501 Guardianus,
1198 1427 1248 1489 cui
1272 1433 1314 1487 ta-

571 1535 643 1581 men
667 1521 802 1583 liberum
826 1520 886 1581 erit
907 1520 990 1582 idem
1018 1519 1239 1582 Discretorium
1262 1535 1313 1580 ex-

572 1615 773 1679 traordinarie
794 1615 887 1676 etiam
908 1629 1088 1688 convocare,
1104 1613 1314 1692 quotiescum-

571 1729 631 1792 que
663 1711 691 1772 id
720 1710 929 1772 necessarium
959 1715 1012 1770 aut
1042 1706 1225 1784 expediens,
1258 1722 1313 1786 pro

571 1807 683 1868 Terrae
702 1802 829 1866 Sanctae
850 1803 930 1864 bono
946 1801 1099 1878 regimine
1120 1801 1311 1865 iudicaverit.

362 1919 549 1984 ,neagepursrn
610 1915 672 1962 nxr.
697 1899 765 1960 Non
788 1896 847 1960 nisi
869 1896 901 1958 in
923 1894 1106 1958 Discretorio
1127 1896 1239 1974 aperiri
1260 1903 1313 1958 aut

340 1975 496 2019 ⁰¹⁵⁰‘⁰¹⁰‘¹⁰·
571 1993 630 2069 legi
652 1992 770 2072 possint
800 1989 906 2051 literae
928 1995 981 2050 ant
1008 1988 1179 2067 scripturae
1210 1988 1245 2050 ad
1268 1992 1307 2070 ip·

568 2101 639 2147 sum
661 2084 882 2147 Discretorium
911 2082 1060 2157 directae;
1084 2091 1114 2145 et
1138 2085 1206 2146 sine
1228 2100 1314 2162 prae-

569 2179 619 2240 vio
640 2177 778 2240 eiusdem
800 2177 975 2240 Discretorii
996 2177 1124 2239 consilio
1140 2186 1170 2240 et
1187 2195 1311 2241 assensu

569 2271 646 2334 nibil
678 2288 772 2350 grave
803 2273 978 2349 praecipere
1003 2278 1057 2332 ant
1087 2271 1186 2334 facere
1216 2273 1312 2352 possit

567 2365 779 2440 Guardianus3
812 2379 913 2442 neque
936 2362 991 2424 ulli
1019 2363 1188 2426 christiano
1210 2366 1312 2428 orien-

569 2459 620 2520 tali
642 2459 677 2520 ad
692 2458 947 2519 christianitatem
970 2458 1134 2536 peragendi
1155 2458 1310 2522 licentiam

566 2555 745 2615 concedere.

867 2711 945 2774 Can.
968 2711 1004 2775 v.

633 2849 676 2911 De
698 2864 829 2912 contero
852 2850 997 2930 scutrum
1020 2854 1050 2908 ot
1073 2847 1245 2910 tlurotione

656 2943 840 3024 officiorum,
859 2957 1027 3021 corumque
1041 2941 1212 3004 incolatus

374 3137 476 3183 enarrer
493 3147 548 3200 pen·
606 3136 682 3182 axrr.
706 3119 764 3180 Pro
785 3118 913 3180 servitio
929 3123 1143 3178 conventuum
1165 3117 1310 3179 omnium

334 3195 548 3300 ξξῆῑέξῖὦξᾞξῇ
566 3223 659 3293 atque
679 3211 882 3289 hospitiorum
911 3210 1072 3273 Custodiae
1101 3209 1214 3271 Terrae
1236 3209 1311 3274 San·

334 3299 548 3398 prgncpsaouaae-
565 3317 631 3371 ctae
652 3306 809 3383 sexaginta
831 3304 899 3366 laici
921 3309 951 3364 et
971 3305 1142 3366 sacerdotes
1170 3312 1307 3380 centum,

567 3401 642 3463 idest
663 3401 793 3462 fratrum
816 3405 942 3461 centurn
965 3405 995 3459 et
1015 3397 1172 3474 sexaginta
1199 3413 1309 3460 nume-

565 3494 828 3570 1·usassignatur;
855 3493 909 3569 qui
931 3499 1034 3554 tamen
1066 3507 1129 3554 non
1150 3492 1193 3554 sic
1214 3492 1310 3554 arith-

565 3589 694 3652 meticus
716 3588 786 3661 erit,
799 3601 901 3664 neque
918 3585 1179 3665 impraeteribilis,
1197 3593 1243 3661 ut,
1259 3587 1309 3648 ad-

565 3689 712 3742 monente
734 3678 929 3753 liiscretorio,
953 3695 968 3738 a
990 3679 1148 3756 superiore
1169 3678 1307 3756 generali

563 3776 670 3852 angeri
684 3788 880 3852 nequaquam
892 3773 1002 3851 possit3
1016 3781 1108 3851 atque
1119 3789 1209 3851 supra
1222 3787 1307 3850 prae-

563 3869 657 3931 dictos
677 3883 740 3929 non
762 3867 813 3928 alii
835 3867 930 3944 aliqui
963 3865 1078 3928 ibidem
1099 3867 1131 3929 in
1160 3877 1307 3947 promptu

562 3963 694 4024 habendi
715 3962 778 4023 sint
799 3963 835 4024 ad
852 3963 1077 4023 occurrendum
1098 3961 1231 4024 fortuitis
1253 3978 1308 4024 ne-

562 4055 753 4118 cessitatibus
774 4054 811 4114 ab
832 4053 992 4131 epidemiis
1019 4055 1148 4134 aliisque
1175 4057 1307 4120 infortu-

563 4150 622 4211 niis
643 4149 823 4224 originatis3
853 4156 945 4226 atque
974 4149 1047 4212 adeo
1075 4149 1228 4228 praefatus
1249 4167 1308 4213 uu-

562 4259 667 4305 merus
688 4243 799 4304 idcirco
820 4242 939 4317 figitur,
967 4249 1001 4304 ut
1024 4258 1152 4306 normae
1173 4246 1213 4308 sit
1235 4263 1306 4324 pru-

562 4337 683 4400 dentiae
713 4338 910 4414 superiorum
938 4337 974 4399 ad
1007 4337 1109 4415 ipsum
1142 4339 1306 4402 immodice

562 4447 625 4492 non
647 4428 874 4502 excedendnm3
900 4437 930 4491 et
953 4430 985 4491 in
1007 4431 1152 4493 eumdem
1174 4433 1258 4494 bunc
1273 4433 1307 4493 li·

563 4541 635 4586 nem
657 4523 834 4598 iniungitur
855 4540 884 4602 p.
908 4523 1095 4600 Guardiano,
1118 4531 1166 4600 ut,
1189 4541 1308 4604 posses·

560 4619 648 4680 sione
663 4617 737 4678 inita
753 4615 843 4678 officii
858 4615 918 4690 sui,
931 4616 1103 4694 catalogum
1119 4617 1155 4680 ad
1170 4621 1306 4696 superio-

562 4727 609 4772 res
640 4709 799 4786 generales
830 4709 1021 4772 transmittat
1052 4711 1234 4787 degentium
1263 4712 1304 4774 ibi

562 4802 787 4878 religiosorum,
811 4801 905 4864 etiarn
930 4803 1208 4879 missionariorum,
1230 4805 1303 4866 sub

562 4895 713 4960 nectendo
734 4895 859 4974 cuique,
875 4897 960 4958 iuxta
985 4905 1097 4960 taxatas
1120 4913 1231 4974 moras,
1244 4915 1307 4976 quo

563 4999 701 5070 ternpore
723 4992 758 5053 ad
780 4991 936 5071 propriam
962 4991 1149 5066 dimittetur,
1166 5000 1197 5054 et
1213 4991 1307 5054 infor-

561 5085 673 5146 mando
695 5083 826 5160 singulis
841 5084 930 5144 annis
945 5091 1020 5162 quot
1042 5084 1178 5162 ipsorum
1196 5101 1212 5146 e
1227 5085 1307 5146 vivis

1094 559 1158 604 run.
1182 531 1273 603 vdxr.
1296 553 1336 602 oc
1358 558 1387 602 a.
1412 555 1441 602 r.
1466 557 1549 604 rans
1571 559 1592 604 r.

2147 538 2246 588 Amo.
2270 537 2337 586 1746

1372 692 1506 756 rumque
1528 676 1705 740 officialium
1727 677 1838 738 Terrae
1860 674 1996 738 Sanctae.
2022 675 2117 739 Sede

1371 781 1529 836 conventu
1551 769 1640 836 SSriri
1662 771 1828 834 Salvatoris
1853 769 2007 834 discedere
2029 770 2116 832 nullo

1373 867 1463 935 modo
1478 867 1578 930 valeat
1592 865 1798 940 Cuartlianus,
1816 865 1960 940 vicariae,
1976 881 2033 926 nec
2047 881 2116 942 pro-

1371 970 1506 1035 curator,
1523 962 1581 1022 nisi
1604 968 1672 1040 post
1686 961 1855 1022 adventum
1871 975 2000 1022 suorum
2015 975 2116 1037 respe-

1371 1055 1454 1116 ctive
1474 1069 1696 1118 successorum.
1722 1053 1884 1131 Excipitur
1905 1063 2010 1114 tamen
2030 1069 2115 1114 casus

1372 1149 1513 1218 instantis
1534 1147 1666 1227 Capituli
1690 1147 1843 1226 generalis
1869 1146 2055 1219 celebrandi,
2077 1147 2113 1208 ad

1371 1243 1453 1320 quod
1474 1257 1547 1304 cum
1568 1243 1713 1306 accedere
1741 1248 1884 1302 teneatur
1909 1239 2113 1314 Guardianus,

1373 1343 1471 1414 potest
1491 1344 1665 1416 opportuno
1682 1343 1832 1414 tempore,
1849 1335 1946 1398 electo
1961 1335 2045 1414 prins
2060 1351 2115 1414 per

1372 1431 1548 1492 discretorii
1569 1439 1670 1508 patres
1692 1431 1802 1492 idoneo
1824 1429 2029 1506 praesidente,
2056 1430 2116 1490 dis-

1371 1524 1489 1586 cedere.
1526 1524 1624 1586 Possit
1655 1531 1759 1586 tamen
1787 1524 1927 1586 Minister
1957 1521 2115 1585 Generalis

1370 1619 1540 1696 quemlibet
1562 1634 1670 1680 eorum
1692 1619 1727 1680 ad
1750 1619 1831 1680 aliud
1848 1617 2020 1680 triennium
2042 1633 2115 1678 con·

1372 1713 1505 1786 firmare,
1528 1713 1630 1790 siper
1658 1713 1791 1774 iuratam
1817 1711 1910 1773 totius
1938 1710 2114 1771 Discretorii

1370 1805 1598 1865 attestationem
1620 1803 1747 1866 utilitati
1770 1803 1933 1868 Custodiae
1946 1803 1988 1865 sic
2004 1818 2116 1865 conve·

1370 1894 1438 1956 nire
1459 1895 1516 1957 sibi
1538 1895 1722 1958 constiterit.

1408 2003 1491 2049 xxiv.
1517 1987 1627 2051 Nullus
1639 1988 1801 2066 religiosus
1811 1989 2035 2066 cuiuscumque
2049 1987 2114 2050 fue·
2153 1989 2247 2052 Tltffl
2270 1991 2346 2036 arren-

1369 2079 1409 2142 rit
1441 2082 1586 2156 nationis
1620 2083 1754 2162 exceptis
1786 2081 1999 2155 missionariiS,
2033 2081 2113 2142 ultra
2133 2053 2347 2160 ῗὲῖιῗῖηῗιοῖιηῗιῖ

1370 2174 1543 2237 triennium
1564 2176 1597 2236 iu
1620 2175 1763 2238 Custodia
1779 2176 1890 2237 Terrae
1906 2175 2033 2237 Sanctae
2051 2189 2114 2236 ma·
2132 2151 2225 2199 Μ’

1368 2283 1444 2329 nere
1466 2267 1582 2344 valeat3
1604 2267 1668 2342 sed,
1685 2268 1785 2346 elapso
1808 2268 1953 2342 triennio,
1972 2277 2113 2329 teneatur

1368 2362 1560 2425 Claudianus
1584 2377 1692 2426 omnes
1714 2371 1745 2424 et
1758 2361 1898 2438 singulos
1920 2363 1955 2424 ad
1977 2361 2114 2440 proprias

1367 2456 1529 2518 remittere
1544 2456 1733 2534 provinciam
1757 2455 1852 2532 iique,
1868 2457 2000 2534 receptis
2015 2453 2114 2516 literis

1368 2549 1640 2624 obedientialium,
1663 2555 1830 2611 teneantur
1850 2550 1907 2610 sub
1928 2563 2027 2628 poena
2047 2549 2110 2626 pri-

1369 2643 1500 2704 vationis
1521 2649 1686 2720 perpetuae
1703 2641 1785 2703 vocis
1806 2641 1922 2702 activae
1934 2647 1964 2702 et
1978 2641 2114 2719 passivae

1368 2736 1471 2798 statim
1493 2751 1543 2796 eas
1565 2735 1739 2797 executioni
1769 2733 1969 2808 demandare,
1992 2734 2114 2796 etiarnsi

1367 2829 1405 2890 ob
1426 2828 1548 2908 aliquod
1578 2829 1731 2890 motivum
1746 2827 1833 2888 ultra
1862 2827 2035 2890 triennium
2056 2827 2112 2889 ibi-

1368 2921 1436 2983 dem
1459 2921 1641 2984 commorati
1662 2920 1803 2983 fuissent.

1405 3031 1477 3076 xxv.
1502 3011 1533 3076 Si
1555 3014 1690 3093 aliquem
1712 3014 1892 3091 religiosum
1913 3013 1994 3076 ultra
2015 3014 2112 3076 trien·
2144 3019 2343 3082 arscennene-

1367 3109 1456 3171 nium
1478 3125 1533 3188 pro
1554 3107 1726 3172 exercendo
1740 3108 1843 3186 aliquo
1864 3107 1963 3170 officio
1975 3110 2111 3171 retinere
2130 3073 2343 3170 b'rtssr‘fforffcl‘l‘l

1366 3204 1574 3265 necessarium
1603 3202 1708 3278 fuerit,
1731 3202 1789 3263 boc
1816 3203 1866 3262 liat
1894 3204 1931 3264 de
1958 3218 2111 3264 consensu
2130 3189 2213 3226 ΒΜ·

1367 3297 1553 3370 Discretorii,
1576 3303 1607 3357 et
1628 3312 1726 3374 usque
1747 3296 1821 3356 dum
1836 3295 1913 3357 alius
1934 3295 2110 3371 religiosae,

1366 3391 1420 3468 qui
1443 3391 1501 3452 tale
1522 3390 1658 3452 officium
1688 3404 1834 3454 exercere
1858 3388 1972 3464 valeat,
1995 3407 2009 3450 a
2031 3390 2112 3452 cbri-

1365 3485 1521 3546 stianitate
1541 3484 1711 3547 advenerit.

1406 3595 1489 3640 xxvi.
1515 3579 1549 3640 ln
1577 3577 1782 3640 conventibus
1806 3576 1855 3639 vel
1885 3567 2112 3656 adspicienti
2174 3585 2339 3648 missionario-

1366 3688 1429 3734 non
1450 3678 1524 3733 sunt
1545 3669 1717 3744 missiones,
1741 3670 1939 3732 nullomodo
1960 3670 2111 3732 collocen-
2130 3640 2331 3686 ‘⁰¹¹¹‘⁰¹'⁰s³¹'⁰

1368 3775 1418 3828 tur
1438 3765 1476 3826 de
1497 3764 1611 3826 familia
1634 3764 1830 3838 missionarii,
1844 3763 1902 3824 nisi
1925 3773 1992 3842 post
2007 3762 2112 3841 expio-

1367 3868 1433 3920 tum
1455 3859 1526 3936 ipsis
1548 3865 1685 3920 taxatum
1717 3857 1901 3919 missionum
1928 3858 2110 3918 exercenda·

1366 3967 1436 4014 rum
1456 3957 1589 4030 tempus.
1615 3949 1798 4027 indulgetur
1817 3960 1934 4026 tamen,
1951 3958 2110 4012 uteorum

1364 4045 1522 4106 devotioni
1551 4042 1724 4105 satisfacere
1746 4050 1777 4104 et
1799 4059 1871 4106 curn
1893 4044 1992 4106 debita
2014 4042 2109 4106 facul-

1366 4146 1425 4199 tate
1455 4153 1484 4216 p.
1507 4135 1674 4198 Guardiani
1700 4135 1818 4214 possint
1847 4135 1908 4197 loca
1936 4144 2039 4198 sancta
2065 4139 2110 4198 vi-

1364 4233 1468 4294 sitare.

1402 4343 1499 4387 xxvu.
1531 4324 1689 4386 Fratribus
1733 4322 1935 4386 redeuntibus
1966 4341 1984 4386 e
2016 4324 2108 4386 Terra
2141 4331 2337 4394 naturamqu-

1364 4420 1472 4483 Sanota
1493 4425 1561 4496 post
1581 4416 1756 4478 exhibitum
1784 4416 1855 4494 ipsi,
1878 4417 2014 4478 triennio
2038 4433 2108 4479 con·
2127 4386 2336 4502 ῗῗῗπὲῐῗεῗῆιὶῗέ

1363 4521 1461 4588 sueto,
1483 4511 1647 4573 servitium
1669 4509 1925 4588 commendabile,
1944 4527 1976 4589 p.
1998 4511 2109 4573 Procu·
2127 4493 2304 4538 ¹⁰⁴¹⁰¹¹¹¹¹¹¹¹¹¹³

1365 4614 1447 4669 rator
1467 4607 1503 4668 ad
1526 4605 1622 4666 trium
1644 4603 1832 4682 piastrarum
1854 4613 2014 4683 sumptum
2039 4621 2108 4666 sau-

1362 4700 1478 4762 ctuaria
1499 4697 1666 4762 concedere
1689 4705 1841 4772 teneatur,
1858 4699 1987 4760 reddere
2001 4697 2106 4774 libros,

1362 4795 1386 4855 si
1408 4809 1485 4872 quos
1502 4807 1607 4856 secum
1623 4790 1717 4852 iidem
1732 4791 1806 4852 illuc
1820 4798 2106 4870 comportaverunt,

1363 4897 1394 4950 et
1414 4887 1570 4964 assignare
1595 4884 1667 4963 ipsis
1697 4899 1799 4946 unum
1822 4882 1899 4945 illud
1930 4883 1983 4964 (ni
2005 4885 2108 4946 admo-

1363 4981 1439 5044 dum
1460 4985 1681 5057 oonsumptum
1702 4973 1823 5056 inerit),
1840 4992 1902 5054 quo
1922 4976 1957 5038 ad
1981 4978 2109 5040 Terram

1365 5076 1507 5138 Sanctam
1529 5077 1754 5152 pervenerunt,
1778 5069 2009 5133 indumentum.
2074 5070 2079 5080 '

559 5179 671 5245 sublati
693 5178 767 5252 sint,
791 5184 826 5238 ut
858 5177 1080 5255 opportunius,
1114 5178 1306 5255 providentia
1368 5250 1374 5262 .

560 5290 638 5354 quae
669 5271 832 5345 convenit,
860 5270 997 5349 impendi
1029 5270 1138 5348 possit:
1163 5271 1306 5349 superior

560 5375 666 5431 autem
687 5364 839 5442 generalis
861 5363 969 5427 Sacrae
992 5364 1247 5442 congregationis
1269 5365 1305 5427 de

561 5461 754 5539 Propaganda
784 5432 858 5522 flue
892 5457 1066 5534 catalogum
1098 5457 1306 5519 missionario-

562 5571 643 5626 rum‚
668 5561 814 5632 utsupra
835 5551 1022 5625 confectum,
1045 5550 1248 5626 consignabit,
1271 5557 1306 5611 ut

561 5649 661 5712 eidem
683 5647 853 5708 innotescat
873 5653 969 5707 status
990 5643 1173 5706 missionum
1189 5649 1220 5704 et
1235 5658 1305 5722 ope·

562 5743 715 5804 rariorum
736 5741 769 5802 in
791 5740 834 5801 eis
856 5738 1075 5800 laborantium.

349 5845 473 5890 onerans
489 5847 544 5890 rer·
602 5850 691 5896 nuru.
723 5831 898 5895 Triennalia
919 5831 981 5894 sint
1002 5831 1098 5894 officia
1127 5831 1304 5908 Guardiani,

330 5900 544 6002 {ffieffiffict‘ssfum
565 5931 685 6007 vicarii,
707 5926 912 6009 procuratoris
932 5934 963 5988 et
991 5926 1210 6001 discretorum,
1233 5925 1307 5988 alio-

1655 5260 1734 5323 va.
1758 5257 1808 5321 Vl.

1444 5450 1487 5512 lic
1507 5446 1746 5528 pertinentibus
1768 5447 1809 5511 ud
1828 5446 2026 5510 Custodiam.

1402 5656 1512 5701 xxvru.
1536 5639 1602 5701 Etsi
1623 5644 1797 5700 conventus
1825 5651 1931 5698 omnes
1952 5641 1983 5696 et
2004 5633 2140 5738 omniad
2166 5643 2215 5739 Pro¹
2234 5640 2332 5736 ouiltpg

1364 5733 1528 5797 Custodiae
1549 5733 1679 5811 hospitia
1700 5731 1844 5793 omnibus
1869 5729 2033 5792 cuiuslibet
2055 5743 2106 5790 na·
2125 5705 2202 5810 gilla
2219 5707 2332 5810 ἓῖιᾞρῖιο-

1364 5827 1455 5890 tionis
1486 5826 1632 5889 fratribus
1663 5825 1841 5888 communia
1870 5839 1936 5886 esse
1962 5822 2104 5896 debeant,
2125 5801 2308 5856 ¹⁰⁸¹¹¹⁵⁹³¹¹¹⁰¹·
2342 5811 2343 5818 '

1362 5927 1393 5982 et
1414 5920 1446 5982 in
1468 5919 1664 5999 superiorum
1686 5918 1838 5981 electione
1849 5917 1967 5980 meritis
1988 5915 2106 5994 eligen-
