4764 6972
43 9 274 179 ¹-

859 609 1056 658 beneolentis
1077 613 1141 659 xlv.

233 750 272 797 nu
295 731 425 794 attentus
446 731 560 795 notarii
581 731 696 812 publici
717 729 914 810 subscriptis,
940 743 973 790 ac

232 825 329 904 sigillo
355 841 503 904 personae
529 825 561 889 in
589 825 791 890 ecclesiastica
822 823 974 902 dignitate

233 918 411 982 constitutae
433 919 582 994 munitis,
613 921 718 982 eadem
745 934 870 998 prorsus
898 916 973 979 fides

232 1021 290 1075 tam
321 1011 353 1073 in
376 1011 491 1074 iudicio
517 1029 611 1092 qaam
642 1019 729 1076 extra
756 1012 831 1075 illud
858 1010 973 1090 aquue

232 1107 366 1169 locorum
391 1107 551 1183 habeatur,
568 1124 646 1186 quae
667 1108 738 1187 ipsis
760 1104 973 1185 praesentibus
1000 1155 1003 1193 3

231 1201 406 1276 haberetur,
421 1201 447 1262 si
464 1201 569 1264 iurent
591 1201 746 1264 exhibitae
760 1200 810 1262 vel
825 1206 973 1262 ostensae.

95 1305 217 1374 aaaron*
266 1293 355 1368 §lh
386 1293 474 1357 Nulli
499 1310 574 1372 ergo
598 1295 727 1357 omnino
751 1293 918 1356 homiuum
939 1290 974 1354 li·

76 1367 118 1416 stlat

47 4667 49 4700 ἶ
83 4688 213 4736 tannecum

82 4745 213 4790 trunitandis

77 4793 165 4892 &ffibdet
179 4809 214 4846 ae

230 1396 292 1450 ceat
306 1387 457 1466 'paginam
477 1389 555 1450 hanc
573 1396 752 1450 nostrarum
767 1386 973 1450 confirmatio·

231 1481 285 1556 uls,
298 1481 538 1560 approbationis,
552 1481 776 1556 innovationis,
790 1477 972 1554 voluntatis,

231 1574 376 1650 mandati,
388 1576 510 1650 statuti,
526 1574 653 1649 decreti,
669 1572 894 1647 declarationis,
910 1587 974 1633 am-

231 1669 396 1749 pliationis,
416 1677 447 1731 et
466 1667 658 1730 extensionis
680 1667 863 1744 intringere,
880 1666 930 1728 vel
946 1666 974 1728 ei

229 1779 302 1826 ausu
325 1763 493 1824 temerario
520 1761 686 1824 contraire.
720 1757 753 1822 Si
774 1761 844 1840 quis
869 1767 974 1822 autem

230 1855 284 1918 hoc
313 1861 468 1916 attentare
497 1854 757 1934 praesumpserit,
787 1853 973 1930 indignatio·

231 1963 303 2012 nem
318 1948 548 2027 omnipotentis
569 1949 634 2022 Det,
654 1965 688 2010 ao
708 1947 869 2012 beatorum
891 1945 973 2008 Petri

230 2051 259 2105 et
281 2041 368 2104 Pauli
396 2040 615 2121 Apostolorum
639 2041 707 2103 eius
728 2057 760 2103 se
778 2040 902 2103 noverit
927 2040 975 2101 in·

229 2151 406 2200 cursurum.

266 2229 380 2292 Datum
394 2228 522 2302 Romae,
538 2228 617 2305 apud
634 2227 666 2290 S.
677 2227 804 2290 Martum
816 2227 973 2305 Maiorem,

229 2339 309 2386 anno
330 2321 553 2384 lncarnationis
577 2321 754 2384 baminicae
785 2335 973 2397 ccccxciv,

229 2417 411 2479 duodecimo
431 2413 541 2477 Kalen.
558 2413 643 2489 maii,
661 2414 860 2492 pontificatus
874 2416 973 2478 nostri

229 2525 311 2571 anno
333 2526 376 2571 tv.

484 2665 725 2678 ῳ

538 2791 669 2856 XLVIII.

1699 597 1755 660 143
1805 594 1859 649 An.
1874 595 1904 648 G.
1926 597 1995 649 1744

1070 729 1140 804 §h
1165 733 1203 795 Et
1224 733 1351 811 quidem
1378 734 1530 811 praeclara
1557 734 1692 796 nationis
1712 734 1775 797 Ilu-
1826 742 2007 790 narrentana-

1031 823 1143 886 thenae
1164 826 1274 888 merita
1297 826 1385 889 noble
1405 836 1560 906 comperta
1581 837 1655 891 sunt
1677 845 1716 892 ex
1729 844 1774 890 sa·
1793 796 2007 908 Imffipffilffi

1030 917 1089 980 cris
1100 918 1249 994 historhs,
1261 920 1294 982 in
1306 920 1419 998 quibus
1434 920 1567 984 relatum
1581 922 1773 996 invenimus,
1794 904 2007 1004 ξῐξθᾞξῗὲξζᾝέ

1030 1027 1128 1090 usque
1145 1013 1182 1075 de
1197 1029 1280 1076 anno
1296 1030 1425 1076 noxtvt.
1449 1016 1599 1094 praelatos
1613 1016 1774 1078 huthenos
1794 1011 1906 1112 fflffi,
1923 1021 2006 1068 ⁹⁶¹⁵&

1030 1105 1196 1169 concillum
1218 1107 1374 1172 nationale
1395 1109 1521 1172 llioviae
1542 1107 1775 1188 habuisseque
1907 1097 1913 1110 '

1030 1215 1062 1260 se
1092 1209 1287 1278 opponerent
1318 1201 1477 1262 schismati
1507 1218 1562 1279 per
1594 1201 1775 1266 Mtchaelem

1030 1291 1226 1356 cerularium
1246 1294 1450 1356 Patrlarcham
1464 1295 1775 1373 Constantinopolita-

1030 1401 1108 1449 num
1130 1388 1277 1464 excitat03
1300 1386 1540 1466 deindealiquos
1560 1390 1702 1453 eiusdem
1723 1406 1774 1452 na·

1031 1479 1777 1560 tionisMetropolitasApostolicaeSediobedien·

1031 1574 1106 1636 tiam
1133 1574 1338 1653 praestitisse,
1365 1591 1458 1652 quant
1486 1577 1601 1653 pariter
1629 1577 1776 1640 universa

1031 1683 1108 1744 gens
1129 1683 1183 1746 per
1198 1684 1269 1731 suos
1287 1668 1403 1745 legatos
1417 1669 1600 1732 Innocentio
1610 1669 1666 1732 ΡΡ.
1678 1668 1729 1734 lv.
1743 1671 1776 1732 in

1032 1761 1168 1824 Concilio
1191 1761 1328 1836 generali
1354 1760 1558 1840 Lugdunensi
1587 1764 1687 1841 primo
1708 1778 1778 1840 pro·

1031 1853 1109 1916 lassa
1123 1855 1200 1930 luit;
1217 1854 1373 1918 illustrem
1386 1871 1478 1934 porro
1488 1856 1639 1919 Isidorum
1651 1856 1682 1920 S.
1692 1857 1728 1918 Il.
1738 1855 1774 1918 Ε.

1032 1947 1225 2012 Cardinalem
1247 1947 1473 2012 Ruthenamin
1491 1949 1628 2013 Concilio
1649 1951 1777 2016 Floren-

1031 2042 1099 2104 tino
1110 2041 1284 2120 plurtmum
1299 2041 1489 2106 adlaborasse
1503 2057 1559 2123 pro
1574 2051 1677 2106 sancta
1689 2045 1778 2108 unio·

1031 2152 1071 2198 ne
1094 2135 1177 2198 inter
1204 2135 1431 2200 baideutalem
1453 2145 1484 2200 et
1509 2135 1699 2200 orientalem
1721 2139 1776 2202 Ec·
1865 2184 1867 2188 -

1031 2229 1152 2292 alesiam
1168 2229 1363 2292 stabilienda:
1380 2232 1517 2310 dentque
1531 2229 1710 2294 Ilichaelem
1725 2231 1774 2295 lll.

1031 2323 1230 2387 Illoviensem
1257 2322 1536 2402 Metropolitanum,
1555 2324 1779 2386 consentienti-

1032 2418 1088 2479 bus
1110 2416 1238 2494 reliquis
1253 2415 1410 2494 Episcopis
1425 2415 1589 2491 Ruthenis,
1607 2416 1638 2477 ln
1654 2417 1778 2482 civitate

1032 2509 1186 2572 Braestiae
1215 2509 1391 2571 Concilium
1412 2510 1559 2586 coegisse,
1582 2509 1614 2571 in
1639 2525 1701 2589 quo
1715 2526 1779 2589 -pu-

1032 2603 1109 2665 blica
1131 2602 1248 2664 iterum
1270 2601 1411 2664 NationIs
1433 2602 1597 2666 Ruthenae
1612 2618 1683 2665 cum
1700 2602 1778 2668 Sede

1034 2695 1204 2774 Apostolica
1233 2697 1308 2758 unio
1339 2695 1462 2758 decreta
1484 2695 1560 2770 luit,
1584 2698 1619 2760 ad
1647 2712 1779 2775 eamque

1033 2791 1252 2869 perficiendam
1266 2789 1328 2852 duo
1343 2789 1483 2870 Episcopi
1498 2789 1583 2854 missi
1599 2789 1728 2852 luerunt
1742 2789 1778 2851 ad

953 2887 955 2891 '
1032 2883 1083 2944 Iel.
1094 2899 1156 2946 rec.
1175 2882 1370 2946 Clementem
1382 2883 1491 2962 Papam
1507 2883 1587 2947 vlu.
1603 2885 1778 2962 praedeces-

230 2983 406 3062 Confirmat
428 2985 579 3046 antonem
600 2979 743 3042 enatam
765 2979 979 3042 monasterio-

229 3125 231 3130 .
265 3075 556 3142 remordentes.
587 3073 707 3138 Basilii
737 3071 974 3143 Ilatbeneram,

265 3175 335 3232 tam
356 3169 535 3232 Litaevtiae
567 3181 661 3245 quarn
683 3164 820 3228 Rasst'ae
841 3179 897 3226 sea
919 3163 977 3224 Po-

266 3262 386 3334 Ieniae,
401 3263 436 3322 in
450 3261 583 3324 annam
600 3257 887 3339 congregationem
897 3257 976 3319 daa-

265 3355 326 3419 dns
340 3355 517 3433 mendaciis
534 3354 753 3432 compositam,
769 3359 800 3412 et
816 3350 857 3414 ad
872 3351 976 3428 ipsine

267 3451 401 3515 Ordinis
425 3449 565 3530 regimen
578 3447 678 3528 plera
694 3446 759 3508 edit
775 3445 902 3508 decreta
918 3443 973 3525 (l).

229 3635 398 3706 venerabili
421 3635 519 3713 tratri,
542 3630 710 3700 satanan
736 3628 899 3714 szepqcht
922 3628 976 3695 hr-

266 3730 468 3815 ohiepiaoopo
485 3724 823 3810 metropolitanatus
835 3721 975 3804 hassiae,

268 3842 390 3896 necnon
422 3823 542 3893 dilectis
574 3821 657 3900 liliis,
686 3818 978 3886 Proto-hrahinan·

267 3923 374 4002 uittae,
397 3916 653 3994 brehinendritis,
670 3913 837 3982 abbatibus
860 3918 892 3980 et
914 3910 977 3979 lda-

268 4016 375 4084 neohis
397 4012 518 4080 Ordinis
541 4009 647 4078 Sancti
667 4007 771 4076 Basilii
795 4006 894 4091 magni
918 4005 977 4074 Itu·

265 4111 443 4188 thanorum,

399 4249 644 4322 eenentcros
661 4250 720 4318 ΡΡ.
736 4248 805 4317 xlv.

308 4389 499 4459 venerabilis
521 4387 627 4465 lrater,
649 4390 681 4451 et
702 4385 802 4452 dilecti
824 4384 896 4463 litii,

267 4487 398 4556 salutern
418 4489 451 4550 et
470 4479 666 4566 apostolicam
687 4477 936 4546 benedtettonen.

268 4681 355 4742 Inter
376 4674 483 4754 plures
505 4668 703 4734 iucunditatis
719 4668 837 4730 huntus
858 4668 977 4730 anobIs

229 4773 352 4836 abunde
373 4773 545 4850 perceptos,
569 4765 645 4828 dum
666 4763 837 4826 illustrium
858 4761 976 4839 aliquot

230 4867 502 4948 praedecessorum
513 4867 692 4921 nostrorum
705 4870 825 4918 morem
837 4870 976 4933 resump-

229 4961 339 5034 simus,
352 4957 406 5037 qui
430 4952 711 5030 Congregahonem
734 4947 765 5011 S.
776 4948 810 5010 ll.
824 4947 859 5008 Ε.
871 4948 978 5012 Cardi-

229 5055 350 5117 nalium
365 5044 730 5127 negotiis·Propagaudae
744 5041 829 5104 Fidei
851 5058 977 5120 praepo-

229 5149 361 5211 sitorum
373 5159 476 5208 coram
490 5158 522 5203 se
536 5140 610 5218 lpsis
625 5135 795 5200 identidem
806 5151 975 5198 convocare

229 5245 474 5310 consueverunt,
491 5249 554 5296 non
577 5232 733 5295 mediocre
752 5228 889 5308 prolecto
904 5245 977 5307 gau·

230 5335 316 5398 didm
338 5332 445 5394 animo
457 5329 626 5407 coepimus,
643 5327 717 5388 dum
732 5324 857 5399 negotia
878 5323 975 5385 netle-

230 5429 278 5489 uis
299 5426 475 5498 Rutheuae,
498 5429 590 5499 atque
611 5417 734 5482 OrdinIs
755 5416 975 5480 Menaenorum

230 5519 260 5584 S.
285 5519 388 5582 Basilii
410 5517 552 5578 eiusdem
572 5511 718 5585 patients,
735 5526 797 5572 una
818 5524 973 5573 cumven.

230 5614 376 5677 tratribus
398 5610 514 5674 nostris
542 5605 729 5685 praedictam
754 5603 976 5679 congregauo-

230 5724 303 5770 nem
330 5702 610 5775 constituentibus,
641 5697 856 5772 tractavimus,
884 5703 976 5774 atque

231 5801 436 5866 discussimus.

1032 2993 1134 3040 sorem
1157 2984 1314 3050 nostrum,
1329 2977 1379 3038 cai
1397 2979 1503 3040 datum
1518 2977 1577 3042 luit
1592 2977 1778 3058 praedictam

1033 3073 1192 3134 nationem
1213 3072 1248 3134 ad
1278 3070 1429 3132 Ecclesiae
1457 3070 1614 3134 Romanae
1641 3073 1780 3134 commu·

1033 3166 1161 3228 nionem
1183 3165 1332 3243 reprere,
1355 3165 1485 3243 eiusque
1503 3165 1654 3228 aulonem
1675 3181 1730 3244 per
1744 3164 1779 3227 li·

1032 3267 1113 3323 teras
1135 3259 1314 3338 apostolicas
1334 3259 1530 3321 confirmare.

1072 3355 1141 3428 §2
1166 3352 1296 3414 Eximiis
1324 3351 1406 3413 hisce
1431 3352 1525 3414 totius
1553 3353 1688 3416 nationis
1711 3369 1778 3432 pro·
1817 3363 1951 3428 ‚ntegrum
1969 3367 2010 3412 or-

1032 3447 1153 3510 meritis
1173 3443 1332 3520 iungenda
1354 3451 1428 3507 sunt
1450 3459 1495 3520 ea,
1519 3460 1597 3524 qnae
1614 3445 1777 3524 peculiaria
1798 3417 2010 3520 hildilid

1032 3549 1106 3602 sunt
1127 3539 1248 3603 Ordinis
1270 3537 1493 3600 Monachorum
1516 3537 1547 3601 S.
1571 3537 1686 3614 basilii,
1704 3555 1780 3619 qao·
1797 3526 1882 3582 ”²⁸⁰¹
1899 3526 2008 3573 “ulm-

1032 3651 1104 3696 rum
1125 3631 1298 3712 spectabilis
1309 3641 1415 3694 coetus
1436 3639 1483 3693 est
1504 3634 1584 3712 apud
1605 3632 1701 3711 ipsam
1717 3633 1779 3697 Ru·

1033 3727 1201 3790 theadram
1222 3726 1394 3801 nationem,
1410 3741 1567 3804 quemque
1583 3728 1778 3804 potissimum

1032 3828 1227 3884 concernunt
1252 3835 1297 3893 ea,
1324 3820 1455 3897 quaein
1478 3819 1779 3897 congregationibus

1032 3931 1135 3979 coram
1148 3913 1235 3976 noble
1247 3912 1357 3974 habitIs
1368 3913 1481 3988 agitata
1492 3919 1522 3974 et
1534 3915 1701 3976 constituta
1715 3912 1779 3976 lue-

1032 4016 1120 4072 runt.
1135 4006 1283 4086 Hypatius
1304 4005 1458 4067 nimbum
1475 4003 1679 4098 hletropolita,
1696 4021 1778 4069 unus

1033 4119 1070 4165 ex
1083 4101 1189 4177 legatis
1200 4101 1235 4162 ad
1246 4097 1442 4160 Clementem
1454 4097 1564 4178 Papam
1576 4097 1654 4162 Vlll.
1663 4099 1777 4173 missis,

1033 4210 1105 4258 cum
1127 4192 1333 4268 intelllgeret,
1356 4191 1481 4253 nullum
1503 4192 1604 4270 aptius
1626 4192 1692 4254 lore
1714 4209 1779 4253 me·

1033 4289 1119 4351 dium
1141 4287 1177 4348 ad
1208 4295 1344 4348 sanctam
1376 4284 1527 4347 unionem
1559 4285 1726 4348 fovendam
1748 4292 1780 4347 et

1034 4383 1272 4461 propagandam,
1281 4395 1374 4458 quam
1385 4379 1408 4440 si
1422 4380 1587 4442 monachos
1599 4379 1777 4455 BasilianoS‚

1033 4491 1168 4555 quorum
1188 4476 1300 4536 unicus
1322 4473 1402 4553 apud
1423 4473 1583 4536 Ruthenos
1605 4481 1650 4535 est
1673 4490 1778 4536 mona·

1032 4572 1127 4642 sticus
1149 4571 1234 4644 ordo,
1257 4567 1314 4628 sibi
1336 4568 1562 4643 coniungeret,
1591 4567 1712 4644 insigne
1734 4569 1780 4647 ip-

1032 4677 1138 4724 sorum
1164 4659 1387 4722 monasterium
1414 4661 1578 4739 acquisivit
1606 4661 1664 4723 suh
1691 4661 1777 4724 invo-

1033 4755 1153 4816 catione
1172 4753 1383 4815 sanctissimae
1401 4752 1560 4815 trinitatis
1583 4751 1693 4815 llilnae
1705 4769 1778 4816 con-

1032 4848 1196 4921 stitutum,
1228 4853 1321 4924 atque
1347 4846 1379 4907 in
1406 4861 1442 4907 eo
1473 4845 1616 4908 collectos
1647 4847 1778 4910 iuvenes

1033 4941 1198 5004 monachos
1209 4939 1326 5002 erudiri
1348 4939 1478 5002 curavit.
1502 4939 1697 5016 IIuius'vero¹
1710 4959 1778 5005 suc·
1822 4971 1934 5024 odorum
1951 4981 2009 5016 eon-

1032 5053 1133 5100 cessor
1153 5035 1260 5112 Ioseph
1275 5033 1467 5108 Velamiuus,
1484 5034 1624 5113 pluribus
1638 5035 1776 5099 eiusdem
1796 5029 1891 5124 ξῖξξξξξ
1905 5024 2009 5124 {ffi‘ss

1032 5128 1148 5192 ordinIs
1170 5128 1382 5202 monasteriis,
1405 5143 1485 5206 quae
1504 5135 1592 5189 antea
1616 5139 1777 5205 segregata
1796 5131 2009 5230 ffmpqffiuwr·

1032 5223 1195 5300 degebant,
1219 5221 1254 5282 ad
1276 5221 1428 5284 unionem
1450 5223 1597 5298 redactis,
1622 5237 1717 5284 unam
1739 5239 1777 5284 et
1814 5195 1847 5231 ³⁰
1930 5219 1935 5230 '

1032 5333 1075 5379 ets
1097 5315 1320 5378 monachorum
1335 5316 1620 5392 congregationem,
1636 5315 1779 5377 efforma-

1032 5411 1078 5473 vit
1098 5426 1192 5489 quam
1214 5412 1251 5472 de
1272 5409 1400 5470 nomine
1411 5407 1576 5486 supradicti
1598 5410 1776 5472 monasterii

1033 5503 1306 5584 congregationem
1342 5501 1569 5564 Sanctissimae
1604 5499 1776 5564 Trinitatis

1032 5601 1201 5660 actitatam
1226 5597 1435 5674 nuncupavit:
1458 5611 1592 5672 cumque
1613 5596 1691 5657 bene
1706 5611 1776 5658 nos-

1031 5700 1077 5754 set
1099 5689 1276 5753 huiusmodi
1299 5690 1460 5764 unionem,
1483 5705 1537 5750 seu
1563 5690 1777 5766 congregatio-

1032 5803 1118 5861 nem,
1141 5783 1271 5846 mlnime
1292 5783 1472 5845 canonicam
1497 5799 1574 5858 esse,
1596 5790 1649 5845 aut
1670 5783 1774 5845 heberi

271 6019 301 6076 tl)
315 6020 353 6062 Ex
366 6019 429 6073 App.
445 6012 511 6058 Ball.
527 6013 599 6057 Pont.
615 6009 647 6056 de
661 6011 734 6066 Prop.
750 6006 813 6054 Fide
827 6005 876 6052 vol.
892 6009 931 6062 11..
946 6017 1003 6063 pag.
1021 6008 1040 6051 1.
