4764 6972
85 4217 137 4280 lu'p

883 567 1082 620 BENEDICTUS
1104 569 1168 617 xlv.

253 691 402 756 dinalium
424 692 556 768 negotiis
577 692 793 771 propagandae
807 690 893 754 Fidei
914 707 1001 770 prae·

253 788 425 865 positorum
456 785 577 866 saepius
608 793 766 860 emanata3
804 784 998 864 potissimum

253 897 326 943 vero
338 897 394 960 per
407 897 453 955 ea,
470 895 547 958 quae
563 885 676 941 statuta
688 879 817 940 luerunt
833 878 864 940 in
881 878 1000 939 Albano

253 975 402 1049 Concilio,
424 975 505 1053 quod
527 973 586 1035 suh
610 973 660 1034 iel.
682 987 743 1035 rec.
769 974 1001 1050 praedecessore

252 1075 357 1131 nostro
384 1067 546 1130 Clemente
567 1067 633 1141 xt,
657 1067 693 1128 ab
715 1065 804 1128 istius
824 1064 914 1140 regni
938 1064 1000 1143 pri-

253 1167 351 1236 mate,
380 1177 438 1240 pro
467 1161 616 1223 universo
644 1159 727 1222 clero
752 1165 783 1221 et
811 1157 925 1236 populo
949 1157 999 1219 hl-

206 1297 213 1303 -
252 1255 358 1318 baniae
380 1262 411 1317 et
433 1254 571 1329 serviae,
588 1253 741 1316 indictum
762 1259 793 1313 et
808 1251 999 1313 celebratum

252 1348 320 1412 luit.
344 1348 478 1426 ideoque
499 1346 668 1425 praedictas
690 1361 798 1408 omnes
812 1345 890 1406 iuris
905 1343 999 1406 eccle-

251 1442 364 1505 siastici
381 1449 411 1504 et
427 1441 514 1504 Sedis
528 1439 718 1519 Apostolicae
734 1439 817 1515 leges
832 1437 920 1499 vobis
934 1451 999 1497 om-

252 1536 344 1598 nibns
366 1536 398 1596 in
414 1535 598 1596 memoriam
620 1539 812 1606 revocantes,
827 1544 998 1607 earumque

251 1630 391 1692 studium
405 1637 436 1690 et
450 1627 680 1690 observantiam
692 1627 831 1702 impense
841 1637 1001 1684 commen-

252 1723 374 1796 dantes,
408 1721 601 1799 praedictum
635 1718 813 1782 Concilium
844 1717 998 1780 Albanum

252 1817 363 1878 vestris
386 1815 549 1893 praecipue
571 1813 663 1876 rebus
684 1829 717 1872 ac
740 1809 932 1890 temporibus
953 1824 1001 1870 ac·

252 1909 483 1972 commodatum
505 1913 536 1968 et
558 1915 782 1986 opportunum,
805 1904 932 1965 omnino
954 1907 1000 1963 te·

252 2004 321 2066 neri
344 2019 378 2064 ac
399 2018 455 2080 per
475 2000 580 2062 omnia
602 1998 760 2061 observari
781 1996 998 2076 praecipimus;

251 2097 407 2170 volentes,
430 2103 465 2158 ut
488 2104 596 2156 omnes
618 2093 707 2154 istius
728 2091 819 2167 regni
842 2089 1001 2168 Archiepi-

251 2189 347 2268 scopi,
370 2187 523 2267 Episcopi,
545 2185 671 2264 parochi
692 2193 722 2245 et
749 2183 946 2257 missionarii,
969 2187 1000 2242 et

252 2282 368 2361 reliqui
389 2282 565 2343 animarum
576 2293 683 2342 curam
698 2277 858 2350 habentes,
878 2273 1000 2353 aliquod

251 2374 338 2438 illius
358 2373 518 2452 exemplar
537 2373 617 2451 apud
637 2387 670 2432 se
691 2370 835 2444 habeant,
851 2377 943 2447 atque
965 2368 1000 2429 ad

252 2468 338 2530 illius
359 2482 503 2530 normam
528 2481 601 2528 suos
627 2471 657 2526 et
684 2463 872 2541 populorum
900 2476 1001 2523 mores

252 2563 380 2638 erigere
401 2561 546 2624 studeant
567 2568 598 2621 et
619 2557 825 2620 conformare.

83 2673 236 2740 ‘saturianus
292 2656 363 2732 ἐι.
388 2656 554 2726 Attamen,
577 2659 612 2714 ut
641 2651 799 2728 graviores
827 2651 939 2713 abusus
965 2649 1001 2711 ad

82 2743 114 2838 gneo
123 2727 236 2837 mpsim

37 2925 38 2930 ἵ
82 2835 235 2892 ,aputeum
254 2844 406 2912 tinentes,
432 2856 512 2920 quae
531 2855 571 2899 ex
593 2838 659 2900 istis
686 2837 867 2914 regionibus
888 2838 924 2900 ad
946 2853 1002 2898 no-

253 2748 339 2824 lidei,
362 2762 488 2810 morum
509 2762 543 2807 ac
562 2746 684 2807 rituum
706 2745 917 2821 integritatem
933 2759 1002 2822 per-

252 2943 352 2998 stram
373 2933 518 2998 notitiam
540 2932 572 2996 in
594 2931 933 3009 speciepervenerunt,
950 2945 1001 3008 pe-

253 3029 342 3090 nitus
364 3027 525 3100 tollantur,
547 3041 580 3086 ac
601 3030 752 3103 perpetuo
777 3023 1000 3098 eliminentur3

252 3129 419 3201 postquam
450 3119 574 3181 eosdem
605 3125 746 3180 accurate
773 3133 807 3178 ac
835 3117 1003 3193 diligenter

252 3231 309 3296 per
333 3213 538 3292 nosmetipsos
559 3209 792 3290 perpendimus,
812 3210 1003 3272 examinavi-

252 3325 342 3385 mus3
365 3323 411 3383 ea,
440 3321 520 3384 quae
549 3311 742 3383 sequuntur,
773 3304 910 3377 decreta,
938 3318 1002 3364 non

251 3401 321 3464 sine
343 3398 572 3462 venerabilium
592 3398 724 3460 fratrum
737 3403 916 3459 nostrorum
931 3412 1005 3457 con·

252 3495 336 3568 silio,
359 3492 496 3574 perterre
518 3506 552 3552 ac
572 3491 660 3554 vobis
686 3491 876 3553 denunciare
895 3489 1005 3552 statui-

253 3604 342 3664 mns;
365 3601 501 3665 quorum
522 3583 737 3663 dispositiones
758 3601 775 3644 a
795 3583 882 3645 vohis
904 3583 1004 3644 omni-

252 3683 324 3756 bus,
347 3683 384 3744 ad
405 3695 481 3760 quos
502 3678 625 3752 attinet,
648 3684 756 3756 utpote
781 3676 874 3740 utiles
896 3693 929 3738 ac
950 3692 1003 3738 ne-

254 3775 417 3849 cessarias,
450 3773 583 3834 libenter
615 3770 842 3851 amplectendas
872 3785 939 3832 esse
970 3769 1002 3832 in

254 3871 389 3934 Domino
409 3866 611 3941 conddlmus;
634 3871 664 3926 et
679 3863 886 3926 nihilominus
901 3871 1003 3927 ancto-

255 3965 349 4027 ritate
369 3960 532 4040 apostolica
554 3958 748 4020 exactissime
768 3957 893 4036 impleri
908 3965 939 4020 et
953 3975 1004 4020 cu-

255 4057 365 4120 stodiri
386 4053 581 4116 mandamus.

97 4165 241 4210 narremu-
297 4149 369 4226 53.
392 4147 555 4212 Ordientes
581 4146 686 4223 itaque
713 4163 729 4206 a
758 4146 892 4222 negotiis
921 4147 1003 4223 lidei,

133 4220 240 4319 ἒῐξξῖξῗ.
255 4246 327 4308 sine
347 4260 407 4324 qua
428 4239 618 4319 impossibile
636 4248 683 4301 est
706 4239 824 4317 placere
839 4240 916 4312 Deo,
940 4257 1006 4302 om·

84 4330 119 4388 tart¹
130 4331 149 4371 ut
162 4327 239 4390 ruphu-

84 4387 240 4426 urusuustrmu·

257 4339 351 4402 nibus
373 4343 404 4398 et
424 4332 558 4410 singulis
573 4331 661 4395 istius
675 4332 765 4408 regni
782 4333 935 4409 fidelibus,
952 4335 1005 4413 qui

256 4431 403 4496 ecclesiae
416 4426 582 4491 catholicae
596 4426 851 4490 communionem
871 4427 1007 4490 retinere

257 4525 402 4605 cupiunt,
424 4520 564 4584 districte
584 4519 788 4599 praecipimus
809 4529 901 4599 atque
922 4521 1007 4584 iube-

255 4635 341 4695 mus,
357 4625 392 4680 ιιι
406 4620 546 4690 caveant,
564 4614 654 4676 need
670 4612 894 4688 occultandam,
907 4631 1005 4694 quum

255 4713 381 4776 licitum
402 4719 433 4774 et
454 4725 580 4772 neccsse
601 4713 646 4770 est
667 4707 844 4786 aliquando,
860 4707 1007 4771 Christia-

256 4821 315 4868 nae
331 4803 502 4881 Religionis
516 4801 750 4882 prolessinnem,
768 4800 869 4879 aliqua
883 4800 1005 4878 iaciant,

256 4908 311 4962 aut
332 4899 508 4970 admittant,
524 4903 632 4959 contra
646 4894 826 4971 evangelica
848 4903 1006 4975 praecepta

255 5001 288 5056 et
310 4992 469 5065 instituta;
492 4988 673 5069 praesertim
694 5003 782 5060 vero,
805 5004 884 5066 quae
904 4997 1007 5067 prote·

256 5087 426 5150 stationem
447 5084 613 5147 includunt
641 5083 864 5146 llahumeticae
888 5090 1003 5146 sectae:

257 5182 400 5258 ideoque,
432 5178 458 5240 si
485 5177 762 5241 Circumcisionem
789 5175 1004 5253 susceperint,

255 5274 368 5347 sciant,
390 5272 472 5351 quod
495 5270 636 5334 Christus
657 5268 740 5347 ipsis,
763 5267 908 5347 Apostolo
929 5275 1006 5329 atte-

257 5375 378 5440 stante,
411 5362 490 5425 nibil
521 5363 669 5442 proderit.
703 5361 836 5424 Nomina
866 5361 1004 5436 Turcica,

257 5471 394 5537 quorum
422 5471 480 5518 nec
512 5471 666 5518 memores
687 5471 754 5516 esse
782 5455 931 5518 deberent
951 5470 1007 5532 per

258 5552 337 5614 labia
347 5565 414 5626 sua,
427 5565 597 5612 assumere:
611 5547 814 5610 abominanda
830 5546 1006 5610 infidelium

259 5640 1003 5722 templa,quaeldoscbaeasvocantlrequentare:

258 5736 535 5800 ecclesiasticorum
562 5733 751 5796 ieiuniorum
773 5733 836 5795 dies
864 5733 1004 5795 carnium

259 5847 315 5893 esu
337 5829 515 5908 profanare,
539 5835 571 5891 et
592 5828 666 5890 haec
687 5842 724 5888 eo
745 5827 823 5898 line,
845 5834 880 5889 ut
900 5825 1005 5888 hlabu-

259 5921 378 5986 metani
399 5923 577 5998 credantur,
599 5937 725 6002 prorsus
746 5921 899 5984 devitent.
927 5920 1007 5984 llaec

1725 555 1780 618 {31
1832 553 1886 607 An.
1901 556 1932 609 C.
1953 559 2022 611 1744

1056 691 1140 753 enim
1162 691 1279 766 omnia,
1296 693 1353 755 etsi
1375 693 1450 754 fides
1472 693 1587 756 Christi
1603 694 1635 756 in
1650 695 1742 757 corde
1756 701 1801 756 te·

1055 791 1179 861 nentur,
1197 785 1262 846 deri
1280 793 1455 865 nequeunt,
1470 788 1539 848 sine
1553 787 1739 850 hlabumetis
1754 806 1802 851 er·

1055 894 1162 941 rorum
1184 879 1394 953 simulatione,
1420 880 1589 943 sinceritati
1616 882 1801 945 christianae

1054 973 1219 1047 contraria,
1242 989 1321 1051 quae
1349 973 1546 1036 mendacium
1569 975 1601 1036 in
1623 991 1659 1037 re
1687 977 1803 1052 gravis-

1054 1067 1131 1128 sima
1152 1068 1291 1129 continet
1311 1074 1343 1127 et
1365 1066 1532 1130 virtualem
1564 1067 1635 1130 ddei
1664 1069 1801 1146 negatio·

1056 1174 1141 1234 nem,
1159 1159 1291 1222 maxima
1314 1175 1385 1222 cum
1405 1159 1459 1221 Dei
1474 1160 1588 1222 iniuria
1603 1163 1802 1242 proximique

1053 1253 1206 1326 scandalo,
1229 1253 1371 1316 includit.

1094 1347 1113 1422 5
1134 1347 1163 1408 ἱι.
1187 1347 1284 1409 Multo
1305 1363 1380 1408 vero
1402 1350 1511 1441 magis,
1534 1365 1631 1427 quum
1648 1367 1662 1410 a
1678 1351 1799 1429 publica
1840 1375 1990 1437 spasmum
2006 1374 2032 1420 tn

1055 1447 1206 1517 potestate
1225 1442 1473 1517 interrogantur,
1498 1442 1639 1506 illicitum
1662 1445 1720 1506 sibi
1735 1463 1801 1508 esse
1820 1427 1923 1473 ΝΜΟ·

1053 1534 1151 1596 sciant
1174 1535 1401 1596 mahumeticae
1420 1544 1519 1597 sectae
1540 1553 1573 1598 se
1587 1536 1801 1617 addictospro-

1055 1627 1155 1703 literi3
1178 1628 1230 1689 sed
1247 1626 1322 1690 illud
1345 1629 1493 1690 noverint
1507 1645 1572 1691 esse
1589 1637 1801 1712 tempusque

1054 1736 1106 1810 eos
1128 1727 1262 1798 oportet,
1288 1728 1448 1784 sumentes
1478 1731 1603 1785 scutum
1629 1723 1713 1800 iidei,
1737 1743 1800 1790 non

1053 1813 1157 1876 solum
1171 1815 1262 1878 corde
1276 1814 1401 1877 credere
1416 1815 1451 1877 ad
1467 1816 1628 1894 iustitiam,
1640 1819 1692 1880 sed
1706 1821 1802 1885 etiam

1054 1923 1109 1969 ore
1120 1907 1279 1970 Christum
1291 1910 1433 1971 confiteri
1446 1910 1481 1971 ad
1492 1910 1637 1988 salutem;
1650 1913 1800 1992 alioquin,

1054 2003 1079 2062 si
1101 2018 1175 2064 eum
1196 2017 1301 2064 coram
1322 2003 1503 2068 hominibus
1525 2019 1639 2082 negare
1657 2008 1720 2070 ausi
1737 2009 1803 2072 iue-

1054 2095 1130 2166 rint,
1146 2095 1256 2173 etipse
1277 2098 1403 2171 negabit
1424 2113 1476 2159 eos
1496 2113 1599 2161 coram
1621 2100 1711 2163 Patre
1732 2119 1800 2164 suo.

1095 2189 1114 2263 5
1135 2189 1164 2249 5.
1189 2189 1305 2267 impius
1327 2190 1442 2269 pariter
1465 2199 1496 2253 et
1518 2192 1645 2256 illicitus
1666 2202 1713 2256 est
1736 2196 1802 2258 illo·
1846 2222 1874 2265 m
1889 2218 1917 2264 tn
1933 2223 2020 2266 mona.

1056 2297 1128 2344 rum
1151 2282 1277 2345 Serviae
1308 2281 1549 2348 christianorum
1575 2287 1703 2364 abusus,
1734 2291 1800 2368 qui,

1056 2391 1092 2436 ex
1114 2376 1171 2436 hac
1192 2375 1254 2438 vita
1276 2377 1453 2452 migraturi,
1475 2380 1620 2441 cadavera
1648 2399 1702 2444 sua
1724 2383 1802 2446 'lur-

1054 2483 1161 2529 carum
1182 2467 1351 2545 sepulturis
1381 2471 1538 2545 mandari,
1569 2488 1641 2534 cnm
1670 2474 1803 2539 istorum

1056 2561 1229 2622 assistentia
1244 2567 1275 2622 et
1290 2563 1508 2625 mahumeticis
1519 2566 1662 2630 adhibitis
1678 2567 1802 2646 ritibus,

1055 2656 1256 2733 permittunt,
1285 2663 1338 2717 aut
1366 2657 1486 2720 iubent.
1522 2659 1647 2722 Etenim
1667 2661 1692 2726 si
1716 2663 1803 2726 Chri-

1055 2755 1139 2811 stum
1161 2748 1194 2810 in
1216 2749 1279 2810 vita
1306 2749 1488 2814 erubescere
1516 2753 1650 2816 minime
1676 2757 1801 2832 debent,

1056 2849 1173 2919 quanto
1190 2842 1294 2904 minus
1309 2859 1406 2922 quum
1422 2845 1562 2908 eiusdem
1578 2850 1742 2912 tremendo
1757 2851 1805 2914 iu-

1057 2935 1135 2998 dicio
1156 2935 1285 2998 sistendi
1307 2945 1397 3014 sunt3
1421 2953 1461 3000 ne
1482 2946 1514 3000 et
1535 2940 1600 3018 ipse
1621 2945 1803 3007 eorumdem

1056 3045 1160 3091 coram
1182 3031 1309 3092 Eterno
1330 3046 1386 3092 suo
1407 3032 1497 3094 Patre
1518 3033 1687 3097 eruhescat.

1097 3123 1116 3197 ἓ
1137 3124 1166 3186 6.
1190 3123 1304 3186 Munus
1325 3123 1429 3202 itaque
1452 3125 1694 3206 Episcoporum,
1717 3145 1806 3208 paro·
1838 3160 2038 3207 simulatores

1057 3217 1187 3278 chorum
1210 3225 1241 3278 et
1262 3217 1528 3282 missionariorum
1545 3221 1615 3296 erit,
1628 3223 1709 3284 serio
1722 3225 1805 3286 chri·
1824 3215 2038 3314 {ffiffiflffiflffiffij

1056 3310 1172 3372 stianos
1193 3308 1276 3385 illos,
1300 3311 1352 3389 qui
1374 3313 1564 3390 supradicta,
1588 3331 1661 3379 curn
1683 3303 1912 3394 ingeminasti
1935 3321 2038 3368 extru-

1058 3403 1128 3466 ddei
1150 3403 1281 3478 iniuria,
1304 3403 1422 3466 nelarie
1450 3415 1672 3485 praesumunt,
1694 3409 1805 3474 docere
1824 3375 1908 3420 dmm
1947 3443 1949 3454 ·

1058 3503 1088 3557 et
1109 3497 1292 3572 admonere,
1314 3497 1395 3576 quod
1412 3498 1526 3561 trustra
1540 3501 1600 3562 sibi
1614 3503 1651 3564 de
1666 3503 1805 3566 christia-

1058 3605 1117 3650 nae
1137 3589 1214 3666 legis
1234 3590 1370 3653 custodia
1392 3599 1423 3653 et
1444 3592 1522 3669 zelo,
1545 3591 1646 3672 deque
1667 3597 1805 3661 filiorum

1059 3683 1092 3745 in
1106 3683 1214 3746 eadem
1226 3682 1407 3746 educatione
1423 3683 1641 3764 blandiantur3
1657 3691 1805 3767 quoniam

1059 3776 1110 3837 vel
1131 3775 1163 3836 in
1185 3792 1250 3838 uno
1272 3776 1404 3838 istorum
1425 3776 1616 3855 deficientes,
1640 3781 1711 3845 lacti
1731 3793 1806 3848 sunt

1059 3869 1202 3932 omnium
1235 3869 1291 3930 rei.
1321 3870 1427 3949 ltaque
1453 3871 1526 3949 ipsis
1553 3881 1659 3952 aperte
1684 3877 1807 3938 denun-

1058 3962 1154 4037 cient,
1177 3964 1259 4041 quod
1286 3963 1426 4043 quisquis
1453 3973 1540 4027 metu
1567 3966 1734 4030 cuiuslibet
1754 3985 1806 4049 po·

1059 4055 1178 4118 testatis
1193 4055 1243 4117 vel
1258 4057 1477 4135 temporalium
1489 4057 1734 4123 amittendorum
1746 4061 1808 4124 lor·

1061 4148 1179 4210 midine
1197 4148 1291 4211 fldem
1312 4165 1399 4212 suam
1421 4151 1534 4229 prodit,
1551 4153 1628 4214 iram
1643 4154 1698 4215 llei
1713 4172 1807 4234 super

1059 4258 1092 4304 se
1106 4249 1269 4320 provocat3
1291 4259 1397 4322 seque,
1414 4245 1473 4306 nisi
1488 4245 1656 4322 resipiscat,
1668 4246 1706 4309 ab
1719 4249 1807 4311 omni

1059 4334 1166 4396 salutis
1176 4349 1231 4412 spe
1245 4342 1429 4398 extraneum
1446 4336 1564 4414 reddit3
1580 4341 1729 4417 quoniam
1743 4357 1808 4403 ma-

1061 4428 1107 4504 gis
1128 4428 1218 4491 timet
1244 4429 1417 4505 hominem,
1440 4447 1534 4510 quam
1555 4433 1666 4508 Deum,
1689 4442 1720 4496 et
1741 4451 1807 4498 mo

1062 4530 1226 4584 montanea
1238 4523 1386 4598 retinere,
1399 4539 1493 4602 quam
1508 4531 1633 4590 aeterna
1648 4526 1808 4606 acquirere

1061 4615 1192 4677 mavult.
1216 4614 1247 4678 Si
1269 4615 1323 4694 qui
1344 4625 1449 4680 autent
1470 4617 1617 4682 obstinati
1638 4621 1670 4682 iu
1700 4621 1807 4684 huius-

1061 4709 1146 4770 modi
1167 4709 1218 4769 via
1239 4708 1407 4788 impiorum
1432 4725 1561 4788 pergere
1589 4712 1702 4788 velint,
1726 4713 1807 4776 inca·

1061 4817 1148 4880 paces
1179 4809 1274 4863 erunt
1303 4809 1570 4866 sacramentorum
1601 4805 1634 4867 in
1665 4805 1730 4866 vita
1759 4815 1806 4882 et,

1059 4895 1085 4956 sl
1107 4895 1347 4972 impoenitentes
1367 4896 1565 4972 decesserint,
1587 4897 1808 4976 sullragiorum

1061 4997 1129 5068 post
1150 4995 1300 5052 mortem:
1325 4987 1360 5049 ad
1376 5005 1455 5067 quae
1469 4989 1576 5053 nullus
1591 4991 1735 5053 ecclesiae
1750 4993 1809 5054 mi·

1061 5082 1158 5144 nister
1172 5081 1242 5143 illos
1255 5083 1421 5144 admittere
1436 5094 1622 5160 praesumat3
1638 5084 1776 5163 alioquin
1791 5101 1807 5145 a

1061 5175 1186 5254 proprio
1202 5174 1351 5253 Episcopo
1366 5174 1521 5237 canonicis
1534 5177 1655 5254 poenis,
1668 5176 1704 5237 ad
1720 5193 1809 5256 prae·

1061 5269 1211 5347 scriptum
1232 5269 1327 5330 etiam
1347 5268 1515 5346 supradicti
1537 5267 1648 5333 Albani
1664 5268 1806 5346 Concilii,

1060 5362 1241 5440 plectendus
1261 5361 1332 5422 erit.

1102 5457 1121 5532 ἓ
1143 5456 1173 5518 7.
1196 5455 1354 5518 Arcendae
1374 5456 1488 5534 pariter
1502 5472 1517 5516 a
1533 5455 1738 5520 sacramentis
1753 5455 1809 5519 Ec·
1864 5487 1928 5532 rtem
1946 5487 2042 5534 murre-

1061 5549 1170 5611 clesiae
1184 5555 1259 5610 suut
1271 5548 1344 5609 illae
1357 5548 1517 5622 mulieres,
1533 5565 1611 5626 quae
1626 5549 1808 5628 nuptiarum
1828 5540 2043 5598 rasmsquacuu-

1828 5594 1927 5640 stienae
1942 5593 2043 5650 religio·

1062 5641 1191 5704 nomine
1212 5641 1244 5702 in
1272 5640 1444 5704 Turcarum
1472 5641 1733 5704 conturbernium
1757 5642 1808 5704 ad·
1829 5647 2044 5747 Cgssl'gssffflufflss

1061 5734 1184 5810 missae,
1197 5733 1333 5796 celantes
1348 5734 1539 5797 Christianae
1555 5734 1725 5812 Religionis
1740 5753 1809 5815 pro·
1828 5765 1916 5818 aarum
1938 5759 2041 5801 comus.

1062 5826 1239 5902 lessiunem,
1262 5827 1305 5888 ibi
1326 5828 1421 5890 vitam
1453 5836 1551 5904 agunt
1572 5828 1608 5889 ab
1629 5827 1716 5890 omni
1737 5828 1809 5890 rep.
1829 5808 1927 5854 bemo-

1063 5921 1163 6012 gionis
1184 5921 1331 5984 exercitio
1353 5927 1523 6002 remotnm;
1546 5920 1651 6001 cisque
1673 5918 1810 6004 aPastoss
