4744 6976
871 537 1069 584 beneolentis
1089 535 1153 581 xiv.

242 661 274 722 ad
301 676 444 723 normam
477 659 618 738 plurium
651 659 880 722 resolutionum
907 659 987 721 con-

241 753 430 828 gregationis
444 753 575 815 concilii
591 752 754 832 praefatae,
771 761 869 814 certas
890 767 985 813 sacra-

243 861 312 906 rum
334 845 570 907 ordinationum
593 845 715 922 regulas
737 852 767 906 et
787 842 987 920 singulorum

242 937 462 1016 Episcoporum
475 938 541 1000 iura
555 938 587 999 in
600 937 739 1015 proprios
753 935 890 998 subditos
904 951 987 1015 prae·

242 1029 353 1103 inivit,
378 1030 581 1105 tutellensi,
598 1046 677 1107 qnae
692 1029 814 1107 incipit:
839 1029 987 1105 Specula-

243 1126 335 1192 tores,
360 1121 418 1184 sub
440 1121 545 1184 datum
570 1122 670 1199 pridie
691 1137 788 1183 nonas
809 1121 988 1183 novembris

242 1214 313 1274 anni
336 1229 490 1276 uncxcrv.

63 1329 162 1424 ‘'3313qu
173 1321 227 1364 ron·
279 1306 298 1379 5
322 1305 351 1366 l.
374 1307 458 1368 lianc
480 1307 576 1384 ipsam
606 1307 759 1368 rationem
780 1321 836 1367 nos
865 1305 921 1384 ipsi
942 1321 990 1367 se-

64 1439 95 1478 llai
118 1438 175 1474 Sffla

63 1485 157 1532 ueneat

202 1382 303 1468 {iculi
333 1414 441 1460 sumus
467 1399 499 1460 in
530 1399 703 1476 apostolicis
735 1399 849 1460 nostris
877 1397 986 1472 literis,

244 1505 375 1569 quarum
401 1491 528 1553 initium
551 1499 613 1552 est:
644 1489 888 1552 Sacramentum
916 1490 990 1550 Poe-

240 1701 405 1748 stitutionem
425 1702 553 1759 deputati,
573 1703 684 1748 debeant
698 1703 731 1749 ab
746 1703 871 1760 Episcopo
885 1699 980 1746 exami-

239 1768 297 1814 nari
310 1771 337 1814 et
351 1768 511 1826 approbarit

277 1845 322 1880 vn.
334 1838 374 1878 in
383 1833 533 1891 superiores
543 1835 689 1891 regulares,
697 1833 822 1880 similiter
830 1835 892 1880 ante
900 1833 984 1891 ipsius

240 1899 435 1946 constitutionis
456 1900 661 1957 publicationem
684 1900 761 1946 electi
784 1911 830 1945 seu
851 1899 984 1957 deputati,

239 1965 292 2012 alia
305 1966 443 2022 indigeant
457 1967 577 2023 Episcopi
590 1965 778 2022 approbatione
793 1977 840 2023 pro
849 1965 986 2010 confessio-

241 2033 316 2077 nibus
330 2031 572 2078 sanctimonialium
583 2031 635 2076 sibi
645 2031 824 2078 subiectarum
834 2031 985 2076 audiendisi

278 2110 334 2143 vnr.
349 2104 389 2143 an
398 2098 581 2152 confessiones,
591 2109 657 2154 quas
666 2097 779 2143 audiunt
789 2097 938 2154 superiores
948 2109 986 2142 re·

239 2166 345 2222 gulares
359 2165 438 2211 electi
452 2177 498 2210 seu
512 2165 633 2222 deputati
647 2165 689 2208 vel
704 2163 855 2210 confirmati
869 2165 927 2221 post
941 2175 986 2220 pu-

240 2231 405 2277 blicationem
420 2234 447 2276 et
461 2229 600 2276 scientiam
615 2229 715 2276 tenoris
730 2229 816 2275 dictae
825 2230 923 2284 bullae,
934 2241 985 2275 non
1011 2268 1014 2277 ‚

240 2297 345 2342 obtenta
368 2296 490 2354 Episcopi
510 2295 707 2353 approbatione,
729 2295 783 2341 sint
801 2297 892 2342 nullae
905 2299 986 2354 atque

241 2364 342 2418 irritae,
357 2369 454 2408 necuei

277 2441 312 2474 rx.
328 2433 367 2474 An
382 2429 528 2485 regulares,
543 2429 706 2485 generaliter
717 2428 750 2475 ab
761 2429 886 2486 Episcopo
896 2440 987 2486 appro

240 2497 294 2542 bati
314 2497 347 2542 ad
369 2495 544 2542 confessiones
563 2507 736 2553 personarum
751 2496 928 2542 saecularium
943 2507 987 2541 au-

240 2563 355 2618 diendas,
369 2565 528 2607 censeantur
541 2562 623 2606 etiam
642 2561 782 2619 approbati
795 2562 828 2607 ad
842 2560 986 2607 audiendas

239 2628 411 2674 confessiones
427 2627 583 2674 monialium
598 2628 649 2673 sibi
663 2628 864 2673 subiectarumt

277 2707 301 2740 x.
318 2699 356 2740 an
371 2693 504 2752 regularis
524 2693 557 2740 ad
578 2695 722 2740 audiendas
743 2694 919 2739 consessiones
934 2705 987 2741 mo

240 2761 350 2806 nialium
365 2761 446 2806 unius
461 2761 616 2806 monasterii
630 2761 663 2806 ab
678 2760 804 2818 Episcopo
817 2761 986 2816 approbatus,

239 2827 412 2874 confessiones
427 2827 584 2872 monialium
598 2817 711 2873 alterius
726 2827 882 2872 uronasterii
892 2827 986 2873 audire
1012 2854 1014 2863 ι

240 2899 320 3008 ροίῗῐι.ι
328 2901 367 3006 1Αῐι
381 2961 541 3007 comessores
563 2961 701 3017 regulares
722 2961 930 3006 extraordinarii
949 2973 986 3006 se·

241 3030 292 3074 mel
304 3029 338 3074 ab
353 3029 480 3087 Episcopo
500 3027 621 3085 deputati
635 3030 661 3072 et
675 3027 815 3084 approbati
834 3029 868 3073 ad
881 3027 986 3073 aradien-

1041 655 1214 728 nitentior,
1244 673 1326 721 anno
1356 675 1511 721 nuceum.
1537 657 1680 722 kalendis
1706 656 1787 722 iunii

1043 750 1131 825 datis,
1155 749 1187 811 in
1215 749 1327 828 quibus
1358 751 1512 816 nonnulla
1538 750 1733 814 decrevimus
1755 756 1786 813 et

1041 843 1207 904 statuimus
1222 844 1366 906 adversus
1380 845 1554 907 sacerdotes
1568 844 1601 905 in
1614 859 1788 906 sacramen-

1042 933 1094 995 tali
1116 934 1307 997 coniessione
1328 951 1399 998 suos
1420 937 1615 1017 poenitentes
1634 937 1669 1000 ad
1686 937 1787 1014 turpia

1042 1026 1248 1104 solidantes,
1277 1029 1362 1090 iuxta
1394 1027 1614 1092 declarationes
1635 1032 1667 1091 in
1687 1027 1787 1091 causis

1044 1120 1136 1181 huius
1158 1123 1296 1197 generis,
1319 1123 1450 1186 diversis
1477 1123 1668 1201 temporibus
1689 1129 1720 1183 et
1740 1137 1787 1182 ca-

1043 1211 1128 1274 sibus
1157 1213 1289 1290 proiatas
1311 1231 1326 1275 a
1348 1213 1600 1292 Congregatione
1626 1213 1788 1276 venerabi-

1044 1304 1123 1366 lium
1143 1303 1277 1368 iratrum
1301 1315 1481 1372 nostrorum
1507 1307 1539 1371 S.
1565 1308 1602 1370 li.
1624 1307 1659 1368 E.
1684 1305 1789 1369 Cardi-

1046 1397 1164 1459 nalium
1185 1406 1291 1460 contra
1318 1400 1503 1464 haereticam
1530 1401 1714 1478 pravitatem
1736 1414 1789 1475 ge-

1045 1488 1200 1552 neralium
1222 1491 1456 1569 inquisitorum.
1487 1492 1624 1572 idipsum
1644 1491 1788 1572 nuperri-

1038 1711 1102 1745 cura
1116 1711 1289 1756 personarum
1311 1701 1496 1757 saecularium,
1511 1713 1558 1748 nec
1571 1703 1629 1749 loca
1643 1702 1689 1749 ubi
1702 1701 1730 1748 in
1744 1701 1788 1748 iis·

1039 1766 1098 1811 dem
1108 1767 1226 1813 ecclesiis
1236 1771 1389 1814 asservatur
1397 1769 1595 1816 sanctissimum
1604 1767 1787 1814 Eucharistiae

1039 1836 1243 1890 sacramentum,
1254 1834 1296 1879 vel
1309 1835 1355 1880 ubi
1365 1835 1539 1881 confessiones
1549 1843 1723 1892 personarum
1734 1845 1788 1880 sae·

1040 1899 1173 1944 cularium
1188 1900 1340 1946 audiuntur.

1078 1965 1115 2009 nd
1130 1977 1156 2011 11.
1173 1969 1225 2012 llac
1241 1966 1268 2012 in
1282 1969 1359 2023 parte
1373 1967 1589 2013 constitutionem
1600 1966 1670 2012 nibil
1679 1967 1788 2012 noviiu·

1039 2031 1077 2076 ris
1092 2031 1235 2087 induxisse,
1250 2043 1297 2078 nec
1317 2032 1400 2078 ullam
1415 2042 1508 2078 novam
1528 2032 1716 2078 auctoritatem
1731 2032 1789 2088 Epi-

1040 2097 1124 2154 scopis
1145 2097 1172 2142 in
1195 2099 1332 2154 regulares
1356 2097 1526 2144 attribuisse:
1551 2099 1661 2156 ideoque
1684 2097 1712 2142 in
1734 2097 1787 2143 vim

1038 2163 1122 2221 ipsius
1136 2164 1334 2210 constitutionis
1349 2175 1400 2209 non
1416 2175 1491 2220 posse
1505 2163 1646 2222 Episcopos
1659 2162 1788 2220 regulari·

1039 2230 1088 2276 bus
1103 2230 1290 2286 praescribere,
1305 2232 1335 2276 ut
1350 2230 1430 2276 certis
1445 2231 1551 2276 tantum
1566 2230 1594 2276 in
1609 2229 1673 2275 locis
1684 2239 1715 2274 ac
1725 2231 1789 2274 tem·

1040 2295 1147 2351 poribus
1162 2297 1209 2341 aut
1223 2299 1357 2341 certarum
1373 2306 1547 2352 personarum
1560 2295 1734 2340 consessiones
1744 2305 1789 2340 au-

1040 2360 1122 2416 diant,
1142 2361 1183 2404 vei
1197 2361 1265 2407 alias
1286 2361 1395 2407 illorum
1413 2361 1595 2418 privilegiam
1610 2360 1788 2407 sacramentis

1040 2426 1259 2473 administrandis
1278 2427 1441 2484 restringere
1461 2429 1509 2473 aut
1523 2427 1663 2474 moderari.
1679 2426 1750 2478 Quod
1766 2426 1789 2472 si

1039 2491 1147 2537 aliunde
1162 2492 1294 2550 Episcopis
1310 2493 1463 2539 huiusmodi
1477 2494 1589 2540 facultas
1603 2493 1744 2550 competat,
1758 2492 1789 2538 il·

1040 2557 1094 2602 mm
1109 2569 1161 2603 non
1175 2558 1256 2604 inisse
1271 2559 1304 2606 ab
1319 2559 1410 2604 eadem
1421 2559 1609 2605 constitutione
1620 2559 1760 2604 sublatam.

1080 2623 1118 2667 Ad
1132 2636 1170 2670 111.
1187 2625 1292 2671 censuit
1307 2625 1436 2671 eiusmodi
1445 2625 1599 2672 facultatem
1609 2637 1662 2671 non
1672 2624 1789 2682 intelligi

1040 2689 1169 2736 tributam
1184 2691 1318 2748 Episcopis
1332 2691 1359 2737 iu
1374 2703 1500 2748 personas
1514 2692 1615 2738 nullius
1626 2691 1760 2737 dioecesis.

1079 2756 1116 2801 Ad
1130 2768 1164 2801 1v.
1180 2760 1235 2803 Non
1249 2760 1404 2815 competere.

1079 2823 1116 2867 Ad
1131 2834 1155 2868 v.
1171 2826 1215 2868 lus
1229 2824 1402 2871 confirmandi
1416 2825 1564 2872 abbatissas
1583 2825 1693 2872 minime
1707 2825 1789 2872 inisse

1040 2889 1173 2945 Episcopis
1187 2901 1234 2947 per
1247 2891 1464 2938 constitutionem
1478 2893 1648 2939 attributum.

1079 2955 1117 2999 Ad
1132 2967 1167 3000 vr.
1184 2956 1349 3003 consessores
1370 2958 1477 3015 quidem
1497 2959 1723 3007 extraordinarios
1737 2970 1791 3005 mo

1041 3019 1153 3066 nialium
1169 3023 1322 3069 nullatenus
1337 3036 1412 3080 posse
1427 3027 1486 3080 post
1500 3026 1718 3072 constitutionem
1732 3026 1790 3073 illa-

241 3095 458 3141 daemonialium
473 3095 709 3150 contessionespro
724 3093 847 3140 arnavice
862 3094 987 3139 iniraan·
1012 3088 1015 3149 i
1040 3097 1100 3132 tum
1121 3089 1295 3135 confessiones
1316 3091 1417 3146 audire.
1440 3091 1492 3136 nisi
1514 3093 1589 3150 Erilli
1610 3093 1643 3138 ab
1664 3092 1791 3151 Episcopi>

240 3173 302 3208 num
315 3163 349 3207 ad
363 3161 557 3218 praescriptum
567 3159 636 3206 sacri
646 3159 755 3206 concilii
765 3159 921 3215 Tridentini,
932 3171 988 3216 pos-

241 3228 301 3274 sint.
312 3227 413 3273 virtute
423 3227 509 3272 dictae
518 3227 724 3285 approbationis,
734 3227 842 3284 pluries,
850 3227 986 3283 tamquam

240 3293 400 3340 consessores
414 3293 627 3346 extraordinarii,
643 3294 795 3339 earumdem
813 3293 987 3339 consessiones

241 3361 341 3414 audire,
355 3361 455 3417 absque
469 3359 536 3405 nova
550 3359 670 3417 Episcopi
684 3359 811 3406 licentiat

279 3439 325 3472 xn.
342 3431 406 3472 cnm
421 3427 449 3471 in
470 3426 561 3472 eisdem
583 3425 773 3472 constitutione
792 3428 924 3472 statutum
944 3426 987 3480 sit,

241 3497 270 3538 ut
282 3493 362 3538 liceat
377 3493 504 3550 Episcopo
518 3504 549 3538 ex
564 3492 718 3538 rationabili
740 3493 819 3538 causa
838 3492 988 3549 superiores

240 3559 376 3616 regulares
390 3559 540 3613 admonere,
555 3561 585 3604 ut
599 3561 738 3606 amoveant
761 3559 921 3604 confessores
936 3569 988 3603 mo

241 3626 360 3681 niaiium,
370 3628 452 3683 atque
461 3624 692 3670 administratores
701 3625 831 3670 bonorum
841 3625 874 3670 ad
884 3635 988 3670 earum-

239 3693 297 3738 dem
318 3691 476 3737 monialium
499 3691 661 3737 monasteria
682 3691 882 3748 pertinentium,
902 3689 987 3747 iisque

1040 3153 1192 3200 dioecesam
1207 3155 1295 3202 idonei
1310 3156 1460 3202 iudicentur
1474 3161 1501 3202 et
1515 3159 1702 3216 approbentur.
1718 3161 1790 3206 Ordi-

1041 3221 1131 3266 narios
1146 3232 1208 3266 vero
1222 3221 1391 3276 consessores,
1410 3226 1472 3269 ante
1490 3225 1689 3271 constitutionis
1707 3227 1790 3283 pubii-

1040 3287 1171 3332 caticuem
1186 3289 1334 3345 deputatos,
1349 3301 1432 3346 posse,
1447 3291 1560 3338 durante
1575 3291 1691 3338 triennio
1705 3292 1738 3338 ab
1750 3305 1790 3339 eo

1041 3364 1102 3398 rum
1116 3354 1286 3411 deputatione
1300 3356 1455 3411 inchoando,
1467 3369 1577 3414 pergere
1587 3357 1615 3404 iu
1624 3359 1790 3406 confessioni-

1040 3421 1088 3466 bus
1104 3421 1345 3468 sanctimonialium
1360 3424 1499 3469 audiendis
1513 3424 1612 3482 absque
1626 3425 1680 3472 alio
1694 3427 1791 3472 exami-

1041 3497 1073 3530 ne
1087 3488 1114 3531 et
1128 3488 1317 3545 approbatione
1332 3489 1460 3546 Episcopi,
1477 3490 1549 3540 Quod
1563 3490 1586 3535 si
1600 3491 1744 3549 contingat,
1759 3494 1790 3537 ut

1041 3553 1150 3598 illorum
1164 3554 1276 3600 facultas
1290 3565 1306 3600 a
1321 3556 1385 3600 Sede
1400 3556 1548 3612 apostolica
1560 3558 1633 3606 ultra
1644 3557 1790 3604 triennium

1040 3622 1206 3676 prorogetur,
1222 3627 1284 3666 tunc
1299 3620 1393 3668 debere
1408 3633 1452 3669 eos
1462 3623 1496 3670 ab
1506 3624 1632 3681 Episcopo
1643 3624 1790 3670 examinari

1041 3689 1066 3732 et
1081 3687 1231 3744 approbari.
1311 3725 1317 3732 .

239 3757 422 3816 superioribus
436 3757 462 3802 id
476 3757 561 3802 iacere
581 3755 798 3812 detrectantibus,
821 3757 917 3803 habeat
931 3756 988 3814 Epi·
1013 3752 1016 3811 1
1080 3753 1118 3798 ild
1132 3765 1178 3799 vn.
1195 3755 1349 3812 superiores
1364 3756 1502 3814 regulares
1516 3757 1613 3803 electos
1628 3769 1674 3804 seu
1683 3758 1791 3815 deputa·

239 3836 332 3882 scopus
345 3823 501 3870 facultatem
522 3822 670 3880 praedictos
691 3821 851 3868 consessores
866 3825 892 3868 et
907 3823 989 3868 admi-

240 3891 397 3936 nistratores
411 3889 558 3944 amovendi,
574 3888 677 3946 quoties
692 3890 718 3933 et
732 3889 836 3945 quando
851 3901 916 3946 opus
931 3901 988 3934 esse

239 3956 410 4010 iudicaverit;
432 3967 466 4001 an
481 3955 612 4000 eiusmodi
632 3966 739 4001 causam
759 3955 900 4014 Episcopus
915 3967 989 4013 supe

240 4023 356 4068 rioribus
370 4021 540 4078 regularibus
555 4021 705 4078 significare
720 4024 859 4068 teneatnrr

1043 3822 1082 3866 tos
1096 3822 1159 3866 ante
1179 3820 1264 3878 ipsius
1284 3821 1484 3868 constitutionis
1502 3823 1717 3880 publicationem,
1736 3824 1791 3882 qui·

1041 3886 1090 3932 bus
1104 3885 1223 3944 alioquin
1238 3887 1350 3935 facultas
1364 3891 1497 3946 competat
1511 3891 1636 3937 audiendi
1653 3891 1791 3938 consessio·

1042 3965 1087 3998 nes
1102 3953 1258 3999 monialium
1273 3955 1324 4000 sibi
1334 3955 1523 4012 subiectarum,
1534 3969 1618 4014 posse,
1628 3958 1742 4004 durante
1752 3970 1792 4004 eo-

1042 4030 1101 4066 rum
1116 4019 1208 4075 officio,
1220 4032 1330 4077 pergere
1340 4021 1396 4067 sine
1406 4023 1460 4068 alia
1471 4023 1591 4080 Episcopi
1601 4025 1791 4081 approbatione

279 4100 337 4134 xiil.
351 4093 390 4132 An
404 4088 496 4133 eadem
516 4088 681 4142 constitutio,
695 4098 748 4144 qua
768 4091 844 4145 parte
863 4087 987 4146 supponit
1014 4078 1016 4119 l
1043 4088 1069 4131 in
1083 4087 1289 4134 confessionibus
1309 4088 1446 4135 audiendis
1466 4089 1576 4138 iliarum
1599 4093 1704 4138 tantum
1723 4102 1791 4150 qliae

239 4155 360 4213 Episcopi
374 4151 551 4199 iurisdictioni
565 4153 703 4209 regulares
722 4153 904 4210 delinquentes
918 4154 988 4200 circa

238 4231 365 4279 personas
378 4220 503 4276 degentes
516 4219 589 4265 intra
603 4222 678 4274 septa
696 4220 919 4265 monasteriorum
935 4231 987 4266 mo

239 4289 362 4342 nialium,
376 4289 424 4332 aut
437 4285 507 4332 cirea
527 4286 688 4340 clausuram,
703 4285 745 4330 vel
762 4286 892 4332 bonorum
906 4286 988 4332 admi·

239 4355 428 4402 nistrationem
439 4353 592 4399 eorumdem
602 4351 834 4406 monasteriorum,
845 4352 942 4399 babeat
952 4352 989 4398 lo-

238 4433 300 4468 cum
314 4422 342 4466 in
356 4419 479 4466 omnibus
494 4417 605 4474 delictis,
619 4429 653 4464 an
668 4429 730 4464 vero
742 4419 828 4464 solnm
839 4419 866 4464 in
877 4420 989 4466 notoriis
1015 4436 1017 4447 >

239 4492 341 4536 etcum
356 4486 479 4534 scandalo
493 4486 602 4543 pepulit

238 4624 452 4674 Sabeeaacuntar
472 4622 664 4664 declarationes
681 4622 718 4663 ad
735 4622 895 4672 supradicta
908 4621 990 4664 dubia

280 4699 298 4732 a
311 4689 518 4740 congregatione
533 4687 722 4730 cardinalium
731 4690 803 4730 sacri
815 4688 924 4731 Corcctlti
936 4689 990 4730 Tri-

280 4747 387 4800 deritini
407 4756 589 4806 tniernretam
610 4754 695 4800 datae.
718 4756 744 4794 et
761 4763 779 4796 a
793 4755 920 4805 amancio
935 4755 988 4796 XV.

280 4831 312 4865 ac
327 4823 503 4873 castrandum
523 4820 555 4862 ab
580 4819 684 4862 Urbano
703 4819 771 4862 Vlll.
787 4821 930 4870 respective
943 4829 989 4872 ap·

277 4889 415 4940 probatae.

1042 4156 1135 4211 sponte
1148 4164 1179 4198 ac
1192 4153 1300 4211 proprio
1314 4159 1389 4200 motu
1403 4155 1429 4200 id
1442 4157 1476 4202 ab
1491 4157 1529 4202 eis
1543 4157 1675 4214 petierint.
1687 4161 1720 4203 dt
1729 4169 1791 4204 vero

1043 4231 1095 4276 eos,
1110 4219 1157 4277 qui
1171 4222 1230 4278 post
1244 4221 1462 4267 constitutionem
1477 4222 1620 4280 eligentur,
1629 4226 1677 4270 aut
1687 4235 1791 4282 quoquc

1043 4287 1119 4333 modo
1140 4287 1348 4344 deputabuntur,
1362 4287 1404 4333 vel
1417 4287 1463 4347 qui
1481 4289 1509 4334 in
1524 4301 1616 4337 eorum
1638 4291 1729 4337 ciliciis
1744 4303 1791 4336 seu

1041 4352 1224 4410 dignitatibus,
1238 4354 1342 4411 expleto
1356 4354 1410 4400 iam
1434 4358 1551 4414 tempore
1566 4368 1582 4403 a
1595 4357 1791 4403 constitutioni·

1041 4422 1091 4466 bus
1104 4419 1232 4477 cuiusque
1246 4420 1352 4466 Ordinis
1367 4421 1409 4467 vel
1421 4421 1488 4468 alias
1505 4422 1626 4481 legitime
1640 4424 1791 4481 praefinito,

1042 4487 1075 4534 ad
1089 4487 1163 4533 uliud
1175 4489 1280 4544 tempus
1289 4488 1527 4544 confirmabuntur,
1538 4500 1704 4547 nequaquam
1715 4501 1792 4548 posse

1043 4553 1286 4600 sanctimonialium
1307 4553 1482 4601 confessiones
1503 4555 1605 4611 andire,
1621 4555 1673 4601 nisi
1687 4556 1762 4612 prius
1776 4567 1793 4602 a

1042 4620 1195 4665 dioecesano
1219 4619 1344 4677 Episcopo
1366 4619 1453 4667 idonei
1474 4621 1584 4668 iudicati
1603 4625 1683 4680 atque
1702 4633 1793 4680 appro

1044 4685 1100 4732 bati
1114 4684 1221 4731 luerint.

1082 4753 1119 4798 Ad
1133 4764 1189 4799 vnr.
1205 4753 1383 4800 consessiones
1398 4753 1552 4802 huiusmodi
1565 4756 1654 4802 nullae
1667 4758 1749 4814 atque
1759 4757 1793 4802 ir·

1043 4819 1110 4866 ritas
1125 4831 1190 4865 esse.

1083 4889 1120 4933 id
1135 4898 1170 4933 rx.
1186 4886 1345 4942 Regulares,
1368 4887 1529 4944 generaliter
1549 4890 1582 4934 ab
1604 4891 1731 4949 Episcopo
1750 4903 1793 4950 ap

1043 4955 1167 5012 probatos
1181 4953 1214 4998 ad
1235 4953 1410 4999 coniessiones
1425 4965 1599 5010 personarum
1613 4958 1791 5004 saecularium

238 5021 325 5066 Sacra
339 5019 509 5076 congregatio
529 5018 704 5063 Gardlnalinm
723 5017 833 5064 concilii
846 5019 989 5064 'tridentini
1016 5017 1018 5061 Ι
1043 5019 1195 5074 audiendas,
1217 5029 1384 5076 nequaquam
1405 5021 1507 5066 censeri
1527 5024 1685 5080 approbatos
1700 5026 1734 5072 ad
1747 5037 1793 5072 au·

280 5088 452 5140 interpretum
466 5085 576 5138 censuit,
591 5084 807 5130 constitutionem
819 5089 927 5131 sanetae
937 5097 989 5131 me·

281 5153 384 5198 moriae
403 5151 521 5209 Gregorii
534 5151 581 5196 XV.
596 5153 627 5196 de
646 5153 826 5207 exemplorum
844 5152 988 5209 privilegiis

280 5231 445 5274 nequaquem
463 5218 593 5262 subiicere
610 5219 746 5274 regulares
767 5220 915 5274 exemptos,
934 5220 988 5274 qni·

280 5288 331 5331 bns
340 5297 405 5331 cura
413 5285 557 5330 animarum
565 5297 743 5340 personarum
752 5285 929 5330 saecularium
936 5297 989 5330 non

279 5351 412 5404 incumbit,
427 5351 619 5407 Episcopornm
633 5350 812 5396 iurisdicticni
826 5351 853 5396 in
866 5351 910 5396 his
923 5363 989 5406 qnae

280 5420 509 5466 sacramentorum
533 5417 788 5463 administrationem
811 5420 988 5470 concernunt,

278 5487 336 5532 nisi
349 5497 408 5531 cnm
422 5485 449 5530 in
468 5485 645 5530 sacramentis
664 5485 789 5540 personis
806 5485 989 5530 saecularibus

279 5553 499 5599 administrandis
520 5551 599 5597 iidem
619 5552 755 5608 regulares
778 5551 935 5606 delinquunt,
957 5563 989 5597 ac

279 5623 435 5679 propterea:

278 5754 320 5800 ad
333 5765 351 5799 1.
366 5753 476 5799 dubium
490 5753 640 5810 respondit:
655 5751 787 5810 Episcopis
802 5763 854 5798 non
867 5751 948 5798 licere
962 5752 990 5798 in

236 5822 293 5868 vim
315 5821 433 5866 eiusdem
454 5819 652 5865 constitutionis
673 5819 783 5866 visitare
799 5818 898 5865 altaria
911 5819 990 5865 eccle·

236 5889 344 5937 siarum
354 5885 528 5944 regularium,
536 5885 632 5943 quibus
642 5895 695 5932 non
700 5883 831 5930 incumbit
837 5883 989 5930 animarum

351 6009 403 6056 lar.
423 6009 492 6055 Pont.
508 6007 540 6053 de
556 6007 629 6067 i’rop.
645 6005 706 6053 ,Fide
721 6006 802 6054 Pariis
816 6007 835 6054 Ι.
849 6005 903 6053 iol.
918 6009 960 6054 iil.

1044 5086 1152 5132 diendas
1165 5085 1339 5131 contessiones
1361 5085 1518 5132 monialium
1533 5089 1584 5134 sibi
1603 5090 1792 5149 subiectarum,

1043 5152 1088 5197 sed
1102 5162 1179 5209 egere
1194 5152 1279 5209 quoad
1290 5153 1338 5196 boc
1349 5151 1457 5208 speciali
1468 5153 1586 5212 Episcopi
1595 5158 1791 5214 approbatione.

1083 5219 1121 5263 sd
1135 5230 1159 5263 x.
1176 5218 1345 5274 Regularem,
1359 5219 1392 5264 ad
1401 5219 1546 5266 audiendas
1556 5221 1730 5270 contessiones
1740 5236 1793 5271 ma

1044 5285 1156 5331 nialium
1171 5286 1250 5330 unius
1261 5285 1418 5331 monasterii
1426 5286 1459 5332 ab
1470 5287 1597 5345 Episcopo
1606 5290 1792 5348 approbatum,

1045 5351 1154 5396 minime
1167 5361 1242 5408 posse
1256 5351 1349 5396 audire
1363 5351 1538 5400 confessiones
1555 5355 1711 5402 monialium
1726 5357 1790 5404 alte·

1045 5418 1102 5464 rius
1117 5418 1280 5464 monasterii.

1084 5484 1122 5528 nd
1136 5497 1172 5530 xr.
1189 5485 1352 5531 consessores
1371 5487 1606 5545 extraordinarios,
1621 5491 1703 5536 semel
1717 5491 1794 5549 depu-

1045 5554 1115 5598 tatos
1130 5555 1210 5608 atque
1224 5551 1382 5608 approbatos
1396 5553 1430 5598 ab
1449 5553 1575 5611 Episcopo
1589 5557 1621 5601 ad
1636 5556 1793 5604 monialium

1044 5617 1219 5664 consessiones
1239 5627 1287 5674 pro
1307 5617 1360 5663 una
1381 5618 1436 5663 vice
1457 5619 1610 5677 audiendas,
1625 5623 1696 5668 baud
1718 5637 1793 5681 posse

1045 5685 1145 5743 pluries
1159 5685 1187 5729 in
1201 5683 1254 5728 vim
1269 5684 1466 5742 approbationis
1477 5687 1607 5734 eiusmodi
1618 5688 1727 5736 illarum
1737 5703 1795 5737 con-

1044 5752 1170 5798 fessiones
1184 5751 1292 5798 audire:
1307 5751 1353 5797 sed
1366 5752 1400 5798 ab
1410 5752 1536 5811 Episcopo
1546 5755 1625 5801 toties
1635 5767 1693 5803 esse
1703 5769 1795 5815 appro-

1044 5820 1152 5875 bandos,
1166 5817 1270 5876 quoties
1283 5829 1359 5864 casus
1373 5819 1552 5877 deputationis
1566 5822 1716 5880 contigerit.

1084 5886 1123 5931 nd
1137 5897 1182 5932 111.
1198 5887 1254 5931 lion
1269 5884 1353 5932 teneri
1368 5884 1498 5934 eiusmodi
1516 5897 1624 5935 causam
1643 5889 1795 5947 significare

1664 6015 1691 6065 ai

1712 513 1767 583 185
1821 518 1876 574 An.
1891 520 1922 575 d.
1947 513 2018 574 iuti
