4764 6972
332 542 522 606 tn.c.1744
574 537 630 610 iti

551 685 744 764 temporibus
772 692 803 747 et
823 685 936 748 ritibus
965 700 1028 746 non
1057 683 1297 754 benedicantur,

553 789 605 845 aut
622 797 781 844 sacrorum
796 780 942 842 Oleorum
957 776 994 839 ad
1007 779 1065 839 hcc
1079 777 1235 840 sufficiens
1250 793 1299 839 co.-

553 877 601 954 pia
624 891 687 938 non
708 881 860 953 suppetat.

320 983 533 1049 ‚communionis
592 969 611 1042 ἓ
631 968 680 1030 at.
696 967 866 1042 invigilent
877 967 1049 1042 etiem,pro
1060 964 1218 1043 pastoralis
1231 979 1298 1026 mu-

319 1037 533 1138 ξξθξὲᾗξὴαξῖῗζ
554 1063 639 1124 ueris
655 1061 872 1139 implemento,
889 1074 930 1121 ne
945 1058 1087 1120 fidelibus
1102 1071 1300 1136 quocumque

319 1143 532 1255 ffidffipgffll·
552 1155 584 1217 in
606 1155 672 1216 loco
693 1153 877 1230 degentibus
893 1153 1065 1214 secerdotes
1086 1150 1227 1213 catholici
1249 1151 1300 1212 de-

552 1249 626 1322 sint,
650 1248 703 1326 qui
730 1247 803 1326 ipsis
825 1248 857 1308 in
886 1246 1038 1309 Paschatis
1066 1243 1226 1306 solemniis
1248 1244 1299 1307 Sa·

552 1351 740 1406 crosenctam
772 1342 1000 1404 Eucharistiam
1027 1341 1205 1402 ministrare
1233 1353 1299 1415 pos-

551 1437 629 1498 sint:
654 1443 722 1498 tum
738 1442 772 1498 ut
786 1435 1002 1498 Laterauensis
1019 1433 1150 1496 Concilii
1165 1449 1220 1511 pro
1235 1447 1299 1493 om-

552 1531 645 1592 nibns
666 1528 829 1607 utriusque
850 1545 942 1591 sexus
970 1527 1111 1591 fidelibus
1139 1528 1300 1588 decretum

553 1624 751 1699 observetur;
775 1631 844 1685 tum
859 1630 894 1684 ut
909 1623 942 1684 in
958 1621 1118 1684 communi
1134 1620 1230 1682 totius
1245 1619 1301 1680 Ec-

552 1716 663 1780 clesiae
689 1717 727 1779 de
752 1715 992 1778 Resurrectione
1021 1714 1143 1776 Domini
1172 1712 1298 1787 laetitia,

552 1811 610 1872 hoc
625 1810 749 1872 vivifico
761 1808 882 1888 pabulo,
896 1811 976 1888 quod
993 1807 1162 1870 simbolum
1177 1822 1301 1886 quoque

554 1906 683 1968 unitatis
709 1914 767 1980 est,
795 1904 947 1968 Ecclesiae
974 1903 1030 1965 ulit
1059 1902 1247 1964 roborentur
1268 1917 1301 1961 ac

366 2009 533 2066 Dispensatur
554 1999 746 2061 nutriantur.
780 1997 912 2072 Quodsi
943 2005 1069 2075 propter
1101 1996 1241 2058 locorum
1270 2002 1301 2055 et

319 2062 534 2172 flssffisffiffffi:
554 2102 730 2172 temporum
759 2090 973 2154 infelicitatem
1000 2089 1141 2163 eveniat,
1165 2096 1199 2149 ut
1221 2085 1300 2148 inlra

319 2169 452 2216 ⁰⁰⁸⁵i¹³“⁵·
552 2191 626 2253 dues
647 2185 862 2258 hebdomadas,
880 2200 958 2261 quae
974 2201 990 2243 e
1006 2183 1163 2245 bominice
1185 2181 1303 2242 Palme-

552 2298 625 2344 rum
645 2280 680 2342 ed
703 2278 895 2340 Dominicam
917 2277 950 2338 in
964 2277 1049 2339 Albis
1071 2277 1299 2349 intercurrunt,

553 2375 732 2437 nuliatenus
754 2372 784 2434 id
806 2369 873 2434 fieri
896 2369 1008 2449 possit3
1032 2376 1118 2443 tunc,
1140 2376 1176 2430 ut
1198 2367 1300 2429 eidem

552 2472 715 2545 praecepto
736 2464 786 2525 vel
809 2465 841 2526 in
863 2461 1097 2542 quadragesima
1126 2461 1176 2522 vel
1200 2461 1232 2522 in
1253 2477 1300 2522 so-

552 2561 677 2622 lemniis
708 2559 918 2632 pentecostes,
952 2555 1147 2634 praediisque
1178 2553 1298 2628 diebus,

552 2653 638 2714 iuxta
652 2652 769 2730 proprii
784 2650 949 2713 sacerdotis
963 2649 1140 2724 consilium,
1153 2667 1169 2710 a
1180 2648 1301 2727 populis

554 2747 684 2807 istarum
707 2744 833 2806 Serviee
847 2745 1013 2819 regionum
1032 2744 1174 2806 satisfieri
1189 2742 1299 2816 valeat,

553 2839 666 2900 herum
686 2837 850 2898 literarum
867 2844 977 2898 tenore
998 2837 1194 2899 concedimus
1210 2844 1241 2898 et
1254 2839 1300 2897 in-

555 2933 730 3010 dulgemus.

324 3094 329 3104 ‚
377 3038 536 3103 nucuarrsua
594 3027 613 3102 ἓ
634 3027 683 3089 22.
708 3025 856 3087 Dolenter
871 3041 944 3086 vero
960 3024 1239 3104 nimisaccepimus
1253 3027 1301 3088 vel

321 3093 431 3194 iffi?
457 3093 543 3168 ¹¹¹¹¹¹¹1
556 3121 631 3186 adeo
652 3119 787 3181 desertas
802 3124 833 3179 et
847 3118 988 3180 ruinosas
1009 3133 1076 3182 esse
1097 3119 1230 3182 istorum
1245 3121 1302 3184 lie·

557 3215 688 3292 gionum
709 3211 862 3286 ecclesias,
884 3210 933 3272 vel
955 3211 1028 3274 adeo
1050 3213 1234 3276 insolescere
1255 3216 1303 3276 in·

556 3307 697 3372 fidelium
719 3306 868 3380 furorem,
882 3311 916 3368 ut
937 3306 1135 3369 sanctissima
1157 3308 1303 3370 Euchari-

555 3403 615 3463 stie
636 3416 739 3479 neque
765 3400 928 3473 decenter,
953 3415 1057 3478 neque
1086 3408 1168 3475 tuto,
1193 3407 1227 3463 ut
1249 3419 1303 3481 par

557 3501 613 3569 est,
630 3492 779 3555 asservari
794 3492 907 3570 possit3
931 3491 1014 3553 unde
1037 3494 1174 3566 eveniet,
1191 3501 1225 3555 nt
1240 3495 1302 3572 ple-

556 3584 1302 3668 riquetidelesinfirmi,ebsquesalutariliatico,

557 3688 686 3745 naturae
702 3679 842 3742 debitum
857 3678 990 3741 solvant.
1014 3679 1109 3740 Porro
1120 3681 1303 3757 gravissimo

556 3775 629 3838 huic
649 3773 742 3846 malo,
765 3780 919 3851 quantum
943 3772 1011 3836 fieri
1036 3781 1147 3852 potest,
1171 3776 1302 3851 occurri,

556 3876 587 3929 et
601 3867 757 3947 prouideri
771 3866 872 3928 debet.
885 3866 1092 3941 Quamobrem
1104 3868 1302 3931 infirmorum

556 3959 666 4022 notitia
694 3975 749 4037 per
776 3960 922 4038 parochos
950 3959 1040 4021 anxia
1072 3959 1232 4037 diligentia
1259 3969 1304 4024 est

443 4047 448 4058 '
554 4051 752 4131 inquirenda,
769 4068 835 4114 non
858 4060 980 4114 mutum
998 4069 1053 4131 pro
1069 4052 1177 4116 iisdem
1200 4055 1304 4134 poeni-

556 4147 670 4210 tentiae
691 4155 883 4209 sacramento
899 4147 1104 4225 expurgandi,
1117 4148 1304 4211 christianis·

556 4255 617 4318 que
639 4239 764 4302 monitis
791 4256 823 4302 ec
845 4239 1060 4318 spiritualibus
1087 4240 1304 4304 consolationi-

555 4333 613 4396 bus
633 4333 776 4396 invandis
797 4349 830 4396 ac
850 4334 1061 4410 sublevandis,
1084 4337 1304 4399 verumetiam

556 4433 592 4488 nt
613 4425 814 4490 sanctissimo
830 4426 943 4488 Christi
959 4425 1097 4506 Corpore
1111 4430 1303 4506 reficiantur,

556 4526 650 4598 etque
677 4517 714 4580 ad
740 4526 916 4581 extremum
948 4536 1080 4598 agonem
1106 4524 1303 4588 subeundum

555 4613 751 4674 munientur.
775 4613 882 4690 ltaque
903 4612 956 4675 ubi
984 4612 1073 4678 elicui
1096 4631 1134 4676 ex
1161 4616 1305 4681 fidelibus

555 4706 664 4768 mortis
685 4705 860 4784 periculum
875 4707 990 4769 instare
1005 4707 1202 4786 perspiciant,
1219 4727 1304 4790 prae-

368 4827 445 4872 mssa
466 4830 537 4872 extra
556 4800 674 4862 dictum
684 4798 921 4862 Sacramentum
930 4801 1304 4884 Eucharistieequampri-

324 4881 447 4926 mmm
484 4890 536 4925 ¹¹⁰⁰
556 4908 646 4954 marm
658 4891 715 4970 ipsi
731 4891 922 4967 ministrent,
936 4901 978 4969 et,
990 4893 1016 4955 si
1027 4895 1154 4972 quidem
1168 4897 1237 4959 sine
1252 4914 1305 4977 pe-

324 4933 536 5044 megaram&
555 4986 655 5050 riculo
676 4987 806 5063 possint,
823 4985 860 5047 ab
875 4986 1008 5048 Ecclesia
1022 4997 1196 5066 sumptum,
1211 4991 1237 5052 si
1252 4991 1305 5053 eli·

324 5043 482 5088 necessitate.
639 5080 677 5090 ..
757 5080 763 5091 .
818 5080 823 5090 .
951 5081 956 5090 .
1060 5083 1064 5093 .

556 5097 614 5159 qna
637 5079 678 5142 rbi
701 5086 855 5154 extiterit,
885 5081 921 5143 ad
949 5082 1068 5142 intirmr
1095 5083 1222 5146 domum
1254 5083 1304 5146 de-

556 5171 637 5236 ferre
658 5172 783 5248 debent,
796 5188 869 5234 cum
891 5182 976 5236 extra
997 5191 1157 5238 summum
1173 5177 1305 5240 necessi-

556 5266 627 5328 tatis
641 5283 758 5342 casum,
774 5265 852 5344 epud
871 5266 1024 5344 infirmos,
1041 5269 1073 5330 in
1090 5269 1225 5332 Aedibus
1239 5287 1303 5334 non

556 5359 660 5434 sacris,
683 5359 811 5420 missam
832 5359 988 5422 celebrare
1009 5378 1072 5424 non
1095 5362 1193 5425 liceat.

339 5479 537 5527 mmmmm,
597 5452 687 5528 §aa
712 5453 792 5514 Dum
819 5460 923 5516 antem
950 5455 1087 5518 sacerdos
1116 5463 1238 5520 tentum
1259 5473 1305 5520 sa-

325 5533 478 5636 ξρηξῗξᾶζξξζ,
493 5537 539 5580 ¹³¹¹·
556 5554 752 5607 crementum
773 5546 809 5607 ed
832 5547 973 5609 infirmos
996 5548 1105 5624 defert,
1127 5551 1249 5612 decreta
1272 5549 1304 5611 in

557 5638 674 5700 Albano
690 5639 828 5702 Concilio
842 5641 1036 5719 promulgate
1057 5644 1241 5708 adamussim
1253 5645 1305 5706 cb-

556 5738 672 5804 servet,
695 5730 807 5808 quihus
828 5734 1024 5812 praecipitur,
1048 5741 1083 5798 nt
1103 5737 1231 5800 indutus
1253 5755 1303 5800 sn-

557 5823 759 5902 perpelliceo,
782 5825 922 5904 stolaque
943 5828 1069 5906 utrique
1090 5829 1223 5892 humero
1245 5831 1304 5894 cir-

557 5924 715 5996 curusepte
738 5927 778 5994 et,
809 5919 1012 5996 praecedente
1035 5938 1098 5985 uuo
1123 5922 1232 5986 saltem
1258 5923 1305 5986 lu·

1072 561 1138 610 lUR·
1162 559 1253 609 bour.
1277 558 1318 608 DE
1340 563 1369 607 P·
1393 559 1422 608 F.
1447 561 1529 610 PARS
1551 561 1572 608 1.

2132 543 2187 598 An.
2201 548 2233 599 C.
2258 543 2330 599 1744

1356 681 1453 758 mine,
1478 681 1618 760 hymnos
1639 688 1670 744 et
1691 681 1828 743 Psalmos
1856 679 2006 746 submissa
2027 693 2103 741 voce

1356 776 1501 850 recitans,
1515 776 1547 837 in
1565 791 1649 836 sacra
1661 775 1765 838 Pixide
1777 775 1826 836 vel
1844 775 1875 836 in
1897 773 1990 836 calice
2010 789 2103 835 mun-

1356 870 1406 944 do,
1430 869 1586 931 velamine
1608 877 1763 948 cooperto,
1786 869 1932 932 ambabus
1958 869 2103 931 manibus

1356 962 1433 1026 illud
1457 970 1528 1024 ante
1556 971 1662 1040 pectus
1684 969 1812 1038 tenens,
1836 964 1948 1024 devote
1973 961 2100 1026 deleret.

1356 1056 1395 1118 ht
1410 1056 1463 1118 ubi
1478 1056 1569 1134 (sicut
1584 1056 1699 1118 ibidem
1715 1054 1851 1134 additur)
1870 1057 2042 1120 'furcarum
2057 1057 2103 1118 vis

1356 1149 1513 1227 praevalet
1527 1157 1559 1211 et
1572 1149 1731 1228 iniquitas,
1747 1150 1886 1211 sacerdos
1902 1149 2014 1223 stolam
2024 1165 2103 1212 sem-

1356 1259 1412 1320 per
1432 1243 1542 1304 habeat
1563 1243 1693 1321 propriis
1707 1250 1882 1321 coopertam
1904 1243 2054 1320 vestibus,
2069 1245 2103 1305 iu

1356 1336 1475 1398 sacculo
1495 1352 1550 1397 sen
1572 1337 1662 1398 bursa
1684 1335 1821 1414 pixidem
1836 1337 1994 1411 recondat,
2010 1352 2112 1414 quem·

1356 1446 1411 1507 per
1433 1429 1588 1492 funiculos
1610 1429 1688 1492 collo
1717 1445 1884 1508 appensam
1905 1432 1938 1492 in
1962 1431 2035 1494 sinu
2055 1446 2103 1494 re-

1356 1531 1460 1601 ponat,
1474 1533 1504 1586 et
1519 1537 1692 1602 numquam
1709 1524 1793 1587 solus
1808 1524 1962 1603 procedet,
1974 1525 2028 1587 sed
2038 1543 2103 1590 une

1356 1617 1465 1678 saltem
1488 1617 1583 1691 fideli,
1601 1619 1633 1680 in
1655 1617 1777 1681 deiectu
1791 1617 1906 1692 clerici,
1922 1621 2113 1682 associetur..

1397 1711 1415 1784 ἓ
1436 1712 1484 1772 at.
1509 1711 1649 1790 Denique
1669 1712 1748 1775 circa
1769 1712 1945 1790 sepelienda
1961 1713 2102 1776 fidelium
2159 1737 2345 1795 supergratiosa

1356 1807 1513 1880 cadavere,
1537 1821 1645 1867 omnes
1667 1807 1840 1869 Turcarnm
1866 1807 2103 1884 superstitiones
2121 1792 2347 1892 fssggssinfflffapss'.

1357 1900 1553 1977 devitentur;
1566 1917 1582 1961 a
1594 1900 1707 1978 qrribus
1721 1901 1857 1978 proiecto
1871 1901 2027 1980 impuram
2043 1903 2103 1964 ori·
2122 1900 2193 2000 {23⁰⁵
2220 1899 2347 1944 cavasan-

1358 1995 1464 2070 ginem
1486 1994 1615 2056 trahunt
1635 1993 1841 2073 superstitiosi
1864 1993 1988 2073 quidem
2010 1997 2102 2074 ritus,
2167 1989 2171 1998 '

1358 2088 1456 2150 velnti
1478 2087 1621 2162 lotiones,
1633 2104 1713 2167 quae
1735 2087 1871 2161 incense,
1889 2091 1980 2152 thure
1995 2100 2025 2152 et
2039 2107 2104 2154 cer-

1359 2189 1460 2244 tarum
1481 2197 1611 2260 precum
1632 2181 1824 2254 recitatione,
1840 2183 2104 2260 qnaeacatholica

1358 2274 1575 2353 improbantur
1597 2275 1741 2350 Ecclesia,
1769 2283 1973 2353 peraguntur.
1998 2277 2105 2356 ltaque

1357 2367 1566 2442 abstinentes,
1589 2375 1742 2446 quantum
1771 2376 1937 2446 poterunt,
1959 2369 1996 2430 ab
2017 2371 2105 2432 omui

1357 2461 1458 2539 specie
1479 2461 1557 2522 mala
1579 2469 1609 2522 et
1638 2461 1813 2524 infidelium
1839 2462 2031 2537 imitatione,
2060 2464 2105 2526 di·

1357 2562 1442 2616 scant
1471 2555 1600 2616 istarum
1628 2555 1796 2630 regionum
1818 2555 1940 2634 pepuli,
1970 2555 2050 2618 nihil
2072 2556 2104 2618 in

1357 2648 1536 2712 huiusmodi
1558 2649 1668 2712 ritibus
1688 2649 1855 2724 contineri,
1871 2648 1952 2726 qnod
1967 2665 2106 2711 necesse-

1357 2744 1442 2806 rium
1462 2744 1502 2806 sit
1523 2743 1560 2803 ad
1582 2742 1800 2805 defunctorum
1832 2743 1982 2820 salutem,
2011 2752 2105 2823 etque

1356 2837 1551 2914 suffragium.
1575 2837 1747 2899 Turcernm
1765 2852 1840 2897 vero
1862 2837 1988 2899 dicteria
2010 2847 2040 2902 et
2058 2855 2105 2901 oa·

1357 2931 1499 3004 chinncs,
1523 2931 1693 3006 inanesque
1706 2929 1974 2992 schismaticorum
1987 2947 2104 2994 sermo-

1359 3041 1425 3101 nes,
1448 3040 1504 3102 pro
1527 3023 1627 3085 nihilo
1647 3022 1791 3085 habeant.
2377 3091 2378 3106 ἢ

1398 3119 1477 3194 525.
1488 3118 1522 3179 ln
1533 3115 1732 3178 aestimandis
1743 3125 1848 3179 autem
1861 3119 2105 3199 periculisque·
2154 3146 2350 3193 geramum
2377 3121 2378 3130 ’

1360 3230 1430 3276 rum
1452 3213 1634 3276 interventu
1657 3209 1689 3270 in
1707 3225 1798 3288 snpra
1813 3212 1983 3274 enuntiatis
1999 3229 2104 3276 rerum
2123 3203 2150 3247 at
2167 3200 2351 3256 ⁶¹⁸⁰⁰¹¹⁵⁸¹³⁰·

1359 3307 1526 3386 generibus
1540 3303 1762 3367 ecclesiasticae
1775 3303 1956 3383 disciplinae
1967 3307 2106 3384 rigorem
2124 3258 2351 3362 pgsniggnlesvcimsffl

1482 3401 1487 3410 .
1750 3397 1755 3407 .
1909 3399 1914 3410 .
2038 3401 2043 3411 .
2123 3361 2351 3407 censaedhiben·

1359 3401 1489 3463 relaxari
1501 3413 1591 3478 posse
1605 3397 1841 3472 declaravimus,
1860 3414 2022 3461 universos
2037 3411 2106 3462 rste-
2124 3413 2179 3461 aaa.

1360 3512 1431 3558 rum
1453 3494 1620 3570 regionum
1636 3491 1753 3566 fideles,
1770 3491 1934 3570 praecipue
1955 3509 2030 3555 vero
2042 3495 2108 3570 ani-

1359 3603 1483 3650 marum
1497 3593 1644 3665 pastores,
1660 3599 1842 3658 monemus,
1865 3584 2038 3665 itidemque
2057 3605 2106 3650 ro·

1359 3697 1480 3758 gamus,
1503 3689 1538 3742 ut
1558 3679 1690 3741 abiectos
1711 3677 1830 3739 animos
1857 3677 2023 3742 christiane
2044 3683 2107 3743 vir·

1359 3784 1426 3838 tute
1447 3773 1623 3850 erigenteS,
1647 3771 1720 3851 quid
1748 3787 1822 3834 vere
1850 3772 2027 3836 timendum
2054 3775 2105 3852 sit,

1359 3868 1432 3947 quid
1453 3867 1736 3940 contemnendum,
1764 3865 1960 3942 examinent3
1983 3875 2014 3929 et
2042 3885 2106 3931 non

1360 3963 1392 4024 in
1414 3961 1555 4038 angustia
1577 3969 1609 4021 et
1629 3965 1715 4020 metu
1746 3965 1944 4022 terrenarum
1975 3968 2106 4038 poteste-

1360 4061 1440 4130 tunt,
1453 4053 1505 4116 sed
1528 4053 1560 4116 in
1576 4051 1783 4131 amplitudine
1803 4053 1937 4116 caritatis
1952 4061 1984 4116 et
1998 4056 2107 4118 ardore

1360 4148 1544 4220 dilectionis,
1556 4162 1635 4226 quae
1657 4145 1737 4208 toras
1758 4145 1856 4208 mittit
1878 4145 2036 4223 timorem,
2052 4150 2106 4210 bei

1359 4251 1391 4306 et
1412 4243 1565 4308 Ecclesiae
1586 4249 1745 4321 praecepta
1765 4241 1931 4302 observent
1945 4250 1975 4305 et
1991 4244 2107 4306 anima-

1360 4353 1433 4399 rum
1454 4352 1559 4398 curem
1590 4335 1817 4397 administrent.
1844 4335 1931 4410 Quod
1958 4337 2107 4400 sisciam

1361 4432 1530 4493 'furcarum
1542 4427 1763 4490 insultantium
1773 4428 1985 4506 tormidinem‚
1999 4440 2053 4493 aut
2065 4431 2106 4494 le

1360 4524 1448 4587 vium
1469 4523 1740 4585 incommodorum
1753 4522 1940 4601 periculum,
1956 4523 1993 4586 ed
2009 4533 2108 4586 trans-

1360 4616 1525 4694 gredienda
1537 4617 1722 4679 christianae
1737 4615 1935 4696 professionis
1950 4618 2105 4695 instituta,

1360 4710 1410 4772 vel
1431 4711 1467 4772 ad
1489 4708 1714 4786 negligendum
1731 4710 1909 4771 animarum
1929 4710 1987 4773 sibi
2008 4712 2106 4774 credi-

1360 4812 1463 4865 tarum
1484 4804 1643 4878 regimen,
1666 4803 1781 4864 iustam
1808 4803 1867 4864 sibi
1898 4821 2017 4866 censent
2039 4822 2107 4867 esse

1360 4897 1577 4970 indicaverint,
1593 4913 1668 4960 uere
1678 4896 1717 4959 de
1730 4897 1804 4975 ipsis
1816 4895 1874 4958 dici
1886 4897 2010 4976 poterit,
2023 4900 2105 4976 quod

1360 4989 1402 5051 ibi
1425 4989 1659 5068 trepidaverunt
1679 4990 1803 5066 timore,
1828 4990 1880 5054 ubi
1903 5007 1965 5053 uon
1981 5000 2046 5054 eret
2068 4993 2106 5054 ti·

1360 5100 1439 5146 mor.
1463 5082 1578 5145 idcirco
1599 5083 1791 5146 venerabiles
1811 5084 1921 5146 iratres
1949 5085 2106 5164 hrchiepi-
2187 5106 2189 5110 ¹

1360 5193 1466 5255 scopos
1487 5184 1519 5238 et
1540 5175 1714 5255 Episcopos,
1727 5193 1803 5255 qnos
1819 5175 1953 5255 Spiritus
1975 5177 2106 5242 Sanctus

1360 5270 1463 5350 posuit
1483 5284 1593 5345 regere
1609 5268 1749 5332 ecclesias
1763 5271 1836 5331 istas
1851 5270 2106 5345 gravissimarum

1360 5363 1568 5426 calamitatum
1590 5361 1716 5426 cumulo
1738 5369 1872 5438 vexatas,
1895 5363 2058 5427 hortamur
2073 5366 2106 5426 in

1360 5457 1492 5518 Domino
1514 5463 1545 5517 et
1571 5456 1781 5532 obsecramus,
1805 5463 1840 5517 ut
1861 5458 1970 5519 inanes
1998 5459 2105 5520 huius-

1360 5551 1444 5614 modi
1467 5549 1593 5612 timores
1617 5565 1656 5610 eu
1677 5549 1863 5612 interiorum
1882 5549 2027 5614 ecclesiae
2048 5553 2106 5615 mi·

1361 5645 1532 5707 histrorum
1550 5643 1758 5720 omniumque
1775 5643 1915 5706 fidelium
1930 5644 2105 5722 pectoribus

1360 5738 1529 5812 excutiant,
1553 5752 1666 5815 eosque
1687 5735 1809 5812 erigent
1837 5743 1930 5814 etque
1949 5737 2103 5816 exciteut3

1360 5838 1407 5905 nt,
1429 5830 1550 5892 calcatis
1571 5844 1671 5908 aequo
1699 5828 1809 5891 mundi
1830 5829 1987 5892 blanditiis
2014 5838 2106 5910 etque

1361 5925 1550 6000 terroribus,
1573 5940 1628 6003 per
1648 5924 1778 5988 arduam
1811 5931 2039 6006 angustamque
2059 5942 2107 5990 se·
