4732 7014
928 599 1125 654 unutntcrus
1147 604 1212 655 xtr.

293 729 409 792 occasio
430 728 470 790 ob
489 727 572 791 istud
592 729 774 790 mandatum
797 727 850 790 tibi
872 727 1041 807 episcopale

294 839 421 899 munus,
444 823 590 885 volumus
611 830 642 883 et
661 821 720 884 sub
740 827 903 898 praecepto
916 821 1041 884 strictae

294 917 431 978 formatis
461 915 655 979 obedientiae
686 915 847 990 iubemus,
880 921 915 976 ut
941 915 1040 992 prius·

294 1026 386 1089 qnam
404 1010 607 1090 episcopalem
624 1008 887 1072 consecrationem
901 1007 1039 1085 accipias,

294 1105 409 1166 iterum
431 1103 562 1166 solemni
584 1101 786 1164 iureiurando
807 1102 968 1179 promittas
989 1102 1041 1162 abs

295 1206 324 1259 te
345 1196 471 1274 penitus
499 1204 640 1276 prompte
667 1195 967 1272 diligentissimeque
989 1195 1043 1256 ob-

292 1298 452 1352 seruatum
480 1291 519 1350 iri
546 1289 689 1369 superius
716 1296 890 1350 emanatam
920 1288 1041 1350 Bnllam

295 1383 463 1446 Clementis
485 1383 537 1446 ill.
555 1397 630 1460 quae
646 1381 771 1460 incipit:
790 1379 841 1441 Ec
856 1380 915 1442 ille
932 1381 993 1451 die,
1011 1388 1040 1441 et

294 1477 352 1539 alia
372 1483 482 1540 cuneta
510 1476 643 1550 (laureta,
666 1474 774 1549 bullas,
804 1474 1041 1536 constitutiones

293 1570 331 1632 ab
351 1572 406 1632 hac
427 1570 617 1632 sanctissima
639 1568 703 1630 divi
718 1568 799 1629 Petri
815 1568 957 1629 cathedra
973 1567 1040 1628 bac-

296 1671 385 1726 tenus
406 1663 504 1726 editas
524 1668 556 1723 et
572 1662 766 1740 inposterum
781 1677 796 1720 a
812 1660 900 1722 nabis
915 1661 1040 1722 nostris-

294 1773 354 1836 que
374 1755 600 1819 successoribus
621 1756 765 1818 edendas.
784 1754 819 1814 ln
842 1757 915 1815 baec
936 1760 1041 1815 autem

294 1866 419 1929 prorsus
439 1849 533 1911 verba
548 1849 650 1909 iurare
664 1846 772 1910 debes:
789 1881 809 1892 -
826 1847 890 1934 Ego
901 1846 1041 1924 Polycar-

294 1959 351 2023 pus
378 1942 474 2006 Sousa
501 1941 662 2020 presbyter
691 1941 849 2004 Societatis
876 1940 944 2002 Iesu
966 1939 1040 2000 alirn

295 2037 506 2099 missionarius
525 2033 561 2095 ad
581 2035 725 2111 Regnum
740 2033 887 2098 Sinarum
901 2034 933 2094 in
948 2031 1040 2094 lndiis

295 2129 501 2194 Orientalibus
516 2123 679 2207 deputatus
693 2145 708 2187 a
725 2127 801 2188 meis
815 2127 1039 2205 superioribus,

295 2225 380 2285 iuxta
399 2221 558 2286 facultates
572 2221 645 2300 ipsis
661 2237 676 2280 3
691 2220 769 2284 Sede
784 2220 956 2300 apostolica
971 2235 1041 2281 con-

293 2333 402 2390 cessae,
424 2331 546 2377 memur
567 2314 734 2376 iuramenti
754 2330 770 2374 a
792 2329 841 2375 me
857 2312 993 2392 praestiti
1008 2312 1041 2373 in

294 2411 392 2474 dictae
412 2409 568 2471 missionis
588 2407 678 2470 initio
698 2406 736 2468 de
757 2406 946 2469 observando
968 2407 1041 2468 ilde-

294 2504 366 2566 liter
392 2501 647 2565 constitutionem
673 2519 699 2562 s.
722 2516 764 2560 m.
788 2501 965 2570 ,Clementis
986 2500 1038 2562 xl.

294 2613 373 2675 quae
387 2595 512 2673 incipit:
530 2594 583 2657 Ec
596 2595 655 2657 illu
671 2593 733 2666 die,
750 2594 883 2673 parendo
897 2592 1041 2656 mandato

293 2689 478 2751 sanctissimi
512 2687 629 2750 domini
664 2688 762 2748 nostri
796 2687 954 2750 Benedicti
989 2687 1042 2748 Pa-

293 2799 350 2862 pae
370 2781 449 2846 xlv.
473 2782 550 2845 milri
565 2781 707 2842 iniuncto
722 2781 754 2842 in
771 2781 883 2843 litteris
899 2780 1040 2859 apostoli-

293 2879 336 2942 cis
350 2878 384 2940 in
400 2876 499 2938 torma
513 2875 620 2937 Brevis
635 2875 713 2935 mitri
727 2874 862 2949 directis,
875 2883 1041 2953 antequam

293 2986 410 3034 munus
429 2968 669 3032 consecrationis
692 2968 869 3046 episcopalis
893 2967 1041 3046 recipiam

292 3081 349 3143 pro
371 3063 505 3127 Ecclesia
525 3062 709 3125 Pechinensi
731 3063 764 3123 in
785 3061 881 3124 lndiis
902 3061 1040 3126 Orienta-

293 3158 385 3232 libuS,
398 3157 580 3235 interposito
594 3170 676 3217 novo
692 3154 879 3230 iuramento,
893 3155 1040 3234 promitto

293 3266 346 3314 me
365 3251 457 3330 plene
479 3259 510 3311 et
531 3249 664 3312 fideliter
684 3256 716 3311 et
730 3249 797 3310 siue
813 3249 875 3310 ulla
891 3249 1041 3325 tergiver-

292 3344 412 3406 satione
426 3342 647 3406 inviolabiliter
660 3341 897 3404 observaturum
913 3349 1041 3404 conten-

292 3445 324 3498 ta
344 3437 379 3498 in
399 3435 533 3516 praelata
553 3435 792 3498 constitutione:
822 3435 874 3498 Eue
896 3435 955 3498 iilo
977 3433 1038 3506 die,

293 3530 423 3610 aliisque
450 3529 582 3594 decretis
609 3529 781 3609 apostolicis
812 3529 909 3605 lactis,
932 3537 963 3592 et
983 3531 1041 3593 sub

293 3623 402 3686 eodem
423 3624 600 3686 iuramento
621 3624 768 3701 promitto
789 3623 896 3686 eodem
915 3639 1040 3701 prorsus

292 3717 384 3780 modo
405 3732 457 3779 me
477 3717 714 3779 observaturum
735 3721 868 3778 caeteras
893 3717 1042 3778 constitu-

292 3811 393 3872 tiones
412 3817 445 3872 et
466 3811 599 3886 decreta,
615 3825 693 3888 quae
715 3825 731 3868 a
753 3808 920 3872 Sanctitate
936 3809 996 3873 Sua
1011 3816 1040 3872 et

293 3904 359 3968 eius
386 3903 613 3968 successoribus
642 3904 786 3977 edentur,
817 3919 873 3966 nec
903 3919 1042 3966 maesse

292 3996 449 4062 iacturum
470 3997 568 4060 ullam
586 3997 875 4076 interpretationem
889 3999 955 4060 sive
969 4016 1041 4062 ron-

293 4090 479 4166 niventiam,
498 4098 561 4152 tam
575 4089 676 4169 quoad
693 4091 930 4154 constitutiones
945 4102 977 4155 et
990 4094 1042 4154 de-

292 4191 374 4247 creta
394 4184 487 4259 edita,
509 4198 602 4263 quam
628 4184 727 4262 quoad
753 4184 989 4247 constitutiones
1010 4195 1040 4250 et

293 4279 414 4340 decreta
428 4275 557 4352 edenda,
571 4277 640 4338 sine
652 4275 774 4355 speciali
790 4279 933 4342 mandato
948 4279 1040 4342 Sanc-

293 4370 387 4433 titatis
408 4369 489 4434 Suae
516 4369 567 4431 vel
596 4370 664 4432 eius
691 4385 913 4447 successorum,
937 4389 1040 4451 neque

292 4471 398 4526 contra
418 4463 486 4526 illas
506 4471 559 4526 aut
579 4463 631 4525 illa
652 4478 704 4524 me
724 4463 840 4541 aliquid
861 4479 926 4526 esse
944 4464 1041 4528 iactu-

292 4573 364 4618 rum
384 4558 497 4632 verbo,
524 4556 638 4634 scripto
665 4562 719 4618 aut
738 4573 849 4636 opere,
878 4558 1039 4636 quinimo

1096 728 1369 792 consecrationem.
1388 729 1418 794 Si
1434 737 1549 806 autem,
1565 731 1647 808 quod
1661 730 1741 794 Deus
1756 748 1842 793 aver-

1096 829 1150 898 tat,
1173 839 1299 901 quoquo
1320 823 1411 885 modo
1432 826 1681 886 contravenerim
1703 825 1775 886 huie
1796 823 1842 887 iu·

1096 924 1248 992 ramento,
1272 931 1322 978 me
1341 932 1474 994 agnosco
1488 924 1520 979 et
1534 917 1653 980 declaro
1667 918 1842 982 subiectum

1096 1010 1234 1072 censuris
1262 1010 1339 1072 mibi
1368 1011 1449 1073 notis
1474 1019 1505 1073 et
1531 1011 1682 1092 impositis
1704 1012 1735 1074 in
1757 1027 1855 1090 prae-2

1096 1106 1176 1166 dicta
1196 1106 1431 1168 constitutione:
1458 1109 1509 1169 Eu
1531 1108 1589 1170 illa
1611 1108 1672 1179 die,
1692 1116 1724 1169 et
1744 1115 1841 1169 caete-

1097 1200 1149 1272 ris,
1171 1215 1247 1278 quae
1274 1201 1475 1277 imponentur
1500 1199 1645 1264 adversus
1672 1209 1842 1280 transgres-

1095 1309 1178 1358 sores
1200 1293 1232 1355 in
1262 1294 1327 1356 aliis
1354 1293 1485 1356 decretis
1512 1301 1544 1356 et
1572 1297 1842 1359 constitutionibus

1096 1385 1241 1450 iaciendis
1262 1404 1277 1448 a
1301 1388 1466 1450 Sanctitate
1495 1389 1556 1452 Sua
1576 1389 1705 1467 eiusque
1726 1406 1843 1453 succes-

1095 1481 1225 1542 soribus.
1251 1482 1290 1543 Et
1311 1482 1352 1542 ita
1384 1483 1469 1544 tactis
1490 1484 1687 1546 sacrosanctis
1711 1499 1842 1560 evange

1097 1574 1146 1635 liis
1166 1576 1325 1652 promitto,
1348 1591 1446 1637 voveo
1467 1585 1498 1638 et
1519 1576 1602 1638 iuro:
1626 1578 1669 1638 sio
1691 1593 1740 1638 me
1762 1577 1842 1640 Deus

1096 1666 1220 1731 adiuvet
1252 1677 1283 1731 et
1308 1670 1381 1732 baec
1409 1679 1598 1733 sacrosancta
1624 1671 1678 1732 liei
1709 1687 1843 1748 evange-

1097 1761 1145 1824 lia.
1162 1795 1182 1809 -
1195 1763 1329 1824 Demum
1347 1763 1405 1825 sub
1424 1764 1531 1825 eodem
1546 1771 1707 1843 praecepto
1721 1772 1843 1826 sanctae

1096 1856 1287 1918 obedientiae
1308 1856 1473 1919 indicimus
1495 1857 1562 1932 tibi,
1583 1865 1619 1920 ut
1637 1859 1698 1922 duo
1713 1858 1842 1919 authen·

1096 1949 1154 2011 tica
1176 1950 1358 2012 documenta
1378 1958 1451 2012 ante
1465 1951 1729 2013 consecrationem
1744 1957 1843 2012 traus-

1096 2044 1199 2104 mittas
1220 2043 1411 2120 Apostolicae
1442 2043 1524 2119 Sedi,
1547 2045 1659 2122 quibus
1680 2043 1843 2106 manifeste

1096 2143 1195 2213 pateat
1218 2146 1248 2198 te
1270 2139 1302 2198 in
1323 2136 1401 2198 lianc
1415 2137 1600 2199 adamussim
1614 2136 1781 2201 lormulam
1795 2139 1842 2200 iu·

1095 2248 1187 2292 rasse.
1204 2231 1262 2293 Pro
1277 2240 1362 2292 certo
1377 2239 1557 2309 reputamus
1568 2237 1690 2307 gratum
1707 2230 1761 2292 tibi
1777 2230 1843 2294 iore

1096 2325 1136 2386 ita
1157 2328 1314 2402 specimen
1336 2325 1423 2385 nobis
1444 2323 1561 2385 dedisse
1582 2323 1750 2399 fidelitatis,
1770 2324 1842 2386 reli-

1096 2419 1213 2495 gionis,
1245 2418 1436 2480 obedientiae
1458 2425 1547 2492 tuae,
1580 2418 1662 2496 quod
1682 2417 1777 2478 simul
1797 2418 1842 2496 pi·

1097 2512 1186 2588 gnari
1208 2511 1295 2573 nobis
1314 2511 1354 2573 sit
1369 2511 1447 2572 bene
1462 2517 1584 2589 atquae
1599 2516 1703 2570 nostra
1717 2517 1841 2572 senten·

1095 2606 1137 2666 tia
1159 2605 1273 2682 tuaque
1300 2605 1418 2666 virtute
1445 2605 1496 2666 abs
1517 2613 1548 2666 te
1568 2605 1703 2667 obeundi
1729 2604 1843 2682 episco-

1095 2698 1171 2777 palis
1198 2699 1347 2760 muneris.
1367 2697 1402 2759 ln
1423 2699 1511 2760 cuius
1532 2697 1703 2776 auspicium
1725 2706 1844 2776 aposto-

1096 2789 1184 2853 licam
1206 2791 1452 2853 benedictionem
1474 2791 1541 2864 tibi,
1563 2791 1673 2853 dilecte
1696 2790 1751 2866 liii,
1775 2807 1843 2870 per-

1096 2891 1240 2946 amanter
1257 2883 1466 2963 impertimur.

1136 2978 1247 3038 batum
1262 2977 1388 3051 Romae,
1401 2977 1480 3055 apud
1495 2976 1528 3040 S.
1542 2976 1667 3040 Mariam
1681 2977 1838 3052 Maiorem,

1095 3068 1153 3131 sub
1174 3067 1290 3129 annulo
1312 3067 1481 3142 Piscatorls,
1510 3068 1558 3129 die
1579 3083 1645 3128 xxi.
1670 3067 1842 3131 decembris

1097 3178 1251 3235 unacum,
1273 3161 1468 3239 pontificatus
1490 3161 1588 3222 nostri
1610 3177 1691 3223 anno
1714 3178 1736 3222 ι.

1450 3447 1488 3510 V.

1099 3633 1249 3697 Concedit
1271 3633 1306 3694 P.
1326 3633 1514 3698 Ouordiano
1539 3632 1651 3696 Sancti
1675 3630 1843 3710 Sepulchri

1140 3727 1269 3790 Ordinis
1292 3727 1456 3792 Minaeum
1478 3727 1513 3789 de
1544 3725 1768 3798 Obseruantia,
1790 3723 1845 3790 ah·

1134 3817 1279 3882 sentibus
1303 3820 1469 3899 Episcopis
1498 3819 1618 3894 Latini
1638 3819 1747 3889 Ritus,
1771 3835 1843 3879 eon·

1135 3914 1221 3993 serre
1238 3913 1479 3976 Sacramentum
1494 3913 1755 3992 Cartfirmationis
1771 3928 1843 3973 uum

1139 4007 1211 4070 Olea
1227 4013 1256 4068 et
1272 4007 1487 4070 Chrismoteu
1504 4005 1667 4070 catholica
1682 4006 1844 4070 Antistite

1137 4097 1310 4163 benedictis
1332 4099 1385 4180 (l).

1254 4269 1673 4367 *eeusotctuseenu

1234 4394 1701 4462 mmmmmmm

1787 565 2130 655 mmam'

1135 4571 1215 4634 Cum
1236 4571 1272 4631 ad
1294 4571 1519 4651 infrascriptam
1535 4573 1747 4638 cardinalium
1764 4571 1844 4636 Con·
1875 4597 1986 4646 nuatum
1998 4612 2075 4658 m„

1095 4663 1308 4741 gregationem
1329 4665 1467 4727 delatum
1495 4664 1592 4728 fuerit
1620 4658 1766 4728 dubium:
1792 4651 2076 4756 An{{,⁰,}¹,¹1²?¹{{{¹‡{,⁰j

1097 4759 1210 4820 Custos
1231 4765 1263 4818 et
1288 4758 1500 4821 Guardianus
1531 4759 1643 4822 Sancti
1674 4759 1841 4839 Sepulchri
1861 4763 2076 4863 fflgpiglnfflscffilllgj

1094 4849 1222 4912 Domini
1244 4849 1356 4912 Nostri
1387 4854 1457 4915 lesu
1482 4851 1618 4924 Christi,
1645 4869 1684 4915 333
1712 4856 1842 4932 speciali
1860 4851 2075 4926 3333333333-

1093 4941 1192 5005 hnius
1209 4943 1346 5006 Sanctae
1361 4943 1450 5007 Sedis
1466 4945 1674 5025 delegatione,
1689 4954 1719 5009 et
1734 4949 1841 5027 uipera
1861 4921 2007 5020 {1³1}¹⁰¹¹³⁵⁸·
2019 4923 2075 4971 ⁰⁰³·

290 4660 422 4714 strenue
441 4656 596 4724 acturum,
613 4657 647 4712 ut
663 4651 767 4712 omnia
783 4649 970 4713 adamussim
984 4668 1040 4731 per

291 4759 378 4806 meos
397 4743 535 4806 subditos
556 4751 620 4804 tarn
648 4743 855 4806 missianarios
876 4761 1038 4823 quascum-

289 4853 366 4916 que,
387 4853 480 4916 quam
510 4836 585 4899 alios
613 4837 819 4900 observentur
845 4845 877 4899 et
905 4839 1038 4902 fideliter

289 4931 469 4994 executioni
490 4933 689 4993 mandentur.
714 4931 815 5009 thue
831 4940 904 4994 nota
918 4933 958 4994 sit
971 4949 1039 4994 om-

289 5025 382 5088 nibus
403 5026 478 5087 baec
498 5040 567 5087 mea
588 5025 745 5100 voluntas,
767 5026 824 5087 sub
839 5027 947 5088 eodem
963 5043 1039 5104 quo·

289 5135 352 5198 que
366 5116 492 5182 vinculo
507 5118 677 5180 iuramenti
692 5119 838 5196 promitto
854 5135 904 5180 me
917 5121 949 5180 in
960 5121 1037 5182 meis

287 5212 402 5275 litteris
432 5212 636 5290 pastoralibus
656 5219 687 5274 et
711 5212 778 5274 aliis
808 5212 937 5290 publicis
964 5214 1038 5276 actis

287 5314 465 5384 opportune
490 5305 717 5384 patefacturum
743 5322 808 5368 esse
836 5308 915 5369 lianc
936 5323 1037 5370 meam

287 5399 423 5462 iuratam
444 5400 692 5478 promissionem.
710 5402 948 5481 Quamprimum
963 5419 1039 5482 quo-

287 5509 352 5572 que
372 5495 442 5556 iuro
463 5509 515 5558 me
535 5495 572 5556 ad
593 5493 705 5558 Sedem
718 5495 924 5572 apostoticam
940 5503 1037 5558 traus-

286 5587 462 5650 missurum
481 5602 549 5650 esse
569 5588 640 5651 bina
660 5588 781 5668 publica
800 5589 976 5652 authentica
992 5589 1037 5650 in-

286 5688 466 5743 strumenta
487 5681 580 5744 buius
600 5682 769 5745 iuramenti
789 5700 806 5744 a
827 5697 877 5745 me
898 5683 1037 5763 praestiti

287 5773 375 5840 iuxta
396 5781 592 5855 praesentem
612 5775 777 5840 formulam
796 5783 868 5838 ante
883 5785 1037 5857 receptam

334 5991 365 6048 (ll
379 5993 417 6036 Ex
431 5990 534 6036 Archiv.
550 5991 679 6038 Brerium.

1093 5036 1326 5098 nennttllorum
1357 5037 1604 5118 privilegiorum
1633 5041 1841 5118 perdilectus

1092 5129 1174 5208 filios
1201 5131 1382 5206 superiores
1407 5130 1538 5194 Ordinis
1568 5135 1716 5213 [rutrum
1740 5135 1843 5199 Mino-

1093 5238 1166 5284 rum
1203 5223 1315 5284 Sancti
1351 5223 1519 5286 l'rancisei
1555 5226 1592 5288 de
1630 5225 1841 5292 Obseruantia

1092 5322 1358 5392 nuncupatorum
1386 5315 1620 5392 erudiditorum,
1643 5323 1841 5385 necessarias

1092 5409 1268 5490 facultates
1301 5408 1416 5474 haheat
1445 5414 1630 5492 conferendi
1655 5414 1843 5477 Sacramen-

1093 5509 1163 5564 tum
1177 5502 1454 5582 Gonprmationis:
1471 5521 1525 5567 nos
1540 5523 1595 5584 pro
1609 5505 1771 5569 commissa
1786 5523 1843 5569 no-

1091 5595 1138 5656 bis
1159 5595 1288 5658 coelitus
1313 5596 1471 5674 pastoralis
1498 5599 1591 5660 olllcii
1618 5615 1703 5674 cura,
1731 5615 1841 5662 omnes

1092 5686 1297 5763 difficultates,
1321 5689 1408 5751 acin
1437 5699 1596 5768 posterum
1625 5691 1787 5755 dubitandi
1808 5709 1841 5756 ac

1094 5780 1127 5842 in
1148 5797 1182 5842 re
1203 5783 1394 5846 occasionem
1416 5782 1525 5847 tollere
1550 5784 1721 5865 cupientes,
1744 5803 1777 5848 ac
1798 5786 1842 5854 di-
