4764 6972
333 581 388 638 ta.
403 582 433 637 c.
454 554 544 636 1742v
572 577 612 643 88

552 715 694 780 manenti
713 714 893 780 testimonio
914 713 975 776 iam
994 711 1138 792 probatae
1151 709 1301 773 idoneita-

552 811 608 888 tis3
635 811 725 873 seda
747 809 821 871 nori
850 806 1002 870 examinis
1030 804 1111 880 alea,
1140 802 1300 866 subeunda

552 918 656 967 coram
671 902 772 966 iudice
785 899 1008 980 appellationis,
1022 905 1179 977 gestarum
1193 910 1300 958 rerum

552 1011 679 1075 prorsus
699 995 818 1072 ignaro,
834 999 898 1056 tota
912 1009 961 1056 res
975 991 1111 1072 pendere
1125 988 1297 1052 videbatur.

552 1089 697 1166 Quocirca
718 1088 806 1165 gravi
826 1085 962 1150 iustitiae
976 1085 1164 1148 detrimento
1179 1085 1301 1161 recepta

553 1183 585 1246 in
607 1182 674 1245 loro
695 1187 761 1244 erat
781 1179 899 1258 opinio,
924 1177 1085 1258 provocari
1105 1190 1193 1258 posse
1213 1171 1250 1234 ad
1271 1187 1301 1232 a·

553 1275 632 1339 lium
653 1274 799 1349 iudicem,
821 1271 910 1336 nullo
930 1270 1070 1334 exbibito
1084 1269 1240 1332 indebitae
1254 1281 1301 1328 re·

553 1368 695 1431 iectionis
715 1366 912 1430 documento.
938 1365 1025 1441 Quod
1044 1363 1172 1442 quidem
1193 1375 1264 1424 oum
1285 1375 1301 1420 a

553 1475 712 1524 sacrorum
732 1474 888 1522 canonum
914 1472 1044 1522 censura
1069 1454 1193 1531 longius
1215 1452 1301 1516 aber-

552 1560 647 1631 raret,
668 1552 758 1617 laoile
779 1552 851 1615 huic
871 1549 1065 1629 corruptelae
1080 1547 1200 1612 occurri
1214 1560 1302 1625 posse

553 1647 744 1722 censuimus,
765 1645 792 1707 si
816 1651 900 1709 certa
925 1645 1077 1722 primum,
1100 1649 1131 1705 et
1152 1647 1221 1720 apte
1242 1637 1302 1701 dis·

552 1743 650 1822 posita
671 1741 802 1804 debendi
823 1739 975 1802 examinis
995 1738 1095 1801 torma
1116 1733 1302 1814 praescribe·

553 1839 659 1911 retum
680 1834 706 1896 si
728 1833 925 1912 quaestiones
952 1828 1144 1894 Examinatis
1164 1825 1301 1907 proposi·

553 1934 614 2004 tae,
636 1933 668 1989 et
688 1931 912 1988 consentaneae
931 1924 1057 1986 illorum
1072 1920 1300 1999 responsiones,

553 2028 680 2100 totaque
699 2018 747 2082 rei
775 2023 880 2096 gestae
906 2017 1000 2080 series
1021 2017 1054 2078 in
1078 2013 1199 2092 scriptis
1222 2011 1302 2074 redi·

554 2121 661 2191 getur3
683 2118 715 2176 et
734 2111 761 2174 si
780 2119 845 2174 acta
866 2109 995 2174 demum
1017 2109 1112 2172 totius
1132 2121 1302 2171 concursus

553 2208 590 2271 ad
618 2207 754 2270 iudicem
781 2202 994 2284 appellationis
1021 2201 1143 2279 integra
1169 2205 1302 2278 asporta·

553 2308 677 2364 rentur.

330 2401 537 2460 quodscontrs·
594 2393 665 2470 §tt
688 2391 768 2456 lnita
788 2407 805 2453 a
826 2389 915 2454 nobis
935 2389 1057 2454 consilii
1077 2389 1155 2452 ratio
1177 2403 1242 2451 non
1255 2404 1302 2451 so·

323 2455 536 2554 {Effinss’roffcii
555 2490 624 2553 lum
643 2487 747 2551 arrisit
769 2483 1029 2562 congregationi,
1053 2482 1138 2546 illam
1164 2481 1214 2544 die
1234 2497 1299 2544 xvi.

324 2563 534 2672 fflffilfflffflj
556 2580 736 2647 novembris
764 2594 908 2644 uocoxx.
939 2583 1038 2638 ratam
1064 2574 1206 2652 babenti3
1236 2576 1301 2654 sed,

555 2677 649 2742 etiam
670 2673 820 2756 pontificii
842 2670 948 2735 iudicii
970 2669 1142 2734 accessione
1162 2670 1303 2732 roborata

554 2771 615 2834 luit
636 2787 653 2832 a
673 2767 836 2832 Clemente
856 2763 908 2830 xl.
932 2763 1150 2827 ecclesiasticae
1170 2761 1303 2842 discipli-

555 2881 614 2928 nae
645 2861 779 2937 vindice,
807 2865 839 2921 et
864 2865 1018 2920 assertore
1043 2855 1169 2920 eximio.
1200 2855 1303 2935 thue

555 2961 696 3024 locorum
709 2952 863 3019 Ordinarii
884 2967 919 3014 ea
933 2951 1038 3014 omnia
1059 2950 1156 3025 filiali,
1172 2967 1235 3029 quo
1249 2964 1303 3028 par

555 3059 634 3128 erat,
656 3047 816 3128 obsequio,
829 3051 860 3108 et
881 3043 1042 3122 diligentia
1057 3048 1300 3122 exequerentur,

556 3148 593 3210 iis
608 3146 695 3208 datae
708 3147 784 3205 sunt
804 3139 855 3203 die
876 3153 908 3202 x.
922 3138 1054 3201 ianuarii
1074 3151 1233 3200 xoccxxr.
1250 3152 1304 3215 op-

554 3245 708 3320 portunae
739 3233 850 3298 literae
874 3238 981 3294 nostro
1005 3230 1121 3296 calamo
1150 3235 1302 3306 exaratae,

556 3331 760 3409 eiusdemque
789 3325 949 3390 Pontidrx's
979 3340 1090 3401 sensu,
1119 3330 1150 3386 et
1178 3323 1303 3386 oraculo

555 3425 788 3504 comprobatae,
818 3434 951 3500 quarum
972 3425 1128 3493 tenorem,
1150 3417 1210 3480 etsi
1230 3416 1303 3479 alias

555 3517 660 3602 praelo
674 3515 887 3589 commissum,
903 3519 935 3575 et
949 3512 1104 3575 insertum
1119 3511 1151 3572 in
1166 3508 1303 3574 Bullario

556 3611 631 3677 dicti
651 3607 822 3675 Clementis
843 3603 1085 3686 praedecessoris
1106 3603 1216 3680 nostri,
1231 3619 1304 3668 con·

557 3720 636 3785 grue
657 3703 707 3766 bic
727 3700 874 3764 duximus
894 3698 1114 3762 relerendnm:

352 3905 540 3972 uptspracon-
598 3885 870 3955 Reverendissime
889 3885 1021 3948 Domine
1042 3884 1089 3948 uti
1110 3883 1216 3947 frater.
1239 3885 1304 3961 Quo

326 3965 539 4078 {ffffln‘s'ssssfflj
557 3981 748 4048 Parocbiales
770 3979 924 4044 Ecclesiae
948 3979 1144 4058 dignioribus
1164 3979 1305 4057 personis

326 4066 540 4179 {ffliss'itfflgiirl
557 4077 777 4157 gubernandae
790 4072 999 4148 traderentur,
1011 4073 1131 4149 statuit,
1142 4079 1179 4136 ut
1194 4078 1305 4136 notum

326 4174 444 4274 gggpggps
462 4174 540 4222 asere-
558 4178 616 4246 est,
639 4171 835 4234 sacrosancta
857 4167 1039 4230 Tridentlna
1065 4165 1209 4246 Synodus
1228 4182 1303 4228 sess.

327 4239 540 4340 earniummffe}
558 4279 648 4328 xxxv.
671 4276 739 4338 cop.
763 4277 871 4336 xxxin,
892 4269 939 4334 ut,
957 4267 1086 4324 vacante
1108 4261 1241 4324 Ecclesia
1255 4277 1307 4342 pa·

326 4345 486 4382 ⁰⁰⁸⁰¹¹¹⁸¹¹¹¹³·
558 4355 698 4431 roobiali,
723 4353 929 4430 indiceretur,
952 4360 983 4416 et
1003 4355 1094 4418 fieret
1119 4369 1304 4432 concursus3

558 4467 604 4525 ac,
635 4456 801 4528 postquam
831 4454 1055 4510 concurrentes
1080 4447 1118 4509 ab
1143 4447 1304 4526 Episcopo,

559 4543 610 4607 rel
631 4543 699 4605 eius
720 4540 839 4604 vicario
860 4539 1010 4618 generali,
1025 4547 1119 4620 atque
1140 4541 1178 4602 ab
1192 4540 1306 4604 exami-

558 4636 720 4700 natoribus
746 4635 945 4714 synodalibus
965 4633 1076 4698 saltem
1105 4634 1216 4710 tribus,
1238 4651 1307 4698 exa·

559 4728 681 4804 minati,
703 4727 862 4808 approbati
884 4735 1000 4804 essent,
1023 4727 1190 4808 Episcopus
1212 4727 1306 4806 elige·

559 4829 620 4899 ret,
642 4837 737 4901 quem
758 4829 870 4898 aetate,
892 4822 1043 4899 moribus,
1061 4821 1211 4898 doctrina,
1233 4839 1306 4902 pru·

559 4915 676 4992 dentia,
699 4914 828 4993 aliisque
856 4915 948 4978 rebus
969 4917 1007 4978 ad
1027 4922 1188 4980 vacantem
1212 4915 1307 4979 eccle-

558 5010 636 5072 siam
656 5007 892 5085 gubernandam
913 5007 1104 5084 neoessariis,
1116 5016 1148 5070 et
1162 5015 1308 5088 opportu-

559 5102 621 5179 nis,
635 5100 812 5178 digniorem
826 5101 964 5176 caeteris,
981 5100 1141 5180 magisque
1159 5101 1307 5166 idoneum

558 5197 720 5261 iudicaret.
744 5192 926 5272 Adiecitque
947 5195 984 5258 ad
1005 5196 1084 5259 bano
1095 5194 1219 5258 concilii
1240 5211 1309 5258 san·

558 5289 696 5353 ctionem
716 5286 848 5353 validius
868 5288 1122 5366 confirmandam,
1139 5304 1185 5364 re,
1200 5295 1233 5352 et
1253 5303 1310 5352 no·

559 5382 646 5444 mine
666 5381 876 5444 sanctissimus
895 5378 1040 5444 Pontifex
1054 5382 1126 5456 Pius
1148 5380 1198 5459 V„
1213 5381 1307 5464 quod,

560 5475 586 5536 si
606 5487 748 5552 unquam
765 5474 932 5554 Episcopus
947 5475 1052 5538 minus
1066 5476 1210 5555 habilem,
1227 5486 1308 5557 post-

560 5568 668 5648 positis
688 5565 787 5643 magis
807 5565 937 5646 idoneis,
960 5568 1116 5646 elegisset,
1134 5580 1258 5650 possent
1273 5572 1307 5649 ii,
1331 5583 1332 5588 ’

560 5661 615 5740 qni
626 5659 733 5724 reiecti
747 5667 862 5736 essent,
874 5675 892 5722 a
902 5662 982 5725 mala
991 5663 1145 5727 eiusmodi
1157 5663 1310 5728 electione

558 5753 598 5815 ad
619 5753 905 5833 Metropolitanum,
917 5754 978 5830 rel,
994 5755 1021 5818 si
1035 5757 1101 5836 ipse
1113 5756 1233 5835 eligens
1247 5757 1310 5820 lle·

561 5845 781 5926 tropolitanuS,
803 5854 856 5909 aut
877 5856 1041 5926 exemptus
1061 5849 1153 5924 loret,
1176 5851 1213 5912 ad
1233 5851 1308 5914 rioi-
1331 5895 1332 5902 ι

562 5939 687 6003 niorem
708 5937 924 6018 ordinarium,
947 5948 983 6004 ut
1004 5940 1091 6006 Sedis
1117 5942 1309 6024 Apostolicae

1069 591 1135 639 tttlt.
1158 590 1250 638 sont.
1273 587 1315 634 ott
1335 586 1365 633 P·
1389 585 1418 632 tt.
1442 585 1526 632 rans
1547 585 1569 631 l.

2137 565 2194 618 An.
2209 567 2241 620 (l.
2262 568 2327 623 atta

1358 704 1545 783 delegatum,
1567 705 1619 768 uel
1640 704 1713 768 alias
1726 699 1767 768 ad
1777 705 1876 783 ipsam
1896 702 2009 770 Sedem
2023 709 2103 786 dpo

1356 797 1495 861 stolieam
1516 797 1681 878 appellare,
1703 815 1738 861 ao
1758 797 1966 877 praeelectum
1991 799 2028 861 ad
2048 816 2106 864 no-

1357 907 1434 955 rom
1455 905 1587 954 examen
1610 907 1712 954 eoram
1734 891 1800 971 ipso
1823 891 2036 970 appellationis
2058 894 2105 956 iu·

1357 984 1434 1061 dice,
1457 991 1488 1048 et
1514 984 1581 1048 eius
1608 985 1889 1062 examinatoribus,
1918 1001 2103 1066 provocare;

1358 1093 1392 1140 ea
1413 1086 1519 1143 tamen
1549 1080 1710 1158 cautione,
1734 1088 1770 1143 ut
1794 1079 1956 1158 appellatio
1984 1095 2049 1142 non
2071 1079 2104 1144 in

1358 1173 1553 1252 suspensivo,
1566 1174 1619 1237 sed
1634 1175 1668 1237 in
1679 1173 1859 1237 devolutivo
1881 1189 1948 1237 esse
1958 1173 2102 1251 deberet;

1358 1265 1618 1346 quemadmodum
1634 1267 1668 1329 ln
1683 1269 1751 1330 eins
1770 1267 2003 1343 constitutione,
2025 1283 2106 1346 quae

1359 1361 1516 1438 trigesima
1544 1361 1719 1438 tertiaeet,
1749 1361 1839 1426 latius
1865 1368 2010 1439 cavetur3
2033 1377 2106 1425 con·

1358 1454 1522 1531 cludendo,
1543 1456 1636 1536 quod,
1648 1457 1783 1520 constito
1802 1457 1842 1520 de
1854 1456 1966 1536 prioris
1986 1454 2106 1532 eligen-

1358 1547 1397 1610 tis
1418 1548 1620 1611 irrationabili
1634 1549 1758 1626 iudioio,
1773 1566 1874 1630 eoque
1887 1555 2042 1625 revocato,
2054 1562 2105 1626 pa·

1357 1641 1500 1704 roobialis
1520 1641 1645 1705 ecclesia
1665 1645 1763 1721 magis
1783 1644 1895 1708 idoneo
1914 1641 2101 1705 conferatur.

1398 1735 1478 1800 Cum
1499 1743 1606 1799 autem
1627 1753 1730 1818 neque
1744 1736 1874 1800 concilii
1894 1737 2027 1812 decreto,
2050 1751 2105 1798 ne·
2180 1750 2239 1794 nos
2254 1749 2340 1796 nauem

1358 1843 1420 1906 que
1439 1827 1596 1892 Pontificis
1616 1829 1705 1892 Bulla
1726 1831 1878 1894 examinis
1899 1803 2342 1914 inconcussu·}¹11¹³„¹‘¹¹}ssrss}}l¹l¹i

1357 1921 1526 2000 peragendi
1546 1921 1657 1998 forma,
1672 1939 1729 1986 seu
1744 1925 1909 1988 methodus
1924 1924 1988 1987 nlla
2009 1931 2102 2000 certa,
2123 1911 2221 1956 mm·

1358 2029 1391 2076 ao
1406 2014 1568 2094 peculiaris
1584 2017 1735 2080 seruanda
1750 2025 1959 2098 proponatur3
1981 2015 2105 2082 difficile

1358 2106 1442 2170 dictu
1463 2114 1520 2186 est,
1537 2117 1652 2188 quanta
1674 2112 1868 2187 examinum,
1884 2111 2017 2175 aliorum
2031 2109 2104 2172 alibi

1357 2198 1530 2279 diversitas,
1542 2202 1693 2279 extiterit,
1705 2210 1799 2284 atque
1812 2205 1886 2268 binc
1900 2203 2016 2268 occasio
2030 2219 2106 2283 que-

1358 2293 1504 2356 relarum.
1536 2295 1615 2358 Nam
1635 2296 1763 2376 alicubi,
1790 2313 1865 2362 curn
1885 2314 1950 2362 non
1979 2298 2105 2360 eaedem

1358 2387 1503 2452 omnibus
1523 2391 1732 2468 quaestiones,
1748 2407 1812 2454 non
1826 2391 1920 2454 iidem
1935 2407 2021 2454 casus
2035 2406 2105 2470 pro·

1358 2479 1449 2558 positi
1469 2482 1618 2546 luissent:
1642 2491 1733 2548 erant
1761 2484 1943 2561 identidem,
1966 2483 2032 2564 qui,
2054 2483 2105 2546 rel

1359 2573 1393 2636 in
1414 2573 1538 2652 iudicio,
1561 2576 1613 2640 vel
1634 2585 1721 2640 extra
1742 2582 2024 2657 conquererentur,
2046 2576 2104 2638 sibi

1359 2665 1486 2744 quidem
1507 2669 1683 2748 postpositis
1711 2669 1909 2746 difficiliores,
1931 2669 2104 2749 praeelecto
2181 2674 2187 2683 '

1358 2765 1464 2824 autem
1482 2759 1632 2826 faciliores
1654 2763 1691 2826 ad
1710 2762 1898 2830 solvendum
1912 2763 2106 2844 quaestiones

1359 2853 1513 2932 obtigisse.
1537 2855 1619 2919 tlibi
1632 2872 1708 2919 vero
1723 2858 1849 2922 eaedem
1863 2857 1989 2938 quidem
2004 2856 2106 2920 omni-

1359 2946 1416 3010 bus
1446 2947 1645 3026 quaestiones
1672 2951 1847 3030 propositae
1874 2949 2023 3027 luerunt,
2052 2949 2105 3014 sed

1359 3055 1461 3120 neque
1481 3041 1552 3118 hae,
1574 3058 1678 3122 neque
1702 3044 1790 3107 datae
1809 3061 1826 3106 a
1848 3043 2106 3108 concurrentibus

1359 3134 1587 3211 responsiones,
1609 3135 1735 3214 scripto,
1750 3152 1807 3200 seu
1827 3135 1924 3200 literis
1944 3135 2107 3212 consigna-

1358 3227 1485 3290 bantur.
1501 3229 1642 3308 Cumque
1656 3227 1866 3306 postmodum,
1879 3245 1936 3292 nec
1950 3245 2020 3292 raro
2034 3245 2107 3292 con·
2144 3251 2282 3298 narratum
2296 3261 2337 3298 an-

1359 3320 1508 3399 tingeret,
1538 3329 1573 3384 ut
1594 3338 1612 3384 e
1632 3323 1809 3403 postpositis
1836 3323 2007 3404 quispiam,
2036 3323 2106 3386 iure
2124 3304 2337 3405 3¹0,3”⁰,¹{¹,·m¹,'{2

1359 3413 1467 3478 Bullae
1486 3415 1689 3494 supradictae,
1711 3432 1831 3480 novum
1852 3415 1889 3478 ad
1909 3432 2041 3481 examen
2056 3432 2107 3479 co-
2124 3410 2337 3511 gglgglssgglga·

1359 3523 1427 3570 ram
1447 3508 1549 3572 iudice
1569 3508 1791 3589 appellationis,
1807 3512 1936 3590 eiusque
1950 3511 2106 3574 examina·
2125 3529 2172 3575 pro
2188 3476 2337 3582 ‚aligeren-

1360 3601 1491 3678 toribus,
1507 3601 1643 3666 electum
1663 3610 1860 3683 provocaret:
1883 3601 1915 3666 S.
1929 3605 2107 3684 congrega·
2124 3581 2247 3619 vamme.

1362 3695 1404 3758 tio
1417 3711 1519 3776 usque
1531 3695 1568 3758 ab
1582 3712 1665 3759 anno
1685 3713 1803 3761 unctu.
1827 3697 2023 3761 considerans
2038 3712 2106 3774 gra-

1360 3803 1475 3852 vamen
1497 3804 1563 3852 non
1584 3789 1642 3850 alia
1657 3791 1798 3869 ratione,
1820 3807 1914 3870 quam
1935 3807 2017 3854 noro
2037 3807 2107 3854 exa·

1360 3880 1457 3960 mine,
1474 3882 1597 3962 probari
1611 3899 1714 3963 posse,
1737 3885 1989 3964 provocationem
2002 3885 2038 3950 ad
2052 3899 2107 3948 no-

1360 3988 1438 4038 uum
1462 3990 1595 4040 examen
1622 3977 1745 4040 censuit
1772 3977 2010 4058 admittendam,
2039 3997 2107 4059 gra·

1361 4075 1487 4140 namins
1512 4069 1573 4138 'neo
1603 4075 1680 4138 dum
1710 4076 1854 4156 probato,
1887 4085 1918 4142 et
1948 4081 2107 4160 requisitis

1361 4169 1578 4232 tantummodo
1598 4169 1832 4248 probationibus
1851 4172 1885 4234 in
1907 4173 2109 4254 subsequenti

1361 4260 1485 4324 iudicio:
1497 4261 1532 4323 in
1543 4277 1617 4341 quo,
1626 4261 1766 4340 probato,
1778 4277 1834 4342 per
1846 4280 1965 4328 norum
1975 4283 2107 4338 examen

1361 4353 1557 4432 appellantis,
1588 4355 1767 4432 gravamine
1795 4358 1896 4435 quoad
1910 4359 2106 4436 doctrinam,

1362 4447 1516 4526 probanda
1536 4455 1677 4526 superest
1691 4449 1833 4512 eiusdem
1846 4466 1919 4530 prae
1933 4451 1995 4514 iam
2009 4451 2108 4517 electo

1363 4541 1396 4604 in
1416 4540 1544 4620 reliquis
1565 4542 1602 4604 ad
1616 4544 1784 4618 regendam
1805 4543 1965 4607 ecclesiam
1978 4547 2110 4625 requisi-

1362 4634 1401 4696 tis
1422 4635 1617 4712 praestantia,
1633 4642 1669 4700 ut
1690 4634 1728 4698 de
1742 4636 1853 4700 maiori
1873 4635 2055 4704 alterutrius
2070 4641 2107 4704 ad

1362 4727 1542 4806 parochialis
1562 4728 1710 4793 ecclesiae
1729 4731 1921 4808 gubernium
1941 4731 2108 4798 idoneitate
2165 4750 2215 4798 seo
2233 4750 2336 4797 atract-

1362 4820 1517 4885 sententia
1538 4820 1612 4886 ferri
1633 4823 1744 4903 possit3
1767 4841 1839 4888 oum
1860 4841 1925 4888 non
1945 4827 2105 4904 continuo,
2126 4804 2335 4916 ξᾎξξῑζξᾳὲζῗξξῐ

1362 4912 1478 4990 siquis
1500 4920 1546 4976 est
1573 4915 1708 4994 doctior,
1735 4919 1761 4980 is
1782 4919 1876 4984 etiam
1907 4921 2022 4999 aptior,
2051 4938 2107 4988 seu
2126 4911 2335 5013 32⁰¹⁰¹l⁰¹¹i¹⁰¹l

1363 5006 1461 5082 magis
1481 5007 1611 5070 idoneus
1625 5010 1662 5072 ad
1676 5011 1705 5074 id
1720 5013 1863 5090 regimen
1884 5012 2045 5093 habeatur,
2057 5017 2108 5079 vel
2162 4998 2167 5012 ’

1363 5100 1458 5163 etiam
1477 5099 1635 5164 habendus
1655 5102 1706 5164 sit.
1729 5106 1826 5182 Quam
1847 5105 1957 5174 Sacrae
1972 5111 2108 5190 tongre-

1363 5193 1497 5271 gationis
1517 5196 1705 5259 sententiam
1725 5201 1901 5280 scriptores,
1917 5210 1949 5266 et
1971 5205 2109 5269 tribuna-

1363 5286 1403 5349 lia
1425 5286 1601 5351 laudarunt.
1625 5290 1702 5354 Aliis
1722 5291 1849 5360 demum
1870 5296 1904 5363 in
1919 5297 2109 5363 dioecesibus

1364 5377 1525 5444 laudabilis
1545 5381 1677 5446 invaluit
1697 5390 1903 5465 consuetudo,
1926 5399 1962 5460 ut
1982 5391 2108 5456 eaedem

1361 5473 1509 5539 omnibus
1530 5479 1737 5555 quaestiones,
1755 5478 1914 5561 iidemque
1933 5499 2018 5548 casus
2039 5500 2109 5564 pro·

1363 5575 1536 5648 ponantur;
1552 5585 1585 5632 ac
1598 5569 1653 5652 (ne
1667 5586 1727 5651 qua
1737 5571 1829 5636 detur
1839 5590 1912 5652 ansa
1924 5578 2109 5656 cancellario

1363 5661 1534 5742 quidquam
1557 5679 1615 5726 suo
1642 5671 1741 5726 marte
1760 5665 1907 5745 addendi,
1930 5670 2108 5750 minuendi,

1364 5755 1519 5835 mutandi)
1541 5762 1575 5818 ut
1596 5756 1719 5837 ipsimet
1739 5769 1970 5841 concurrentes,
1993 5765 2047 5845 qui
2061 5765 2109 5830 in-

1363 5850 1512 5927 terrogati
1541 5849 1677 5925 luerint,
1703 5865 1845 5932 quaeque
1876 5859 2106 5939 responderint,

1363 5958 1418 6006 sua
1440 5957 1535 6007 manu
1554 5941 1759 6023 perscribant.
