4798 6978
352 521 408 578 An.
422 521 452 576 c.
473 521 543 576 mee
593 525 652 590 705

573 667 626 723 tua
646 661 704 723 sub
731 661 828 724 tinem
854 659 948 724 huius
976 667 1099 722 nostrae
1123 659 1269 738 epistolae
1290 676 1320 721 a·

573 753 803 818 nimadvertere
829 755 960 834 peterit3
977 757 979 762 '
994 754 1112 833 tibique
1143 759 1317 833 propterea,

572 849 696 926 tuisque
717 847 942 911 successoribus
957 850 1140 912 mandamus
1154 849 1320 911 observan-

573 941 647 1004 tiam
672 948 703 1002 et
724 941 964 1020 implementum
985 942 1137 1006 eiusmodi
1159 942 1266 1004 Brevis
1286 941 1319 1004 in

573 1034 629 1096 ista
643 1032 785 1110 dioecesi,
801 1035 854 1097 ubi
869 1034 1051 1115 trequenter
1062 1035 1213 1100 eiusmodi
1227 1051 1320 1114 qnae-

572 1127 688 1190 stiones
716 1127 874 1204 incidunt,
900 1130 1014 1208 quibus
1035 1145 1089 1209 per
1116 1129 1198 1194 idem
1220 1129 1319 1192 Breve

573 1228 749 1299 opportune
763 1223 965 1302 prospicitur:
989 1230 1080 1303 atque
1103 1224 1159 1286 hoc
1174 1231 1260 1300 pacto
1274 1240 1320 1286 sa·

575 1314 722 1377 tislecisse
749 1332 805 1378 nos
825 1317 1013 1380 arbitramur
1041 1317 1202 1396 petitioni,
1225 1333 1319 1396 quam

574 1409 761 1487 proposuisti
781 1409 813 1472 in
836 1412 962 1491 epistola
985 1413 1044 1475 diei
1077 1429 1168 1474 xvru.
1199 1413 1321 1475 decern-

573 1503 636 1565 bris
658 1521 808 1567 uncctrv.
832 1506 886 1567 ubi
917 1522 1072 1583 normam,
1095 1523 1189 1585 quam
1209 1521 1318 1585 seque·

573 1597 660 1672 reris,
682 1601 920 1662 commonstrari
943 1601 999 1664 tibi
1024 1601 1178 1680 cupiebas,
1201 1599 1226 1661 si
1248 1615 1320 1662 con-

574 1691 710 1768 tingant,
732 1693 779 1755 utl
799 1691 890 1772 paulo
911 1702 984 1756 ante
1003 1693 1191 1770 dicebamus,
1215 1693 1320 1755 matri·

573 1786 677 1847 monia
698 1801 820 1863 eorum,
842 1788 895 1865 qui
918 1790 952 1852 ad
975 1788 1133 1852 evitandas
1158 1787 1320 1850 difficulta-

574 1885 631 1955 tes,
656 1879 687 1941 in
709 1896 784 1958 quas
805 1880 855 1941 rel
877 1879 1082 1958 ollenderant,
1105 1882 1155 1945 vel
1171 1882 1320 1944 ollensuri

574 1980 674 2048 erant,
697 1975 722 2036 si
743 1976 982 2039 matrimonium
1003 1977 1035 2040 in
1059 1985 1110 2038 tua
1125 1975 1258 2039 diaecesi
1272 1992 1320 2038 ce·

573 2066 789 2144 lebrarissent,
801 2076 963 2134 transeunt
974 2073 1009 2133 ad
1023 2071 1192 2134 finitimum
1203 2071 1318 2146 lacurn,

574 2160 606 2220 in
627 2176 689 2238 quo
710 2178 812 2224 coram
828 2164 930 2242 aliqua
946 2165 1139 2228 missionario
1161 2165 1320 2227 matrimo-

573 2253 665 2316 nium
685 2258 886 2334 coutrahunt,
902 2259 1013 2323 deinde
1034 2275 1110 2322 vero
1131 2260 1166 2322 ad
1189 2275 1258 2320 eam
1272 2275 1319 2320 re-

574 2347 719 2424 gionem,
743 2351 797 2414 ubi
825 2366 937 2414 verum
966 2351 1161 2416 domicilium
1192 2353 1318 2427 habent,

574 2448 791 2506 revertuntur.

613 2534 683 2597 Post
704 2537 795 2612 haec,
826 2542 1034 2604 necessarium
1062 2541 1129 2604 lore
1157 2557 1320 2604 censemus

574 2630 720 2692 nonnihil
749 2633 939 2711 adiungere,
962 2642 996 2697 ut
1019 2636 1052 2699 in
1084 2636 1246 2715 propatulo
1267 2637 1318 2712 sit,

507 2791 509 2796 ,
574 2723 722 2802 quidnam
753 2728 931 2806 requiratur
952 2730 987 2790 ad
1013 2733 1099 2809 quasi
1126 2731 1320 2795 domicilium

574 2817 815 2896 adipiscendum.
844 2820 963 2884 ilerum
984 2825 1039 2894 hac
1060 2825 1092 2887 in
1114 2842 1149 2888 re
1169 2841 1233 2888 uon
1261 2823 1321 2885 alio

574 2919 660 2988 pacto
682 2915 862 2990 responderi
891 2924 1010 2995 potest,
1034 2918 1095 2980 nisi
1119 2919 1212 2997 quod,
1235 2926 1320 2981 ante

552 2997 556 3008 “
574 3019 666 3086 quem
681 3007 918 3072 matrimonium
929 3013 1140 3088 contrahatur,
1151 3011 1249 3091 spatio
1263 3012 1321 3074 sal-¹

575 3106 639 3161 tem
660 3101 754 3162 unius
775 3104 890 3164 mensis
911 3103 974 3182 ille,
997 3106 1050 3184 qui
1082 3107 1246 3182 contrahit,
1269 3107 1323 3166 ha-

575 3193 720 3257 bitaverit
738 3195 773 3264 in
795 3195 879 3272 loca,
902 3199 957 3261 ubi
977 3200 1216 3264 matrimonium
1243 3199 1323 3262 cele-

574 3287 692 3350 bratur.
709 3289 911 3354 Definitiones
922 3293 1181 3373 congregationis
1194 3294 1321 3358 Concilii

575 3381 631 3444 hac
652 3383 690 3444 de
710 3399 744 3446 re
759 3383 914 3448 observari
936 3395 1082 3465 poterunt
1103 3390 1182 3468 apud
1204 3391 1321 3467 Fagna·

575 3491 653 3539 num
674 3477 710 3537 in
732 3494 799 3557 cap.
818 3477 988 3558 signtucat,
1007 3481 1043 3544 de
1057 3483 1235 3558 Perochs'is,
1255 3485 1321 3560 uhi,

576 3573 758 3654 earumdem
778 3582 927 3639 contextu
948 3592 1113 3656 perpenso,
1135 3577 1210 3641 haec
1231 3579 1322 3641 habet

576 3665 635 3731 snb
657 3683 747 3730 nem.
760 3667 814 3731 39.-
835 3670 887 3732 Vir
902 3678 932 3734 et
949 3671 1068 3734 melier
1094 3671 1319 3746 Traiectenses,

577 3763 725 3826 timentes
759 3766 1022 3843 impedimentum
1058 3787 1078 3832 a
1107 3765 1319 3848 parentibus,

577 3873 649 3920 cnm
670 3859 712 3922 ad
734 3859 874 3922 vicinam
897 3859 1007 3923 arbem
1028 3863 1268 3942 Apaispranom
1290 3880 1322 3924 se

577 3953 845 4027 concalescens
860 3952 904 4018 ibi
914 3955 1108 4034 aliqnandin
1123 3957 1245 4020 moreti
1256 3973 1323 4020 ma·

467 4119 469 4122 ¹
577 4045 769 4108 trimoniam
791 4049 1043 4123 contraxissem,
1070 4067 1165 4113 sacra
1189 4051 1323 4130 Conpre-

576 4141 678 4220 patio,
701 4143 850 4205 commite
870 4157 966 4220 snper
987 4145 1171 4216 caliditate,
1195 4145 1321 4206 ceasait

576 4237 822 4314 opprimendam
845 4241 984 4314 tempas,
1007 4253 1067 4318 pao
1096 4237 1322 4301 contrahentes

577 4331 801 4410 Apnispranec
823 4337 1033 4403 menomenas
1061 4332 1143 4411 qaod
1164 4333 1194 4395 si
1216 4333 1322 4412 [ecrit

576 4423 691 4486 saltem
713 4423 814 4485 enies
836 4425 971 4496 mensis,
995 4425 1135 4488 dandam
1155 4443 1221 4488 esse
1242 4427 1323 4488 deci·

577 4518 696 4580 sionem
718 4532 776 4595 pro
797 4515 980 4580 validitate.
1008 4517 1123 4580 Natalis
1150 4519 1324 4584 Alexander

577 4611 614 4673 ia
640 4609 806 4691 Theolapia
827 4609 1017 4692 Dapmata'ea
1037 4619 1068 4674 et
1085 4613 1202 4678 Marcii
1217 4611 1272 4676 lib.
1288 4614 1321 4686 2,

577 4703 614 4766 de
634 4711 827 4768 sacrament.
860 4705 1020 4778 Moerim„
1043 4721 1113 4784 cap.
1140 4705 1173 4778 2,
1199 4713 1265 4768 art.
1288 4706 1320 4779 2,

579 4797 681 4876 repat.
711 4797 745 4867 6,
768 4799 998 4872 animadvertit,
1031 4801 1066 4862 ad
1098 4800 1323 4879 acquirendum

578 4893 663 4969 quasi
685 4891 889 4969 domicilium,
906 4900 1061 4971 oportere,
1085 4901 1119 4955 ut
1140 4895 1323 4958 contrahen-

579 4993 645 5061 tes,
678 4994 842 5065 antequam
878 4987 1115 5050 matrimonium
1150 4987 1324 5064 celebrent,

580 5087 668 5144 tanto
690 5088 829 5159 tempore
850 5095 886 5141 eo
908 5081 941 5142 in
964 5079 1040 5155 loco,
1057 5080 1110 5143 ubi
1130 5080 1324 5159 copulantur,

579 5174 699 5238 luerint
719 5174 914 5249 commorati,
937 5181 970 5236 ot
992 5175 1105 5237 ibidem
1128 5175 1242 5252 cogniti
1264 5175 1325 5237 lam

579 5268 643 5331 sint
663 5274 757 5347 atque
784 5268 947 5346 perspecti.
972 5268 1111 5331 Dubitari
1133 5276 1237 5330 autem
1259 5284 1326 5348 pos·¹

579 5370 637 5438 set,
660 5378 737 5425 nuru
764 5361 800 5423 ad
828 5361 913 5440 quasi
944 5360 1135 5424 domicilium
1165 5363 1326 5440 acquiren-

580 5455 656 5519 dum
678 5456 867 5519 matrimonii
892 5473 991 5531 causa,
1021 5456 1068 5518 uti
1091 5455 1238 5532 diximus,
1261 5472 1324 5518 non

580 5550 683 5613 solum
705 5549 882 5628 requiratur
896 5550 1081 5629 praecedens
1096 5549 1256 5626 habitatio,
1273 5566 1324 5612 ve-

580 5643 760 5707 rumellum
775 5643 968 5723 subsequens
982 5645 1017 5704 ad
1032 5643 1155 5721 aliquod
1179 5643 1326 5722 temporis

580 5738 730 5818 spatium:
748 5753 870 5813 verum,
882 5751 953 5799 cum
965 5735 1326 5810 observaverimussub·

580 5838 764 5909 sequentem
784 5829 1009 5892 habitationem
1030 5827 1066 5889 ab
1088 5829 1124 5889 iis
1139 5827 1325 5902 auctoribus,

581 5925 634 6003 qui
656 5923 736 5986 hanc
763 5929 935 5986 tractarunt
961 5921 1138 5998 materiam,
1168 5929 1326 6000 tamquam

1092 541 1156 586 lUll·
1182 541 1273 586 PONT.
1296 541 1336 586 ott
1358 541 1386 586 P·
1411 542 1440 588 tt.
1464 541 1548 588 PARS
1569 541 1590 586 l.

1374 659 1480 737 magni
1501 659 1654 722 momenti
1676 658 1900 722 adminiculum
1919 657 2118 736 repulerint

1374 768 1493 816 novum
1515 754 1708 816 domicilium
1730 753 1906 833 quaesitum
1928 751 2057 825 dicatur,
2073 751 2118 814 nl·

1374 846 1419 907 hil
1440 861 1515 908 vero
1527 847 1568 910 de
1582 845 1632 908 illa
1654 847 1880 925 praescriptum
1902 845 1995 908 luisse
2010 861 2025 904 a
2041 846 2119 908 Gon-

1374 939 1438 1002 cilii
1460 940 1709 1018 congregatione
1730 941 1762 1002 in
1787 938 1915 1002 adducta
1936 938 2027 1018 paulo
2048 947 2118 1002 ante

1374 1032 1557 1096 delinitione
1578 1050 1673 1114 penes
1692 1036 1885 1111 Fagnanum,
1902 1033 2050 1096 nolumus
2064 1033 2120 1097 hac

1375 1127 1411 1190 de
1433 1144 1467 1191 re
1487 1129 1658 1208 quidquam·
1680 1129 1754 1192 nori
1775 1127 1952 1192 decernere.

1413 1222 1498 1298 Quod
1514 1238 1590 1284 vero
1604 1239 1679 1284 mox
1699 1223 1853 1301 sequitur,
1869 1223 1994 1303 respicit
2014 1224 2121 1287 matri-

1374 1317 1518 1379 monium
1540 1315 1652 1380 iuitum
1674 1317 1733 1378 alio
1748 1317 1781 1380 in
1803 1316 1880 1392 laco,
1897 1317 1949 1380 ubi
1972 1317 2033 1378 iarn
2047 1333 2121 1379 con-

1375 1411 1534 1472 trahentes
1549 1409 1637 1488 quasi
1652 1409 1845 1474 domicilium
1860 1409 1962 1490 adepti
1977 1408 2119 1484 luerunt,

1374 1519 1407 1563 ac
1428 1502 1558 1581 proinde
1579 1501 1655 1565 illud
1678 1504 1792 1582 ipsum,
1814 1505 1895 1583 quod
1916 1503 2122 1584 prosequeba-

1374 1605 1426 1658 tur
1447 1597 1574 1676 epistola
1602 1599 1804 1662 lraternitatis
1826 1607 1907 1662 tuae.
1942 1598 2063 1662 ilerum
2084 1599 2123 1662 de

1375 1691 1432 1752 hoc
1445 1707 1622 1756 sermonem
1639 1693 1751 1756 habere
1766 1693 1945 1772 nequimus,
1960 1693 2021 1756 nisi
2036 1691 2123 1771 prius

1375 1785 1566 1862 aproposito
1594 1785 1751 1866 paulisper
1781 1786 2008 1864 digredientes,
2032 1784 2123 1864 quid·

1374 1896 1467 1958 quam
1482 1889 1657 1960 opportune
1668 1881 1915 1960 praemittamus.
1939 1882 2003 1947 Odo
2018 1883 2057 1945 de
2068 1880 2122 1944 Sa-

1374 1973 1461 2048 liaco,
1485 1972 1740 2050 vigilantissimus
1767 1976 1947 2040 Parisiensis
1972 1975 2122 2051 Antistes,

1373 2069 1427 2147 qui
1449 2069 1527 2130 vixit
1550 2068 1607 2132 sub
1621 2069 1749 2133 initium
1763 2070 1876 2134 saecoli
1897 2069 2009 2134 decimi
2024 2072 2123 2148 tertii,

1374 2161 1597 2239 promulganda
1611 2163 1719 2226 statuit
1741 2163 1774 2226 in
1788 2179 1861 2226 suae
1882 2163 2058 2228 dioeceseos
2073 2181 2124 2244 pa-

1374 2255 1482 2316 roeciis
1504 2256 1712 2332 matrimonia,
1742 2258 1921 2337 priusquam
1943 2259 2122 2336 inirentur;

1374 2355 1409 2409 ut
1429 2347 1545 2411 scilicet
1566 2349 1625 2412 hoc
1647 2357 1732 2430 pacto
1754 2351 1890 2428 dignosci
1912 2361 2027 2430 posset,
2045 2369 2125 2416 num

1374 2441 1458 2504 inter
1478 2446 1697 2508 contrahentes
1718 2446 1980 2526 impedimentum
1995 2449 2124 2511 nullum

1374 2537 1528 2600 subesset:
1552 2546 1644 2617 atque
1665 2539 1737 2603 inde
1759 2540 2035 2604 denuntiationum
2058 2557 2125 2602 ma·

1374 2633 1461 2694 navit
1482 2631 1657 2709 exordium,
1677 2650 1754 2713 quae
1777 2641 1844 2698 tum
1866 2635 2018 2696 Bonnam
2040 2651 2125 2698 nun·

1374 2733 1501 2804 cupatae
1522 2725 1662 2790 luerunt.
1684 2727 1852 2790 Adioecesi
1873 2727 2038 2790 Parisiensi
2056 2742 2125 2789 mos

1375 2820 1432 2881 iste
1454 2818 1612 2882 laudabilis
1633 2822 1669 2884 ad
1691 2821 1764 2883 alias
1778 2837 1901 2900 quoque
1915 2837 1971 2900 per
1991 2819 2124 2886 Galliam

1374 2910 1563 2989 permeavlt;
1587 2912 1632 2974 uti
1663 2913 1820 2990 colligitur
1841 2929 1880 2976 ex
1901 2914 2051 2992 rescripto
2073 2913 2125 2976 ln·

1375 3005 1512 3066 nocentii
1542 3004 1591 3068 lll.
1620 3007 1656 3069 ad
1684 3007 1868 3086 Episcopum
1899 3008 2125 3072 Beluacensem

1376 3101 1411 3161 in
1424 3101 1499 3178 Cap.
1513 3101 1591 3164 Cum
1603 3101 1636 3164 in
1648 3109 1711 3177 tua,
1724 3102 1760 3165 de
1773 3101 1917 3180 sponsal.
1930 3107 1961 3164 et
1972 3101 2121 3167 Moerim.

1375 3194 1460 3257 ldem
1487 3195 1688 3258 innocentius
1709 3197 1742 3259 in
1764 3197 1900 3261 Concilio
1922 3199 2125 3264 Lateranensi

1376 3291 1485 3366 quarto
1506 3289 1542 3350 ad
1569 3289 1749 3354 universam
1774 3291 1942 3357 Ecclesiam
1969 3292 2124 3356 eiusmodi

1376 3379 1650 3444 denuntiationum
1673 3399 1792 3446 morem
1814 3386 2056 3464 propagarique
2077 3388 2126 3449 ri-

1376 3475 1449 3538 dere
1470 3482 1516 3538 cst
1537 3476 1573 3538 ia
1596 3477 1671 3555 Cap.
1696 3478 1775 3541 Cum
1797 3477 1954 3552 inhibitio,
1977 3480 2013 3542 de
2034 3481 2124 3544 elan-

1376 3568 1503 3631 destina
1515 3567 1768 3649 desponsatione.
1786 3572 1887 3651 htque
1897 3588 1981 3634 sacra
1994 3573 2126 3636 Triden-

1375 3663 1441 3726 tina
1456 3663 1610 3741 synodus,
1620 3681 1694 3726 sess.
1707 3665 1753 3725 24
1767 3665 1803 3728 dc
1815 3667 1945 3746 reform.
1959 3668 2120 3741 matrim,

1376 3773 1445 3836 cap.
1472 3761 1504 3829 1,
1527 3758 1740 3821 lateranensis
1762 3759 1891 3823 concilii
1913 3761 2054 3840 uestigiis
2076 3762 2124 3824 in-

1375 3849 1542 3927 haerendo,
1556 3851 1585 3913 id
1600 3851 1702 3930 ipsum
1717 3854 1884 3932 praecepit.
1907 3855 2055 3930 Quamvis
2069 3871 2124 3917 ve·

1375 3959 1409 4005 ra
1430 3943 1684 4007 denuntiationes
1705 3947 1740 4008 ad
1769 3947 1961 4010 matrimonii
1983 3949 2125 4012 validita-

1374 4045 1439 4100 tem
1461 4039 1646 4117 neutiquam
1666 4040 1855 4118 pertineant,
1871 4043 1945 4104 adeo
1960 4049 1995 4106 ut
2016 4043 2124 4106 matri·

1376 4131 1531 4207 monium,
1554 4133 1663 4194 iisdem
1685 4133 1817 4209 omissis,
1836 4133 2039 4211 celebratum,
2063 4135 2125 4198 illi-

1376 4223 1474 4286 citum
1494 4227 1620 4304 quidem
1636 4227 1687 4302 sit,
1703 4226 1756 4288 sed
1772 4235 1874 4290 tamen
1890 4228 2039 4304 validum,
2056 4245 2123 4292 nou

1376 4322 1489 4384 idcirco
1513 4321 1788 4384 denuntiationum
1814 4322 1940 4385 omissio
1963 4324 2050 4400 gravi
2074 4341 2122 4387 ca·

1377 4425 1426 4480 ret
1446 4417 1546 4496 culpa,
1560 4432 1661 4496 neque
1676 4422 1837 4493 propterea
1851 4415 1971 4493 negligi
1991 4418 2124 4495 impune

1377 4519 1498 4591 queunt
1513 4511 1546 4572 in
1558 4510 1716 4590 paroeciis,
1729 4510 1762 4573 in
1778 4509 1890 4588 quibus
1904 4509 2123 4573 contrahentes

1378 4606 1568 4684 inhabitant,
1599 4601 1728 4682 quodsi
1756 4602 1855 4665 velint
1884 4603 2123 4666 matrimonium

1378 4710 1464 4764 extra
1479 4700 1654 4773 dioecesim,
1671 4711 1764 4776 quam
1785 4696 1938 4773 incolunt,
1954 4698 2122 4773 celebrare,

1379 4803 1503 4858 tenetur
1525 4796 1560 4869 is,
1583 4793 1635 4872 qui
1661 4792 1862 4854 matrimonio
1888 4793 2037 4867 interest,
2060 4793 2127 4854 exis

1379 4903 1452 4968 gere
1473 4888 1574 4968 prius,
1598 4893 1632 4948 ot
1659 4885 1914 4948 denuntiationes
1945 4885 2040 4948 iactae
2062 4885 2123 4947 iam

1378 4983 1497 5048 luerint
1517 4983 1550 5046 in
1572 4981 1638 5044 loco
1659 4980 1769 5058 prioris
1790 4978 1957 5056 domicilii,
1980 4978 2123 5058 quamuis

1378 5079 1418 5141 sit
1439 5078 1566 5140 alterius
1587 5073 1743 5146 dioecesis,
1760 5075 1796 5136 ad
1813 5074 1869 5134 hoc
1885 5081 1919 5135 ut
1938 5080 2006 5136 tuto
2027 5074 2123 5135 inter·

1379 5187 1446 5234 esse
1469 5171 1563 5250 possit
1586 5166 1799 5241 matrimonio,
1822 5167 1905 5245 quod
1926 5166 1958 5228 in
1971 5183 2027 5228 sua
2041 5167 2123 5229 dioe-

1378 5266 1440 5330 cesi
1460 5264 1642 5328 celebratur.
1676 5260 1866 5324 observetur
1888 5258 2064 5322 Concilium
2084 5263 2123 5322 ll-

1379 5375 1497 5439 quense
1517 5357 1591 5419 anni
1614 5369 1806 5419 nouxxxva
1822 5329 1910 5418 Sixffl
1922 5351 1959 5416 v.
1976 5353 2124 5416 Pontifice

1379 5453 1511 5517 Maximo
1531 5451 1759 5523 confirmatum,
1774 5447 1866 5509 sicuti
1888 5447 1981 5510 etiam
2003 5446 2124 5509 llituale

1380 5547 1566 5612 Romanum.
1588 5543 1713 5619 Quodsi
1729 5541 1897 5603 vetustiora
1919 5548 2129 5602 monumenta

1380 5656 1451 5720 prae
1474 5638 1617 5702 manibus
1632 5651 1757 5699 sumere
1778 5650 1852 5713 opus
1866 5643 1958 5710 esset,
1969 5635 2002 5696 in
2016 5649 2125 5696 secun-

1380 5737 1416 5798 da
1437 5731 1618 5796 collectione
1640 5729 1847 5802 decretalium
1871 5729 1946 5807 Cap.
1970 5729 2075 5805 primo
2089 5729 2125 5790 de

1380 5827 1582 5889 clandestina
1604 5824 1861 5901 desponsatione,
1884 5823 2042 5900 reperitur
2070 5823 2125 5884 De·

1380 5918 1502 5983 cretalis
1522 5916 1690 5980 Alexandri
1701 5913 1750 5978 ΙΙΙ.
1764 5915 1860 5979 relata
1871 5915 1966 5978 etiam
1976 5929 2031 5993 per
2045 5914 2124 5978 Gon·

2143 521 2193 578 Au.
2204 527 2231 579 0.
2248 531 2302 584 tlte
