4856 6984
966 578 1159 626 dementent-s
1182 579 1245 625 xlv.

641 701 772 766 CXLIV.

333 890 503 954 indiarum
528 892 744 956 orientolium
770 887 1078 966 Vicoriiaipostoti·

373 984 418 1046 cte
441 985 617 1064 Episcopis,
643 1000 707 1046 non
735 981 925 1046 habentibus
948 981 1078 1044 condiat·

373 1083 473 1140 torem
495 1093 568 1140 cum
589 1077 709 1157 futuri
736 1078 931 1139 successione
951 1091 1006 1137 orec
1031 1073 1078 1134 Vt-

373 1172 501 1234 corium
527 1170 715 1250 persecutam,
745 1171 905 1248 intua-pit,
928 1173 968 1230 ut
989 1168 1078 1232 illico

371 1265 433 1329 sibi
447 1267 651 1328 constituunt
665 1266 825 1329 Vicoriurn
834 1264 1075 1345 penerolem(i).

504 1434 746 1505 Benedictus
764 1437 822 1506 PP.
837 1436 909 1505 tlt.

533 1599 731 1668 venerabiles
753 1599 878 1680 iratres,

367 1719 495 1788 salutent
517 1725 550 1788 et
570 1720 769 1804 apostolicam
795 1719 1045 1788 benedictionem.

95 1911 251 2011 „gfissffffiig
263 1911 316 2010 ἐξ
375 1911 420 1974 Er
441 1909 566 1973 sublimi
593 1912 648 1972 hac
674 1913 855 1974 sacrosancti
887 1911 1080 1991 Apostolatus

94 2029 142 2062 nes
165 2020 245 2094 aaran
262 2019 316 2064 ron·
333 2005 466 2084 speculi,
484 2005 516 2066 in
538 2021 597 2083 qua
612 2021 666 2083 per
688 2005 875 2068 ineiiabilem
891 2005 1015 2067 divinae
1030 2003 1080 2066 bo·

93 2072 255 2170 fffesiffm
275 2085 315 2118 π’
335 2097 440 2160 nitatis
451 2095 669 2161 abundantiam
681 2097 771 2176 plane
785 2099 983 2161 immerentes
994 2114 1080 2178 prae-

334 2191 488 2266 sitiemus,
519 2191 694 2269 impositam
721 2191 923 2254 imbecillitati
956 2198 1079 2254 nostrae

335 2285 475 2348 omnium
497 2284 698 2346 ecclesiarum
719 2284 947 2348 solicitudinem
969 2292 1000 2346 et
1015 2299 1079 2346 onn-

334 2377 420 2440 nium
443 2377 618 2440 animarum
641 2379 708 2441 lesa
731 2378 844 2441 Christi
866 2379 1017 2454 sanguine
1032 2394 1079 2439 re-

335 2473 529 2551 demptarum
544 2472 791 2548 procurationem
807 2473 927 2534 assidue
947 2471 1080 2548 cogitan-

336 2572 392 2641 tes,
414 2563 582 2641 advigilare
603 2581 637 2626 ac
658 2565 822 2644 providere
842 2565 1022 2642 adnitimur,
1046 2575 1081 2630 ut

335 2666 523 2738 opportunas
548 2658 732 2737 apostolicae
752 2659 885 2720 caritatis
909 2660 1081 2736 potestatis·

334 2767 396 2830 que
415 2760 537 2812 nostrae
558 2757 670 2829 partes,
695 2752 726 2812 in
748 2752 924 2828 regionibus
945 2768 1081 2830 praeser-

334 2845 393 2906 tim
420 2851 451 2904 ct
480 2843 648 2922 provinciis
675 2843 713 2906 ab
740 2845 862 2923 Europa
895 2854 955 2908 tam
988 2845 1081 2921 longe

334 2937 459 3012 dissitis,
482 2939 580 3016 quoad
604 2938 691 3000 nobis
715 2938 872 3014 integrum
894 2939 1081 3014 est,deside·

336 3031 396 3092 rari
418 3031 550 3092 minime
571 3031 735 3109 pellamur.

375 3125 394 3199 ἓ
418 3123 444 3186 l.
467 3123 616 3199 Quoniam
638 3133 742 3187 autem
765 3140 828 3188 non
849 3125 918 3188 sine
939 3125 1082 3202 gravissi·

335 3219 385 3280 mt
407 3219 556 3297 pontificii
572 3218 668 3280 animi
690 3219 787 3280 nostri
808 3215 946 3280 molestia
967 3218 1082 3296 accepi-

336 3329 416 3385 mus,
438 3327 529 3391 saepe
556 3311 714 3387 accidisse,
743 3311 878 3391 aliquem
906 3312 1021 3374 scilicet
1043 3329 1081 3376 ea

336 3405 440 3480 vobis,
474 3420 571 3468 venn.
604 3403 731 3480 iratres,
766 3404 891 3468 istarum
923 3404 1081 3468 indiarum

335 3499 540 3563 Orientalium
562 3499 743 3577 Apostolicis
771 3499 897 3564 Vicariis
918 3499 1081 3578 episcopali

338 3593 429 3657 titulo
454 3601 485 3655 et
513 3594 687 3656 charactere
720 3593 915 3670 insignitum,
937 3595 988 3656 sed
1013 3585 1081 3654 sine

337 3687 514 3752 coadiutore
541 3703 612 3749 curn
641 3686 744 3749 lutura
768 3687 975 3762 successione,
999 3687 1081 3747 viam

337 3781 501 3846 universae
514 3781 614 3843 carnis
627 3780 801 3857 ingressum
817 3781 851 3841 ad
867 3782 1034 3860 repositam
1049 3783 1080 3844 in

337 3875 427 3940 caelis
447 3889 593 3936 coronam
618 3876 791 3954 apostolicis
817 3874 971 3937 laboribus
999 3890 1081 3952 para-

339 3979 400 4034 tam
422 3970 569 4043 evolasse,
584 3986 618 4030 ac
632 3970 803 4043 neminem,
819 3970 872 4049 qui
894 3969 1080 4031 ordinariam

113 4075 320 4138 vrrearrranosro
338 4081 393 4145 pro
415 4063 559 4126 deiuncto
575 4063 696 4126 Vicario
710 4063 881 4141 apostolico
897 4063 1080 4126 iurisdictio-

104 4128 319 4228 b'sff'acfl'ffl'gffi
339 4177 412 4224 nem
433 4165 610 4233 exerceret,
640 4164 800 4236 repertum
821 4165 873 4220 aut
899 4158 1080 4234 deputatum

105 4235 319 4334 ffi'ssentbssbeassssffi
339 4255 448 4331 luisse;
471 4253 544 4315 hinc
565 4259 622 4326 est,
639 4253 718 4328 quod
742 4251 885 4312 omnibus
906 4257 937 4312 et
951 4251 1082 4328 singulis

105 4342 319 4388 meraritarum
339 4348 467 4411 Vicariis
486 4345 667 4424 hpostoliois
689 4343 864 4406 huiusmodi
887 4343 1082 4422 iniungimus

103 4395 320 4505 ffffibffdffiff
337 4450 369 4504 et
384 4441 565 4504 mandamus
580 4444 627 4510 ut,
639 4437 692 4516 qui
705 4452 806 4516 neque
819 4437 1003 4516 Episcopum
1018 4455 1083 4500 coa·

104 4503 319 4611 ῗὲςῖωνὲιῗωέἷέιῗῗ
337 4533 489 4596 diutorem
504 4547 575 4594 cnm
587 4529 691 4593 lutura
702 4529 903 4605 successione,
916 4547 1019 4610 neque
1031 4530 1082 4593 Vi·

104 4613 166 4654 mar.
336 4627 455 4692 carium
477 4641 515 4688 ex
535 4624 618 4687 clero
632 4623 698 4686 sive
710 4622 860 4685 saeculari
871 4625 936 4686 sive
947 4625 1082 4702 regulari

337 4720 516 4800 generalem
537 4718 661 4792 habent,
682 4717 787 4780 statim
809 4726 900 4795 atque
920 4719 955 4781 ad
969 4732 1083 4781 unum·

338 4829 496 4895 quemque
509 4828 619 4874 eornm
634 4811 841 4890 praesentium
856 4818 1033 4874 nostrarum
1048 4811 1083 4872 li-

338 4915 475 4972 terarum
496 4913 577 4969 certa
601 4905 709 4968 notitia
729 4904 919 4983 pervenerit,
935 4905 1082 4982 deputent

336 5001 540 5066 Vicariumex
550 4999 632 5062 clero
641 4999 705 5060 sive
717 4996 863 5060 saeculari
874 4997 938 5058 sive
948 4998 1084 5074 regulari

336 5093 527 5172 generalem,
544 5091 678 5154 habilem
694 5097 797 5154 tamen
813 5099 905 5170 atque
922 5091 1082 5167 idoneum,

336 5187 406 5266 qui,
433 5187 600 5248 eveniente
627 5183 764 5246 cuiusvis
792 5181 949 5262 apostolici
971 5181 1081 5246 Vioarii

336 5282 404 5342 sine
425 5278 600 5342 coadiutore
610 5292 682 5340 cnm
696 5275 800 5338 lutura
813 5275 1006 5338 successione
1020 5275 1084 5338 obi-

339 5381 383 5449 tu,
397 5382 553 5450 tamqnam
569 5369 761 5450 apostolicae
776 5367 868 5430 buius
882 5365 913 5431 S.
924 5367 1011 5431 Sedis
1026 5368 1083 5431 De-

339 5465 467 5542 legatus,
492 5471 635 5526 teneatur
663 5477 821 5524 assumere
843 5469 874 5523 ct
895 5461 980 5523 obire
1003 5460 1082 5538 regi·

339 5573 410 5619 men
443 5565 473 5620 et
504 5556 693 5634 gubernium
714 5553 881 5633 apostotici
913 5552 1082 5617 vicariatus

337 5666 435 5729 usque
455 5651 493 5712 ad
513 5658 632 5727 captam
653 5647 792 5711 eiusdem
813 5644 981 5710 vicariatus
1004 5647 1081 5726 hpo-

1800 560 1859 624 519
1910 562 1962 610 An.
1977 561 2007 611 (l.
2029 560 2097 614 1753

1132 697 1232 760 stolioi
1253 699 1430 762 huiusmodi
1451 701 1673 779 possessionem
1696 714 1778 762 novo
1792 698 1879 762 Vica-

1134 796 1180 856 rio
1203 794 1388 872 Apostolico,
1410 809 1504 872 qnem
1526 793 1632 856 eadem
1647 795 1722 857 haec
1737 793 1768 858 S.
1787 793 1880 857 Sedes

1135 888 1348 963 constituerit,
1378 895 1431 950 ant
1462 889 1622 967 usquead
1653 905 1880 967 quamcumque

1134 983 1221 1046 aliam
1244 983 1280 1044 ab
1302 982 1363 1060 ipsi
1378 978 1408 1043 S.
1427 979 1505 1046 Sede
1525 982 1694 1044 ineundam
1715 981 1882 1045 ordinatio·

1135 1092 1219 1137 nem.

1174 1173 1242 1248 §2
1266 1175 1359 1236 Porro
1387 1173 1508 1251 Vicario
1537 1173 1676 1252 generali
1701 1172 1879 1237 huiusmodi
1899 1170 2110 1280 aeiffnpa'bssfflv'rnaaf

1136 1281 1191 1343 per
1212 1267 1422 1344 hpostolicum
1445 1284 1603 1348 quomque
1632 1266 1786 1330 Vicariurn
1810 1267 1879 1341 sibi,
1899 1277 1936 1340 riq
1975 1277 2110 1324 taoututes

1136 1369 1180 1422 ut
1192 1360 1415 1438 praemittitur,
1431 1361 1616 1440 deputando,
1629 1376 1686 1422 nos
1701 1361 1880 1423 earumdem
1899 1331 2057 1377 trrauunrur.

1136 1453 1346 1530 praesentium
1368 1461 1492 1528 tenore,
1516 1469 1599 1516 nnnc
1621 1469 1676 1532 pro
1699 1461 1787 1528 tunc,
1811 1469 1881 1531 apo-

1134 1545 1237 1608 stolica
1275 1547 1457 1608 aucteritate
1484 1548 1588 1609 nostri
1624 1546 1819 1610 concedimus
1850 1554 1881 1609 et

1137 1638 1303 1700 tribuimus
1319 1655 1429 1701 omnes
1443 1646 1474 1701 et
1489 1638 1625 1714 singulas
1642 1639 1800 1700 facultates
1814 1653 1882 1716 per-

1135 1733 1238 1809 petuis
1264 1731 1377 1794 tuturis
1404 1731 1595 1810 temporibus
1617 1731 1780 1806 valituras,
1803 1748 1882 1809 qnae

1136 1824 1263 1887 Vicariis
1291 1824 1507 1902 capitularibus
1538 1824 1674 1886 cuiusvis
1702 1823 1881 1886 cathedralis

1136 1916 1291 1992 ecclesiae,
1322 1920 1392 1980 sede
1418 1925 1556 1993 vacante,
1579 1918 1679 1979 inesse
1702 1916 1792 1979 etde
1814 1917 1882 1979 iure

1136 2018 1311 2090 competere
1332 2011 1569 2088 dignoscuntur.
1597 2011 1756 2072 Praeterea
1778 2009 1881 2074 eidem

1136 2105 1255 2169 llioario
1278 2105 1425 2182 generali,
1442 2111 1509 2182 post
1532 2111 1633 2168 tamen
1650 2102 1816 2182 hpostolici
1831 2101 1883 2164 lli-

1135 2199 1209 2263 carii
1231 2199 1362 2274 obitum,
1385 2199 1599 2272 concedimus,
1622 2197 1801 2276 pariterque
1825 2197 1883 2258 im·

1137 2293 1390 2371 pertimnrusum
1407 2299 1439 2354 et
1452 2289 1638 2352 exercitium
1660 2305 1767 2352 earum
1790 2288 1884 2354 houl-

1138 2394 1248 2460 tatum,
1269 2385 1381 2463 quibus
1402 2385 1547 2446 utebatur
1569 2391 1600 2445 et
1622 2383 1784 2460 gaudebat,
1807 2384 1883 2444 dum

1137 2480 1268 2553 viveret,
1279 2478 1444 2540 defunctus
1457 2477 1648 2555 apostolicus
1661 2475 1801 2538 Vicarius
1813 2476 1882 2554 Epi-

1136 2589 1256 2650 scopus,
1274 2571 1309 2632 iis
1324 2571 1485 2632 dumtaxat
1510 2571 1655 2648 exceptis,
1678 2584 1756 2648 quae
1779 2570 1883 2647 requi·

1138 2673 1210 2728 runt
1231 2665 1374 2728 ordinem
1397 2672 1427 2726 et
1448 2665 1657 2725 characterem
1680 2662 1882 2742 episcopalem

1137 2759 1186 2822 vel
1208 2775 1270 2821 non
1292 2758 1359 2819 sine
1381 2772 1538 2818 sacrorum
1555 2755 1693 2818 oleorum
1716 2773 1773 2818 usu
1796 2773 1882 2819 exer-

1137 2858 1257 2914 centur.
1281 2851 1545 2926 Quandocumque
1556 2865 1631 2910 vero
1653 2849 1816 2910 necessitas
1831 2866 1883 2912 ur-

1137 2953 1217 3022 geat,
1230 2943 1400 3023 saepedicto
1412 2941 1532 3005 Vicario
1544 2941 1683 3019 generali
1699 2948 1883 3020 potestatem

1137 3040 1230 3102 etiam
1261 3037 1460 3114 indulgemus
1482 3044 1513 3098 et
1535 3038 1661 3110 damus,
1684 3036 1882 3100 consecrandi

1137 3132 1255 3204 calices,
1279 3137 1401 3208 patenas
1423 3138 1454 3191 et
1479 3129 1584 3190 altaria
1617 3129 1780 3208 portatilia,
1811 3146 1881 3193 curn

1137 3224 1229 3286 sacris
1244 3223 1319 3285 oleis
1334 3222 1464 3284 omnino
1480 3222 1517 3283 ab
1533 3221 1680 3300 Episcopo
1703 3222 1879 3286 benedictis.
1917 3241 2065 3292 cotroniano
2079 3247 2111 3292 aa

1177 3316 1245 3392 §h
1272 3317 1389 3393 ltaque,
1413 3330 1510 3376 venn.
1537 3313 1658 3389 iratreS,
1680 3331 1719 3376 ex
1741 3315 1883 3392 apostoli·
1900 3299 2058 3400 ξξῐῖξζῗΙηΜ
2076 3301 2114 3347 Ἦ·

1137 3426 1189 3472 cae
1211 3408 1421 3487 providentiae
1436 3407 1685 3487 auctoritatisque
1701 3415 1823 3471 nostrae
1838 3427 1883 3470 ra-

1139 3503 1241 3577 tione,
1270 3501 1405 3563 maxime
1435 3501 1469 3560 ad
1499 3502 1722 3579 procurandam
1750 3502 1883 3564 salutem

1138 3598 1310 3659 animarum
1325 3596 1568 3670 consentaneam
1585 3595 1672 3657 nobis
1686 3595 1824 3674 suscepta
1839 3603 1883 3657 at·

1137 3707 1198 3768 que
1221 3690 1390 3766 unicuique
1413 3697 1551 3750 vestrum
1567 3687 1883 3767 praecepti,animad-

1137 3784 1263 3858 vertite,
1280 3789 1393 3862 quanta
1413 3782 1452 3844 sit
1474 3781 1628 3860 apostolici
1652 3782 1793 3844 muneris
1814 3783 1885 3844 uni-

1137 3877 1251 3955 cuique
1274 3883 1414 3938 vestrum
1444 3876 1583 3939 iniuncta
1609 3892 1698 3938 cura:
1723 3884 1814 3954 atque
1835 3893 1883 3939 ea-

1139 3977 1264 4048 propter
1291 3969 1437 4045 satagite,
1461 3977 1496 4030 ut
1517 3985 1571 4047 per
1591 3967 1724 4030 amitinos
1753 3969 1882 4046 labores,

1139 4062 1332 4139 vigilantiam
1372 4062 1555 4140 pastoralem
1592 4061 1884 4142 solicitudinemque

1138 4154 1350 4232 contendatis,
1383 4172 1423 4218 ne
1454 4155 1606 4235 quispiam
1629 4156 1884 4222 christifidelium

1138 4250 1224 4312 vobis
1245 4251 1494 4325 commissorum,
1511 4256 1542 4312 et
1563 4250 1727 4328 dequibus
1743 4250 1884 4313 ratiosu·

1137 4360 1243 4423 premo
1256 4353 1412 4423 pastorum
1423 4343 1558 4422 Principi
1573 4350 1698 4405 aeterno
1710 4343 1802 4405 iudici
1818 4346 1885 4408 red·

1138 4437 1233 4500 denda
1254 4446 1313 4512 est,
1331 4447 1449 4516 pereat:
1473 4438 1525 4499 sed
1549 4436 1650 4515 potius
1667 4445 1701 4499 ut
1715 4451 1822 4498 omnes
1836 4454 1886 4500 ae-

1138 4540 1257 4594 ternam
1289 4530 1420 4594 salutem
1452 4537 1700 4609 consequantur,
1733 4537 1768 4592 ut
1798 4531 1885 4593 vobis

1138 4637 1254 4684 merces
1282 4623 1396 4685 vestris
1422 4623 1540 4686 meritis
1567 4621 1669 4685 debita
1690 4639 1706 4683 a
1729 4623 1810 4684 iusto
1837 4639 1885 4684 re-

1138 4723 1337 4777 muneratore
1369 4716 1431 4778 Deo
1465 4716 1627 4778 tribuatur.
1663 4713 1725 4777 Nos
1755 4715 1884 4780 interim

1138 4809 1276 4871 caelestis
1291 4807 1432 4888 praesidii
1453 4809 1608 4888 auspicem
1622 4805 1820 4888 apostolicam
1835 4813 1886 4872 be·

1139 4901 1359 4978 sedictionem,
1383 4902 1416 4963 in
1436 4902 1566 4980 populos
1594 4902 1688 4964 etiam
1709 4909 1885 4968 vestrarum

1138 4993 1313 5056 dioecesum
1327 5002 1359 5056 et
1380 4995 1609 5072 provinciarum
1631 4996 1883 5074 redundaturum,

1140 5085 1383 5148 fraternitatibus
1411 5089 1521 5151 vestris
1547 5097 1745 5168 peramanter
1773 5090 1885 5169 imper-

1139 5179 1248 5241 timur.

1177 5274 1197 5348 ἓ
1218 5273 1247 5334 h.
1268 5273 1417 5336 Volumus
1432 5283 1548 5350 autem,
1562 5263 1884 5358 utearumdem‘prae·
1935 5305 2114 5363 mmmmm

1138 5368 1276 5430 sentium
1298 5367 1461 5431 literarum
1485 5370 1686 5449 transumptis
1706 5387 1761 5434 seu
1776 5387 1883 5435 exem·
1903 5359 1972 5406 ⁰⁶³⁸·

1139 5461 1209 5541 plis,
1236 5463 1328 5524 etiam
1354 5463 1512 5541 impressis
1536 5472 1567 5526 et
1589 5481 1604 5524 a
1627 5466 1883 5543 congregationis

1139 5570 1236 5616 venn.
1261 5553 1395 5616 fratrum
1416 5563 1598 5618 nostrorum
1619 5555 1651 5620 S.
1673 5559 1708 5620 ll.
1727 5559 1762 5621 Ε.
1780 5559 1884 5624 Cardi-

1139 5646 1260 5710 nalium
1282 5647 1416 5726 negotiis
1446 5648 1661 5728 Propaganbae
1683 5652 1768 5715 niuei
1797 5669 1884 5732 prae-

378 5889 407 5944 (l)
423 5887 555 5939 Quomodo
575 5887 691 5934 Pontifex
711 5885 737 5933 ld
755 5888 788 5934 ad
801 5887 868 5934 alios
882 5889 1026 5935 vicariatus
1041 5891 1068 5934 et
1082 5888 1213 5935 dioeceses
1228 5891 1375 5936 extenderit
1397 5891 1446 5936 vid.
1462 5887 1572 5935 interius
1593 5891 1782 5938 constitutione
1798 5896 1883 5946 Qunam

336 5967 372 6001 ean
384 5957 499 6001 stacbttmt.
