4764 6972
884 552 1080 602 euhemerus
1101 553 1166 598 xlv.

253 693 445 742 annexorum
458 683 640 745 eorumdem
654 681 817 753 fructibus,
834 674 996 747 reditibus,

253 773 465 851 proventibus,
479 775 610 850 iuribus,
623 773 862 838 obventionibus
873 777 903 833 et
915 785 998 832 emo·

252 867 399 930 lumentis
410 869 567 931 universis
582 869 706 946 integre
720 864 914 946 responderi,
926 879 997 926 con·
1053 859 1268 936 Apottolieom
1299 859 1546 952 benedictionem
1568 867 1598 924 et
1618 863 1800 941 ptenarium

1094 951 1332 1032 todotpeottam
1357 955 1399 1017 od
1425 956 1628 1033 septennium
1657 955 1799 1018 coaccedit

1094 1045 1234 1124 singtilis
1267 1045 1438 1110 Societeta's
1474 1050 1544 1112 lesu
1582 1049 1799 1113 missioourit's

1094 1139 1273 1211 mittendis,
1297 1157 1334 1203 oc
1356 1140 1618 1221 christifidelibus
1641 1143 1800 1206 uniuscu-

253 959 430 1023 tradictores
452 963 635 1025 auctoritate
655 969 760 1024 nostra
772 958 934 1040 praedicta,
947 973 997 1035 ap-

252 1052 418 1131 pellatione
431 1055 609 1133 postposita,
622 1054 854 1132 compescendo.
864 1050 934 1112 Non
947 1050 996 1113 ob·

83 1161 236 1214 unsuaeon-
252 1146 402 1208 stantibus
423 1149 492 1226 piae
508 1149 679 1210 memoriae
694 1146 838 1209 Bonilaeii
853 1144 910 1207 ΡΡ.
920 1144 995 1206 Vlll.

80 1216 186 1274 lvnatoriae
213 1221 224 1255 e

79 1275 209 1326 ,tercgalonae

227 1217 345 1302 ‘etiam
366 1241 607 1319 praedecessoris
621 1242 730 1314 nostri,
747 1247 779 1302 et
793 1239 860 1301 aliis
881 1245 998 1318 aposto·

251 1332 317 1395 licis
337 1333 610 1398 constitutionibus
624 1334 786 1398 contrariis
800 1333 1000 1412 quibuscum·

251 1443 322 1506 qne.
348 1427 410 1490 hut
431 1427 456 1488 si
471 1426 566 1505 aliqui
587 1444 681 1506 super
701 1427 928 1506 provisionibus
942 1425 998 1486 sibi

251 1519 399 1584 iaciendis
420 1520 457 1582 de
478 1519 606 1582 abbatiis
634 1519 812 1584 huiusmodi
841 1518 997 1597 speciales,

251 1614 302 1678 vel
323 1614 391 1675 aliis
413 1613 569 1676 beneficiis
584 1613 794 1676 ecclesiasticis
810 1612 842 1674 in
858 1611 918 1673 illis
932 1627 999 1689 par-

250 1711 334 1772 tibus
356 1707 514 1786 generales
536 1707 634 1770 diotae
649 1705 736 1770 Sedis
757 1714 810 1769 aut
824 1705 997 1782 legatorum

251 1804 319 1866 eius
343 1802 447 1865 literas
468 1800 676 1878 impetrarint,
700 1798 819 1860 etiamsi
834 1813 889 1876 per
903 1795 998 1858 easad

251 1895 487 1968 inhibitionem,
508 1891 755 1955 reservationem
776 1899 808 1952 et
827 1891 999 1964 decretum,

251 1988 303 2049 vel
324 1988 398 2070 alias
419 1985 651 2064 quomodolibet
665 1985 705 2046 sit
719 1998 910 2063 processum,
933 1983 1000 2060 qui-

245 2079 310 2148 bus
339 2079 486 2142 omnibus
507 2086 539 2140 te
564 2079 596 2140 in
623 2077 873 2155 assequutionem
891 2077 1001 2168 ⁰dictae

251 2171 394 2234 abbatiae
423 2172 571 2234 volumus
602 2170 769 2247 anteferri,
797 2168 848 2231 sed
875 2168 999 2232 nullum

252 2283 309 2346 per
330 2267 390 2328 hoc
405 2267 460 2340 eis,
476 2263 575 2343 quoad
598 2264 848 2343 assequutionem
870 2263 1002 2324 abbatia·

251 2377 326 2424 rum
349 2358 401 2420 vel
421 2357 657 2431 beneficiorum,
684 2357 820 2419 alterum
849 2354 1002 2434 praeiudi-

252 2454 339 2516 cium
355 2452 513 2529 generari;
536 2467 591 2512 seu
605 2450 631 2512 si
646 2449 817 2513 venerabili
838 2449 927 2512 fratri
948 2464 1002 2512 no-

250 2555 317 2608 stro
352 2545 499 2623 Episcopo
530 2543 726 2619 bisignanen.
759 2542 811 2603 vel
841 2543 1002 2620 quibusvis

251 2638 335 2714 aliis,
357 2635 568 2700 communiter
593 2642 646 2697 aut
674 2635 814 2712 divisim,
833 2636 874 2698 ab
895 2637 1000 2699 eadem

251 2735 292 2796 sit
314 2736 390 2796 sede
405 2732 560 2795 indultum
580 2732 661 2810 quod
676 2732 712 2795 ad
726 2733 938 2812 receptionem
952 2733 1001 2794 vel

253 2827 469 2907 provisionem
484 2825 612 2887 alicuius
627 2825 759 2886 minime
777 2832 955 2901 teneantur,
971 2833 1002 2887 et

251 2920 288 2982 ad
312 2919 346 2980 id
367 2918 522 2996 compelli,
544 2925 597 2980 aut
612 2917 693 2996 quod
709 2917 863 2994 interdici,
876 2935 1004 2998 snspen-

251 3015 295 3088 di,
319 3012 373 3074 vel
394 3011 655 3075 excommunicari
678 3027 741 3073 non
764 3011 892 3090 possint,
908 3014 1003 3091 quod·

251 3123 315 3185 que
338 3106 376 3168 de
397 3103 524 3166 abbatiis
545 3104 735 3179 huiusmodi,
751 3104 801 3166 vel
822 3104 889 3166 aliis
911 3106 1002 3168 bene-

252 3201 336 3263 ficiis
366 3198 579 3261 ecclesiasticis
600 3197 636 3259 ad
658 3213 766 3259 eorum
794 3197 1003 3274 collationem,

251 3290 479 3371 provisionem,
492 3289 785 3366 praesentationem,
797 3295 850 3350 aut
862 3291 1003 3367 quamvis

250 3385 350 3446 aliam
367 3382 599 3460 dispositionem
615 3381 805 3443 coniunctim
821 3380 872 3444 vel
886 3398 1002 3460 separa-

250 3479 312 3540 tim
323 3474 548 3554 spectantibus,
565 3474 644 3536 nulli
660 3474 758 3537 valeat
771 3474 939 3553 provideri,
950 3492 1004 3554 per

249 3570 363 3632 literas
383 3567 561 3647 apostolicas
581 3583 644 3629 non
664 3567 810 3629 facientes
831 3567 955 3645 plenam
974 3576 1004 3630 et

251 3677 446 3741 expressam,
454 3677 488 3723 ac
498 3659 537 3722 de
549 3660 644 3722 verbo
659 3660 838 3722 adverbum
850 3660 888 3724 de
904 3662 1005 3725 indul-

91 3783 132 3824 q„
142 3781 235 3826 mireo·
253 3767 285 3820 ιο
297 3755 481 3818 huiusmodi
502 3754 712 3830 mentionem,
735 3753 880 3816 volumus
901 3762 1003 3818 autem

82 3834 236 3946 Wlfflin?
253 3851 340 3930 quod
352 3855 387 3911 tu
403 3849 435 3908 in
450 3847 605 3926 praedicto
627 3847 756 3923 collegio
771 3847 917 3924 residere,
932 3865 1001 3910 one

83 3941 105 3984 lt‘l,

252 3958 358 4022 raque
384 3941 439 4002 tibi
464 3940 585 4003 ratione
613 3940 753 4002 muneris
781 3942 1005 4017 praesidentiae

253 4033 431 4114 praedictae
452 4032 665 4094 incumbentia
678 4042 862 4112 supportare
876 4035 1005 4096 omnino

253 4130 405 4192 tenearis.
415 4126 501 4190 Nulli
512 4141 588 4202 ergo
598 4127 729 4188 omnino
741 4128 905 4190 hominum
917 4128 1006 4191 liceat

253 4221 336 4284 hanc
358 4221 503 4300 paginam
528 4227 652 4281 nostrae
677 4220 890 4297 absolutionis,
917 4222 1006 4284 colla·

253 4315 365 4390 tionis,
387 4312 586 4392 provisionis,
607 4313 732 4388 decreti,
749 4315 885 4377 mandati
901 4328 931 4377 et
952 4331 1007 4376 vo·

251 4408 389 4472 luntatis
409 4406 593 4483 intringere,
616 4405 666 4468 vel
687 4407 717 4468 ei
737 4423 813 4468 ausu
842 4409 1006 4470 temerario

252 4500 425 4565 contraire.
440 4499 473 4562 Si
488 4501 557 4579 quis
568 4507 672 4562 autem
683 4499 740 4562 hoc
756 4506 908 4563 attentare
920 4518 1005 4581 prae-

251 4595 438 4674 sumpserit,
452 4594 699 4671 indignationem
714 4595 938 4674 omnipotentis
952 4596 1007 4659 Dei

252 4678 288 4751 ao
316 4689 483 4750 beatorum
510 4688 592 4749 Petri
620 4695 652 4749 et
677 4687 762 4750 Pauli
787 4687 1006 4767 Apostolorum

253 4782 326 4846 eius
350 4798 382 4844 se
404 4781 527 4844 noverit
549 4781 761 4844 incursurum.

294 4877 413 4937 Datum
426 4874 552 4948 Romae,
565 4873 644 4954 apud
659 4874 689 4937 S.
705 4875 832 4938 llariam
846 4876 1005 4950 llaiorem,

253 4985 342 5031 anno
364 4968 584 5030 incarnationis
609 4968 786 5031 Dominicae
811 4985 1005 5048 mucciunt,

254 5080 299 5124 rv.
318 5077 419 5123 nonas
440 5061 580 5137 ianuarii,
596 5060 708 5139 pontii.
732 5063 830 5125 nostri
852 5080 933 5126 anno
956 5080 1004 5125 111.

1370 673 1482 738 xxxt.

1096 1232 1207 1310 iosqce
1228 1232 1391 1295 missionis
1411 1232 1467 1315 (l).

1225 1403 1469 1473 Bedeotcrus
1485 1406 1544 1474 ΡΡ.
1561 1407 1630 1476 xlv.

1110 1575 1264 1647 universis
1287 1579 1535 1648 christifidelibus
1562 1589 1745 1664 praesentes

1268 1673 1373 1740 literas
1396 1674 1588 1757 inspecturis,

1090 1793 1220 1862 salutem
1242 1800 1275 1862 et
1295 1795 1494 1877 apostolicam
1518 1797 1767 1868 benedictionem.

1098 1983 1286 2047 coelestium
1298 2001 1465 2048 munerum
1484 1987 1655 2064 thesauros,
1668 2005 1803 2068 quorum

1057 2075 1279 2153 dispensatores
1308 2093 1371 2139 esse
1403 2095 1460 2140 nos
1487 2079 1587 2142 voluit
1614 2081 1801 2157 ditissimus,

1057 2168 1193 2231 libenter
1214 2170 1251 2231 iis
1273 2171 1488 2250 impartimur,
1512 2189 1589 2253 quos
1609 2190 1665 2254 pro
1693 2192 1747 2238 sua
1769 2175 1802 2237 in

1057 2262 1157 2326 Deum
1178 2271 1209 2325 et
1230 2265 1387 2341 proximos
1409 2267 1545 2350 caritate,
1569 2275 1599 2330 et
1619 2268 1803 2330 christianae

1059 2355 1217 2432 religionis
1229 2356 1295 2418 zelo
1306 2357 1483 2421 animarum
1493 2360 1623 2422 salutem
1638 2361 1724 2422 omni
1739 2369 1803 2422 stu-

1058 2448 1108 2510 dio
1129 2463 1295 2527 procurare
1316 2450 1532 2528 intelligimus,
1554 2469 1616 2532 quo
1636 2453 1670 2514 in
1688 2467 1804 2530 genere

1059 2557 1130 2604 cum
1158 2541 1318 2604 Societatis
1339 2543 1407 2606 lesu
1436 2545 1595 2622 religiosos
1624 2547 1802 2622 habeamus,

1058 2651 1173 2713 eosque
1194 2635 1226 2696 in
1241 2637 1360 2714 primis,
1377 2653 1453 2716 qnos
1467 2639 1596 2702 dilectus
1611 2640 1694 2702 iilius
1708 2641 1805 2702 Fran·

1059 2728 1156 2790 ciscns
1177 2728 1264 2805 Retz,
1287 2730 1426 2793 eiusdem
1449 2731 1608 2795 societatis
1629 2732 1696 2796 lesu
1718 2749 1805 2812 prae-

1060 2821 1177 2899 positus
1198 2822 1361 2898 generalis,
1378 2823 1416 2886 ob
1436 2825 1514 2888 hanc
1535 2841 1656 2888 causam
1670 2827 1728 2890 hoo
1739 2827 1804 2906 ipso

1060 2919 1090 2975 et
1111 2915 1372 2993 consequentibus
1399 2917 1489 2979 annis
1518 2917 1550 2979 in
1578 2917 1713 2980 diversas
1734 2935 1803 2998 pro·

1061 3007 1176 3070 vincias
1192 3007 1375 3070 christianae
1389 3009 1574 3088 reipublicae
1590 3012 1716 3074 mittere
1730 3028 1805 3075 con-

1851 2008 1994 2056 Exordium.

1060 3102 1175 3166 stituit:
1200 3099 1262 3162 Nos
1282 3117 1356 3164 sane
1376 3105 1559 3166 eorumdem
1587 3104 1804 3183 religiosorum
1836 3129 1965 3186 margum
1978 3139 2035 3186 apo.

1059 3197 1205 3276 pietatem
1228 3213 1264 3257 ac
1282 3211 1424 3274 operam,
1455 3213 1641 3276 eorumque,
1671 3200 1705 3261 ad
1728 3218 1804 3280 quos

1823 3185 1939 3233 stolicam
1959 3187 2035 3236 bene-

1823 3239 2035 3290 dictionemetin·

1060 3291 1106 3352 illi
1128 3291 1272 3352 mittendi
1294 3296 1399 3365 erunt,
1422 3289 1607 3368 religionem
1622 3301 1653 3355 et
1667 3293 1805 3358 devotio·
1823 3291 1992 3350 turgentum,

1061 3402 1132 3448 nem
1155 3384 1375 3464 spiritualibus
1387 3384 1493 3460 gratiis
1514 3385 1690 3457 contovere,
1713 3397 1805 3468 atque

1060 3495 1174 3556 augere
1195 3479 1366 3557 cupientes,
1389 3477 1527 3540 eiusdem
1548 3481 1699 3544 Francisci
1720 3499 1805 3562 prae·

1060 3573 1151 3650 positi
1172 3571 1325 3648 generalis
1353 3572 1495 3649 precibus
1520 3573 1608 3637 nobis
1634 3591 1727 3654 super
1748 3579 1806 3641 hoc

1060 3665 1225 3727 humiliter
1245 3665 1394 3743 porrectis
1421 3667 1581 3742 inclinati,
1604 3669 1748 3748 piamque
1769 3672 1806 3734 il·

1061 3759 1122 3823 lius
1143 3758 1414 3835 deliberationem,
1445 3762 1652 3840 quantumin
1674 3763 1805 3825 Domino

1061 3869 1235 3932 possumus,
1258 3867 1442 3930 promovere
1469 3852 1625 3930 volentes,
1648 3857 1686 3919 de
1706 3857 1807 3918 omni·

1061 3945 1196 4024 potentis
1218 3945 1270 4006 bei
1291 3945 1512 4019 misericordia,
1529 3962 1561 4008 ac
1576 3947 1737 4011 beatorum
1752 3950 1807 4012 Pe·

1062 4039 1103 4100 tri
1124 4047 1155 4100 et
1174 4037 1260 4099 Pauli
1289 4037 1507 4116 Apostolorum
1532 4039 1597 4102 eius
1625 4043 1805 4105 auctoritate

1062 4131 1184 4206 contisi,
1207 4130 1352 4194 omnibus
1373 4138 1404 4191 et
1425 4131 1555 4208 singulis
1580 4134 1677 4196 dictae
1705 4134 1807 4198 Socie-

1063 4225 1132 4288 tatis
1158 4223 1310 4301 religiosis
1337 4223 1498 4288 mittendis
1526 4224 1592 4306 (nbi
1615 4235 1718 4289 tamen
1741 4243 1805 4290 non

1063 4324 1156 4380 erunt
1181 4317 1367 4378 missionarii
1394 4317 1649 4395 congregationis
1676 4322 1713 4384 de
1735 4320 1806 4383 Pro·

1062 4409 1198 4490 paganda
1210 4409 1296 4487 Fide)
1317 4417 1348 4471 et
1362 4410 1428 4472 aliis
1443 4411 1606 4491 utriusque
1621 4429 1712 4477 sexus
1725 4415 1807 4478 chri-

1062 4502 1255 4578 stifidelibus,
1278 4503 1314 4564 ad
1335 4518 1412 4581 quos
1433 4503 1490 4581 ipsi
1511 4505 1655 4568 mittendi
1676 4523 1807 4570 accesse-

1063 4595 1138 4671 rint,
1154 4603 1292 4657 nostram
1304 4601 1335 4655 et
1346 4595 1542 4672 apostolicam
1558 4596 1807 4660 benedictionem

1061 4704 1116 4767 per
1130 4695 1307 4767 praesentes
1318 4688 1531 4766 impartimur;
1548 4706 1683 4754 necnon
1699 4692 1807 4754 iisdem

1063 4797 1137 4843 vere
1164 4781 1397 4860 poenitentibus
1417 4788 1449 4843 et
1477 4781 1637 4859 confessis,
1666 4801 1699 4847 ac
1724 4801 1807 4847 sacra

1064 4877 1292 4938 communione
1314 4875 1448 4950 relectis,
1465 4876 1519 4954 qui
1536 4892 1592 4954 pro
1607 4877 1735 4940 Sanctae
1749 4880 1808 4940 llo·

1064 4985 1175 5032 manae
1208 4969 1360 5031 Ecclesiae
1392 4969 1599 5046 exaltatione,
1631 4971 1807 5050 principum

1063 5061 1305 5125 christianorum
1327 5061 1456 5137 unione,
1483 5061 1659 5125 infidelium
1679 5079 1808 5126 conver-

1062 5157 1162 5231 sione,
1191 5155 1354 5217 haeresum
1384 5157 1600 5236 estirpatione,
1625 5166 1717 5235 prout
1739 5159 1807 5220 uni·

1064 5249 1175 5328 cuique
1190 5257 1337 5326 suggeret
1353 5250 1486 5326 devotio,
1499 5250 1561 5328 pias
1580 5252 1614 5312 ad
1629 5250 1729 5314 Deum
1740 5269 1807 5331 pre-

1063 5359 1113 5406 ces
1135 5343 1319 5418 elluderint,
1347 5342 1518 5422 plenariam
1540 5345 1683 5406 omnium
1704 5362 1806 5425 pecca-

1064 5443 1168 5501 torum
1195 5454 1325 5500 suorum
1351 5437 1579 5514 indulgentiam
1600 5447 1632 5500 et
1653 5441 1807 5505 remissio-

1064 5546 1138 5592 nem
1160 5529 1403 5592 misericorditer
1423 5529 1455 5590 in
1477 5529 1608 5592 Domino
1626 5535 1809 5598 auctoritate

1063 5622 1238 5702 apostolica,
1262 5629 1372 5684 tenore
1393 5623 1618 5702 praesentium,
1640 5641 1696 5706 pro
1718 5629 1808 5691 unica

1065 5718 1132 5779 vice
1161 5716 1336 5791 dumtaxat,
1365 5732 1421 5795 pro
1449 5733 1635 5798 unaquaque
1660 5721 1807 5786 missione

300 5940 333 5995 (1)
351 5941 387 5982 Ex
401 5937 502 5984 Archiv.
519 5938 710 5996 typographiae
723 5941 784 5984 Rev.
801 5941 925 5985 camerae
939 5935 1108 5996 apostolicae.
