4856 6984
329 565 426 620 1110.
449 567 516 658 1152
566 563 626 628 516

546 705 676 766 stianam
691 700 911 781 rempublicam
926 707 1052 764 auctore
1065 699 1191 763 Diabolo
1206 699 1292 762 inve-

546 804 644 873 ctum,
667 812 738 859 cum
760 811 883 874 semper
904 801 1042 857 execrata
1061 793 1101 856 sit
1121 803 1214 871 atque
1236 792 1294 854 im-

548 890 683 969 probarit
695 889 838 964 Ecclesia,
853 895 920 951 tum
932 889 1096 968 praecipuo
1112 887 1143 949 in
1158 902 1226 950 eam
1241 903 1292 948 cu·

547 983 737 1060 ramstudio,
754 981 925 1060 vigilantia,
939 999 971 1046 ac
989 980 1056 1044 zelo
1081 980 1292 1044 incubuerunt

546 1075 677 1138 Romani
691 1074 866 1152 Pontifices,
879 1083 914 1137 ut
928 1091 943 1136 a
956 1074 1094 1137 fidelium
1116 1082 1204 1136 coetu
1226 1073 1292 1136 lon·

548 1168 673 1246 gissime
687 1175 854 1231 arceretur.
872 1167 961 1242 Nam,
974 1176 1009 1230 ut
1031 1167 1205 1246 antiquiora
1221 1166 1292 1228 mit·

548 1270 649 1326 tamus
684 1263 953 1341 praedecessorum
990 1267 1167 1323 nostrorum
1203 1259 1292 1322 Nico-

548 1357 587 1419 lai
612 1356 634 1418 l.
665 1353 721 1432 (1),
752 1351 918 1417 Caelestini
945 1353 1007 1430 lll.,
1037 1351 1211 1415 innocentii
1241 1352 1291 1427 li.,

548 1449 680 1526 Eugenii
703 1449 766 1523 ht,
792 1447 958 1510 Alexandri
986 1447 1115 1529 111.(2),
1144 1448 1292 1510 1110001-

550 1544 584 1605 tii
606 1541 658 1606 lV.
681 1538 727 1622 (3)
748 1542 894 1604 adversus
915 1541 1089 1620 singulares
1104 1555 1221 1618 pugnas
1243 1539 1294 1601 de·

548 1643 642 1710 creta,
665 1641 773 1698 extant
795 1635 981 1697 recentiores
1003 1633 1194 1713 Apostolicae
1210 1633 1294 1697 Sedis

548 1729 805 1805 constitutiones,
836 1728 947 1807 quibus
975 1727 1106 1791 Romani
1131 1728 1294 1790 Pontifices

548 1824 646 1886 lulius
666 1824 702 1885 ll.
720 1821 778 1902 (1),
800 1823 910 1885 Leoll.
929 1819 986 1901 (ii),
1000 1821 1143 1886 Clement
1155 1821 1219 1884 llll.
1236 1819 1293 1903 (d),

549 1933 582 1979 ac
603 1917 729 1979 demum
751 1915 822 1977 Pius
845 1916 895 1978 tv.
921 1917 978 1996 (7),
1001 1917 1196 1993 gravissimas
1224 1931 1296 1994 poe·

550 2026 604 2072 nas
626 2015 714 2071 antea
744 2016 870 2071 statutas
903 2011 1139 2085 confirmarunt,
1162 2010 1295 2088 aliasque

550 2105 587 2165 de
609 2119 691 2165 noro
719 2103 902 2166 addiderunt
929 2111 1035 2164 contra
1064 2103 1236 2166 duellantes
1257 2118 1295 2164 ex

550 2212 747 2276 quacumque
769 2212 868 2270 causa,
882 2196 975 2258 etiam
990 2213 1044 2275 per
1064 2195 1234 2258 saeculares
1248 2212 1296 2258 re-

550 2291 681 2367 gionum
694 2300 746 2352 aut
762 2291 901 2354 locorum
918 2290 1004 2367 leges
1020 2290 1120 2352 forsan
1136 2291 1295 2369 permissa,

550 2384 663 2446 adiecta
679 2384 816 2459 infamia,
828 2384 1046 2463 bonorumque
1061 2383 1294 2462 proscriptione,

550 2477 643 2539 etiam
664 2479 810 2540 adversus
838 2475 1000 2556 complices
1026 2493 1058 2538 ac
1083 2476 1245 2555 participes
1267 2483 1297 2538 et

549 2568 810 2648 qualemcumque
831 2585 956 2649 operam
979 2569 1087 2632 iisdem
1103 2567 1295 2648 praebentes.

361 2678 463 2740 1010100
487 2686 531 2732 par
589 2663 608 2737 ἓ
632 2661 658 2722 1.
682 2661 861 2726 Tridentina
885 2677 959 2723 vero
981 2659 1122 2740 Synodos
1136 2660 1180 2739 (8)
1203 2661 1295 2722 latam

318 2729 531 2848 ἶῃῖῑὲᾅὲῑέἓῑὲξῖ
549 2755 582 2818 11
597 2771 648 2818 eos
662 2754 1016 2818 excommunicationem
1032 2756 1172 2817 extendit
1187 2755 1221 2821 ad
1239 2755 1297 2840 lm-

318 2836 531 2884 ¹¹¹¹³⁰¹¹i⁰⁵¹⁰⁰¹¹¹¹¹
550 2853 704 2927 penatores
733 2854 764 2908 et
787 2846 903 2924 Reges,
937 2849 1035 2912 Duces
1062 2863 1095 2910 ac
1125 2847 1295 2925 Principes,

317 2890 532 3001 ffliaffisnffi
550 2948 746 3019 caeterosque
768 2941 908 3002 dominos
931 2941 1126 3019 temporales,
1148 2941 1173 3002 si
1195 2940 1296 3002 locum

319 3008 366 3098 {¹0⁰3
380 3001 405 3044 ⁶²
417 3007 532 3054 pugnas·
550 3035 587 3096 ad
598 3033 846 3095 monomachiam
857 3034 890 3095 in
903 3035 994 3098 terris
1004 3035 1066 3098 suis
1078 3034 1297 3108 concesserint,

552 3143 585 3189 ac
610 3127 821 3189 iurisdictione
848 3135 879 3190 et
907 3127 1045 3190 dominio
1071 3128 1145 3203 loci,
1176 3127 1207 3189 in
1236 3144 1298 3206 quo

552 3219 693 3283 duellum
714 3217 782 3282 fieri
802 3220 1015 3299 permiserint,
1031 3236 1125 3300 quem
1145 3220 1182 3282 ab
1197 3220 1298 3282 Eccle-

551 3313 594 3376 sia
615 3313 785 3389 obtineant,
809 3328 846 3375 eo
867 3313 932 3393 ipso
954 3314 1088 3392 privatos
1120 3313 1295 3376 declaravit.

554 3407 791 3470 committentes
826 3422 901 3469 vero
934 3422 1090 3485 pugnam,
1127 3421 1299 3484 eorumque

552 3501 709 3582 patrinos,
738 3501 1069 3567 excommunicationis
1094 3516 1127 3564 ac
1155 3501 1298 3562 omnium

552 3596 706 3657 bonorum
721 3596 965 3675 proscriptionis,
982 3612 1040 3658 nec
1055 3611 1118 3657 non
1133 3600 1299 3674 perpetuae

554 3691 697 3754 infamiae
718 3707 850 3770 poenam
871 3691 1031 3754 incurrere
1059 3690 1182 3764 statuit;
1205 3695 1249 3762 et,
1272 3687 1297 3749 si

553 3788 585 3850 in
606 3777 673 3868 'ipso
694 3787 841 3850 conflictu
869 3787 1072 3860 decesserint,
1095 3781 1298 3846 ecclesiastica

551 3883 711 3962 sepultura
732 3889 882 3963 perpetuo
903 3882 1051 3944 carituros
1073 3879 1219 3942 decrevit.

352 3995 399 4040 cro
417 4004 452 4038 or.
469 3993 532 4039 xnr.
592 3980 612 4054 ἓ
631 3979 661 4040 2.
686 3979 766 4042 Cum
781 3993 855 4040 vero
871 3974 1011 4054 praelatis
1032 3971 1241 4036 saluberrimis
1256 3971 1299 4034 le-

322 4057 534 4146 flignfflcpgss}
552 4073 643 4151 gibus
657 4071 811 4135 iudicialis
825 4071 984 4132 dumtaxat
999 4085 1032 4131 ac
1047 4066 1198 4129 solemnia
1214 4064 1299 4128 duel-

321 4153 536 4262 {dpssifflflssfi
553 4169 581 4231 la
602 4168 822 4247 comprehensa
851 4181 884 4227 ac
905 4163 1074 4243 proscripta
1102 4161 1297 4235 uiderentur,

322 4261 348 4308 ¹³
363 4261 499 4317 1110111111-
553 4265 621 4344 piae
642 4261 809 4324 memoriae
829 4259 1042 4339 praedecessor
1057 4263 1164 4318 noster
1184 4255 1298 4332 Grego-

554 4359 619 4419 rius
640 4357 717 4435 Papa
739 4354 816 4419 Xltl.
840 4353 885 4434 (9)
909 4351 1088 4413 huiusmodi
1116 4365 1228 4430 poenas
1248 4349 1298 4411 ad·

553 4467 663 4513 versus
683 4465 734 4511 eos
750 4463 858 4509 omnes
873 4444 1025 4518 extendit,
1042 4443 1096 4522 qui
1111 4444 1228 4506 nedum
1244 4458 1299 4520 pu·

553 4544 643 4619 blice,
665 4543 717 4605 sed
739 4543 833 4604 etiarn
853 4539 999 4618 privatim
1012 4552 1052 4599 ex
1065 4536 1217 4610 condicto,
1240 4544 1299 4597 sta·

554 4644 622 4700 tuto
644 4644 783 4714 tempore
804 4642 835 4696 et
855 4634 933 4708 loco,
951 4630 1198 4694 monomachiam
1215 4643 1298 4690 com·

554 4729 708 4804 miserint,
731 4728 850 4789 etiamsi
879 4725 957 4788 nulli
982 4723 1097 4804 patrini
1126 4722 1241 4784 sociive
1262 4723 1297 4784 ad

555 4823 582 4884 id
605 4822 704 4885 vocati
725 4820 855 4895 fuerint,
872 4818 998 4881 necloci
1020 4816 1168 4879 securitas
1183 4814 1296 4890 habita,

554 4915 698 4980 nullaene
719 4913 950 4994 provocatoriae
968 4913 1086 4988 literae,
1103 4917 1155 4971 aut
1177 4907 1297 4970 denun-

553 5009 690 5073 ciationis
711 5008 867 5072 chartulae
888 5005 1121 5085 praecesserint.

336 5107 364 5150 nt
380 5102 454 5148 crem.
470 5104 533 5149 Vffl·
593 5106 612 5180 ἓ
632 5105 662 5166 3.
686 5102 828 5180 lienique
858 5100 909 5163 fel.
934 5097 1050 5162 record.
1078 5097 1223 5160 Clemens
1244 5095 1296 5156 Pa-

322 5156 413 5203 lisdem
450 5156 535 5202 obno-
746 5195 752 5206 ,

323 5209 536 5256 100110101-
553 5213 590 5278 pa
612 5196 689 5260 Vlll.
712 5202 806 5257 ettam
834 5191 1046 5273 praedecessor
1076 5195 1198 5266 noster,
1227 5204 1296 5267 apo·

1070 578 1132 623 11111.
1159 577 1249 622 honr.
1273 575 1313 621 DE
1335 576 1363 620 P·
1388 576 1416 620 F.
1442 575 1523 621 PARS
1548 577 1566 620 Ι.

2123 559 2179 610 An.
2193 560 2223 611 G.
2245 559 2325 610 1752

1346 695 1465 759 stolicas
1487 697 1697 759 Romanorum
1720 699 1838 759 ante'se
1852 695 2039 760 Pontificum
2048 696 2091 758 le·
2111 716 2156 754 nas
2178 705 2339 768 consutum.

1347 803 1401 864 ges
1422 804 1531 852 omnes
1562 798 1593 853 et
1614 805 1726 868 poenas
1747 791 1779 852 in
1801 790 1845 852 eis
1875 797 2015 865 statutas,
2037 807 2090 852 sua
2111 759 2341 874 bilibit&

1348 886 1580 962 constitutione,
1593 903 1673 966 quae
1688 886 1795 966 incipit
1812 886 1906 949 filins
1918 886 2010 959 vices,
2025 885 2090 948 data
2111 870 2339 978 ᾗῑέῃζῗῇξξξὲῗ

1348 994 1413 1040 xxx.
1437 977 1498 1041 lxal.
1521 979 1705 1058 septembris
1726 995 1807 1044 anno
1830 995 1954 1042 naxon.
1979 980 2092 1042 diserte
2111 985 2143 1022 cu
2174 1009 2181 1021 ·

1348 1071 1538 1150 complexus,
1551 1073 1673 1136 easdem
1695 1073 1837 1138 extendit
1858 1074 1892 1135 ad
1908 1087 2015 1134 omnes
2030 1087 2092 1134 non

1348 1167 1448 1230 solum
1477 1168 1580 1232 duello
1601 1176 1771 1242 certantes,
1794 1169 1846 1230 sed
1868 1168 1962 1230 etiam
1984 1182 2092 1246 proro-

1348 1268 1463 1336 cantes,
1480 1263 1656 1337 suadentes,
1669 1277 1776 1340 equos,
1793 1276 1887 1336 arma,
1905 1267 2094 1323 commeatus

1349 1355 1542 1431 praebentes,
1554 1356 1756 1432 comitantes,
1780 1356 1946 1431 chartulas,
1963 1353 2092 1429 libellos,

1350 1447 1509 1511 manifesta
1532 1449 1704 1523 mittentes,
1727 1447 1898 1510 scribentes
1923 1448 1972 1510 uel
1994 1446 2094 1508 divul-

1350 1549 1468 1618 gantes,
1491 1550 1545 1604 aut
1566 1543 1795 1620 quomodolibet
1811 1543 1890 1605 circa
1910 1543 1966 1604 ista
1989 1556 2096 1619 coope-

1350 1640 1467 1712 rantes;
1482 1637 1589 1710 socios,
1602 1636 1749 1714 patrinos,
1763 1636 1800 1700 de
1814 1635 1966 1699 industria
1980 1645 2096 1714 specta·

1349 1737 1443 1803 tores,
1461 1729 1606 1803 lautores,
1623 1730 1764 1792 criminis
1779 1730 1905 1793 demum
1921 1730 2093 1808 participes,

1349 1822 1487 1902 illudque
1500 1825 1717 1902 permittentes
1733 1824 1794 1898 vel,
1808 1831 1962 1902 quantum
1976 1824 2008 1885 in
2024 1824 2095 1902 ipsis

1349 1925 1406 1991 est,
1423 1933 1485 1979 non
1509 1917 1720 1996 prohibentes,
1734 1935 1767 1980 ac
1778 1916 2032 1996 delinquentibus
2044 1934 2096 1979 ve·

1349 2010 1434 2072 niam
1448 2019 1479 2074 et
1501 2011 1719 2090 impunitatem
1744 2013 1958 2087 concedentes,
1979 2011 2095 2089 quique

1349 2119 1382 2166 se
1403 2105 1565 2182 praedictis
1596 2104 1816 2183 quoquomodo
1848 2103 2094 2181 immiscuerint;

1349 2196 1470 2258 etiamsi
1492 2212 1595 2276 neque
1616 2212 1739 2276 pugnae
1764 2197 1902 2272 effectus,
1925 2213 2028 2275 neque
2049 2214 2095 2259 ac·

1350 2307 1453 2353 cessus
1474 2289 1510 2350 ad
1532 2290 1635 2354 locum
1655 2291 1695 2352 sit
1715 2291 1934 2369 subsequutus.

1390 2386 1409 2460 5
1429 2385 1457 2445 1.
1483 2384 1536 2446 llis
1559 2392 1621 2446 tam
1642 2383 1808 2462 sapienter,
1828 2391 1890 2446 tam
1912 2391 2027 2463 aperte,
2050 2392 2095 2446 at·
2127 2387 2336 2452 assertionesaa
2424 2391 2425 2460 (

1351 2494 1411 2557 que
1433 2477 1593 2556 perspicue
1613 2477 1651 2539 ab
1666 2477 1798 2540 Ecclesia
1821 2484 1852 2538 et
1872 2441 2336 2556 0111010101ἒιΙῗέῗιὲῗὲἓιῗὲἷζ

1352 2571 1429 2634 Sede
1450 2571 1639 2646 constitutis,
1662 2570 1794 2632 dubitari
1815 2570 1876 2632 iam
1894 2570 1982 2633 nullo
2004 2570 2096 2632 modo
2114 2549 2268 2595 damnatae.

1351 2678 1437 2742 posse
1449 2663 1622 2738 ridebatur,
1636 2663 1712 2742 quin
1729 2663 1832 2725 duella
1842 2663 1947 2725 omnia
1962 2671 2025 2724 tam
2041 2680 2095 2742 pu-

1351 2756 1440 2831 blica,
1462 2771 1555 2834 quarn
1578 2757 1707 2834 privata,
1730 2764 1761 2818 et
1783 2756 1916 2819 naturali
1938 2763 1970 2817 et
1990 2757 2096 2819 divino

1352 2856 1382 2911 et
1403 2849 1606 2911 ecclesiastico
1628 2849 1697 2912 iure
1719 2865 1844 2929 prorsus
1865 2849 1981 2923 illicita,
2002 2849 2097 2912 vetita

1350 2950 1442 3020 atque
1464 2944 1605 3004 damnata
1627 2943 1746 3004 censeri
1762 2941 1920 3004 deberent.
1945 2939 2005 3006 Sed
2020 2958 2098 3005 non-

1352 3034 1431 3097 nulli
1446 3051 1553 3097 earum
1565 3034 1671 3112 legum
1683 3036 1879 3113 interpretes,
1889 3051 1944 3114 per
1957 3035 2098 3113 benigni-

1354 3129 1422 3192 tatis
1436 3129 1570 3207 speciem
1584 3130 1727 3191 humanis
1743 3129 1907 3209 pravisque
1923 3130 2097 3208 cupiditati·

1352 3223 1408 3284 bus
1419 3222 1488 3300 plus
1504 3238 1600 3301 aequo
1617 3221 1765 3297 faventes,
1779 3222 1956 3300 apostolicas
1967 3223 2098 3285 sanctic-

1352 3332 1407 3379 nes
1421 3317 1456 3378 ad
1472 3324 1613 3393 corrupta
1629 3317 1796 3377 hominum
1812 3315 1923 3378 iudicia
1938 3315 2097 3380 inflecten-

1352 3415 1397 3470 tes
1415 3425 1448 3470 ac
1471 3417 1689 3486 temperantes,
1711 3408 1817 3481 licere,
1835 3408 2020 3486 docuerunt,
2032 3407 2097 3488 (10)

1352 3505 1421 3565 uiro
1448 3503 1587 3582 equestri
1619 3503 1761 3566 duellum
1789 3507 1972 3580 acceptare,
1995 3519 2034 3564 ne
2057 3505 2097 3565 ti·

1352 3602 1516 3665 niditatis
1528 3605 1638 3662 natam
1650 3597 1829 3676 apndolias
1852 3599 2018 3662 incurrat.-
2033 3599 2096 3681 (ll)

1353 3695 1415 3762 nas
1437 3715 1500 3761 esse
1515 3699 1695 3780 defensione
1711 3699 1857 3772 occisioa,
1877 3696 2018 3774 eclipsis
2040 3697 2097 3758 cle·

1354 3794 1432 3854 riuis
1461 3811 1498 3854 ac
1519 3793 1689 3872 religiosis,
1723 3794 1809 3855 tueri
1838 3792 2097 3868 honorandum

1353 3890 1420 3952 alia
1443 3887 1650 3951 declinandae
1672 3889 1855 3952 calumniae
1875 3889 2004 3951 aionon
2024 3905 2097 3966 sap-

1353 3991 1455 4062 petat,·
1466 3980 1531 4064 (la)
1546 3982 1875 4062 propulsandaque,
1891 3983 2098 4062 010001101-

1353 4097 1415 4157 qua
1427 4078 1548 4140 indicis
1563 4080 1723 4141 scatentia
1739 4084 1825 4141 carto
1837 4080 2019 4152 inmineat·
2034 4077 2098 4160 (13)

1354 4172 1520 4255 defendere
1534 4181 1597 4232 non
1611 4174 1714 4234 solun
1730 4189 1808 4250 qnae
1821 4172 2027 4250 possidemus,
2046 4171 2099 4233 sed

1353 4267 1451 4328 etiam
1473 4282 1521 4336 ea,
1545 4264 1586 4327 ad
1613 4282 1692 4343 quac
1715 4267 1767 4328 ius
1797 4265 1985 4327 inchoatum
2007 4263 2099 4328 babe-

1353 4375 1443 4432 mus,
1467 4359 1543 4421 dun
1575 4359 1643 4422 alia
1669 4359 1723 4421 oia
1746 4359 1779 4420 id
1808 4359 1932 4436 assequi
1961 4374 2025 4419 nora
2045 4375 2098 4421 oa·

1354 4453 1487 4524 tecnas,
1513 4451 1592 4527 Quas
1621 4451 1746 4530 quidem
1773 4451 1958 4513 assertiones
1990 4450 2099 4514 duellis

1352 4547 1503 4619 faventes,
1516 4543 1688 4623 hpostolica
1709 4543 1803 4606 Sedes
1817 4559 1945 4606 censura
1967 4545 2097 4621 nonsit,

1353 4637 1470 4714 reiecit,
1493 4638 1682 4716 proscripsit.

1391 4731 1462 4807 sb.
1490 4729 1529 4792 Et
1564 4730 1770 4792 nihilominus
1800 4729 1974 4794 extiterunt
2005 4747 2097 4809 qnam
2166 4737 2347 4782 instauratae

1433 4827 1437 4837 .
1632 4825 1637 4834 .
1770 4825 1786 4835 ..
1876 4823 1881 4834 .
1955 4823 1961 4834 .
2118 4785 2348 4845 laxioresopinio-

1353 4842 1494 4906 proxume
1521 4830 1710 4886 recentiores
1738 4822 2163 4902 aln,qurets1duella‚n0s
2187 4842 2347 4889 rovenses
2424 4875 2425 4890 .

2118 4895 2270 4942 duellorum
2295 4898 2347 4943 ab·

1353 4919 1402 4980 rel
1429 4918 1489 4980 odii
1511 4918 1561 4979 nel
1591 4917 1744 4980 vindictae
1772 4916 1822 4978 vel
1843 4917 1969 4978 honoris
1989 4916 2098 4979 tuendi
2118 4960 2192 4994 usum

1351 5029 1439 5076 causa
1455 5011 1504 5074 rel
1520 5011 1644 5073 levioris
1667 5010 1818 5072 momenti
1834 5024 1883 5070 res
1897 5009 2098 5088 fortunasque

1351 5106 1506 5179 servandi,
1534 5106 1687 5167 fateantur
1708 5103 1826 5177 illicita,
1846 5102 1912 5164 aliis
1935 5109 2038 5164 tamen
2066 5103 2098 5164 in

1351 5199 1591 5264 circumstantiis
1612 5207 1643 5261 et
1663 5197 1780 5260 casibus
1801 5197 1851 5259 vel
1873 5194 2100 5300 0111101110(-

1061 5352 1185 5360 -.----
1193 5351 1360 5358 ---—--
1368 5348 1591 5356 .--.-..---.--.

594 5435 624 5492 (1)
640 5433 720 5490 aptat.
736 5434 762 5476 L.
778 5431 811 5476 ad
825 5429 947 5476 carolum
962 5427 1076 5473 calvum.

594 5501 624 5556 (1)
639 5503 668 5546 11
682 5498 778 5544 concil.
793 5494 965 5542 Lateranensi
978 5505 1033 5551 cap.
1050 5496 1060 5537 1
1075 5495 1102 5538 ct
1116 5494 1298 5538 scenomata

553 5572 656 5617 amatu,
678 5567 724 5612 ubi
742 5566 826 5612 trium
847 5563 1078 5622 praedecessorum
1097 5561 1203 5607 decreta
1217 5561 1298 5606 citan-

553 5639 604 5681 tur.

593 5705 623 5759 (3)
638 5705 666 5748 11
681 5702 762 5759 Epist.
777 5701 810 5746 ad
825 5697 1046 5756 archiepiscopos,
1061 5697 1209 5754 Episcopus,
1223 5697 1300 5742 alios-

553 5781 603 5827 que
616 5767 807 5815 eoclesiasticos
821 5766 896 5824 regni
910 5764 1126 5821 11010100,ορυά
1140 5765 1249 5821 Raynal.
1265 5765 1297 5810 ad

553 5847 612 5882 ann.
628 5847 713 5881 nacci.
729 5845 801 5881 num.
817 5837 850 5879 31.
1185 5827 1189 5834 '

593 5904 624 5960 (1)
640 5901 748 5948 constit.
764 5901 840 5958 incip.
856 5905 933 5954 Regis
945 5905 1057 5956 10011101.

595 5969 624 6026 (5)
640 5968 747 6014 constit.
765 5972 849 6021 Quam
864 5973 915 6014 Deo
929 5973 953 6014 et
966 5971 1126 6014 hominibus.

1393 5425 1423 5480 (6)
1439 5423 1546 5470 constit.
1565 5425 1706 5468 Corasueutt
1720 5425 1861 5466 Romanus
1876 5423 2008 5470 Palatina.

1393 5493 1423 5547 (7)
1439 5491 1547 5537 constit.
1562 5494 1607 5540 Ea,
1625 5501 1693 5544 qnae
1706 5501 1724 5534 a
1734 5489 1992 5542 praedecessoribus.

1393 5560 1424 5616 (8)
1440 5563 1507 5605 sess.
1522 5560 1557 5614 25,
1571 5569 1625 5616 cap.
1643 5560 1676 5613 19,
1690 5558 1722 5602 de
1736 5555 1849 5602 Reform.

1393 5629 1424 5682 (a)
1440 5627 1548 5672 constit.
1565 5631 1604 5672 Aci
1618 5629 1773 5671 tollendum.

1393 5695 1437 5751 (10)
1452 5697 1482 5740 ll.
1498 5697 1572 5751 Prop.
1588 5705 1618 5739 ex
1633 5693 1766 5738 damnatis
1780 5693 1813 5738 ab
1827 5691 1973 5737 Alexandro
1988 5691 2037 5733 Vll.

1394 5763 1437 5817 (11)
1452 5765 1526 5807 tht.
1542 5765 1614 5817 Prop.
1630 5772 1662 5804 ex
1676 5760 1809 5806 damnatis
1823 5760 1855 5805 ab
1870 5759 1968 5804 eodem.

1393 5830 1436 5885 (121
1452 5833 1537 5874 Xt'tll.
1553 5831 1627 5884 Prop.
1643 5827 1780 5872 abeodem
1796 5825 1929 5872 damnate.

1392 5899 1436 5954 (13)
1451 5899 1548 5942 XXXII.
1565 5898 1638 5952 Prop.
1654 5906 1685 5940 ex
1699 5894 1832 5940 damnatis
1846 5894 1879 5939 ab
1893 5893 2044 5940 innocentio
2055 5895 2097 5939 XI.
