4708 6978
56 625 94 676 11.
106 620 130 670 0.
150 615 214 667 1746

882 619 1077 667 eenenlc'tt's
1102 619 1162 662 xlv.

245 746 456 826 maximopere
475 746 664 809 admiramur
677 741 838 823 quidquid,
854 739 940 803 vobis
953 739 991 800 si-

244 840 476 918 guttantibus,
492 856 508 900 a
522 837 766 902 fraternitatibus
781 833 892 898 vestris
908 841 992 896 tanto

242 949 316 996 cum
347 941 470 995 vestrae
499 932 675 1009 dignitatis,
708 931 804 992 vestri
836 926 990 1000 nominis,

242 1029 433 1106 adeptaeque
454 1027 533 1105 apud
555 1040 663 1087 omnes
682 1025 788 1098 bonos,
805 1029 897 1100 atque
912 1019 990 1097 apud

243 1119 277 1184 S.
301 1121 414 1183 Sedem
445 1118 614 1199 praeclarae
644 1116 799 1196 opinionis
831 1115 991 1187 dedecore,

242 1213 360 1276 damno
380 1230 414 1275 ac
436 1213 549 1274 iactura
581 1211 696 1273 factum
728 1217 912 1286 gestumque
933 1207 990 1283 sit3

243 1305 329 1369 unde
350 1321 423 1368 cum
445 1304 590 1384 apostolo
603 1302 696 1365 Paulo
711 1302 852 1378 gentium
868 1302 992 1363 doctore

241 1402 418 1466 exclamare
441 1407 471 1463 et
496 1400 657 1478 deplorare
681 1397 842 1473 cogimur:
877 1395 993 1456 Garra-

242 1493 330 1558 batis
363 1491 447 1568 deae,
482 1494 630 1572 31113133
659 1489 825 1567 impedivit
857 1486 991 1548 11111311

242 1605 309 1650 aaa
341 1587 488 1650 obediret
518 1586 660 1664 3313331
692 1579 895 1666 fascinavit?
915 1579 992 1640 llaec

241 1681 383 1760 profecto
409 1687 583 1742 vestrarum
612 1676 841 1740 sententiarum
863 1681 925 1734 tam
947 1671 993 1731 in·

241 1775 366 1852 opinata
389 1783 420 1836 et
439 1774 538 1836 subita
561 1771 702 1845 mutatio,
725 1785 803 1849 quae
824 1775 907 1830 certe
928 1780 991 1828 non

241 1877 293 1931 est
313 1866 407 1944 aliud,
430 1867 489 1930 nisi
511 1874 586 1928 sunt
606 1863 702 1943 aliqui
722 1863 775 1942 qui
797 1877 853 1924 vos
867 1866 993 1923 contur-

240 1962 329 2037 bant,
347 1960 445 2038 magis
463 1960 623 2038 magisque
639 1959 670 2020 in
686 1956 922 2020 admirationem
937 1969 993 2015 nos

240 2056 380 2120 adducit.
404 2054 521 2119 Verum
550 2062 719 2130 utcumque
747 2065 850 2112 resse
872 2048 991 2121 habeat,

240 2149 385 2228 quisquis
412 2147 502 2210 aliter
528 2147 563 2208 ad
585 2162 639 2206 vos
659 2145 771 2207 scribat
792 2153 845 2205 aut
867 2140 990 2214 referat,

211 2258 337 2324 ‚quarn
360 2241 442 2322 quod
464 2239 707 2303 fraternitatibus
734 2237 846 2298 vestris
867 2252 882 2294 a
905 2235 992 2296 nobis

79 3383 125 3428 1131
141 3381 222 3426 inobe-

56 3435 117 3478 laua'a
149 3445 222 3480 man-

53 3491 96 3534 datu
115 3491 132 3534 S.
153 3487 222 3534 Sedis

52 3543 222 3587 eniauateredo

53 3595 56 3638 1
68 3607 88 3638 as
102 3595 152 3638 foret
168 3605 223 3639 een·

53 3649 222 3704 sadspanienda,

54 3707 223 3748 3313133333-

55 3761 76 3800 :rt
85 3756 185 3800 13311131.

240 2337 424 2399 iniunctum
454 2341 714 2414 praeceptumque
735 2330 793 2393 fuit
815 2346 870 2410 per
890 2345 993 2408 saepe-

240 2431 339 2492 dictas
360 2435 480 2492 nostras
510 2427 625 2502 literas,
649 2433 716 2489 tum
738 2424 837 2503 quoad
859 2423 990 2485 debitam

240 2523 367 2585 laudato
399 2521 591 2584 Patriarchae
621 2520 740 2585 Simoni
772 2518 992 2591 obedientiam,

241 2625 315 2680 tum
330 2617 428 2696 quoad
444 2617 599 2692 integram
613 2613 712 2678 dictae
724 2611 838 2690 Synodi
854 2611 990 2672 libanen-

239 2711 286 2771 sis
306 2709 546 2783 observantiam,
569 2715 636 2770 tum
658 2706 756 2786 quoad
782 2705 854 2766 alias
876 2712 993 2782 aposto-

240 2802 321 2864 licae
343 2802 557 2881 providentiae
577 2799 800 2873 ordinationes,
823 2799 884 2859 isa
906 2796 993 2857 vobis

240 2901 406 2974 tamquam
427 2894 560 2957 mendax
582 2901 612 2954 et
631 2894 775 2954 seductor
796 2891 925 2953 omnino
946 2907 993 2950 re·

239 2987 476 3065 adtendebat,
499 3002 634 3064 namque
656 2985 732 3048 illud
754 2987 893 3047 eiusdem
915 2982 993 3062 Apo·

239 3081 315 3142 stoli
337 3080 421 3143 Pauli
451 3079 537 3143 vobis
564 3078 735 3158 repetimus
755 3087 785 3139 et
807 3077 990 3140 indicimus:

242 3173 375 3252 Siquis
401 3171 487 3236 131111
512 3171 781 3250 evangelizaverit
811 3175 940 3249 praeter
961 3171 994 3231 id

241 3269 328 3346 quad
349 3267 529 3344 accepistis,
557 3265 805 3327 333111113311.

287 3361 382 3423 Porro
409 3360 580 3423 3113313
610 3361 737 3421 modum
768 3359 994 3422 contumaciam

241 3464 382 3516 vestram
413 3462 533 3515 auctam
565 3468 631 3514 esse
657 3452 935 3515 animadvertimus
957 3467 992 3512 ex

242 3553 320 3631 ipsis
344 3549 454 3612 restris
476 3547 599 3609 iniustis
621 3546 803 3626 providendi
824 3545 994 3606 rationibus

241 3646 378 3709 schisma
398 3642 605 3723 sapientibus3
621 3657 661 3703 ex
675 3655 711 3703 eo
726 3641 807 3718 quod
823 3655 877 3700 vos
892 3656 907 3700 a
923 3639 994 3700 dicti

241 3739 439 3802 Patriarchae
460 3735 672 3798 iurisdictione
688 3733 913 3806 subtraxeritis,
930 3749 993 3794 non

241 3833 314 3895 aliis
334 3837 419 3894 certe
440 3830 618 3904 momentis,
641 3844 734 3906 quam
756 3828 836 3904 quod
860 3827 893 3888 ad
917 3829 995 3890 banc

241 3925 454 4004 apostolicam
482 3923 594 3986 Sedem
625 3920 862 4000 appellaveritis,
892 3939 907 3982 a
935 3938 994 3999 qua

240 4019 344 4083 donec
376 4033 532 4094 responsa,
559 4024 651 4094 prout
681 4015 828 4090 diximus,
851 4025 882 4078 et
909 4031 995 4077 man-

240 4113 314 4174 data
335 4113 371 4174 ad
392 4125 447 4172 vos
469 4125 532 4172 nou
554 4111 767 4187 pervenerint,
783 4111 902 4174 interea
917 4117 996 4173 133-

241 4207 329 4284 poris
360 4207 438 4284 ipsas
469 4204 684 4283 providentiae
715 4205 849 4266 rationes
871 4221 886 4264 a
908 4205 995 4267 vobis

241 4309 352 4364 contra
373 4315 531 4362 sacrorum
553 4313 710 4362 canonum
733 4299 872 4376 regulam
892 4317 992 4378 perce·

242 4402 324 4471 ptas,
337 4393 519 4471 propositas,
532 4399 563 4456 et
573 4391 750 4454 executioni
764 4394 857 4455 31133
869 4393 995 4456 deman-

242 4489 340 4561 datas,
352 4486 567 4548 substinendas
582 4493 612 4548 31
627 4485 832 4548 observandas
847 4503 912 4548 esse
924 4504 995 4549 333·

246 4579 385 4653 tenditis,
408 4579 466 4641 sub
485 4579 621 4657 specioso
642 4578 883 4642 obtinendarum
897 4580 934 4641 ab
948 4597 996 4642 ea-

244 4673 317 4734 dem
339 4671 371 4735 S.
397 4671 475 4734 Sede
496 4671 692 4733 oraculorum
714 4679 887 4750 praetextu.
910 4673 992 4748 Quod

244 4781 320 4827 sane
341 4779 434 4844 quam
456 4764 607 4826 absonum
628 4765 664 4827 ab
686 4765 806 4827 unitate
830 4765 993 4842 Ecclesiae,

245 4873 340 4936 quam
362 4857 399 4918 ab
413 4857 579 4919 schismate
594 4872 658 4918 non
674 4857 812 4919 alienum
827 4859 866 4919 sit
881 4859 917 4920 ab
931 4875 996 4920 om·

245 4951 339 5012 nibus
363 4949 560 5026 intelligitur,
584 4951 637 5029 qui
660 4958 743 5013 recte
758 4952 910 5030 sapientes
924 4953 996 5014 sub

245 5045 431 5106 tractionem
453 5043 641 5118 huiusmodi,
671 5046 793 5123 propria
814 5046 995 5108 auctoritate

244 5157 260 5199 3
282 5137 370 5199 vobis
398 5137 612 5214 excogitatam,
636 5155 669 5199 ac
692 5145 735 5199 tot
763 5139 843 5200 ausis
865 5155 921 5216 per
941 5156 995 5200 133

245 5232 327 5309 ipsos
348 5228 384 5290 ad
401 5246 457 5291 333
472 5229 576 5291 1313113
591 5231 818 5306 confirmatam,
835 5233 994 5305 damnant,

245 5332 276 5386 et
297 5324 417 5385 meritis
448 5323 556 5401 poenis
577 5339 610 5386 33
638 5324 775 5386 33333113
802 5325 995 5387 afficiendam

245 5430 310 5478 esse
332 5417 523 5478 existimant.
548 5415 609 5478 Nos
631 5425 735 5479 autem
759 5419 791 5480 in
813 5425 897 5480 tanta
912 5419 995 5481 dolo-

245 5509 289 5570 ris
309 5509 487 5582 acerbitate,
512 5509 569 5570 etsi
584 5524 639 5587 pro
653 5525 799 5588 supremo
814 5510 995 5588 apostolicae

246 5611 367 5663 nostrae
390 5601 615 5680 procurationis
643 5601 743 5664 allicio
769 5610 929 5681 tantopere
952 5605 996 5666 di-

246 5693 366 5756 vinitus
397 5693 603 5756 imbecillitati
632 5701 755 5757 nostrae
786 5697 937 5770 iniuncto,
963 5705 995 5758 et

246 5787 389 5867 pastorali
410 5787 477 5849 zelo
499 5789 536 5850 de
556 5795 639 5849 tanta
653 5788 776 5850 audacia
790 5788 916 5866 dignam
931 5789 995 5850 ani·

247 5879 508 5955 madversionem,
528 5880 613 5942 iuxta
633 5896 736 5942 sacros
749 5896 894 5956 canones,
912 5895 927 5939 a
942 5895 995 5941 vo-

246 5969 292 6034 bis
320 5973 446 6049 exigere
471 5972 666 6048 deberemus,
697 5973 864 6038 induentes
890 5981 993 6036 tamen

1714 586 1770 648 291
1824 590 1876 639 An.
1891 587 1922 638 G.
1945 585 2012 636 1746

1047 739 1164 800 viscera
1185 733 1424 807 misericordiae,
1448 729 1607 792 vobiscum
1622 723 1792 788 secundum

1046 833 1113 895 lesu
1137 829 1251 916 11131311
1266 827 1426 890 331113133
1440 843 1474 887 33
1488 828 1686 902 praeceptum
1701 832 1792 894 agen·

1047 926 1121 989 dum
1141 939 1209 985 esse
1230 923 1261 984 in
1285 918 1456 999 praesentia
1477 916 1631 980 ducimus.

1087 1021 1193 1096 ltaque
1215 1014 1422 1078 fraternitates
1449 1018 1565 1072 vestras
1591 1009 1628 1070 de
1651 1012 1695 1068 tot

1047 1129 1108 1192 que
1130 1110 1275 1188 gravibus
1296 1106 1415 1170 delictis
1437 1111 1542 1168 contra
1558 1102 1736 1164 canonicam
1751 1072 1828 1160 di-g

1046 1207 1219 1286 sclpllnam,
1238 1212 1269 1265 et
1291 1201 1414 1264 maioris
1428 1199 1620 1275 seniorisque
1635 1195 1728 1273 partis
1742 1209 1793 1254 an·

1048 1301 1183 1362 11311133
1211 1307 1242 1362 31
1273 1297 1438 1358 bominum
1471 1290 1602 1355 nationis
1632 1287 1796 1351 Maronita-

1047 1409 1118 1456 rum
1140 1393 1226 1456 vobis
1252 1388 1482 1452 adversantium
1503 1383 1691 1448 sententiam
1712 1395 1794 1442 corn-

1047 1487 1147 1550 missis
1168 1489 1381 1558 admouentes,
1403 1481 1506 1544 33313
1521 1486 1552 1541 31
1566 1476 1700 1555 singula,
1716 1490 1794 1552 quae

1047 1583 1181 1657 avobis,
1204 1589 1239 1643 ut
1259 1579 1296 1642 ab
1317 1579 1455 1641 eiusdem
1486 1573 1677 1638 Patriarchae
1705 1568 1796 1631 iuris·

1047 1678 1180 1740 dictione
1207 1691 1261 1736 vos
1286 1670 1518 1744 subtraheretis,
1541 1668 1618 1731 facta
1647 1672 1792 1746 gestaque

1047 1771 1187 1846 luerunt,
1211 1768 1306 1842 nulla,
1330 1767 1431 1830 inania
1453 1772 1483 1828 et
1505 1765 1603 1838 irrita,
1619 1777 1653 1824 33
1674 1759 1794 1822 3311133

1046 1881 1174 1943 prorsus
1195 1862 1346 1925 momenti
1369 1878 1402 1922 ac
1423 1858 1542 1922 roboris
1562 1856 1667 1930 fuisse,
1684 1871 1750 1917 esse
1765 1863 1795 1916 et

1048 1961 1125 2034 fore,
1147 1966 1257 2021 tenore
1278 1957 1499 2036 praesentium,
1515 1952 1678 2030 apostolica
1693 1959 1796 2014 aucto-

1718 1013 1793 1067 1313.
1839 1008 1924 1053 irritat
1936 1007 2025 1054 33313

1830 1064 1890 1108 esta.

1048 2057 1138 2118 ritate
1170 2061 1273 2116 nostra
1305 2050 1511 2124 declaramus3
1535 2065 1573 2110 ex
1594 2063 1630 2108 eo
1658 2061 1795 2124 praeser-

1048 2149 1117 2222 113,
1141 2145 1220 2226 quod
1239 2146 1306 2207 sine
1322 2143 1384 2206 ulla
1399 2159 1524 2221 prorsus
1539 2140 1750 2204 iurisdictione
1765 2147 1795 2201 et

1048 2248 1208 2322 potestate,
1227 2241 1288 2301 imo
1309 2239 1342 2299 in
1361 2243 1502 2315 spretum
1515 2241 1796 2312 contemptumque

1047 2350 1208 2414 supremae
1230 2331 1421 2395 auctoritatis
1440 2327 1743 2406 sedisapostolicae,
1759 2326 1795 2387 ad

1048 2445 1140 2508 quam
1163 2444 1256 2489 unuin
1288 2427 1448 2487 dumtaxat
1477 2421 1625 2485 iudicium
1647 2419 1795 2482 adversus

1048 2523 1206 2584 laudatum
1230 2517 1435 2581 Patriarcham
1457 2524 1598 2577 vestrum
1620 2511 1739 2574 ferendi
1754 2510 1794 2571 13·

1047 2615 1143 2678 cultas
1165 2621 1318 2676 reservata
1341 2619 1398 2684 est,
1414 2611 1490 2672 facta
1510 2615 1658 2686 gestaque
1672 2620 1737 2667 esse
1752 2603 1795 2668 di-

1049 2714 1252 2785 gnoscuntur.

1087 2801 1171 2877 Quod
1194 2815 1268 2860 vero
1289 2798 1324 2860 ad
1347 2795 1542 2876 praeiudicia,
1565 2810 1643 2873 quae
1658 2792 1744 2855 vobis
1759 2791 1796 2852 ab
1814 2786 2030 2884 veniii‘aneaxffi

1049 2895 1112 2973 ipso
1134 2893 1303 2955 Patriarcba
1335 2891 1417 2952 illata
1445 2905 1512 2950 3333
1533 2903 1588 2966 per
1616 2887 1739 2949 easdem
1761 2884 1796 2945 li·
1816 2891 2029 2956 assentarentur,

1049 2996 1127 3049 teras
1148 2995 1266 3049 vestras
1298 2985 1459 3047 nobiscum
1489 2978 1730 3060 conquerimini,
1752 2985 1796 3040 at·
1815 2945 2030 3046 2i1¹x¹r¹r²c⁶a¹iii¹a⁰c¹ss

1050 3081 1140 3160 tinet,
1162 3079 1193 3141 id
1215 3080 1302 3141 nobis
1330 3074 1567 3156 disquirendum
1599 3079 1797 3136 reservatum
1816 3057 1950 3100 1111111111·

1049 3191 1114 3238 3333
1137 3190 1191 3236 333
1214 3172 1437 3248 intelligentes,
1454 3169 1514 3230 iam
1530 3167 1562 3229 in
1579 3165 1730 3228 mandatis
1746 3165 1796 3226 de-

1049 3269 1161 3342 dimus,
1181 3274 1215 3328 ut
1237 3266 1395 3328 rationum
1410 3271 1568 3324 momenta
1582 3263 1618 3323 ad
1632 3268 1797 3336 utramque

1050 3373 1168 3442 partem
1189 3361 1356 3438 spectantia
1388 3362 1622 3435 comparentur,
1646 3360 1691 3426 ut,
1714 3351 1797 3412 bisce

1050 3476 1104 3538 per
1126 3474 1182 3519 nos
1205 3456 1284 3533 ipsos
1307 3452 1459 3532 expensis,
1482 3449 1630 3529 quidquid
1645 3447 1701 3509 lrac
1716 3444 1748 3506 in
1763 3460 1797 3505 re

1050 3555 1165 3616 iustum
1197 3564 1262 3612 esse
1294 3545 1481 3619 constiterit,
1503 3543 1666 3623 apostolica
1694 3548 1799 3601 nostra

1049 3645 1229 3709 auctoritate
1251 3644 1447 3705 decernatur.
1470 3639 1591 3701 interea
1612 3635 1677 3714 pari
1696 3643 1798 3696 aucto·

1051 3742 1141 3804 ritate
1173 3745 1277 3800 nostra
1306 3734 1451 3796 omnibus
1472 3742 1503 3796 et
1524 3731 1657 3808 singulis
1678 3730 1797 3792 christi·

1051 3833 1190 3897 fidelibus
1214 3839 1275 3894 tam
1297 3830 1334 3891 de
1356 3829 1438 3891 clero
1458 3825 1618 3900 saeculari,
1641 3840 1735 3904 quam
1749 3839 1797 3886 re-

1051 3927 1163 4005 gularl,
1186 3944 1218 3987 ac
1239 3925 1322 3986 laicis
1342 3924 1439 3986 dictae
1462 3921 1685 3983 Maronitarum
1701 3919 1799 3980 natio·

1051 4021 1098 4082 nis
1120 4027 1293 4081 vestrarum
1325 4017 1499 4095 respective
1529 4014 1716 4088 dioecesum,
1746 4029 1800 4092 per

1050 4115 1121 4176 alias
1143 4120 1261 4176 nostras
1283 4110 1431 4174 insimili
1454 4109 1550 4170 forma
1572 4107 1674 4171 brevis
1695 4106 1800 4169 literas

1050 4208 1245 4285 iniungimus
1266 4215 1298 4268 et
1313 4203 1506 4278 mandamus,
1521 4211 1556 4266 ut
1570 4203 1674 4264 omnia
1690 4199 1798 4264 31313-

1050 4300 1122 4378 gula
1153 4301 1186 4361 in
1214 4297 1340 4375 negotio
1370 4294 1547 4359 huiusmodi
1569 4312 1584 4357 a
1607 4295 1694 4357 vobis
1724 4284 1815 4356 facta

1050 4401 1208 4472 gestaque,
1239 4399 1330 4471 prout
1351 4408 1367 4451 a
1389 4391 1478 4453 nobis
1508 4391 1566 4451 iam
1590 4389 1676 4453 nulla
1708 4397 1801 4468 atque

1051 4488 1137 4549 irrita
1159 4495 1190 4548 et
1212 4485 1331 4570 mallius
1358 4484 1477 4546 roboris
1499 4499 1532 4546 33
1559 4483 1711 4546 3333311
1733 4497 1800 4544 3333

1050 4590 1080 4644 31
1102 4579 1167 4641 1313
1189 4579 1378 4642 1331313133
1401 4585 1458 4651 est,
1481 4577 1522 4638 ita
1543 4576 1600 4656 ipsi
1622 4576 1800 4639 habeantet

1052 4682 1187 4737 teneant.
1212 4672 1340 4747 Verum,
1364 4679 1398 4732 ut
1420 4670 1582 4748 apostolica
1610 4671 1800 4747 benignitate

1050 4767 1211 4828 vobiscum
1242 4781 1379 4841 agamus,
1403 4772 1494 4843 atque
1516 4763 1603 4827 nulla
1625 4765 1800 4843 pontificiae

1050 4861 1183 4922 caritatis
1205 4859 1390 4921 documenta
1411 4876 1427 4920 a
1449 4858 1534 4919 vobis
1563 4858 1729 4920 desiderari
1750 4875 1800 4936 pa·

1052 4953 1176 5027 113331,
1199 4953 1336 5030 primum
1356 4951 1483 5030 quidem
1498 4951 1603 5012 omnia
1618 4962 1649 5013 et
1662 4951 1795 5028 singula,

1049 5061 1127 5124 quae
1148 5047 1184 5107 ad
1206 5043 1397 5107 Patriarchae
1418 5043 1513 5106 vestri
1535 5045 1695 5108 dumtaxat
1712 5045 1801 5124 iuris·

1049 5137 1216 5200 dictionem
1248 5145 1399 5217 spectant,
1429 5139 1495 5198 sive
1516 5153 1531 5197 a
1551 5138 1726 5216 saepedicto
1748 5137 1799 5199 Vi·
1818 5189 1820 5194 2

1049 5231 1130 5293 cario
1151 5230 1345 5293 Patriarcbali
1368 5246 1423 5308 per
1455 5229 1662 5292 fraternitates
1684 5237 1798 5292 vestras

1049 5325 1228 5400 constituto,
1252 5325 1318 5386 sire
1338 5341 1354 5384 a
1370 5323 1458 5384 331113
1474 5323 1546 5401 ipsis
1560 5324 1636 5385 facta
1652 5331 1800 5402 gestaque
1818 5401 1821 5406 Δ

1050 5418 1230 5480 earumdem
1251 5417 1464 5497 praesentium
1486 5423 1596 5478 tenore
1617 5424 1648 5479 et
1668 5415 1799 5478 auctori·

1052 5519 1112 5574 tate
1132 5527 1287 5574 sanamus.

1090 5604 1206 5666 Deinde
1227 5621 1302 5666 vero
1317 5607 1548 5668 considerantes
1563 5604 1644 5681 quod
1660 5619 1714 5664 vos
1730 5620 1798 5684 pro·
1817 5653 1856 5700 aar
1875 5599 2031 5700 rafurrgtepn

1049 5705 1119 5775 pter
1150 5699 1314 5775 praemissa
1346 5698 1378 5758 in
1408 5697 1622 5760 ecclesiasticas
1653 5713 1798 5760 censuras
1817 5667 1873 5772 vane
1885 5667 1928 5753 isa
1943 5665 2033 5770 13111ιῖ

1050 5797 1080 5851 31
1101 5804 1212 5866 poenas
1232 5791 1353 5852 asacris
1367 5791 1537 5853 canonibus
1551 5797 1679 5853 statutas
1695 5790 1798 5854 incur·
1817 5767 1986 5862 1153113101ωὸ
1997 5773 2032 5808 ¹¹¹'

1049 5881 1165 5955 ceritis,
1181 5881 1428 5970 quibuscumque
1443 5881 1633 5945 confessariis
1648 5885 1684 5946 ad
1699 5901 1796 5946 sacra-

1050 5974 1201 6036 mentales
1215 5973 1423 6037 conlessiones
1437 5971 1603 6039 audiendas
1618 5993 1674 6056 per
1689 5977 1797 6040 unius·
1819 5981 1821 5988 '
