4764 6972
344 549 443 606 1110.
464 543 533 604 1742

285 1215 289 1225 ⁸
361 1244 486 1292 Ecclesiae
501 1257 544 1310 pa-

329 1299 461 1346 triarchali
486 1300 543 1346 cili-

330 1353 383 1398 ciae
397 1353 520 1411 providet

582 545 621 616 et

563 697 614 754 xta
636 687 781 752 articulos
796 685 979 766 iampridem
1000 701 1016 746 a
1038 683 1117 748 Sede
1137 683 1309 765 apostolica

563 783 772 848 Orientalibus
792 780 963 862 propositos
984 793 1128 859 expresse
1155 777 1310 858 prolessus

562 879 660 953 fuisti,
672 877 785 940 dictam
801 870 1036 937 Patriarcbelem
1053 871 1218 934 Ecclesiam
1232 871 1310 934 scies

563 971 649 1034 voles
664 975 695 1032 et
710 967 825 1048 poteris
846 973 971 1029 auctore
991 964 1123 1026 Domino
1143 963 1309 1026 salubriter

563 1079 685 1141 regere,
708 1068 739 1124 ct
759 1059 891 1123 leliciter
918 1056 1110 1136 gubernare,
1140 1056 1309 1120 direximus

561 1157 666 1220 oculos
687 1162 811 1218 nostrae
832 1153 957 1216 mentis.

601 1250 670 1325 52.
695 1249 896 1312 intendentes
922 1245 1019 1322 igitur
1043 1250 1107 1306 tam
1134 1241 1309 1306 (11011οΕ0-

561 1341 671 1406 clesiae
691 1338 887 1404 Patriarcball
913 1337 1038 1402 Ciliciae
1066 1335 1202 1399 nationis
1223 1349 1309 1413 prae-

1085 562 1151 614 icit.
1175 565 1266 616 PONT·
1289 565 1331 614 DE
1351 560 1381 614 Ρ.
1405 560 1434 616 i'·
1458 562 1541 614 PARS
1562 557 1584 614 1.

1365 685 1463 748 dictae
1483 700 1577 764 quam
1598 685 1665 749 eius
1685 684 1779 765 Gragi
1800 684 1962 750 Dominico
1982 685 2111 750 salubri·

1365 785 1413 840 ter
1433 777 1608 856 prouidere,
1631 785 1663 841 te
1683 795 1699 841 a
1720 777 1880 858 quibusvis
1900 779 2110 859 suspensionis

1364 876 1395 932 et
1408 871 1565 934 interdicti
1575 871 1705 950 aliisque
1716 871 2109 949 ecelesiasticissententiis,

1363 965 1502 1027 censuris
1523 971 1554 1028 et
1574 967 1693 1044 poenis,
1713 983 1729 1028 a
1750 966 1820 1028 iure
1840 968 1893 1029 uel
1912 965 1950 1030 eb
1969 968 2108 1043 homine,

1363 1058 1471 1136 queris
1492 1059 1650 1121 occasione
1668 1059 1719 1122 rel
1744 1059 1831 1123 causa
1846 1059 1926 1136 latis,
1948 1060 1974 1122 si
1998 1061 2110 1140 quibus

1364 1149 1594 1228 quomodolibet
1605 1151 1770 1215 innodatus
1780 1153 1898 1229 existis,
1906 1153 1942 1214 ed
1954 1154 2011 1216 boc
2021 1155 2110 1216 dum·

1365 1249 1447 1305 11111
1468 1250 1504 1306 ut
1528 1243 1682 1308 absolutio
1709 1245 1865 1309 translatio
1886 1253 1919 1309 et
1945 1246 2110 1326 praelectio

1364 1349 1420 1415 per
1441 1351 1496 1400 nos
1517 1343 1553 1399 ut
1574 1337 1654 1401 inira
1675 1337 1831 1402 faciendae
1850 1355 1944 1404 suum
1969 1338 2110 1403 debitum

560 1609 905 1669 rossolet,c1ementieeet
920 1606 1094 1665 benignitatis
1109 1603 1308 1663 significationi·
1340 1604 1410 1652 setis
1431 1604 1529 1652 diserte
1561 1607 1745 1664 postulaverit,
1760 1605 1836 1666 pallii
1854 1606 1956 1652 scilicet
1974 1606 2061 1662 decus,
2080 1605 2107 1653 iu

559 1685 623 1732 bus:
643 1683 721 1730 aedes
741 1681 810 1738 apud
830 1675 972 1724 Ecclesiam
988 1677 1098 1722 Sanctae
1113 1673 1211 1720 Mariae
1225 1677 1306 1730 aegy-

559 1751 660 1810 ptiacae
674 1755 849 1794 armenorum
863 1743 1050 1791 inhabitandas
1064 1741 1205 1789 attribuit:
1221 1752 1306 1787 neces-

559 1818 631 1864 saria
644 1816 678 1863 ad
691 1815 791 1860 victum
812 1813 902 1859 omnia
920 1811 978 1870 ipsi,
993 1810 1123 1868 sociisque
1137 1807 1195 1854 eius
1209 1807 1306 1855 submi·

1359 1685 1411 1732 quo
1425 1673 1567 1732 pastoralis
1581 1673 1659 1720 oliicii
1673 1674 1810 1732 plenitudo
1823 1674 1982 1720 continetur.

1399 1741 1526 1798 Equidem
1547 1751 1608 1796 nos,
1628 1741 1753 1798 perlectis
1776 1740 1908 1787 Ecclesiae
1917 1741 2073 1798 1111111111,
2091 1751 2107 1788 1

1360 1807 1505 1854 maioribus
1516 1807 1659 1854 memoriae
1668 1807 1803 1864 proditum
1813 1819 1871 1854 esse
1880 1808 2038 1866 accepimus,
2046 1812 2108 1854 san-

558 1883 671 1931 nistrari
684 1882 778 1929 iussit:
794 1881 978 1936 aegrotantem
993 1877 1102 1934 iusuper
1115 1876 1253 1934 praeclaro
1266 1885 1306 1922 ca·
1359 1877 1430 1920 ctum
1446 1876 1611 1932 cregcrium,
1625 1874 1671 1932 qui
1692 1873 1860 1921 illuminator
1878 1875 1965 1922 dictus
1983 1878 2032 1930 est,
2047 1877 2107 1932 post

558 1951 648 1998 ritatis
662 1948 781 2006 exemplo
795 1946 962 2000 visitaturus,
971 1944 1005 1990 ad
1015 1942 1163 1990 antedictas
1172 1941 1250 1988 aedes
1258 1941 1305 1988 ubi
1351 1931 1502 1987 spiridatem
1517 1952 1606 2000 regem
1621 1943 1648 1987 et
1662 1946 1838 1988 armenorum
1859 1945 1965 1999 gentem
1979 1941 2013 1987 ad
2027 1939 2105 1988 iidem

557 2018 704 2072 habitabat,
718 2013 837 2069 accessit,
851 2014 934 2070 deque
954 2009 1038 2068 ipsius
1059 2009 1147 2055 salute
1165 2008 1305 2065 sollicitus,

558 2085 702 2138 mandavit,
715 2085 746 2128 ut
760 2089 941 2138 quaecumque
954 2077 988 2124 ad
1006 2076 1185 2122 valetudinem
1200 2085 1305 2132 recupe-

557 2153 668 2198 randam
682 2151 831 2207 opportuna
844 2149 940 2200 essent,
954 2143 1202 2202 suppeditarentur:
1218 2146 1305 2200 postu-

556 2209 1304 2273 latisdeniquebenignissimeannuit.verum,utcuncta

556 2286 663 2330 maturo
676 2281 787 2328 coneilio
800 2279 980 2338 procederent,
994 2275 1266 2322 eminentissimorum
1277 2277 1304 2320 et
1323 2321 1324 2326 ,

556 2349 839 2397 reverendissimorum
860 2348 928 2390 1111.
945 2347 972 2390 ll.
988 2341 1169 2389 cardinalium
1190 2339 1303 2398 negotiis

556 2417 741 2474 propagandae
748 2413 822 2460 Pidei
828 2410 1050 2471 praepositorum,
1058 2411 1112 2455 tam
1123 2407 1210 2465 quoad
1220 2404 1303 2463 ipsius

555 2483 710 2529 electionem
724 2493 771 2526 seu
780 2477 986 2538 postulationem
995 2473 1213 2528 confirmandam,
1223 2481 1302 2530 quam

555 2550 642 2607 quoad
655 2548 767 2607 pallium
782 2546 868 2594 eidem
877 2542 1071 2591 concedendum
1080 2541 1209 2598 armagis
1217 2541 1304 2598 requi·

555 2615 624 2662 sivit.

595 2682 689 2728 Habita
709 2683 749 2728 est
769 2679 854 2738 igitur
867 2679 899 2725 de
914 2678 1038 2726 mandato
1060 2675 1215 2722 sanctitatis
1235 2677 1302 2720 Suae

554 2749 595 2795 die
609 2761 645 2794 rx.
661 2747 817 2806 septembris
830 2757 900 2793 anuo
914 2753 1047 2792 unccxurr.
1063 2743 1235 2801 particularis
1245 2753 1302 2787 con·

553 2817 683 2874 gregatio,
696 2816 723 2861 in
737 2827 790 2874 qua
801 2813 964 2860 eminentiss.
979 2811 1132 2858 cardinales
1146 2810 1231 2856 Rulus
1245 2812 1300 2856 Sec.

554 2883 663 2940 collegii
683 2885 809 2938 Decanus,
831 2885 908 2926 Petra
927 2877 1144 2936 congregationis
1163 2877 1195 2922 de
1209 2879 1322 2940 Prepa-¹

553 2950 639 3006 ganda
652 2949 715 2996 Pide
733 2948 891 3002 Praefectus,
905 2945 1006 3002 carata,
1020 2945 1137 3002 Belluga,
1152 2943 1246 2990 Pirrac
1259 2943 1299 2988 de

550 3019 656 3062 cretum
670 3015 782 3062 edidere.

592 3087 630 3128 Ex
651 3083 789 3129 audientia
811 3079 976 3128 sanctissimi
1002 3079 1096 3126 habita
1117 3089 1164 3135 per
1186 3076 1298 3122 eundem

552 3151 579 3196 D.
595 3149 773 3196 secretarium
793 3150 835 3195 die
856 3160 891 3196 xr.
914 3145 1031 3194 eiusdem
1053 3145 1152 3192 mensis
1172 3147 1199 3190 et
1219 3143 1297 3190 anni:

553 3217 685 3263 Sanctitas
705 3219 758 3262 Sua
777 3214 805 3261 ln
825 3215 948 3262 omnibus
969 3213 1082 3271 benigne
1103 3211 1258 3270 approbavit
1272 3213 1299 3256 et

551 3283 647 3330 annuit
661 3287 688 3329 et
705 3283 733 3329 iu
752 3281 913 3329 consistorio
931 3281 1024 3327 habito
1043 3280 1086 3326 dle
1106 3291 1179 3325 xxva
1196 3287 1299 3324 novem·

551 3352 607 3398 bris
621 3352 758 3410 proposuit
772 3351 885 3397 electum
900 3353 927 3396 et
941 3349 1053 3408 pallium
1067 3347 1186 3394 tradidit.

590 3421 624 3466 nt
637 3422 667 3464 ut
681 3418 750 3466 nihil
770 3416 921 3464 ornamenti
934 3415 967 3462 ad
981 3415 1051 3461 ritus
1071 3413 1297 3472 opportunitatem

551 3486 721 3532 patriarchae
741 3487 818 3532 Petro
832 3483 943 3539 deesset,
957 3483 1063 3541 praeter
1080 3479 1199 3528 0111111111
1215 3479 1299 3537 ponti·

551 3553 663 3609 ilcalem,
683 3551 905 3610 pretiosissimum
924 3549 1054 3596 annulum
1075 3559 1105 3594 ac
1126 3547 1238 3605 gemmis
1259 3558 1297 3594 re·

550 3619 646 3666 lentam
668 3619 828 3678 pectoralem
849 3621 966 3673 crucem,
981 3620 1036 3662 tres
1056 3615 1164 3673 iusuper
1178 3613 1297 3672 spinulas

550 3687 632 3743 pallio
652 3699 683 3732 ex
702 3695 775 3732 more
795 3685 956 3742 infigendas,
977 3683 1062 3729 eidem
1083 3679 1293 3730 munificentissl·

550 3763 610 3798 mue
623 3753 741 3801 Pontifex
762 3761 867 3799 summa
886 3749 1049 3797 iiberalitate
1062 3748 1178 3804 donavit,
1193 3759 1225 3794 ac
1237 3750 1296 3806 post

549 3820 622 3878 pedis
636 3831 757 3878 genuque
775 3818 895 3865 osculum
910 3817 992 3864 tantis
1010 3815 1177 3864 cumulatum
1192 3814 1296 3860 honori·

550 3886 606 3942 bus,
613 3885 710 3944 gratiis
721 3885 915 3944 spiritualibus,
922 3894 1102 3942 quascumque
1110 3882 1233 3929 demissis
1241 3891 1296 3938 pre-

547 3954 622 3998 cibus
636 3953 825 4011 postulaverat,
838 3953 972 4006 ornatum,
985 3951 1121 3996 luculento
1130 3961 1235 4006 quoque
1243 3948 1296 3994 ria·

549 4019 601 4066 1100
613 4020 775 4065 instructum
789 4022 816 4066 et
829 4019 992 4077 principibus
1010 4016 1117 4063 demum
1135 4020 1216 4074 atque
1230 4015 1295 4060 loco-

548 4096 608 4131 rum
622 4085 798 4144 praesulibus,
812 4096 977 4143 quocumque
991 4083 1043 4130 iter
1063 4083 1114 4142 ipsi
1135 4087 1204 4130 esset
1218 4095 1295 4141 agan-

547 4151 619 4207 dum,
634 4163 681 4209 per
701 4153 795 4199 literas
815 4151 965 4210 pontiacies
982 4151 1058 4197 enixe
1072 4153 1294 4208 commendatum,
1314 4200 1316 4205 .

546 4219 680 4331 dmllrlrfflttali
693 4285 871 4333 solemnitatis
884 4286 990 4332 laetitia
1008 4287 1046 4332 sic
1059 4288 1099 4332 est
1112 4285 1217 4332 locutus
1231 4287 1294 4331 Pon·

548 4351 611 4398 tifex
625 4352 653 4399 iu
668 4355 837 4410 consistorio,
847 4353 888 4401 uti
899 4365 930 4399 ex
942 4357 991 4401 act.
1002 4354 1139 4400 consister.
1152 4353 1292 4400 habemus:

794 4461 1041 4508 aahoou'no

652 4583 840 4630 vesanientes
855 4585 988 4640 1111111111,

585 4689 623 4736 lix
636 4690 679 4746 iis,
693 4701 761 4749 quae
782 4691 858 4737 modo
880 4690 907 4735 in
922 4689 1083 4736 consistorio
1104 4691 1205 4736 secreto
1219 4689 1292 4736 audi-

542 4757 630 4814 Ι111111,
645 4758 711 4804 satis
726 4767 857 4816 superque
875 4757 949 4803 vobis
962 4759 1126 4814 compertum
1146 4768 1203 4802 esee
1218 4759 1292 4813 puta·

545 4835 613 4880 mus,
628 4825 714 4882 qualis
729 4824 765 4871 111
775 4824 905 4870 Ecclesiae
915 4824 1105 4871 Patriarchalis
1116 4829 1290 4871 armenorum

544 4889 679 4938 incilicia
700 4895 794 4938 1111111.
815 4891 987 4938 intellexistis
1005 4891 1076 4938 enim
1090 4894 1198 4938 Petrum
1213 4893 1292 4938 abra·

545 4956 654 5005 hamum
668 4959 813 5014 vartabiet,
827 4959 881 5005 iam
897 4957 1008 5016 triginta
1021 4969 1104 5004 aunos
1115 4958 1291 5016 archiepisco-

544 5035 607 5084 pum
622 5026 801 5084 aleppensem,
823 5025 883 5072 inde
904 5026 938 5071 ab
951 5027 1073 5072 armenis
1094 5025 1232 5072 catholicis
1246 5028 1291 5074 Pa·

544 5093 691 5138 triarcham
705 5092 786 5138 misse
808 5093 930 5148 eiectum,
945 5095 972 5138 et
989 5093 1144 5138 electionem
1160 5093 1290 5140 eiusmodi

544 5169 591 5205 eeu
605 5157 811 5216 postulationem
832 5162 890 5218 poet
910 5158 1029 5204 debitum
1051 5170 1160 5206 examen
1179 5171 1195 5205 1
1214 5160 1290 5206 nobis

543 5235 601 5272 esse
621 5225 812 5272 confirmatam.
835 5225 1007 5272 intellexistis
1028 5237 1131 5285 quoque
1153 5227 1290 5284 praeclara

543 5291 661 5338 eiusdem
676 5292 748 5337 Petri
762 5292 905 5338 Abrahami
920 5291 1025 5348 merita,
1038 5291 1084 5350 qui
1097 5303 1145 5350 pro
1158 5294 1289 5341 catholica

543 5358 662 5404 aemam
677 5357 736 5414 ilde,
750 5359 783 5405 ab
797 5356 939 5404 haereticis
955 5358 1119 5416 vindicanda,
1134 5360 1220 5408 mulla
1234 5373 1290 5418 per·

542 5435 643 5482 pessus,
658 5427 688 5470 ut
702 5437 759 5471 sese
778 5436 871 5472 eorum
892 5425 977 5472 ihreri
997 5426 1163 5482 subduceret,
1177 5427 1206 5474 in
1220 5431 1289 5474 Mon·

543 5491 596 5538 tem
618 5492 746 5538 Libanum
767 5493 838 5538 inter
859 5493 1002 5540 Maronitas
1022 5493 1162 5551 confugere
1182 5497 1288 5542 coactus

542 5555 607 5603 brit:
622 5557 668 5603 ubi
683 5560 874 5607 monasteriae
889 5559 1066 5607 hundamentis
1077 5564 1103 5606 et
1114 5561 1230 5608 Ecclesia
1239 5564 1289 5609 sub

543 5625 584 5668 sc.
601 5623 746 5671 salvatoris
763 5637 795 5672 ac
807 5626 980 5674 Beatissimae
999 5627 1116 5685 virginis
1138 5630 1289 5676 1111111111-

542 5690 678 5736 vocatione
699 5693 829 5748 excitatis,
851 5703 965 5739 unacum
987 5694 1121 5742 monachis
1141 5699 1288 5745 §.antonii

542 5755 659 5812 ahbatis,
673 5758 720 5814 qui
734 5759 761 5804 in
774 5759 907 5805 antedicto
923 5761 1084 5808 monasterio
1100 5761 1189 5810 divina
1203 5763 1287 5811 oliicia

541 5827 717 5870 armenorum
738 5823 802 5870 Ritu
823 5825 990 5884 persolvunt,
1012 5827 1095 5874 uitam
1116 5829 1287 5877 laudabiliter

542 5891 604 5946 egit.
629 5888 773 5937 1111111111
794 5891 897 5948 pariter
917 5893 957 5949 id,
980 5896 1049 5952 quod
1070 5907 1191 5953 nupera
1211 5899 1286 5948 nobis

542 5955 625 6015 ipsius
639 5957 809 6006 Patriarchae
823 5959 930 6006 nomine
943 5961 1085 6010 advocatus
1094 5964 1286 6016 consistorialis

1358 2020 1520 2066 0011111111,
1535 2019 1595 2054 cum
1610 2007 1667 2067 ipso
1680 2019 1742 2066 rege
1752 2009 1786 2055 ed
1796 2010 1892 2056 Urbem
1902 2009 2016 2064 venisse;
2026 2011 2107 2066 atque

1358 2073 1402 2120 hic
1417 2077 1440 2120 S.
1457 2075 1584 2120 Silvestre
1604 2075 1726 2120 Pontifici
1745 2077 1806 2122 11111
1824 2079 1933 2122 canteri
1955 2074 2066 2130 vicario,
2080 2077 2107 2120 et

1358 2140 1475 2188 universi
1483 2140 1624 2188 christiani
1633 2141 1722 2198 gregis
1732 2141 1835 2188 Pastori
1844 2140 1999 2200 obsequium
2012 2145 2039 2187 et
2049 2143 2106 2188 obe

1357 2207 1485 2254 dieutiam
1494 2208 1692 2266 praestitisses
1701 2219 1753 2266 quo
1765 2209 2050 2255 sauePatriarchatum
2058 2219 2105 2254 eeu

1358 2275 1506 2321 Primatum
1521 2275 1593 2322 inter
1606 2279 1734 2321 armenos
1748 2275 1872 2321 obtinuit.
1887 2275 1971 2321 11111111
1986 2285 2048 2322 vero
2063 2275 2106 2321 iti-

1357 2342 1429 2388 neris
1447 2343 1591 2398 occasione,
1606 2355 1637 2388 ex
1650 2341 1840 2390 consuetudine
1858 2353 1889 2388 ac
1907 2352 2028 2389 sermone
2044 2353 2104 2389 cum

1357 2411 1476 2455 Romano
1490 2409 1615 2455 Pontilice
1637 2409 1729 2456 habito
1742 2409 1892 2456 derivatum
1907 2411 2002 2466 putant
2016 2413 2105 2455 arme-

1357 2485 1453 2520 norum
1474 2475 1566 2521 artum
1587 2475 1756 2522 consecrandi
1776 2474 1803 2521 in
1822 2479 1928 2532 azymo,
1950 2477 2007 2521 tum
2022 2475 2104 2521 etlam

1356 2541 1454 2588 mitrae
1474 2545 1505 2588 ac
1524 2547 1693 2590 caeterarum
1715 2553 1853 2592 sacrarum
1875 2543 1990 2590 restium
2011 2554 2103 2601 usum,

1356 2608 1451 2666 quibus
1464 2608 1507 2655 illi
1520 2610 1667 2656 latinorum
1683 2621 1756 2656 more
1771 2613 1891 2657 utuntur.

1395 2679 1514 2733 Longum
1534 2676 1602 2723 toret
1616 2679 1643 2723 et
1657 2677 1770 2724 fortasse
1790 2689 1842 2724 uon
1856 2678 1890 2725 ad
1904 2687 1961 2724 rem
1984 2687 2104 2736 praesen-

1355 2745 1418 2800 tem,
1433 2749 1608 2791 armenorum
1623 2744 1841 2792 Patriarcbarum
1859 2745 2051 2793 catholicorum
2066 2757 2104 2792 se-

1355 2811 1423 2855 riem
1438 2811 1557 2858 hocloco
1571 2814 1668 2869 texere,
1683 2815 1711 2858 et
1723 2813 1873 2860 luctuosam
1895 2813 1956 2860 inde
1970 2813 2101 2860 invectam

1355 2877 1555 2934 Euthychianae
1576 2881 1663 2925 sectae
1682 2879 1864 2926 calamitatem
1884 2879 1993 2928 dicendo
2016 2893 2103 2938 prose·

1354 2943 1408 3000 qul.
1423 2947 1521 2990 Verum
1535 2945 1582 2992 abs
1596 2956 1625 2991 re
1639 2957 1691 2993 non
1706 2947 1758 2992 erit
1771 2945 1840 2993 illud
1854 2947 1928 2995 vobis
1940 2947 2101 3005 significare,

1354 3010 1424 3068 quod
1438 3011 1527 3058 Sancti
1541 3011 1676 3059 Pontificio
1690 3013 1811 3070 cregorii
1825 3017 1876 3060 Vll.
1888 3016 1948 3062 1011
1958 3016 2102 3072 testantur,

1354 3077 1477 3124 videlicet
1491 3078 1837 3136 Gregorium'armenorum
1855 3081 2037 3128 Patriarcham
2052 3085 2100 3127 Lx.

1354 3155 1458 3192 errores
1473 3146 1599 3202 eiurasse,
1613 3157 1644 3193 ac
1658 3150 1700 3192 ter
1714 3147 1807 3193 deinde
1822 3147 1928 3196 Ciliciae
1938 3150 2101 3196 patriarchis

1354 3212 1465 3269 pallium
1480 3225 1496 3260 a
1511 3214 1638 3260 Romanis
1659 3214 1829 3262 Pontificibus
1844 3215 1925 3262 hrisse
1938 3226 2100 3272 concessum,

1353 3279 1395 3325 bie
1408 3280 1510 3328 scilicet
1522 3281 1556 3328 ab
1570 3283 1722 3330 innocentio
1735 3285 1788 3338 111,
1802 3281 1849 3341 qul
1863 3283 1949 3341 primo
1962 3284 2101 3341 111111110-

1353 3347 1425 3394 rium
1446 3349 1628 3397 Patriarcham
1649 3352 1740 3406 LXVI,
1762 3350 1856 3396 deinde
1869 3352 1903 3397 ad
1917 3355 2041 3398 loannem
2056 3355 2101 3397 Pa·

1353 3415 1498 3463 triarcham
1513 3419 1606 3462 bxvli.
1622 3427 1669 3474 per
1683 3413 1834 3464 cardinales
1848 3419 1959 3475 uegetos
1974 3419 2041 3465 illud
2053 3420 2099 3466 nti·

1353 3482 1403 3528 sit:
1418 3484 1499 3530 tertio
1513 3479 1620 3532 demuim
1635 3485 1777 3543 Gregorius
1791 3487 1832 3532 ix.
1847 3485 1924 3544 pallii
1939 3488 2100 3534 1111111111-

1352 3551 1453 3598 corarit
1475 3551 1676 3598 constantinum
1695 3553 1973 3611 Ρ1111110111111111..
1988 3558 2019 3602 ut
2033 3555 2100 3602 eius·

1352 3615 1411 3662 dem
1426 3617 1560 3664 Pontificis
1574 3621 1680 3676 regesta
1693 3621 1847 3678 loquuntur.

1392 3685 1443 3729 Noe
1460 3683 1551 3742 ltaque
1571 3689 1626 3731 tam
1647 3686 1789 3744 praeclaris
1808 3687 2040 3745 praedecesserum
2054 3701 2098 3736 no-

1351 3751 1469 3796 strorum
1479 3751 1606 3808 exemplis
1616 3750 1709 3808 innixi,
1717 3752 1801 3800 110110
1811 3752 1886 3800 nobie
1896 3754 2014 3802 eiusdem
2022 3757 2099 3814 pallii

1350 3815 1474 3873 petitioni
1495 3815 1591 3862 libenti
1611 3817 1701 3865 animo
1721 3818 1874 3877 annuimus,
1888 3832 1919 3867 ac
1937 3821 1965 3868 in
1984 3821 2098 3870 Basilica

1351 3882 1490 3930 tiberiana
1504 3883 1546 3930 die
1560 3883 1654 3931 restire
1668 3887 1835 3944 conceptioni
1843 3887 1960 3945 virginis
1970 3892 2097 3937 immacu-

1350 3949 1421 3996 latae
1435 3962 1515 4007 snper
1528 3951 1613 4008 ipsius
1632 3953 1810 4010 Patriarchae,
1825 3953 1876 4000 viri
1890 3966 1953 4002 eane
1967 3958 2097 4016 religiosi,

1351 4015 1484 4072 humeros,
1498 4018 1544 4075 qui
1558 4030 1683 4076 praesens
1696 4020 1781 4076 adest,
1793 4033 1840 4068 nos
1855 4021 1906 4079 ipsi
1920 4023 2043 4070 manibus
2053 4036 2098 4071 no·

1350 4083 1414 4130 stris
1428 4083 1555 4142 peculiari
1575 4085 1679 4132 ratione
1693 4087 1804 4143 pallium
1825 4088 1998 4146 imponemus.
2022 4093 2097 4138 Hunc

1349 4149 1442 4208 igitur,
1457 4153 1484 4196 et
1497 4151 1582 4198 11111111
1596 4153 1761 4210 praedictum
1775 4154 1846 4201 diem
1860 4155 1936 4202 nobis
1950 4157 2052 4214 pariter
2066 4169 2098 4206 10

1349 4218 1422 4264 uobis
1435 4218 1561 4276 reustum,
1576 4219 1677 4266 felicem
1691 4231 1721 4266 ac
1730 4221 1851 4268 laetitiae
1860 4223 1966 4280 plenum
1977 4224 2033 4270 lore
2043 4236 2096 4271 non

1349 4285 1509 4332 dubitamus.
1525 4287 1649 4333 Videmus
1660 4287 1732 4333 enim
1742 4289 1824 4334 oculis
1836 4290 1935 4337 nostrie
1945 4291 2095 4348 exemplum

1348 4361 1364 4398 a
1379 4352 1468 4398 Sarscti
1482 4353 1604 4399 Silvestri
1624 4354 1759 4424 Pontificio
1780 4358 1898 4413 tempore
1912 4367 1964 4403 nou
1979 4357 2095 4414 amplius

1348 4417 1442 4476 risum,
1464 4420 1647 4468 Patriarcham
1669 4420 1769 4468 scilicet
1790 4427 1965 4469 armenorum
1987 4423 2094 4470 ciliciae

1347 4485 1380 4532 ad
1394 4486 1489 4532 Urbem
1504 4486 1615 4543 venisse,
1629 4489 1655 4533 et
1669 4487 1697 4534 iu
1708 4488 1783 4535 nobis
1793 4501 1943 4547 quanquam
1954 4489 2095 4536 immeren-

1347 4551 1426 4608 tibus,
1441 4553 1571 4600 licclesiae
1585 4554 1742 4611 Primatum,
1755 4561 1782 4601 et
1796 4555 1824 4602 in
1839 4556 1888 4603 hac
1902 4557 1960 4614 ipsa
1973 4559 2095 4604 1101111111

1347 4619 1462 4666 ccclesia
1475 4621 1596 4667 centrum
1611 4621 1723 4668 unitatis
1742 4633 1896 4681 agnoscere;
1910 4635 1942 4670 ac
1955 4627 2093 4681 praeterea

1346 4698 1398 4732 non
1413 4689 1443 4734 ut
1457 4686 1524 4734 alias
1546 4698 1592 4745 per
1612 4691 1724 4745 Legatos
1737 4689 1771 4740 ad
1792 4701 1839 4736 uos
1862 4690 1966 4747 missos,
1987 4691 2032 4738 sed
2046 4703 2093 4752 per

1346 4767 1374 4802 se
1387 4756 1474 4814 ipsum
1488 4765 1505 4802 a
1519 4755 1593 4802 nobis
1607 4757 1746 4814 apostolici
1759 4757 1835 4816 pallii
1854 4757 2013 4816 dignitatem
2028 4759 2092 4808 acci·

1345 4834 1414 4880 pere.

1386 4889 1451 4936 lluic
1464 4893 1554 4938 autem
1568 4889 1673 4948 gaudlo,
1688 4889 1757 4949 quod
1770 4903 1909 4940 commune
1924 4894 1998 4942 nobis
2009 4897 2093 4944 vobis-

1345 4968 1405 5003 cum
1420 4960 1469 5012 est,
1483 4961 1514 5003 ut
1527 4959 1637 5016 proinde
1651 4961 1702 5005 beo
1714 4962 1770 5018 opt.
1781 4959 1846 5006 Max.
1859 4961 1961 5019 gratias
1970 4964 2093 5012 concordi

1344 5024 1434 5071 animo
1455 5035 1535 5082 agere
1554 5025 1705 5082 debeamus,
1725 5028 1826 5074 accedit
1848 5041 1952 5088 quoque
1974 5029 2092 5078 alterum

1345 5091 1420 5138 nobis
1434 5091 1576 5149 peculiare,
1591 5093 1661 5152 quod
1674 5093 1803 5140 nimirum
1817 5095 1931 5154 triginta
1942 5089 2092 5150 1111111111-

1345 5157 1387 5205 1111
1401 5170 1432 5204 cx
1446 5159 1499 5205 1110
1512 5159 1577 5216 1000,
1591 5160 1661 5206 unde
1670 5172 1754 5219 nuper
1763 5161 1910 5210 advocatus
1920 5163 2092 5211 consistoria·

1344 5225 1378 5272 111
1392 5237 1440 5284 pro
1453 5225 1609 5274 Patriarcha
1622 5225 1729 5274 ciliciae
1740 5233 1917 5277 armenorum
1926 5241 1942 5278 a
1952 5231 2027 5278 nobis
2038 5229 2091 5289 pai·

1344 5293 1412 5340 lium
1426 5293 1529 5352 petivit,
1543 5305 1590 5341 noe
1604 5293 1664 5352 ipsi,
1678 5295 1825 5343 advocatus
1839 5297 1907 5344 item
1921 5297 2092 5346 consistoria·

1343 5361 1387 5412 iis.
1401 5371 1418 5407 a
1433 5362 1566 5408 clemente
1580 5365 1620 5409 xi.
1636 5363 1678 5408 iel.
1693 5374 1744 5410 rec.
1759 5363 1972 5421 proPatriarcha
1982 5365 2090 5414 alexan·

1344 5426 1420 5474 drino
1439 5425 1507 5474 illud
1528 5427 1679 5485 petivimus,
1698 5427 1744 5486 qui
1765 5427 1908 5478 schismate
1925 5427 2090 5490 caeterisque

1343 5493 1479 5540 erroribus
1499 5494 1621 5551 eiuratis,
1635 5495 1761 5542 honorem
1782 5496 1860 5553 pallii
1877 5509 1923 5555 per
1938 5501 2090 5546 Procurato

1343 5572 1400 5607 rem
1415 5560 1495 5608 huius
1509 5562 1549 5608 rel
1563 5573 1643 5609 causa
1656 5573 1711 5612 ase
1720 5561 1832 5610 missum
1843 5564 2012 5622 efflagitabat.
2027 5569 2090 5618 Quo·

1342 5629 1413 5676 circa
1433 5629 1479 5675 diu
1501 5630 1668 5687 multumque
1689 5629 1764 5676 nobis
1784 5630 1959 5678 laborandum
1981 5632 2039 5690 luit,
2058 5637 2088 5680 ut

1342 5696 1500 5754 quibusdam
1521 5697 1555 5743 ad
1575 5696 1727 5744 huiusmodi
1752 5697 1792 5742 rei
1813 5709 1923 5745 examen
1949 5699 2089 5748 destinatis

1342 5764 1529 5818 suaderemus,
1552 5767 1699 5810 Romanam
1721 5764 1865 5812 Ecclesiam
1888 5777 1941 5812 non
1964 5766 2089 5813 dedecere

1343 5831 1421 5888 (quod
1434 5829 1476 5876 1111
1489 5830 1628 5889 putabant)
1643 5829 1805 5877 Patriarchis
1819 5834 1846 5878 et
1855 5831 1994 5880 orientalis
2005 5834 2089 5880 Eccle-

1341 5897 1396 5944 siae
1410 5897 1618 5956 archiepiscopis
1631 5895 1708 5956 pallii
1721 5897 1879 5955 (1111111111
1893 5901 2018 5950 eantare.

1380 5964 1418 6010 ad
1431 5966 1559 6012 honorem
1573 5969 1620 6012 etc.
