4856 6984
332 535 386 590 An.
401 539 431 591 O·
453 539 520 590 1752
569 539 628 602 512
1072 556 1134 600 ivn.
1159 555 1249 600 nour.
1273 553 1312 598 nn
1334 555 1362 600 Ρ.
1388 555 1417 600 r.
1442 557 1524 602 rsus
1547 559 1568 601 r.
2124 541 2177 594 Au·
2192 543 2222 593 0·
2246 540 2328 592 1752

549 691 603 737 cus
623 689 715 753 super
736 675 783 736 his
804 691 820 734 a
842 689 1009 752 quoquam,
1032 673 1139 752 quavis
1161 673 1293 735 auctori·
1348 687 1401 734 cae
1425 672 1584 749 religionis
1609 673 1808 752 exhibitaque
1839 675 1995 738 Romanae
2022 675 2093 739 Sedi

548 777 622 844 tate,
644 768 779 830 scienter
794 768 844 829 vel
865 767 1047 843 ignoranter
1068 765 1235 843 contigerit
1249 773 1292 828 at·
1348 766 1491 828 omnium
1518 765 1725 830 Ecclesiarum
1756 769 1903 831 matriae
1928 769 2092 846 magistrae

549 864 673 926 tentari.
1348 861 1532 936 obedientia,
1553 862 1779 924 confirmarunt
1800 861 2094 940 obsequentissimae

586 959 605 1034 ἓ
626 957 655 1019 la.
679 955 748 1019 Non
773 957 965 1019 obstantibus
991 955 1181 1036 apostolicis,
1205 971 1238 1018 ae
1259 955 1291 1016 in
1348 959 1419 1016 tuae
1441 954 1548 1016 literae
1569 972 1612 1016 vr.
1630 955 1685 1018 cal.
1704 954 1837 1017 octobris
1851 953 1975 1034 Leopoli
1996 957 2090 1018 datae.

547 1050 774 1114 universalibus
795 1048 1096 1130 provincialibusque
1115 1058 1146 1112 et
1162 1049 1292 1127 synoda·
1349 1046 1380 1108 ln
1404 1046 1439 1107 iis
1461 1049 1547 1110 enim
1573 1049 1744 1126 gratissima
1772 1049 1956 1112 documenta
1977 1051 2094 1129 accepi-

548 1144 626 1205 libus
658 1145 795 1206 conciliis
816 1147 906 1208 editis
932 1144 1126 1222 generalibus
1154 1143 1205 1204 vel
1225 1158 1291 1220 spe·
1347 1155 1415 1200 mus
1436 1141 1560 1219 penitus
1591 1143 1702 1206 addicti
1723 1143 1813 1205 nobis
1841 1161 1997 1224 veraeque
2022 1147 2092 1210 reli-

546 1239 671 1301 cialibus
692 1239 965 1302 constitutionibus
980 1246 1011 1302 et
1032 1237 1288 1312 ordinationibus,
1346 1232 1430 1308 gioni
1458 1232 1553 1295 animi
1578 1237 1641 1310 tui,
1664 1244 1749 1298 acte
1774 1237 1881 1300 sedulo
1908 1255 2035 1316 curare,
2059 1249 2093 1303 ut

546 1347 590 1405 ac,
608 1340 760 1410 quatenus
782 1348 857 1410 opus
878 1331 930 1406 sit,
947 1331 1108 1410 quibusvis
1129 1331 1221 1392 etiam
1245 1331 1289 1392 iu·
1345 1325 1482 1388 llutheni
1506 1328 1646 1408 Episcopi
1676 1339 1780 1392 tecum
1802 1340 1833 1394 et
1854 1347 1926 1394 cum
1947 1349 2092 1412 supremo

546 1433 698 1497 ramento,
711 1425 946 1487 confirmatione
968 1424 1131 1502 apostolica
1146 1424 1196 1486 vel
1217 1411 1296 1502 qua!
1347 1417 1497 1481 Ecclesiae
1526 1421 1674 1484 hntistite
1695 1423 1800 1486 adsui
1829 1424 1931 1501 gregis
1959 1426 2091 1489 salutem

546 1518 592 1578 vis
613 1518 760 1580 firmitate
781 1518 838 1580 alia
858 1518 1008 1580 roboratis
1028 1519 1151 1580 statutis
1165 1526 1196 1580 et
1217 1535 1289 1581 con·
1345 1512 1587 1589 coniungantur.
1611 1514 1689 1578 Hinc
1711 1515 1874 1580 enimvero
1893 1534 1955 1581 non
1977 1519 2093 1582 medio-

544 1611 777 1689 suetudinibus3
801 1611 972 1691 privilegiis
994 1627 1128 1690 quoque,
1145 1611 1286 1688 indultis,
1345 1619 1429 1666 crem
1450 1621 1465 1664 a
1488 1605 1575 1670 nobis
1602 1606 1725 1670 laudem
1754 1611 1888 1673 retulisti
1913 1612 2092 1691 plurimam·

545 1711 576 1765 et
598 1704 695 1766 literis
725 1705 896 1783 apostolicis
921 1705 954 1766 in
982 1706 1172 1768 contrarium
1204 1721 1288 1782 prae·
1314 1748 1317 1817 ι
1345 1712 1404 1775 title
1420 1697 1683 1762 benevolentiam.
1709 1701 2091 1783 Etillincpraetereano·

545 1795 710 1857 missorum
735 1795 965 1875 quomodolibet
988 1797 1156 1872 concessis,
1178 1796 1290 1859 contir-
1314 1834 1316 1877 q
1343 1797 1440 1852 stram
1462 1791 1516 1852 libi
1539 1793 1669 1868 {ltaliam
1692 1795 1872 1870 0⁰ss⁰iliflstis
1895 1799 1975 1876 (111οᾱ
1997 1799 2033 1860 ad
2047 1798 2090 1860 ΐο-

544 1889 1289 1966 mausetmnovausqhousomnibusetsingu-
1314 1884 1316 1991 J
1343 1884 1443 1945 venda
1458 1887 1692 1949 mmouasticam
1707 1887 1910 1966 disciplinam,
1926 1907 2005 1969 auae
2020 1890 2090 1954 taci-

545 1980 581 2042 lis
603 1981 731 2044 illarum
752 1990 875 2044 tenores
898 1983 1109 2060 praesentibus
1126 1982 1286 2060 proplene
1314 1996 1316 2055 l
1344 1973 1403 2036 lius
1431 1977 1597 2040 domestici}
1625 1980 1784 2056 vigilantia
1807 1982 1980 2059 retinetur,
2003 1987 2089 2048 omni

544 2080 574 2137 et
589 2075 778 2138 sufficienter
793 2077 943 2154 expressis
958 2093 992 2139 ac
1006 2078 1043 2138 de
1058 2077 1154 2140 verbo
1168 2079 1203 2140 ad
1219 2095 1288 2142 ver·
1313 2066 1316 2115 t
1343 2071 1470 2133 cesseris
1482 2071 1550 2134 iure
1563 2087 1625 2150 quo
1638 2072 1670 2134 in
1684 2071 1908 2138 basilianorum
1923 2083 1992 2138 tuae
2007 2079 2089 2140 dioe-

543 2168 618 2230 bum
647 2169 770 2232 insertis
799 2169 964 2244 habentes,
992 2169 1054 2231 illis
1082 2170 1155 2233 alias
1177 2170 1209 2233 in
1231 2187 1287 2233 suo
1343 2165 1418 2226 cesis
1450 2166 1636 2227 monasteria
1659 2166 1808 2242 utebaris,
1830 2167 1969 2247 illudque
1992 2177 2088 2233 trans-

543 2261 653 2324 rabare
675 2264 899 2340 permansuris,
922 2265 957 2326 ad
982 2265 1223 2342 praemissorum
1245 2263 1286 2326 ef·
1343 2258 1451 2319 tuleris
1467 2258 1498 2320 in
1512 2259 1697 2321 eorumdem
1713 2259 1895 2336 primarium
1905 2262 2086 2339 praesidem,

542 2353 676 2430 lectum,
705 2357 762 2419 hac
782 2357 850 2419 vice
874 2357 1032 2419 dumtaxat
1063 2356 1234 2434 specialiter
1256 2364 1286 2418 et
1342 2359 1432 2430 atque
1452 2351 1595 2429 exemplo
1616 2353 1762 2430 praeieris
1784 2355 1893 2416 ceteris
1915 2361 1986 2417 tuae
2004 2373 2086 2419 com-

542 2463 685 2526 eupresse
706 2449 900 2527 derogamus,
913 2449 1103 2528 caeterisque
1124 2450 1286 2512 contrariis
1342 2446 1503 2508 munionis
1532 2445 1697 2524 Episcopis.
1727 2445 1758 2510 ld
1781 2463 1978 2526 summopere
2000 2450 2087 2513 nobis

541 2540 797 2620 quibuscumque.

1342 2541 1465 2619 placuit.
1490 2542 1638 2604 Putamus
1658 2543 1744 2604 enim
1766 2544 1807 2604 ita
1822 2543 2012 2622 splendidius
2033 2547 2086 2608 llo·

582 2633 650 2708 §d
668 2633 818 2698 Volumus
833 2635 1187 2711 autem,utear'umdem
1200 2653 1285 2716 prae·
1311 2632 1314 2731 l
1341 2651 1411 2698 rere
1431 2651 1520 2714 posse
1549 2636 1730 2698 eorumdem
1757 2637 1983 2699 monachorum
2007 2642 2085 2718 apud

1311 2742 1313 2853 p
1341 2745 1395 2790 vos
1416 2728 1576 2803 Ordinem,
1599 2729 1681 2790 unde
1703 2745 1826 2808 sperare
1847 2729 1929 2806 licet,
1946 2747 1998 2793 eos
2020 2734 2087 2795 dili-

541 2727 678 2790 santinm
700 2728 875 2791 litterarum
892 2730 1093 2809 transumptis
1111 2747 1166 2793 seu
1180 2747 1285 2792 exem-

541 2820 598 2898 plis
621 2821 716 2882 etiam
741 2821 915 2900 impressis,
947 2838 1041 2886 manu
1073 2823 1202 2887 alicuius
1229 2839 1283 2886 no-

541 2914 610 2976 tarii
629 2914 755 2993 publici,
772 2915 820 2977 vel
842 2917 997 2980 secretarii
1013 2917 1110 2979 dictae
1126 2918 1284 2981 Societatis

540 3006 607 3070 lesu
629 3009 820 3087 subscriptis,
837 3017 867 3071 et
882 3010 983 3087 sigillo
1005 3011 1167 3089 praepositi
1190 3027 1284 3087 gene·
1310 2994 1312 3047 ¹

1340 2829 1464 2904 gentius
1485 2827 1622 2889 excultos
1644 2826 1803 2889 utiliorem
1817 2827 1941 2890 daturos
1962 2845 2085 2908 operam

1340 2921 1527 2984 revocandae
1548 2929 1669 2984 vestrae
1684 2922 1772 2998 genti
1794 2921 1829 2983 ad
1844 2939 1956 2986 verum
1972 2925 2084 2988 Christi

1339 3016 1463 3079 Domini
1485 3016 1582 3090 ovile,
1606 3016 1827 3095 mortiferaque
1857 3017 2013 3080 schismati
2034 3035 2085 3098 pe-

540 3099 611 3162 ralis
632 3101 772 3162 eiusdem
804 3102 964 3165 societatis
991 3103 1040 3164 vel
1068 3102 1193 3166 alterius
1215 3121 1283 3182 per·
1309 3130 1311 3187 q
1338 3111 1424 3174 nitus
1438 3109 1599 3172 abolendo.
1623 3109 1767 3182 Quocirca
1790 3117 1820 3171 et
1841 3126 1898 3172 nos
1919 3110 2085 3176 adiecimus

537 3208 630 3254 sonae
650 3193 682 3255 in
704 3193 905 3257 ecclesiastica
928 3195 1078 3272 dignitate
1098 3199 1283 3260 constitutae
1309 3208 1311 3275 l

537 3286 678 3362 munitis,
695 3286 802 3349 eadem
823 3303 948 3366 prorsus
971 3289 1044 3351 fides
1065 3297 1127 3352 tam
1149 3291 1181 3352 in
1204 3291 1282 3353 iudi-

536 3381 593 3456 cio,
606 3396 699 3458 quam
721 3387 807 3444 extra
819 3381 894 3444 illud
910 3382 1101 3455 adhibeatur,
1118 3400 1196 3462 quae
1211 3385 1282 3463 ipsis

418 3532 428 3547 ‚
536 3476 749 3554 praesentibus
780 3475 996 3554 adhiberetur,
1022 3477 1048 3539 si
1073 3477 1175 3542 lorent
1196 3479 1281 3541 euhi-

534 3568 616 3630 bitae
639 3568 689 3630 vel
708 3575 857 3632 ostensae.

1338 3209 1534 3284 praecipuam
1555 3217 1661 3265 curam
1684 3201 1718 3262 ad
1741 3202 1887 3265 Ordinem
1909 3205 2011 3282 ipsum
2033 3207 2084 3268 lir-

1338 3301 1420 3364 mius
1433 3299 1725 3361 constabiliendum.
1749 3298 1829 3360 Cum
1843 3307 1948 3362 autem
1962 3311 2084 3365 certum

1337 3400 1595 3473 compertumque
1607 3392 1771 3454 habeamus
1783 3393 1815 3454 in
1828 3393 1856 3456 id
1870 3396 2002 3458 maxime
2013 3415 2085 3463 con·

1338 3490 1420 3552 terre
1439 3504 1540 3568 posse,
1555 3489 1579 3550 si
1601 3489 1733 3566 dispersa
1755 3489 1786 3551 in
1810 3491 1906 3552 varias
1926 3493 2084 3559 societates

1337 3583 1480 3646 liuthena
1495 3582 1670 3644 huiusmodi
1686 3583 1909 3646 monachorum
1931 3596 2083 3652 monaste-

574 3663 687 3724 llatum
710 3663 840 3740 homae,
870 3664 949 3744 apud
978 3666 1009 3730 S.
1037 3665 1164 3730 blaciam
1191 3668 1283 3731 blais·
1307 3666 1310 3721 Ι
1338 3676 1382 3738 ria
1398 3677 1430 3738 in
1449 3677 2082 3752 unumcoetumredigantur‚deconsilio

534 3773 614 3832 rem,
641 3757 699 3820 sub
719 3758 835 3820 annulo
861 3759 1032 3835 Piscatoris‚
1059 3762 1109 3823 die
1130 3777 1184 3824 xx.
1209 3761 1280 3825 maii
1307 3730 1310 3791 ι
1337 3785 1432 3832 venn.
1451 3769 1584 3832 fratrum
1600 3775 1779 3831 nostrorum
1802 3769 1831 3833 S.
1844 3769 1878 3830 R.
1891 3771 1924 3832 E.
1940 3773 2082 3838 Cardine-

535 3866 691 3927 nucccu,
714 3852 910 3932 pontificatus
931 3855 1029 3914 nostri
1050 3871 1131 3917 anno
1152 3872 1210 3918 xn.

823 4095 989 4160 CXXXIX.

533 4227 769 4308 Metropolitum
781 4229 959 4294 Ratbeaar.
988 4231 1103 4295 laedat
1121 4229 1155 4294 ob
1173 4237 1281 4294 troas·

572 4323 736 4386 latomia
760 4325 938 4404 praesidem
963 4325 1140 4404 pecoralem
1170 4341 1278 4389 mama·

572 4415 705 4478 charam
737 4417 767 4480 S.
792 4417 911 4482 Basilii
932 4418 985 4482 ius
1007 4435 1066 4496 qao
1093 4417 1278 4496 patiebatur

572 4510 608 4570 ia
641 4512 838 4574 monasteria
870 4527 947 4580 suae
983 4510 1151 4585 diaecesis‚·
1187 4511 1277 4588 capit

571 4601 740 4666 monachas
756 4604 791 4664 ia
806 4619 906 4665 amam
921 4595 1197 4683 camqraqatiaaem
1209 4621 1277 4666 aaa·

574 4696 706 4772 leacera,·
741 4697 822 4776 qaod
853 4697 1043 4760 mandatam
1074 4697 1277 4775 pontificiam

572 4791 608 4851 im
627 4790 785 4867 praaimis
807 4791 946 4852 comitiis
968 4795 1148 4867 coequatur
1169 4789 1225 4867 (l).

667 4881 673 4908 t

592 4974 762 5043 Venerabili
784 4975 871 5044 tratri
894 4973 1063 5044 Athanasio
1092 4971 1215 5042 llioviae

532 5070 770 5155 archiepiscopo
780 5070 875 5138 totius
889 5067 1019 5137 liussiae
1033 5067 1274 5151 metropolitana,

689 5215 930 5288 Benedictus
960 5216 1020 5285 ΡΡ.
1044 5215 1114 5283 xlv.

743 5352 930 5423 Venerabilis
953 5352 1061 5431 trater,

562 5450 690 5517 salutern
712 5454 745 5516 at
765 5448 961 5534 apostolicam
988 5445 1237 5515 benedictionem.

569 5640 764 5720 Opinionem,
787 5657 880 5719 quam
904 5637 1086 5719 iampridem
1108 5637 1273 5700 habuimus

528 5734 565 5796 de
586 5733 786 5796 traternitatis
807 5742 877 5796 tuae
900 5731 1015 5795 eximio
1037 5731 1124 5794 cultu
1146 5729 1272 5793 catholi-

568 5947 598 6005 lt)
614 5949 651 5993 lex
665 5949 726 6006 Reg.
743 5949 799 5994 vat.
815 5947 896 6005 rapiat.
912 5947 945 5993 ad
959 5945 1092 6005 Principes
1106 5947 1153 5992 etc.

1307 3889 1309 3937 Ι
1337 3862 1416 3926 lium
1431 3864 1484 3942 qui
1500 3879 1615 3926 munus
1637 3872 1752 3938 gerunt
1766 3863 1979 3941 Propagandae
1997 3869 2080 3932 Fidei

1336 3957 1512 4030 statuimus,
1535 3957 1700 4020 Basilianos
1723 3973 1844 4032 omnes,
1872 3967 2024 4039 quotquot
2048 3964 2080 4026 in

1335 4050 1462 4112 Russiae
1476 4051 1631 4113 coenobiis
1645 4053 1773 4128 degunt,
1790 4051 1822 4113 in
1839 4068 1933 4115 unam
1953 4071 2082 4132 congre·

1336 4145 1401 4221 gari
1415 4143 1563 4206 familiam
1573 4143 1631 4206 sub
1643 4143 1769 4208 nomine
1784 4142 1998 4210 Sanctissimae
2015 4150 2082 4212 Tri·
2118 4162 2128 4183 ·

1336 4239 1440 4300 nitatis
1452 4238 1618 4300 Unitorum
1634 4237 1785 4315 istamque
1805 4239 1842 4300 ab
1863 4255 1926 4302 uno
1943 4243 2080 4318 generali

1335 4330 1488 4409 praelecto
1503 4345 1556 4392 seu
1576 4329 1905 4394 Protoarchtnandrica
1927 4334 2082 4409 guberna-

1335 4424 1376 4486 ri:
1390 4434 1547 4485 reservato
1559 4431 1663 4485 tamen
1680 4423 1735 4484 tibi
1750 4441 1783 4486 ac
1797 4423 1924 4503 reliquis
1939 4427 1993 4488 tibi
2009 4445 2080 4491 con-

1334 4515 1447 4578 iunctis
1459 4515 1614 4593 Episcopis
1625 4515 1705 4590 iure,
1718 4517 1800 4593 quod
1815 4517 1997 4594 apostolicae
2009 4537 2081 4584 con-

1333 4609 1513 4670 stitutiones
1534 4625 1567 4672 ac
1588 4608 1770 4671 tridentina
1791 4609 1944 4688 synodus,
1957 4614 2006 4674 cni
2029 4631 2078 4692 pa·

1333 4701 1409 4764 riter
1430 4701 1561 4762 maiores
1582 4701 1678 4764 vestri
1701 4699 1794 4763 sidem
1815 4719 1902 4765 suam
1928 4705 2079 4767 astrinxe-

1333 4802 1419 4870 runt,
1441 4793 1610 4858 Ordinariis
1637 4795 1827 4872 permittunt
1849 4797 1880 4858 in
1903 4813 1976 4860 suae
1997 4798 2077 4862 dioe-

1332 4888 1407 4949 cesis
1420 4886 1587 4963 regulares,
1597 4887 1713 4949 scilicet
1723 4896 1892 4967 exemptos.
1908 4890 1974 4952 Erit
1987 4893 2077 4954 modo

1302 5004 1304 5055 t
1332 4987 1402 5042 tuae
1425 4981 1457 5041 in
1480 4995 1536 5041 nos
1563 4986 1740 5059 perspectae
1768 4981 1981 5044 observantiae
2006 4985 2075 5046 obe·

1331 5071 1528 5151 dientiaeque
1542 5088 1661 5145 curare,
1679 5079 1714 5134 ut
1726 5088 1765 5134 ex
1780 5073 1957 5136 huiusmodi
1973 5079 2077 5138 nostra

1331 5166 1525 5244 providentia
1553 5166 1657 5228 omnis
1685 5167 1717 5228 in
1752 5165 1860 5229 Russia
1888 5170 2075 5232 monasticus

1330 5259 1409 5324 Ordo
1431 5262 1463 5322 in
1484 5275 1585 5322 unum
1605 5259 1901 5338 collectusquotidie
1921 5262 2018 5338 magis
2033 5263 2076 5324 et·

1331 5355 1480 5429 florescat,
1503 5354 1745 5432 catholicamque
1766 5355 1929 5416 veritatem
1943 5357 2075 5434 suasin-

1330 5455 1378 5509 ter
1392 5449 1474 5510 cives
1489 5447 1643 5526 prolatare
1659 5465 1692 5510 ac
1704 5447 1785 5509 tueri
1799 5449 1969 5523 annitatur,
1980 5449 2074 5512 simul

1329 5549 1435 5604 autem
1457 5549 1492 5604 ut
1513 5539 1592 5619 apud
1612 5541 1820 5617 suffraganeos
1842 5541 2003 5604 antistites
2025 5557 2075 5603 ea-

1329 5634 1400 5698 dem
1420 5633 1528 5697 sedulo
1543 5649 1615 5696 cura
1630 5633 1680 5695 sit.
1705 5633 1736 5695 ld
1758 5633 1810 5694 abs
1824 5642 1855 5695 te
1869 5633 2073 5696 confidentius
2163 5641 2165 5646 ·

1329 5727 1536 5807 postulamus,
1566 5741 1627 5805 quo
1655 5726 1862 5806 comperimus
1884 5735 1914 5788 te
1936 5726 2073 5804 vestigiis

1524 5863 1565 5874 ‹nc-a
