<?xml version="1.0" encoding="UTF-8"?>
<!DOCTYPE html PUBLIC "-//W3C//DTD XHTML 1.0 Transitional//EN"
    "http://www.w3.org/TR/xhtml1/DTD/xhtml1-transitional.dtd">
<html xmlns="http://www.w3.org/1999/xhtml" xml:lang="en" lang="en">
 <head>
  <title>
</title>
<meta http-equiv="Content-Type" content="text/html;charset=utf-8" />
  <meta name='ocr-system' content='tesseract 3.04.00' />
  <meta name='ocr-capabilities' content='ocr_page ocr_carea ocr_par ocr_line ocrx_word'/>
</head>
<body>
  <div class='ocr_page' id='page_1' title='image "./iurispontificii02martgoog_0550.png"; bbox 0 0 4838 6982; ppageno 0'>
   <div class='ocr_carea' id='block_1_1' title="bbox 358 535 547 588">
    <p class='ocr_par' dir='ltr' id='par_1_1' title="bbox 358 535 547 588">
     <span class='ocr_line' id='line_1_1' title="bbox 358 535 547 588; baseline 0.016 -3"><span class='ocrx_word' id='word_1_1' title='bbox 358 535 456 588; x_wconf 73' lang='grc'><strong>110.</strong></span> <span class='ocrx_word' id='word_1_2' title='bbox 479 536 547 588; x_wconf 81' lang='lat'>1753</span> 
     </span>
    </p>
   </div>
   <div class='ocr_carea' id='block_1_2' title="bbox 597 539 655 602">
    <p class='ocr_par' dir='ltr' id='par_1_2' title="bbox 597 539 655 602">
     <span class='ocr_line' id='line_1_2' title="bbox 597 539 655 602; baseline 0.121 -7"><span class='ocrx_word' id='word_1_3' title='bbox 597 539 655 602; x_wconf 69' lang='grc'><strong>1131</strong></span> 
     </span>
    </p>
   </div>
   <div class='ocr_carea' id='block_1_3' title="bbox 576 673 1324 3463">
    <p class='ocr_par' dir='ltr' id='par_1_3' title="bbox 576 673 1324 2703">
     <span class='ocr_line' id='line_1_3' title="bbox 579 673 1318 752; baseline 0.001 -19"><span class='ocrx_word' id='word_1_4' title='bbox 579 689 662 746; x_wconf 86' lang='lat' dir='ltr'>ram,</span> <span class='ocrx_word' id='word_1_5' title='bbox 679 673 729 736; x_wconf 91' lang='lat' dir='ltr'>cui</span> <span class='ocrx_word' id='word_1_6' title='bbox 747 679 848 736; x_wconf 90' lang='lat' dir='ltr'>tamen</span> <span class='ocrx_word' id='word_1_7' title='bbox 872 675 1038 752; x_wconf 88' lang='lat' dir='ltr'>derogatur</span> <span class='ocrx_word' id='word_1_8' title='bbox 1059 673 1097 735; x_wconf 93' lang='lat' dir='ltr'>ob</span> <span class='ocrx_word' id='word_1_9' title='bbox 1118 673 1318 736; x_wconf 87' lang='lat' dir='ltr'>necessariam</span> 
     </span>
     <span class='ocr_line' id='line_1_4' title="bbox 578 766 1322 846; baseline -0.005 -16"><span class='ocrx_word' id='word_1_10' title='bbox 578 781 717 841; x_wconf 88' lang='lat' dir='ltr'>causam,</span> <span class='ocrx_word' id='word_1_11' title='bbox 741 766 885 829; x_wconf 90' lang='lat' dir='ltr'>videlicet</span> <span class='ocrx_word' id='word_1_12' title='bbox 906 767 945 829; x_wconf 92' lang='lat' dir='ltr'>ob</span> <span class='ocrx_word' id='word_1_13' title='bbox 973 768 1166 830; x_wconf 77' lang='lat' dir='ltr'>sacerdotum</span> <span class='ocrx_word' id='word_1_14' title='bbox 1191 767 1322 846; x_wconf 90' lang='lat' dir='ltr'>pancita-</span> 
     </span>
     <span class='ocr_line' id='line_1_5' title="bbox 579 859 1321 940; baseline 0 -18"><span class='ocrx_word' id='word_1_15' title='bbox 579 867 654 936; x_wconf 91' lang='lat' dir='ltr'>tem,</span> <span class='ocrx_word' id='word_1_16' title='bbox 668 859 717 922; x_wconf 89' lang='lat' dir='ltr'>rel</span> <span class='ocrx_word' id='word_1_17' title='bbox 739 876 935 924; x_wconf 89' lang='lat' dir='ltr'>cumeorum</span> <span class='ocrx_word' id='word_1_18' title='bbox 958 877 1122 935; x_wconf 92' lang='lat' dir='ltr'>numerus,</span> <span class='ocrx_word' id='word_1_19' title='bbox 1139 860 1192 940; x_wconf 91' lang='lat' dir='ltr'>qni</span> <span class='ocrx_word' id='word_1_20' title='bbox 1214 859 1321 922; x_wconf 88' lang='lat' dir='ltr'>diebus</span> 
     </span>
     <span class='ocr_line' id='line_1_6' title="bbox 577 952 1323 1029; baseline -0.001 -14"><span class='ocrx_word' id='word_1_21' title='bbox 577 953 662 1016; x_wconf 87' lang='lat' dir='ltr'>lestis</span> <span class='ocrx_word' id='word_1_22' title='bbox 685 961 833 1016; x_wconf 89' lang='lat' dir='ltr'>tenentur</span> <span class='ocrx_word' id='word_1_23' title='bbox 846 955 938 1016; x_wconf 93' lang='lat' dir='ltr'>sacris</span> <span class='ocrx_word' id='word_1_24' title='bbox 949 954 1101 1029; x_wconf 86' lang='lat' dir='ltr'>assistere,</span> <span class='ocrx_word' id='word_1_25' title='bbox 1124 953 1216 1015; x_wconf 91' lang='lat' dir='ltr'>talem</span> <span class='ocrx_word' id='word_1_26' title='bbox 1238 952 1323 1015; x_wconf 90' lang='lat' dir='ltr'>exbi-</span> 
     </span>
     <span class='ocr_line' id='line_1_7' title="bbox 578 1046 1322 1123; baseline -0.004 -13"><span class='ocrx_word' id='word_1_27' title='bbox 578 1047 645 1110; x_wconf 89' lang='lat' dir='ltr'>beal</span> <span class='ocrx_word' id='word_1_28' title='bbox 667 1047 881 1110; x_wconf 86' lang='lat' dir='ltr'>necessitatem</span> <span class='ocrx_word' id='word_1_29' title='bbox 910 1055 955 1123; x_wconf 90' lang='lat' dir='ltr'>ut,</span> <span class='ocrx_word' id='word_1_30' title='bbox 979 1047 1039 1110; x_wconf 89' lang='lat' dir='ltr'>nisi</span> <span class='ocrx_word' id='word_1_31' title='bbox 1059 1046 1150 1109; x_wconf 90' lang='lat' dir='ltr'>alicui</span> <span class='ocrx_word' id='word_1_32' title='bbox 1171 1046 1322 1108; x_wconf 89' lang='lat' dir='ltr'>sacerdoti</span> 
     </span>
     <span class='ocr_line' id='line_1_8' title="bbox 577 1139 1321 1218; baseline -0.003 -18"><span class='ocrx_word' id='word_1_33' title='bbox 577 1140 650 1201; x_wconf 88' lang='lat' dir='ltr'>duas</span> <span class='ocrx_word' id='word_1_34' title='bbox 671 1139 778 1202; x_wconf 89' lang='lat' dir='ltr'>missas</span> <span class='ocrx_word' id='word_1_35' title='bbox 800 1140 908 1203; x_wconf 87' lang='lat' dir='ltr'>eodem</span> <span class='ocrx_word' id='word_1_36' title='bbox 921 1141 971 1204; x_wconf 90' lang='lat' dir='ltr'>die</span> <span class='ocrx_word' id='word_1_37' title='bbox 991 1139 1165 1202; x_wconf 90' lang='lat' dir='ltr'>celebrandi</span> <span class='ocrx_word' id='word_1_38' title='bbox 1187 1145 1321 1218; x_wconf 90' lang='lat' dir='ltr'>potestas</span> 
     </span>
     <span class='ocr_line' id='line_1_9' title="bbox 577 1232 1320 1313; baseline -0.004 -17"><span class='ocrx_word' id='word_1_39' title='bbox 577 1234 773 1310; x_wconf 79' lang='lat' dir='ltr'>concedatur,</span> <span class='ocrx_word' id='word_1_40' title='bbox 797 1234 949 1298; x_wconf 81' lang='lat' dir='ltr'>Ecclesiae</span> <span class='ocrx_word' id='word_1_41' title='bbox 969 1233 1110 1296; x_wconf 90' lang='lat' dir='ltr'>mandato</span> <span class='ocrx_word' id='word_1_42' title='bbox 1131 1232 1236 1313; x_wconf 91' lang='lat' dir='ltr'>plures</span> <span class='ocrx_word' id='word_1_43' title='bbox 1257 1247 1320 1294; x_wconf 93' lang='lat' dir='ltr'>non</span> 
     </span>
     <span class='ocr_line' id='line_1_10' title="bbox 576 1326 1321 1407; baseline -0.005 -17"><span class='ocrx_word' id='word_1_44' title='bbox 576 1327 800 1392; x_wconf 74' lang='lat' dir='ltr'>satisfacerent:</span> <span class='ocrx_word' id='word_1_45' title='bbox 825 1329 906 1406; x_wconf 90' lang='lat' dir='ltr'>quod</span> <span class='ocrx_word' id='word_1_46' title='bbox 927 1328 1048 1407; x_wconf 91' lang='lat' dir='ltr'>copiose</span> <span class='ocrx_word' id='word_1_47' title='bbox 1064 1326 1254 1390; x_wconf 88' lang='lat' dir='ltr'>declaratum</span> <span class='ocrx_word' id='word_1_48' title='bbox 1276 1332 1321 1387; x_wconf 89' lang='lat' dir='ltr'>est</span> 
     </span>
     <span class='ocr_line' id='line_1_11' title="bbox 577 1419 1322 1502; baseline -0.003 -20"><span class='ocrx_word' id='word_1_49' title='bbox 577 1423 810 1484; x_wconf 78' lang='lat' dir='ltr'>constitutione</span> <span class='ocrx_word' id='word_1_50' title='bbox 831 1423 906 1485; x_wconf 85' lang='grc'>311</span> <span class='ocrx_word' id='word_1_51' title='bbox 928 1422 1079 1502; x_wconf 80' lang='lat' dir='ltr'>praesenti</span> <span class='ocrx_word' id='word_1_52' title='bbox 1093 1425 1200 1484; x_wconf 90' lang='lat' dir='ltr'>nostro</span> <span class='ocrx_word' id='word_1_53' title='bbox 1223 1419 1322 1500; x_wconf 89' lang='lat' dir='ltr'>ponti-</span> 
     </span>
     <span class='ocr_line' id='line_1_12' title="bbox 579 1512 1322 1594; baseline -0.003 -20"><span class='ocrx_word' id='word_1_54' title='bbox 579 1515 669 1577; x_wconf 85' lang='lat' dir='ltr'>beatu</span> <span class='ocrx_word' id='word_1_55' title='bbox 690 1515 802 1577; x_wconf 78' lang='lat' dir='ltr'>emissi</span> <span class='ocrx_word' id='word_1_56' title='bbox 817 1523 845 1577; x_wconf 89' lang='lat' dir='ltr'>el</span> <span class='ocrx_word' id='word_1_57' title='bbox 863 1515 983 1578; x_wconf 86' lang='lat' dir='ltr'>Oscensi</span> <span class='ocrx_word' id='word_1_58' title='bbox 1007 1515 1155 1594; x_wconf 83' lang='lat' dir='ltr'>Episcopo</span> <span class='ocrx_word' id='word_1_59' title='bbox 1177 1512 1322 1589; x_wconf 82' lang='lat' dir='ltr'>inscripta</span> 
     </span>
     <span class='ocr_line' id='line_1_13' title="bbox 579 1603 1322 1686; baseline 0 -18"><span class='ocrx_word' id='word_1_60' title='bbox 579 1613 653 1670; x_wconf 91' lang='lat' dir='ltr'>tom.</span> <span class='ocrx_word' id='word_1_61' title='bbox 677 1611 700 1672; x_wconf 85' lang='lat'><strong><em>2</em></strong></span> <span class='ocrx_word' id='word_1_62' title='bbox 722 1609 877 1672; x_wconf 83' lang='lat' dir='ltr'>Batiarii.</span> <span class='ocrx_word' id='word_1_63' title='bbox 902 1609 980 1672; x_wconf 88' lang='lat' dir='ltr'>Hinc</span> <span class='ocrx_word' id='word_1_64' title='bbox 1001 1603 1089 1672; x_wconf 78' lang='lat' dir='ltr'>facile</span> <span class='ocrx_word' id='word_1_65' title='bbox 1110 1613 1234 1686; x_wconf 90' lang='lat' dir='ltr'>apparet</span> <span class='ocrx_word' id='word_1_66' title='bbox 1249 1607 1322 1668; x_wconf 91' lang='lat' dir='ltr'>abu-</span> 
     </span>
     <span class='ocr_line' id='line_1_14' title="bbox 577 1699 1324 1781; baseline -0.005 -17"><span class='ocrx_word' id='word_1_67' title='bbox 577 1703 622 1764; x_wconf 90' lang='lat' dir='ltr'>sio</span> <span class='ocrx_word' id='word_1_68' title='bbox 643 1702 862 1779; x_wconf 89' lang='lat' dir='ltr'>lntolerabilis,</span> <span class='ocrx_word' id='word_1_69' title='bbox 892 1718 970 1781; x_wconf 90' lang='lat' dir='ltr'>qnae</span> <span class='ocrx_word' id='word_1_70' title='bbox 996 1707 1188 1780; x_wconf 90' lang='lat' dir='ltr'>patraretur,</span> <span class='ocrx_word' id='word_1_71' title='bbox 1211 1700 1236 1760; x_wconf 92' lang='lat' dir='ltr'>si</span> <span class='ocrx_word' id='word_1_72' title='bbox 1258 1699 1324 1761; x_wconf 91' lang='lat' dir='ltr'>cui·</span> 
     </span>
     <span class='ocr_line' id='line_1_15' title="bbox 578 1791 1322 1876; baseline -0.011 -16"><span class='ocrx_word' id='word_1_73' title='bbox 578 1813 671 1876; x_wconf 93' lang='lat' dir='ltr'>quam</span> <span class='ocrx_word' id='word_1_74' title='bbox 693 1798 841 1859; x_wconf 87' lang='lat' dir='ltr'>sacerdoti</span> <span class='ocrx_word' id='word_1_75' title='bbox 872 1813 936 1858; x_wconf 88' lang='lat' dir='ltr'>rem</span> <span class='ocrx_word' id='word_1_76' title='bbox 958 1795 1096 1858; x_wconf 76' lang='lat' dir='ltr'>&lt;lisinam</span> <span class='ocrx_word' id='word_1_77' title='bbox 1123 1791 1254 1855; x_wconf 88' lang='lat' dir='ltr'>lactendi</span> <span class='ocrx_word' id='word_1_78' title='bbox 1276 1791 1322 1853; x_wconf 93' lang='lat' dir='ltr'>bis</span> 
     </span>
     <span class='ocr_line' id='line_1_16' title="bbox 579 1889 1321 1960; baseline -0.008 -8"><span class='ocrx_word' id='word_1_79' title='bbox 579 1892 609 1952; x_wconf 93' lang='lat' dir='ltr'>in</span> <span class='ocrx_word' id='word_1_80' title='bbox 624 1891 707 1952; x_wconf 90' lang='lat' dir='ltr'>diem</span> <span class='ocrx_word' id='word_1_81' title='bbox 723 1891 849 1953; x_wconf 89' lang='lat' dir='ltr'>lacultas</span> <span class='ocrx_word' id='word_1_82' title='bbox 870 1890 1061 1952; x_wconf 82' lang='lat' dir='ltr'>tribueretur</span> <span class='ocrx_word' id='word_1_83' title='bbox 1075 1903 1147 1950; x_wconf 88' lang='lat' dir='ltr'>eam</span> <span class='ocrx_word' id='word_1_84' title='bbox 1164 1889 1196 1954; x_wconf 88' lang='lat' dir='ltr'>lu</span> <span class='ocrx_word' id='word_1_85' title='bbox 1213 1889 1321 1960; x_wconf 83' lang='lat' dir='ltr'>linem,</span> 
     </span>
     <span class='ocr_line' id='line_1_17' title="bbox 577 1982 1322 2063; baseline -0.008 -16"><span class='ocrx_word' id='word_1_86' title='bbox 577 1993 612 2047; x_wconf 91' lang='lat' dir='ltr'>nt</span> <span class='ocrx_word' id='word_1_87' title='bbox 634 1985 748 2063; x_wconf 88' lang='lat' dir='ltr'>duplici</span> <span class='ocrx_word' id='word_1_88' title='bbox 770 1984 969 2062; x_wconf 81' lang='lat' dir='ltr'>eleemosyna</span> <span class='ocrx_word' id='word_1_89' title='bbox 980 1982 1140 2046; x_wconf 88' lang='lat' dir='ltr'>decentius</span> <span class='ocrx_word' id='word_1_90' title='bbox 1154 1995 1186 2042; x_wconf 91' lang='lat' dir='ltr'>se</span> <span class='ocrx_word' id='word_1_91' title='bbox 1201 1987 1322 2041; x_wconf 89' lang='lat' dir='ltr'>susten·</span> 
     </span>
     <span class='ocr_line' id='line_1_18' title="bbox 578 2077 1321 2158; baseline -0.005 -18"><span class='ocrx_word' id='word_1_92' title='bbox 578 2086 668 2147; x_wconf 85' lang='lat' dir='ltr'>taret.</span> <span class='ocrx_word' id='word_1_93' title='bbox 692 2088 871 2158; x_wconf 89' lang='lat' dir='ltr'>quantoque</span> <span class='ocrx_word' id='word_1_94' title='bbox 892 2078 990 2156; x_wconf 88' lang='lat' dir='ltr'>magis</span> <span class='ocrx_word' id='word_1_95' title='bbox 1008 2077 1149 2138; x_wconf 86' lang='lat' dir='ltr'>sacerdos</span> <span class='ocrx_word' id='word_1_96' title='bbox 1171 2083 1321 2154; x_wconf 86' lang='lat' dir='ltr'>peccaret,</span> 
     </span>
     <span class='ocr_line' id='line_1_19' title="bbox 577 2165 1323 2233; baseline -0.005 -1"><span class='ocrx_word' id='word_1_97' title='bbox 577 2172 602 2232; x_wconf 92' lang='lat' dir='ltr'>si</span> <span class='ocrx_word' id='word_1_98' title='bbox 624 2172 734 2233; x_wconf 90' lang='lat' dir='ltr'>missae</span> <span class='ocrx_word' id='word_1_99' title='bbox 755 2170 939 2232; x_wconf 85' lang='lat' dir='ltr'>sacrificium</span> <span class='ocrx_word' id='word_1_100' title='bbox 955 2169 1000 2230; x_wconf 93' lang='lat' dir='ltr'>bis</span> <span class='ocrx_word' id='word_1_101' title='bbox 1019 2182 1082 2231; x_wconf 91' lang='lat' dir='ltr'>nno</span> <span class='ocrx_word' id='word_1_102' title='bbox 1096 2165 1145 2227; x_wconf 92' lang='lat' dir='ltr'>die</span> <span class='ocrx_word' id='word_1_103' title='bbox 1156 2167 1323 2230; x_wconf 82' lang='lat' dir='ltr'>conficeret</span> 
     </span>
     <span class='ocr_line' id='line_1_20' title="bbox 577 2263 1322 2345; baseline -0.007 -16"><span class='ocrx_word' id='word_1_104' title='bbox 577 2268 646 2329; x_wconf 90' lang='lat' dir='ltr'>sine</span> <span class='ocrx_word' id='word_1_105' title='bbox 666 2267 840 2345; x_wconf 78' lang='lat' dir='ltr'>opportuna</span> <span class='ocrx_word' id='word_1_106' title='bbox 868 2263 981 2328; x_wconf 81' lang='lat' dir='ltr'>vicarii</span> <span class='ocrx_word' id='word_1_107' title='bbox 1008 2263 1174 2343; x_wconf 85' lang='lat' dir='ltr'>Apostolici</span> <span class='ocrx_word' id='word_1_108' title='bbox 1200 2277 1322 2324; x_wconf 87' lang='lat' dir='ltr'>conces·</span> 
     </span>
     <span class='ocr_line' id='line_1_21' title="bbox 578 2355 1321 2437; baseline -0.004 -16"><span class='ocrx_word' id='word_1_109' title='bbox 578 2361 676 2436; x_wconf 90' lang='lat' dir='ltr'>sione,</span> <span class='ocrx_word' id='word_1_110' title='bbox 699 2360 750 2420; x_wconf 87' lang='lat' dir='ltr'>rel</span> <span class='ocrx_word' id='word_1_111' title='bbox 765 2359 822 2422; x_wconf 89' lang='lat' dir='ltr'>sab</span> <span class='ocrx_word' id='word_1_112' title='bbox 841 2357 945 2437; x_wconf 90' lang='lat' dir='ltr'>populi</span> <span class='ocrx_word' id='word_1_113' title='bbox 960 2355 1147 2420; x_wconf 88' lang='lat' dir='ltr'>necessitatis</span> <span class='ocrx_word' id='word_1_114' title='bbox 1162 2362 1321 2434; x_wconf 90' lang='lat' dir='ltr'>praetextu</span> 
     </span>
     <span class='ocr_line' id='line_1_22' title="bbox 578 2449 1323 2532; baseline -0.008 -18"><span class='ocrx_word' id='word_1_115' title='bbox 578 2460 788 2532; x_wconf 85' lang='lat' dir='ltr'>competeret</span> <span class='ocrx_word' id='word_1_116' title='bbox 818 2461 910 2530; x_wconf 89' lang='lat' dir='ltr'>atque</span> <span class='ocrx_word' id='word_1_117' title='bbox 941 2451 1105 2525; x_wconf 90' lang='lat' dir='ltr'>obtineret,</span> <span class='ocrx_word' id='word_1_118' title='bbox 1132 2449 1201 2512; x_wconf 93' lang='lat' dir='ltr'>licet</span> <span class='ocrx_word' id='word_1_119' title='bbox 1226 2449 1323 2528; x_wconf 88' lang='lat' dir='ltr'>reipsa</span> 
     </span>
     <span class='ocr_line' id='line_1_23' title="bbox 577 2541 1322 2626; baseline -0.005 -18"><span class='ocrx_word' id='word_1_120' title='bbox 577 2546 715 2626; x_wconf 89' lang='lat' dir='ltr'>plurium</span> <span class='ocrx_word' id='word_1_121' title='bbox 736 2545 1006 2622; x_wconf 80' lang='lat' dir='ltr'>elecmosynarum</span> <span class='ocrx_word' id='word_1_122' title='bbox 1036 2543 1201 2622; x_wconf 90' lang='lat' dir='ltr'>cupiditate</span> <span class='ocrx_word' id='word_1_123' title='bbox 1228 2541 1264 2602; x_wconf 91' lang='lat' dir='ltr'>ad</span> <span class='ocrx_word' id='word_1_124' title='bbox 1293 2543 1322 2604; x_wconf 92' lang='lat' dir='ltr'>id</span> 
     </span>
     <span class='ocr_line' id='line_1_24' title="bbox 577 2646 769 2703; baseline -0.016 0"><span class='ocrx_word' id='word_1_125' title='bbox 577 2646 769 2703; x_wconf 83' lang='lat' dir='ltr'>moveretur.</span> 
     </span>
    </p>

    <p class='ocr_par' dir='ltr' id='par_1_4' title="bbox 578 2731 1324 3463">
     <span class='ocr_line' id='line_1_25' title="bbox 617 2731 1320 2812; baseline -0.009 -18"><span class='ocrx_word' id='word_1_126' title='bbox 617 2735 636 2809; x_wconf 67' lang='grc' dir='ltr'><strong>ἓ</strong></span> <span class='ocrx_word' id='word_1_127' title='bbox 660 2733 706 2796; x_wconf 70' lang='lat' dir='ltr'>lt.</span> <span class='ocrx_word' id='word_1_128' title='bbox 732 2731 964 2812; x_wconf 72' lang='lat' dir='ltr'>adprobationis</span> <span class='ocrx_word' id='word_1_129' title='bbox 984 2731 1211 2804; x_wconf 87' lang='lat' dir='ltr'>necessitatem,</span> <span class='ocrx_word' id='word_1_130' title='bbox 1227 2743 1320 2808; x_wconf 91' lang='lat' dir='ltr'>qnam</span> 
     </span>
     <span class='ocr_line' id='line_1_26' title="bbox 578 2823 1324 2903; baseline -0.013 -13"><span class='ocrx_word' id='word_1_131' title='bbox 578 2827 714 2890; x_wconf 80' lang='lat' dir='ltr'>diximus</span> <span class='ocrx_word' id='word_1_132' title='bbox 730 2834 906 2903; x_wconf 90' lang='lat' dir='ltr'>competere</span> <span class='ocrx_word' id='word_1_133' title='bbox 922 2823 1047 2886; x_wconf 79' lang='lat' dir='ltr'>cuilibet</span> <span class='ocrx_word' id='word_1_134' title='bbox 1062 2823 1184 2885; x_wconf 77' lang='lat' dir='ltr'>vicario</span> <span class='ocrx_word' id='word_1_135' title='bbox 1198 2823 1324 2900; x_wconf 80' lang='lat' dir='ltr'>Aposto-</span> 
     </span>
     <span class='ocr_line' id='line_1_27' title="bbox 580 2915 1323 2998; baseline -0.011 -16"><span class='ocrx_word' id='word_1_136' title='bbox 580 2920 638 2982; x_wconf 91' lang='lat' dir='ltr'>lico</span> <span class='ocrx_word' id='word_1_137' title='bbox 652 2921 685 2981; x_wconf 91' lang='lat' dir='ltr'>in</span> <span class='ocrx_word' id='word_1_138' title='bbox 701 2920 753 2980; x_wconf 80' lang='lat' dir='ltr'>sui</span> <span class='ocrx_word' id='word_1_139' title='bbox 766 2919 935 2998; x_wconf 83' lang='lat' dir='ltr'>provincial,</span> <span class='ocrx_word' id='word_1_140' title='bbox 952 2931 1014 2979; x_wconf 92' lang='lat' dir='ltr'>non</span> <span class='ocrx_word' id='word_1_141' title='bbox 1030 2915 1130 2978; x_wconf 92' lang='lat' dir='ltr'>solum</span> <span class='ocrx_word' id='word_1_142' title='bbox 1146 2915 1245 2994; x_wconf 92' lang='lat' dir='ltr'>quoad</span> <span class='ocrx_word' id='word_1_143' title='bbox 1259 2929 1323 2975; x_wconf 91' lang='lat' dir='ltr'>sae-</span> 
     </span>
     <span class='ocr_line' id='line_1_28' title="bbox 582 3008 1324 3090; baseline -0.007 -16"><span class='ocrx_word' id='word_1_144' title='bbox 582 3012 712 3087; x_wconf 88' lang='lat' dir='ltr'>culares,</span> <span class='ocrx_word' id='word_1_145' title='bbox 734 3011 785 3074; x_wconf 91' lang='lat' dir='ltr'>sed</span> <span class='ocrx_word' id='word_1_146' title='bbox 808 3012 901 3073; x_wconf 85' lang='lat' dir='ltr'>etiarn</span> <span class='ocrx_word' id='word_1_147' title='bbox 923 3012 1021 3090; x_wconf 89' lang='lat' dir='ltr'>quoad</span> <span class='ocrx_word' id='word_1_148' title='bbox 1047 3008 1206 3085; x_wconf 77' lang='lat' dir='ltr'>regulares</span> <span class='ocrx_word' id='word_1_149' title='bbox 1226 3022 1324 3069; x_wconf 91' lang='lat' dir='ltr'>sacer·</span> 
     </span>
     <span class='ocr_line' id='line_1_29' title="bbox 579 3102 1322 3184; baseline -0.008 -17"><span class='ocrx_word' id='word_1_150' title='bbox 579 3107 675 3180; x_wconf 89' lang='lat' dir='ltr'>dotes,</span> <span class='ocrx_word' id='word_1_151' title='bbox 687 3106 741 3184; x_wconf 91' lang='lat' dir='ltr'>qni</span> <span class='ocrx_word' id='word_1_152' title='bbox 757 3105 960 3167; x_wconf 89' lang='lat' dir='ltr'>saccularium</span> <span class='ocrx_word' id='word_1_153' title='bbox 974 3102 1180 3166; x_wconf 77' lang='lat' dir='ltr'>confessiones</span> <span class='ocrx_word' id='word_1_154' title='bbox 1194 3102 1256 3164; x_wconf 92' lang='lat' dir='ltr'>sint</span> <span class='ocrx_word' id='word_1_155' title='bbox 1271 3117 1322 3162; x_wconf 91' lang='lat' dir='ltr'>ex-</span> 
     </span>
     <span class='ocr_line' id='line_1_30' title="bbox 579 3195 1323 3277; baseline -0.007 -16"><span class='ocrx_word' id='word_1_156' title='bbox 579 3200 709 3277; x_wconf 91' lang='lat' dir='ltr'>cepturi,</span> <span class='ocrx_word' id='word_1_157' title='bbox 722 3199 936 3260; x_wconf 89' lang='lat' dir='ltr'>necessitatem</span> <span class='ocrx_word' id='word_1_158' title='bbox 959 3197 1075 3275; x_wconf 87' lang='lat' dir='ltr'>pariter</span> <span class='ocrx_word' id='word_1_159' title='bbox 1095 3195 1132 3256; x_wconf 92' lang='lat' dir='ltr'>ab</span> <span class='ocrx_word' id='word_1_160' title='bbox 1154 3195 1226 3273; x_wconf 92' lang='lat' dir='ltr'>ipsis</span> <span class='ocrx_word' id='word_1_161' title='bbox 1247 3196 1323 3256; x_wconf 91' lang='lat' dir='ltr'>acci·</span> 
     </span>
     <span class='ocr_line' id='line_1_31' title="bbox 579 3287 1322 3370; baseline -0.004 -18"><span class='ocrx_word' id='word_1_162' title='bbox 579 3293 682 3370; x_wconf 92' lang='lat' dir='ltr'>piendi</span> <span class='ocrx_word' id='word_1_163' title='bbox 705 3291 863 3353; x_wconf 82' lang='lat' dir='ltr'>facultates</span> <span class='ocrx_word' id='word_1_164' title='bbox 880 3289 1049 3352; x_wconf 83' lang='lat' dir='ltr'>Formniae</span> <span class='ocrx_word' id='word_1_165' title='bbox 1063 3287 1229 3358; x_wconf 81' lang='lat' dir='ltr'>sectandae,</span> <span class='ocrx_word' id='word_1_166' title='bbox 1243 3303 1322 3366; x_wconf 92' lang='lat' dir='ltr'>quae</span> 
     </span>
     <span class='ocr_line' id='line_1_32' title="bbox 581 3380 1323 3463; baseline -0.001 -19"><span class='ocrx_word' id='word_1_167' title='bbox 581 3383 740 3463; x_wconf 87' lang='lat' dir='ltr'>praedictis</span> <span class='ocrx_word' id='word_1_168' title='bbox 773 3381 901 3445; x_wconf 88' lang='lat' dir='ltr'>Vicariis</span> <span class='ocrx_word' id='word_1_169' title='bbox 931 3381 1112 3461; x_wconf 68' lang='lat' dir='ltr'>apostolicis</span> <span class='ocrx_word' id='word_1_170' title='bbox 1138 3399 1153 3441; x_wconf 91' lang='lat' dir='ltr'>a</span> <span class='ocrx_word' id='word_1_171' title='bbox 1181 3380 1211 3444; x_wconf 89' lang='lat' dir='ltr'>S.</span> <span class='ocrx_word' id='word_1_172' title='bbox 1242 3380 1323 3443; x_wconf 88' lang='lat' dir='ltr'>Sede</span> 
     </span>
    </p>
   </div>
   <div class='ocr_carea' id='block_1_4' title="bbox 476 3478 1321 3555">
    <p class='ocr_par' dir='ltr' id='par_1_5' title="bbox 476 3478 1321 3555">
     <span class='ocr_line' id='line_1_33' title="bbox 476 3478 1321 3555; baseline -0.006 -16"><span class='ocrx_word' id='word_1_173' title='bbox 476 3479 479 3486; x_wconf 90' lang='lat'>&#39;</span> <span class='ocrx_word' id='word_1_174' title='bbox 581 3478 774 3551; x_wconf 88' lang='lat' dir='ltr'>tribuuntur,</span> <span class='ocrx_word' id='word_1_175' title='bbox 791 3492 852 3538; x_wconf 92' lang='lat' dir='ltr'>una</span> <span class='ocrx_word' id='word_1_176' title='bbox 867 3491 937 3538; x_wconf 89' lang='lat' dir='ltr'>cunt</span> <span class='ocrx_word' id='word_1_177' title='bbox 953 3481 1103 3555; x_wconf 88' lang='lat' dir='ltr'>potestate</span> <span class='ocrx_word' id='word_1_178' title='bbox 1118 3491 1167 3535; x_wconf 90' lang='lat' dir='ltr'>eas</span> <span class='ocrx_word' id='word_1_179' title='bbox 1181 3489 1321 3536; x_wconf 89' lang='lat' dir='ltr'>eommu-</span> 
     </span>
    </p>
   </div>
   <div class='ocr_carea' id='block_1_5' title="bbox 347 4044 561 4357">
    <p class='ocr_par' dir='ltr' id='par_1_6' title="bbox 347 4044 561 4357">
     <span class='ocr_line' id='line_1_34' title="bbox 402 4044 560 4090; baseline 0.006 -2"><span class='ocrx_word' id='word_1_180' title='bbox 402 4044 560 4090; x_wconf 78' lang='lat' dir='ltr'>Vicarlernm</span> 
     </span>
     <span class='ocr_line' id='line_1_35' title="bbox 347 4097 561 4143; baseline 0 -1"><span class='ocrx_word' id='word_1_181' title='bbox 347 4097 520 4143; x_wconf 87' lang='lat' dir='ltr'>iurisdictioni</span> <span class='ocrx_word' id='word_1_182' title='bbox 536 4101 561 4143; x_wconf 92' lang='lat' dir='ltr'>et</span> 
     </span>
     <span class='ocr_line' id='line_1_36' title="bbox 347 4151 561 4196; baseline 0.005 -1"><span class='ocrx_word' id='word_1_183' title='bbox 347 4151 561 4196; x_wconf 84' lang='lat' dir='ltr'>correctionisnb</span> 
     </span>
     <span class='ocr_line' id='line_1_37' title="bbox 348 4205 561 4250; baseline 0.009 -2"><span class='ocrx_word' id='word_1_184' title='bbox 348 4208 409 4250; x_wconf 87' lang='lat' dir='ltr'>sunt</span> <span class='ocrx_word' id='word_1_185' title='bbox 429 4205 561 4250; x_wconf 79' lang='lat' dir='ltr'>missione·</span> 
     </span>
     <span class='ocr_line' id='line_1_38' title="bbox 348 4257 561 4315; baseline 0.014 -14"><span class='ocrx_word' id='word_1_186' title='bbox 348 4257 379 4302; x_wconf 90' lang='lat' dir='ltr'>rll</span> <span class='ocrx_word' id='word_1_187' title='bbox 395 4258 472 4304; x_wconf 87' lang='lat' dir='ltr'>etlam</span> <span class='ocrx_word' id='word_1_188' title='bbox 489 4269 561 4315; x_wconf 86' lang='lat' dir='ltr'>regu·</span> 
     </span>
     <span class='ocr_line' id='line_1_39' title="bbox 348 4309 421 4357; baseline 0 -1"><span class='ocrx_word' id='word_1_189' title='bbox 348 4309 421 4357; x_wconf 82' lang='lat' dir='ltr'>lares.</span> 
     </span>
    </p>
   </div>
   <div class='ocr_carea' id='block_1_6' title="bbox 578 3567 1323 4506">
    <p class='ocr_par' dir='ltr' id='par_1_7' title="bbox 578 3567 1323 4506">
     <span class='ocr_line' id='line_1_40' title="bbox 580 3567 1323 3644; baseline -0.007 -12"><span class='ocrx_word' id='word_1_190' title='bbox 580 3571 702 3632; x_wconf 91' lang='lat' dir='ltr'>nicandi</span> <span class='ocrx_word' id='word_1_191' title='bbox 718 3569 925 3632; x_wconf 88' lang='lat' dir='ltr'>sacerdotibus</span> <span class='ocrx_word' id='word_1_192' title='bbox 939 3567 1145 3630; x_wconf 91' lang='lat' dir='ltr'>saecularibus</span> <span class='ocrx_word' id='word_1_193' title='bbox 1160 3574 1190 3628; x_wconf 94' lang='lat' dir='ltr'>et</span> <span class='ocrx_word' id='word_1_194' title='bbox 1201 3567 1323 3644; x_wconf 90' lang='lat' dir='ltr'>regula·</span> 
     </span>
     <span class='ocr_line' id='line_1_41' title="bbox 578 3661 1323 3738; baseline -0.007 -11"><span class='ocrx_word' id='word_1_195' title='bbox 578 3665 675 3738; x_wconf 84' lang='lat' dir='ltr'>ribus,</span> <span class='ocrx_word' id='word_1_196' title='bbox 692 3673 726 3726; x_wconf 92' lang='lat' dir='ltr'>ut</span> <span class='ocrx_word' id='word_1_197' title='bbox 741 3664 803 3725; x_wconf 91' lang='lat' dir='ltr'>illis</span> <span class='ocrx_word' id='word_1_198' title='bbox 817 3663 1010 3725; x_wconf 89' lang='lat' dir='ltr'>solummodo</span> <span class='ocrx_word' id='word_1_199' title='bbox 1026 3661 1212 3723; x_wconf 91' lang='lat' dir='ltr'>missionarii</span> <span class='ocrx_word' id='word_1_200' title='bbox 1234 3669 1323 3722; x_wconf 90' lang='lat' dir='ltr'>ntan-</span> 
     </span>
     <span class='ocr_line' id='line_1_42' title="bbox 579 3754 1319 3837; baseline -0.009 -16"><span class='ocrx_word' id='word_1_201' title='bbox 579 3767 643 3834; x_wconf 89' lang='lat' dir='ltr'>tur,</span> <span class='ocrx_word' id='word_1_202' title='bbox 665 3757 924 3837; x_wconf 89' lang='lat' dir='ltr'>quemadmodum</span> <span class='ocrx_word' id='word_1_203' title='bbox 944 3755 1086 3832; x_wconf 90' lang='lat' dir='ltr'>superius</span> <span class='ocrx_word' id='word_1_204' title='bbox 1109 3754 1319 3833; x_wconf 81' lang='lat' dir='ltr'>exposuimus,</span> 
     </span>
     <span class='ocr_line' id='line_1_43' title="bbox 580 3851 1320 3930; baseline -0.005 -16"><span class='ocrx_word' id='word_1_205' title='bbox 580 3854 643 3928; x_wconf 90' lang='lat' dir='ltr'>ltas,</span> <span class='ocrx_word' id='word_1_206' title='bbox 666 3851 804 3930; x_wconf 89' lang='lat' dir='ltr'>inquam,</span> <span class='ocrx_word' id='word_1_207' title='bbox 828 3853 1025 3914; x_wconf 87' lang='lat' dir='ltr'>necessitates</span> <span class='ocrx_word' id='word_1_208' title='bbox 1052 3851 1253 3930; x_wconf 86' lang='lat' dir='ltr'>subsequitur</span> <span class='ocrx_word' id='word_1_209' title='bbox 1274 3867 1320 3911; x_wconf 91' lang='lat' dir='ltr'>ac·</span> 
     </span>
     <span class='ocr_line' id='line_1_44' title="bbox 580 3945 1323 4027; baseline -0.005 -19"><span class='ocrx_word' id='word_1_210' title='bbox 580 3945 670 4008; x_wconf 90' lang='lat' dir='ltr'>tualis</span> <span class='ocrx_word' id='word_1_211' title='bbox 691 3945 916 4008; x_wconf 88' lang='lat' dir='ltr'>administratio</span> <span class='ocrx_word' id='word_1_212' title='bbox 935 3961 1027 4007; x_wconf 87' lang='lat' dir='ltr'>curae</span> <span class='ocrx_word' id='word_1_213' title='bbox 1041 3946 1215 4027; x_wconf 83' lang='lat' dir='ltr'>animarum</span> <span class='ocrx_word' id='word_1_214' title='bbox 1232 3952 1264 4006; x_wconf 90' lang='lat' dir='ltr'>et</span> <span class='ocrx_word' id='word_1_215' title='bbox 1278 3954 1323 4004; x_wconf 80' lang='lat' dir='ltr'>sa·</span> 
     </span>
     <span class='ocr_line' id='line_1_45' title="bbox 580 4037 1321 4120; baseline -0.004 -19"><span class='ocrx_word' id='word_1_216' title='bbox 580 4047 829 4117; x_wconf 87' lang='lat' dir='ltr'>erameniorum;</span> <span class='ocrx_word' id='word_1_217' title='bbox 852 4057 884 4102; x_wconf 93' lang='lat' dir='ltr'>ac</span> <span class='ocrx_word' id='word_1_218' title='bbox 905 4042 1034 4120; x_wconf 89' lang='lat' dir='ltr'>proinde</span> <span class='ocrx_word' id='word_1_219' title='bbox 1059 4040 1092 4100; x_wconf 90' lang='lat' dir='ltr'>in</span> <span class='ocrx_word' id='word_1_220' title='bbox 1115 4039 1162 4112; x_wconf 93' lang='lat' dir='ltr'>iis,</span> <span class='ocrx_word' id='word_1_221' title='bbox 1186 4053 1264 4116; x_wconf 89' lang='lat' dir='ltr'>quae</span> <span class='ocrx_word' id='word_1_222' title='bbox 1285 4037 1321 4098; x_wconf 92' lang='lat' dir='ltr'>ad</span> 
     </span>
     <span class='ocr_line' id='line_1_46' title="bbox 580 4133 1320 4222; baseline -0.005 -26"><span class='ocrx_word' id='word_1_223' title='bbox 580 4135 763 4222; x_wconf 86' lang='lat' dir='ltr'>utrumlibet</span> <span class='ocrx_word' id='word_1_224' title='bbox 774 4137 885 4198; x_wconf 84' lang='lat' dir='ltr'>lterum</span> <span class='ocrx_word' id='word_1_225' title='bbox 899 4137 1032 4216; x_wconf 89' lang='lat' dir='ltr'>capitum</span> <span class='ocrx_word' id='word_1_226' title='bbox 1045 4141 1195 4213; x_wconf 86' lang='lat' dir='ltr'>spectant,</span> <span class='ocrx_word' id='word_1_227' title='bbox 1206 4133 1320 4194; x_wconf 89' lang='lat' dir='ltr'>nedum</span> 
     </span>
     <span class='ocr_line' id='line_1_47' title="bbox 580 4228 1323 4308; baseline -0.012 -10"><span class='ocrx_word' id='word_1_228' title='bbox 580 4235 764 4298; x_wconf 85' lang='lat' dir='ltr'>missionatii</span> <span class='ocrx_word' id='word_1_229' title='bbox 786 4234 966 4308; x_wconf 89' lang='lat' dir='ltr'>saeculares,</span> <span class='ocrx_word' id='word_1_230' title='bbox 988 4233 1039 4294; x_wconf 87' lang='lat' dir='ltr'>scd</span> <span class='ocrx_word' id='word_1_231' title='bbox 1056 4232 1148 4293; x_wconf 92' lang='lat' dir='ltr'>etiam</span> <span class='ocrx_word' id='word_1_232' title='bbox 1165 4228 1323 4306; x_wconf 86' lang='lat' dir='ltr'>regulares</span> 
     </span>
     <span class='ocr_line' id='line_1_48' title="bbox 579 4322 1323 4392; baseline -0.011 -2"><span class='ocrx_word' id='word_1_233' title='bbox 579 4330 789 4392; x_wconf 89' lang='lat' dir='ltr'>subiiciuntur</span> <span class='ocrx_word' id='word_1_234' title='bbox 804 4327 1008 4390; x_wconf 91' lang='lat' dir='ltr'>iurisdictioni</span> <span class='ocrx_word' id='word_1_235' title='bbox 1025 4333 1056 4387; x_wconf 90' lang='lat' dir='ltr'>et</span> <span class='ocrx_word' id='word_1_236' title='bbox 1071 4323 1255 4386; x_wconf 91' lang='lat' dir='ltr'>correctioni</span> <span class='ocrx_word' id='word_1_237' title='bbox 1270 4322 1323 4384; x_wconf 90' lang='lat' dir='ltr'>lli-</span> 
     </span>
     <span class='ocr_line' id='line_1_49' title="bbox 579 4426 1323 4506; baseline -0.012 -18"><span class='ocrx_word' id='word_1_238' title='bbox 579 4427 733 4488; x_wconf 91' lang='lat' dir='ltr'>cariorum</span> <span class='ocrx_word' id='word_1_239' title='bbox 746 4427 1003 4506; x_wconf 72' lang='lat' dir='ltr'>Apostolicorum.</span> <span class='ocrx_word' id='word_1_240' title='bbox 1024 4426 1182 4486; x_wconf 84' lang='lat' dir='ltr'>Personae</span> <span class='ocrx_word' id='word_1_241' title='bbox 1194 4429 1261 4484; x_wconf 92' lang='lat' dir='ltr'>tam</span> <span class='ocrx_word' id='word_1_242' title='bbox 1276 4437 1323 4480; x_wconf 88' lang='grc'>11-</span> 
     </span>
    </p>
   </div>
   <div class='ocr_carea' id='block_1_7' title="bbox 580 4514 1324 4601">
    <p class='ocr_par' dir='ltr' id='par_1_8' title="bbox 580 4514 1324 4601">
     <span class='ocr_line' id='line_1_50' title="bbox 580 4514 1324 4601; baseline -0.008 -19"><span class='ocrx_word' id='word_1_243' title='bbox 580 4521 709 4601; x_wconf 86' lang='lat' dir='ltr'>palarcs</span> <span class='ocrx_word' id='word_1_244' title='bbox 731 4535 825 4598; x_wconf 90' lang='lat' dir='ltr'>qnam</span> <span class='ocrx_word' id='word_1_245' title='bbox 846 4519 1039 4590; x_wconf 84' lang='lat' dir='ltr'>saeculares,</span> <span class='ocrx_word' id='word_1_246' title='bbox 1060 4514 1247 4579; x_wconf 87' lang='lat' dir='ltr'>bainsmodi</span> <span class='ocrx_word' id='word_1_247' title='bbox 1269 4531 1324 4576; x_wconf 88' lang='lat' dir='ltr'>cn-</span> 
     </span>
    </p>
   </div>
   <div class='ocr_carea' id='block_1_8' title="bbox 556 4608 1320 4688">
    <p class='ocr_par' dir='ltr' id='par_1_9' title="bbox 556 4608 1320 4688">
     <span class='ocr_line' id='line_1_51' title="bbox 556 4608 1320 4688; baseline -0.008 -14"><span class='ocrx_word' id='word_1_248' title='bbox 556 4683 557 4688; x_wconf 22' lang='lat'>,</span> <span class='ocrx_word' id='word_1_249' title='bbox 581 4631 651 4676; x_wconf 87' lang='lat' dir='ltr'>rom</span> <span class='ocrx_word' id='word_1_250' title='bbox 673 4619 865 4687; x_wconf 80' lang='lat' dir='ltr'>enarrantes,</span> <span class='ocrx_word' id='word_1_251' title='bbox 881 4612 1010 4677; x_wconf 86' lang='lat' dir='ltr'>subsint</span> <span class='ocrx_word' id='word_1_252' title='bbox 1025 4611 1208 4674; x_wconf 83' lang='lat' dir='ltr'>immediate</span> <span class='ocrx_word' id='word_1_253' title='bbox 1220 4608 1320 4680; x_wconf 89' lang='lat' dir='ltr'>iniis,</span> 
     </span>
    </p>
   </div>
   <div class='ocr_carea' id='block_1_9' title="bbox 347 5265 561 5524">
    <p class='ocr_par' dir='ltr' id='par_1_10' title="bbox 347 5265 561 5524">
     <span class='ocr_line' id='line_1_52' title="bbox 375 5265 561 5310; baseline -0.011 0"><span class='ocrx_word' id='word_1_254' title='bbox 375 5265 512 5310; x_wconf 82' lang='lat' dir='ltr'>Contrariis</span> <span class='ocrx_word' id='word_1_255' title='bbox 526 5275 561 5309; x_wconf 86' lang='lat' dir='ltr'>re·</span> 
     </span>
     <span class='ocr_line' id='line_1_53' title="bbox 348 5316 561 5372; baseline -0.009 -8"><span class='ocrx_word' id='word_1_256' title='bbox 348 5316 477 5372; x_wconf 78' lang='lat' dir='ltr'>galerium</span> <span class='ocrx_word' id='word_1_257' title='bbox 507 5318 561 5369; x_wconf 86' lang='lat' dir='ltr'>nri-</span> 
     </span>
     <span class='ocr_line' id='line_1_54' title="bbox 347 5371 561 5470; baseline 0 -54"><span class='ocrx_word' id='word_1_258' title='bbox 347 5371 448 5434; x_wconf 80' lang='lat' dir='ltr'>vlleglls</span> <span class='ocrx_word' id='word_1_259' title='bbox 458 5371 561 5470; x_wconf 44' lang='lat' dir='ltr'>derepu-</span> 
     </span>
     <span class='ocr_line' id='line_1_55' title="bbox 348 5424 561 5471; baseline 0.009 -3"><span class='ocrx_word' id='word_1_260' title='bbox 348 5429 383 5470; x_wconf 87' lang='lat' dir='ltr'>rxt</span> <span class='ocrx_word' id='word_1_261' title='bbox 401 5424 514 5471; x_wconf 78' lang='lat' dir='ltr'>&#39;t&#39;rldcn</span> <span class='ocrx_word' id='word_1_262' title='bbox 537 5435 561 5470; x_wconf 88' lang='lat' dir='ltr'>x-</span> 
     </span>
     <span class='ocr_line' id='line_1_56' title="bbox 350 5489 420 5524; baseline -0.043 0"><span class='ocrx_word' id='word_1_263' title='bbox 350 5489 420 5524; x_wconf 91' lang='lat' dir='ltr'>num.</span> 
     </span>
    </p>
   </div>
   <div class='ocr_carea' id='block_1_10' title="bbox 579 4703 1326 6004">
    <p class='ocr_par' dir='ltr' id='par_1_11' title="bbox 579 4703 1324 5255">
     <span class='ocr_line' id='line_1_57' title="bbox 580 4703 1323 4786; baseline -0.009 -15"><span class='ocrx_word' id='word_1_264' title='bbox 580 4725 659 4786; x_wconf 87' lang='lat' dir='ltr'>qaae</span> <span class='ocrx_word' id='word_1_265' title='bbox 680 4707 721 4770; x_wconf 88' lang='lat' dir='ltr'>ad</span> <span class='ocrx_word' id='word_1_266' title='bbox 749 4707 886 4771; x_wconf 86' lang='lat' dir='ltr'>camdem</span> <span class='ocrx_word' id='word_1_267' title='bbox 918 4723 1031 4770; x_wconf 85' lang='lat' dir='ltr'>caram</span> <span class='ocrx_word' id='word_1_268' title='bbox 1053 4714 1082 4768; x_wconf 85' lang='lat' dir='ltr'>et</span> <span class='ocrx_word' id='word_1_269' title='bbox 1111 4703 1323 4766; x_wconf 84' lang='lat' dir='ltr'>administra·</span> 
     </span>
     <span class='ocr_line' id='line_1_58' title="bbox 582 4794 1323 4879; baseline -0.009 -15"><span class='ocrx_word' id='word_1_270' title='bbox 582 4803 699 4864; x_wconf 88' lang='lat' dir='ltr'>tionem</span> <span class='ocrx_word' id='word_1_271' title='bbox 721 4807 998 4866; x_wconf 85' lang='lat' dir='ltr'>sacramentorum</span> <span class='ocrx_word' id='word_1_272' title='bbox 1018 4800 1197 4879; x_wconf 87' lang='lat' dir='ltr'>portinent,</span> <span class='ocrx_word' id='word_1_273' title='bbox 1224 4794 1323 4858; x_wconf 79' lang='lat' dir='ltr'>intris-</span> 
     </span>
     <span class='ocr_line' id='line_1_59' title="bbox 580 4889 1324 4967; baseline -0.009 -11"><span class='ocrx_word' id='word_1_274' title='bbox 580 4895 735 4967; x_wconf 86' lang='lat' dir='ltr'>dictioni,</span> <span class='ocrx_word' id='word_1_275' title='bbox 764 4895 949 4958; x_wconf 81' lang='lat' dir='ltr'>visitationi</span> <span class='ocrx_word' id='word_1_276' title='bbox 972 4902 1001 4955; x_wconf 89' lang='lat' dir='ltr'>ct</span> <span class='ocrx_word' id='word_1_277' title='bbox 1035 4892 1224 4954; x_wconf 85' lang='lat' dir='ltr'>correctioni</span> <span class='ocrx_word' id='word_1_278' title='bbox 1248 4889 1324 4966; x_wconf 91' lang='lat' dir='ltr'>Epi-</span> 
     </span>
     <span class='ocr_line' id='line_1_60' title="bbox 579 4983 1324 5067; baseline -0.009 -16"><span class='ocrx_word' id='word_1_279' title='bbox 579 4989 675 5067; x_wconf 83' lang='lat' dir='ltr'>scopi,</span> <span class='ocrx_word' id='word_1_280' title='bbox 698 4989 735 5050; x_wconf 91' lang='lat' dir='ltr'>in</span> <span class='ocrx_word' id='word_1_281' title='bbox 756 4989 850 5050; x_wconf 83' lang='lat' dir='ltr'>cuins</span> <span class='ocrx_word' id='word_1_282' title='bbox 873 4987 1006 5049; x_wconf 87' lang='lat' dir='ltr'>dioecesi</span> <span class='ocrx_word' id='word_1_283' title='bbox 1027 4987 1110 5048; x_wconf 86' lang='lat' dir='ltr'>sitne</span> <span class='ocrx_word' id='word_1_284' title='bbox 1130 4989 1220 5045; x_wconf 87' lang='lat' dir='ltr'>sant.</span> <span class='ocrx_word' id='word_1_285' title='bbox 1245 4983 1324 5044; x_wconf 87' lang='lat' dir='ltr'>llaec</span> 
     </span>
     <span class='ocr_line' id='line_1_61' title="bbox 580 5077 1321 5144; baseline -0.007 -2"><span class='ocrx_word' id='word_1_286' title='bbox 580 5081 678 5144; x_wconf 82' lang='lat' dir='ltr'>forme</span> <span class='ocrx_word' id='word_1_287' title='bbox 699 5083 791 5144; x_wconf 90' lang='lat' dir='ltr'>babet</span> <span class='ocrx_word' id='word_1_288' title='bbox 808 5080 928 5144; x_wconf 84' lang='lat' dir='ltr'>Concil.</span> <span class='ocrx_word' id='word_1_289' title='bbox 947 5079 1172 5142; x_wconf 69' lang='lat' dir='ltr'>tridentinam</span> <span class='ocrx_word' id='word_1_290' title='bbox 1183 5094 1258 5138; x_wconf 87' lang='lat' dir='ltr'>sess.</span> <span class='ocrx_word' id='word_1_291' title='bbox 1275 5077 1321 5139; x_wconf 77' lang='lat'>25</span> 
     </span>
     <span class='ocr_line' id='line_1_62' title="bbox 579 5171 1024 5255; baseline -0.013 -15"><span class='ocrx_word' id='word_1_292' title='bbox 579 5178 615 5240; x_wconf 89' lang='lat' dir='ltr'>de</span> <span class='ocrx_word' id='word_1_293' title='bbox 636 5171 866 5255; x_wconf 66' lang='lat' dir='ltr'>deputandas,</span> <span class='ocrx_word' id='word_1_294' title='bbox 882 5189 951 5252; x_wconf 87' lang='lat' dir='ltr'>cap.</span> <span class='ocrx_word' id='word_1_295' title='bbox 969 5176 1024 5236; x_wconf 66' lang='lat'>112</span> 
     </span>
    </p>

    <p class='ocr_par' dir='ltr' id='par_1_12' title="bbox 581 5263 1326 6004">
     <span class='ocr_line' id='line_1_63' title="bbox 620 5263 1322 5346; baseline -0.011 -15"><span class='ocrx_word' id='word_1_296' title='bbox 620 5270 638 5346; x_wconf 69' lang='grc' dir='ltr'><strong>ἓ</strong></span> <span class='ocrx_word' id='word_1_297' title='bbox 662 5270 708 5331; x_wconf 82' lang='grc'>13.</span> <span class='ocrx_word' id='word_1_298' title='bbox 732 5269 877 5343; x_wconf 84' lang='lat' dir='ltr'>Quamvis</span> <span class='ocrx_word' id='word_1_299' title='bbox 904 5277 1008 5331; x_wconf 90' lang='lat' dir='ltr'>autem</span> <span class='ocrx_word' id='word_1_300' title='bbox 1031 5267 1061 5329; x_wconf 91' lang='lat' dir='ltr'>ln</span> <span class='ocrx_word' id='word_1_301' title='bbox 1090 5268 1147 5328; x_wconf 91' lang='lat' dir='ltr'>hoc</span> <span class='ocrx_word' id='word_1_302' title='bbox 1178 5281 1247 5342; x_wconf 85' lang='lat' dir='ltr'>cap.</span> <span class='ocrx_word' id='word_1_303' title='bbox 1271 5263 1322 5324; x_wconf 84' lang='lat'>11.</span> 
     </span>
     <span class='ocr_line' id='line_1_64' title="bbox 581 5359 1323 5440; baseline -0.007 -15"><span class='ocrx_word' id='word_1_304' title='bbox 581 5380 643 5426; x_wconf 95' lang='lat' dir='ltr'>non</span> <span class='ocrx_word' id='word_1_305' title='bbox 671 5365 838 5438; x_wconf 80' lang='lat' dir='ltr'>derogetur</span> <span class='ocrx_word' id='word_1_306' title='bbox 869 5361 1054 5440; x_wconf 85' lang='lat' dir='ltr'>privilegiis,</span> <span class='ocrx_word' id='word_1_307' title='bbox 1085 5377 1162 5440; x_wconf 92' lang='lat' dir='ltr'>quae</span> <span class='ocrx_word' id='word_1_308' title='bbox 1188 5361 1267 5422; x_wconf 88' lang='lat' dir='ltr'>hanc</span> <span class='ocrx_word' id='word_1_309' title='bbox 1292 5359 1323 5420; x_wconf 90' lang='lat' dir='ltr'>in</span> 
     </span>
     <span class='ocr_line' id='line_1_65' title="bbox 581 5454 1325 5536; baseline -0.007 -17"><span class='ocrx_word' id='word_1_310' title='bbox 581 5473 648 5519; x_wconf 91' lang='lat' dir='ltr'>rem</span> <span class='ocrx_word' id='word_1_311' title='bbox 673 5456 843 5536; x_wconf 87' lang='lat' dir='ltr'>producere</span> <span class='ocrx_word' id='word_1_312' title='bbox 874 5465 996 5534; x_wconf 89' lang='lat' dir='ltr'>possent</span> <span class='ocrx_word' id='word_1_313' title='bbox 1026 5455 1202 5532; x_wconf 78' lang='lat' dir='ltr'>regulares,</span> <span class='ocrx_word' id='word_1_314' title='bbox 1226 5454 1325 5517; x_wconf 86' lang='lat' dir='ltr'>nihilo</span> 
     </span>
     <span class='ocr_line' id='line_1_66' title="bbox 583 5549 1324 5628; baseline -0.003 -18"><span class='ocrx_word' id='word_1_315' title='bbox 583 5559 685 5613; x_wconf 90' lang='lat' dir='ltr'>tamen</span> <span class='ocrx_word' id='word_1_316' title='bbox 717 5551 838 5624; x_wconf 90' lang='lat' dir='ltr'>minus,</span> <span class='ocrx_word' id='word_1_317' title='bbox 865 5550 935 5628; x_wconf 92' lang='lat' dir='ltr'>qnia</span> <span class='ocrx_word' id='word_1_318' title='bbox 962 5550 1141 5612; x_wconf 92' lang='lat' dir='ltr'>huiusmodi</span> <span class='ocrx_word' id='word_1_319' title='bbox 1169 5549 1324 5626; x_wconf 88' lang='lat' dir='ltr'>derogatio</span> 
     </span>
     <span class='ocr_line' id='line_1_67' title="bbox 581 5642 1326 5722; baseline -0.005 -18"><span class='ocrx_word' id='word_1_320' title='bbox 581 5644 693 5722; x_wconf 87' lang='lat' dir='ltr'>apertis</span> <span class='ocrx_word' id='word_1_321' title='bbox 715 5644 817 5706; x_wconf 84' lang='lat' dir='ltr'>verbis</span> <span class='ocrx_word' id='word_1_322' title='bbox 835 5643 1023 5722; x_wconf 83' lang='lat' dir='ltr'>exprimitur</span> <span class='ocrx_word' id='word_1_323' title='bbox 1044 5659 1112 5721; x_wconf 91' lang='lat' dir='ltr'>cap.</span> <span class='ocrx_word' id='word_1_324' title='bbox 1129 5642 1326 5705; x_wconf 75' lang='grc'><strong>211111111-</strong></span> 
     </span>
     <span class='ocr_line' id='line_1_68' title="bbox 582 5733 1322 5816; baseline -0.001 -20"><span class='ocrx_word' id='word_1_325' title='bbox 582 5738 755 5814; x_wconf 84' lang='lat' dir='ltr'>meipsius</span> <span class='ocrx_word' id='word_1_326' title='bbox 785 5737 934 5798; x_wconf 84' lang='lat' dir='ltr'>sessionis</span> <span class='ocrx_word' id='word_1_327' title='bbox 964 5736 1010 5800; x_wconf 85' lang='lat'>25</span> <span class='ocrx_word' id='word_1_328' title='bbox 1033 5737 1069 5798; x_wconf 87' lang='lat' dir='ltr'>cic</span> <span class='ocrx_word' id='word_1_329' title='bbox 1096 5733 1322 5816; x_wconf 81' lang='lat' dir='ltr'>Repatloailms,</span> 
     </span>
     <span class='ocr_line' id='line_1_69' title="bbox 582 5829 1325 5910; baseline -0.003 -20"><span class='ocrx_word' id='word_1_330' title='bbox 582 5831 650 5892; x_wconf 90' lang='lat' dir='ltr'>ideo</span> <span class='ocrx_word' id='word_1_331' title='bbox 671 5830 746 5893; x_wconf 85' lang='lat' dir='ltr'>baec</span> <span class='ocrx_word' id='word_1_332' title='bbox 767 5831 829 5910; x_wconf 91' lang='lat' dir='ltr'>ipsa</span> <span class='ocrx_word' id='word_1_333' title='bbox 850 5832 1066 5909; x_wconf 89' lang='lat' dir='ltr'>complectitur</span> <span class='ocrx_word' id='word_1_334' title='bbox 1086 5829 1209 5907; x_wconf 90' lang='lat' dir='ltr'>singula</span> <span class='ocrx_word' id='word_1_335' title='bbox 1230 5830 1325 5908; x_wconf 91' lang='lat' dir='ltr'>capita</span> 
     </span>
     <span class='ocr_line' id='line_1_70' title="bbox 581 5923 1325 6004; baseline 0 -20"><span class='ocrx_word' id='word_1_336' title='bbox 581 5924 734 5986; x_wconf 88' lang='lat' dir='ltr'>anteriora</span> <span class='ocrx_word' id='word_1_337' title='bbox 756 5925 859 6003; x_wconf 87' lang='lat' dir='ltr'>ipsias</span> <span class='ocrx_word' id='word_1_338' title='bbox 883 5925 1033 5986; x_wconf 82' lang='lat' dir='ltr'>sessionis</span> <span class='ocrx_word' id='word_1_339' title='bbox 1059 5923 1105 5986; x_wconf 78' lang='lat'>25</span> <span class='ocrx_word' id='word_1_340' title='bbox 1133 5925 1170 5988; x_wconf 88' lang='lat' dir='ltr'>dc</span> <span class='ocrx_word' id='word_1_341' title='bbox 1190 5923 1325 6004; x_wconf 81' lang='lat' dir='ltr'>Requie-</span> 
     </span>
    </p>
   </div>
   <div class='ocr_carea' id='block_1_11' title="bbox 1102 555 1596 602">
    <p class='ocr_par' dir='ltr' id='par_1_13' title="bbox 1102 555 1596 602">
     <span class='ocr_line' id='line_1_71' title="bbox 1102 555 1596 602; baseline -0.004 -2"><span class='ocrx_word' id='word_1_342' title='bbox 1102 557 1163 600; x_wconf 83' lang='lat' dir='ltr'>ibn.</span> <span class='ocrx_word' id='word_1_343' title='bbox 1190 556 1280 600; x_wconf 75' lang='lat' dir='ltr'>etant.</span> <span class='ocrx_word' id='word_1_344' title='bbox 1304 555 1343 598; x_wconf 78' lang='lat' dir='ltr'>DE</span> <span class='ocrx_word' id='word_1_345' title='bbox 1366 557 1393 600; x_wconf 79' lang='grc' dir='ltr'>Ρ.</span> <span class='ocrx_word' id='word_1_346' title='bbox 1418 557 1446 600; x_wconf 72' lang='grc' dir='ltr'>Ρ,</span> <span class='ocrx_word' id='word_1_347' title='bbox 1472 557 1553 602; x_wconf 76' lang='lat' dir='ltr'>rans</span> <span class='ocrx_word' id='word_1_348' title='bbox 1575 557 1596 600; x_wconf 88' lang='grc' dir='ltr'>Ι.</span> 
     </span>
    </p>
   </div>
   <div class='ocr_carea' id='block_1_12' title="bbox 1376 673 2123 1316">
    <p class='ocr_par' dir='ltr' id='par_1_14' title="bbox 1376 673 2123 1316">
     <span class='ocr_line' id='line_1_72' title="bbox 1378 673 2122 755; baseline 0 -19"><span class='ocrx_word' id='word_1_349' title='bbox 1378 673 1480 746; x_wconf 80' lang='lat' dir='ltr'>ribam,</span> <span class='ocrx_word' id='word_1_350' title='bbox 1494 691 1527 737; x_wconf 90' lang='lat' dir='ltr'>ac</span> <span class='ocrx_word' id='word_1_351' title='bbox 1541 683 1701 755; x_wconf 88' lang='lat' dir='ltr'>propterea</span> <span class='ocrx_word' id='word_1_352' title='bbox 1717 675 1907 738; x_wconf 88' lang='lat' dir='ltr'>recensitum</span> <span class='ocrx_word' id='word_1_353' title='bbox 1923 677 2016 738; x_wconf 88' lang='lat' dir='ltr'>etiam</span> <span class='ocrx_word' id='word_1_354' title='bbox 2031 680 2122 753; x_wconf 87' lang='lat' dir='ltr'>eaput</span> 
     </span>
     <span class='ocr_line' id='line_1_73' title="bbox 1377 767 2121 846; baseline -0.004 -15"><span class='ocrx_word' id='word_1_355' title='bbox 1377 767 1597 844; x_wconf 91' lang='lat' dir='ltr'>undecimum,</span> <span class='ocrx_word' id='word_1_356' title='bbox 1627 769 1888 846; x_wconf 91' lang='lat' dir='ltr'>quemadmodum</span> <span class='ocrx_word' id='word_1_357' title='bbox 1918 767 2121 830; x_wconf 88' lang='lat' dir='ltr'>enunciatum</span> 
     </span>
     <span class='ocr_line' id='line_1_74' title="bbox 1377 861 2122 940; baseline -0.003 -16"><span class='ocrx_word' id='word_1_358' title='bbox 1377 869 1422 924; x_wconf 87' lang='lat' dir='ltr'>est</span> <span class='ocrx_word' id='word_1_359' title='bbox 1443 862 1666 925; x_wconf 86' lang='lat' dir='ltr'>constitutione</span> <span class='ocrx_word' id='word_1_360' title='bbox 1687 861 1860 926; x_wconf 84' lang='lat' dir='ltr'>innocentii</span> <span class='ocrx_word' id='word_1_361' title='bbox 1882 861 1959 924; x_wconf 89' lang='lat' dir='ltr'>Xlll.</span> <span class='ocrx_word' id='word_1_362' title='bbox 1983 875 2061 940; x_wconf 90' lang='lat' dir='ltr'>quae</span> <span class='ocrx_word' id='word_1_363' title='bbox 2076 861 2122 922; x_wconf 93' lang='lat' dir='ltr'>in·</span> 
     </span>
     <span class='ocr_line' id='line_1_75' title="bbox 1377 954 2122 1034; baseline -0.003 -18"><span class='ocrx_word' id='word_1_364' title='bbox 1377 955 1460 1034; x_wconf 88' lang='lat' dir='ltr'>cipit,</span> <span class='ocrx_word' id='word_1_365' title='bbox 1484 954 1660 1032; x_wconf 86' lang='lat' dir='ltr'>Apostolici</span> <span class='ocrx_word' id='word_1_366' title='bbox 1686 955 1881 1027; x_wconf 82' lang='lat' dir='ltr'>ministerii,</span> <span class='ocrx_word' id='word_1_367' title='bbox 1905 955 2082 1017; x_wconf 80' lang='lat' dir='ltr'>confirmata</span> <span class='ocrx_word' id='word_1_368' title='bbox 2106 971 2122 1014; x_wconf 90' lang='lat' dir='ltr'>a</span> 
     </span>
     <span class='ocr_line' id='line_1_76' title="bbox 1376 1047 2123 1126; baseline -0.003 -18"><span class='ocrx_word' id='word_1_369' title='bbox 1376 1047 1541 1111; x_wconf 87' lang='lat' dir='ltr'>Benedicta</span> <span class='ocrx_word' id='word_1_370' title='bbox 1563 1049 1642 1112; x_wconf 88' lang='lat' dir='ltr'>Xlll.</span> <span class='ocrx_word' id='word_1_371' title='bbox 1664 1049 1695 1110; x_wconf 93' lang='lat' dir='ltr'>in</span> <span class='ocrx_word' id='word_1_372' title='bbox 1718 1049 1825 1124; x_wconf 80' lang='lat' dir='ltr'>alteri,</span> <span class='ocrx_word' id='word_1_373' title='bbox 1841 1064 1920 1126; x_wconf 91' lang='lat' dir='ltr'>quae</span> <span class='ocrx_word' id='word_1_374' title='bbox 1941 1047 2059 1126; x_wconf 90' lang='lat' dir='ltr'>incipit:</span> <span class='ocrx_word' id='word_1_375' title='bbox 2084 1048 2123 1112; x_wconf 85' lang='lat' dir='ltr'>In</span> 
     </span>
     <span class='ocr_line' id='line_1_77' title="bbox 1376 1139 2119 1221; baseline -0.005 -19"><span class='ocrx_word' id='word_1_376' title='bbox 1376 1157 1533 1221; x_wconf 82' lang='lat' dir='ltr'>supremo,</span> <span class='ocrx_word' id='word_1_377' title='bbox 1557 1145 1624 1205; x_wconf 93' lang='lat' dir='ltr'>data</span> <span class='ocrx_word' id='word_1_378' title='bbox 1643 1158 1725 1205; x_wconf 90' lang='lat' dir='ltr'>anno</span> <span class='ocrx_word' id='word_1_379' title='bbox 1749 1155 1925 1204; x_wconf 80' lang='grc'><strong>11111111.</strong></span> <span class='ocrx_word' id='word_1_380' title='bbox 1950 1156 2039 1202; x_wconf 86' lang='lat' dir='ltr'>nam.</span> <span class='ocrx_word' id='word_1_381' title='bbox 2062 1139 2119 1204; x_wconf 84' lang='lat'>23.</span> 
     </span>
     <span class='ocr_line' id='line_1_78' title="bbox 1379 1232 2123 1316; baseline -0.005 -19"><span class='ocrx_word' id='word_1_382' title='bbox 1379 1234 1490 1299; x_wconf 89' lang='lat' dir='ltr'>Sciant</span> <span class='ocrx_word' id='word_1_383' title='bbox 1502 1251 1605 1297; x_wconf 90' lang='lat' dir='ltr'>omncs</span> <span class='ocrx_word' id='word_1_384' title='bbox 1616 1234 1853 1316; x_wconf 78' lang='lat' dir='ltr'>derogationem</span> <span class='ocrx_word' id='word_1_385' title='bbox 1864 1232 2049 1296; x_wconf 87' lang='lat' dir='ltr'>bninsmodi</span> <span class='ocrx_word' id='word_1_386' title='bbox 2059 1249 2123 1294; x_wconf 88' lang='lat' dir='ltr'>non</span> 
     </span>
    </p>
   </div>
   <div class='ocr_carea' id='block_1_13' title="bbox 1375 1326 2338 6000">
    <p class='ocr_par' dir='ltr' id='par_1_15' title="bbox 1375 1326 2123 1766">
     <span class='ocr_line' id='line_1_79' title="bbox 1377 1326 2123 1408; baseline -0.008 -16"><span class='ocrx_word' id='word_1_387' title='bbox 1377 1330 1418 1392; x_wconf 88' lang='lat' dir='ltr'>ad</span> <span class='ocrx_word' id='word_1_388' title='bbox 1439 1345 1474 1391; x_wconf 87' lang='lat' dir='ltr'>eo</span> <span class='ocrx_word' id='word_1_389' title='bbox 1498 1334 1627 1392; x_wconf 85' lang='lat' dir='ltr'>tontum</span> <span class='ocrx_word' id='word_1_390' title='bbox 1650 1329 1778 1408; x_wconf 71' lang='lat' dir='ltr'>referri,</span> <span class='ocrx_word' id='word_1_391' title='bbox 1803 1345 1882 1407; x_wconf 84' lang='lat' dir='ltr'>qnae</span> <span class='ocrx_word' id='word_1_392' title='bbox 1903 1326 2123 1405; x_wconf 79' lang='lat' dir='ltr'>inprecatam</span> 
     </span>
     <span class='ocr_line' id='line_1_80' title="bbox 1377 1418 2123 1503; baseline -0.005 -19"><span class='ocrx_word' id='word_1_393' title='bbox 1377 1425 1481 1503; x_wconf 87' lang='lat' dir='ltr'>capite</span> <span class='ocrx_word' id='word_1_394' title='bbox 1496 1423 1586 1502; x_wconf 89' lang='lat' dir='ltr'>(idest</span> <span class='ocrx_word' id='word_1_395' title='bbox 1602 1423 1698 1503; x_wconf 87' lang='lat' dir='ltr'>xxxa.)</span> <span class='ocrx_word' id='word_1_396' title='bbox 1713 1423 1931 1494; x_wconf 85' lang='lat' dir='ltr'>continentur,</span> <span class='ocrx_word' id='word_1_397' title='bbox 1949 1421 2003 1482; x_wconf 84' lang='lat' dir='ltr'>sed</span> <span class='ocrx_word' id='word_1_398' title='bbox 2023 1418 2123 1482; x_wconf 86' lang='lat' dir='ltr'>etiam</span> 
     </span>
     <span class='ocr_line' id='line_1_81' title="bbox 1377 1511 2122 1596; baseline -0.011 -16"><span class='ocrx_word' id='word_1_399' title='bbox 1377 1517 1417 1580; x_wconf 87' lang='lat' dir='ltr'>nd</span> <span class='ocrx_word' id='word_1_400' title='bbox 1445 1517 1529 1590; x_wconf 86' lang='lat' dir='ltr'>alic,</span> <span class='ocrx_word' id='word_1_401' title='bbox 1563 1534 1642 1596; x_wconf 87' lang='lat' dir='ltr'>qnae</span> <span class='ocrx_word' id='word_1_402' title='bbox 1664 1519 1698 1578; x_wconf 91' lang='lat' dir='ltr'>in</span> <span class='ocrx_word' id='word_1_403' title='bbox 1729 1517 1870 1596; x_wconf 79' lang='lat' dir='ltr'>singulis</span> <span class='ocrx_word' id='word_1_404' title='bbox 1900 1511 2122 1593; x_wconf 85' lang='lat' dir='ltr'>superioribus</span> 
     </span>
     <span class='ocr_line' id='line_1_82' title="bbox 1375 1607 2123 1692; baseline -0.011 -18"><span class='ocrx_word' id='word_1_405' title='bbox 1375 1611 1529 1692; x_wconf 89' lang='lat' dir='ltr'>(adeoque</span> <span class='ocrx_word' id='word_1_406' title='bbox 1555 1613 1648 1672; x_wconf 90' lang='lat' dir='ltr'>etiam</span> <span class='ocrx_word' id='word_1_407' title='bbox 1671 1611 1702 1672; x_wconf 94' lang='lat' dir='ltr'>in</span> <span class='ocrx_word' id='word_1_408' title='bbox 1724 1625 1788 1689; x_wconf 90' lang='lat' dir='ltr'>cap.</span> <span class='ocrx_word' id='word_1_409' title='bbox 1815 1609 1880 1690; x_wconf 91' lang='lat' dir='ltr'>xr.)</span> <span class='ocrx_word' id='word_1_410' title='bbox 1902 1607 2041 1672; x_wconf 85' lang='lat' dir='ltr'>ciusdem</span> <span class='ocrx_word' id='word_1_411' title='bbox 2061 1623 2123 1667; x_wconf 87' lang='lat' dir='ltr'>ses·</span> 
     </span>
     <span class='ocr_line' id='line_1_83' title="bbox 1376 1705 1789 1766; baseline -0.005 -2"><span class='ocrx_word' id='word_1_412' title='bbox 1376 1705 1477 1766; x_wconf 90' lang='lat' dir='ltr'>sionis</span> <span class='ocrx_word' id='word_1_413' title='bbox 1499 1705 1681 1766; x_wconf 84' lang='lat' dir='ltr'>constituta</span> <span class='ocrx_word' id='word_1_414' title='bbox 1703 1709 1789 1766; x_wconf 81' lang='lat' dir='ltr'>scant.</span> 
     </span>
    </p>

    <p class='ocr_par' dir='ltr' id='par_1_16' title="bbox 1376 1796 2338 4872">
     <span class='ocr_line' id='line_1_84' title="bbox 1415 1796 2338 1876; baseline -0.002 -18"><span class='ocrx_word' id='word_1_415' title='bbox 1415 1798 1434 1873; x_wconf 72' lang='grc'>5</span> <span class='ocrx_word' id='word_1_416' title='bbox 1457 1798 1503 1858; x_wconf 84' lang='lat' dir='ltr'>ll.</span> <span class='ocrx_word' id='word_1_417' title='bbox 1521 1797 1738 1876; x_wconf 87' lang='lat' dir='ltr'>Superioribus</span> <span class='ocrx_word' id='word_1_418' title='bbox 1752 1797 1841 1859; x_wconf 91' lang='lat' dir='ltr'>annis</span> <span class='ocrx_word' id='word_1_419' title='bbox 1855 1796 1997 1860; x_wconf 90' lang='lat' dir='ltr'>suscitata</span> <span class='ocrx_word' id='word_1_420' title='bbox 2012 1812 2028 1858; x_wconf 89' lang='lat' dir='ltr'>a</span> <span class='ocrx_word' id='word_1_421' title='bbox 2043 1810 2123 1857; x_wconf 91' lang='lat' dir='ltr'>non·</span> <span class='ocrx_word' id='word_1_422' title='bbox 2158 1801 2242 1864; x_wconf 50' lang='lat' dir='ltr'>‚reque</span> <span class='ocrx_word' id='word_1_423' title='bbox 2255 1802 2338 1854; x_wconf 69' lang='lat' dir='ltr'>obstan</span> 
     </span>
     <span class='ocr_line' id='line_1_85' title="bbox 1377 1857 2337 1961; baseline 0.005 -8"><span class='ocrx_word' id='word_1_424' title='bbox 1377 1891 1470 1953; x_wconf 91' lang='lat' dir='ltr'>nullis</span> <span class='ocrx_word' id='word_1_425' title='bbox 1482 1890 1540 1953; x_wconf 88' lang='lat' dir='ltr'>luit</span> <span class='ocrx_word' id='word_1_426' title='bbox 1553 1890 1676 1952; x_wconf 85' lang='lat' dir='ltr'>infirma</span> <span class='ocrx_word' id='word_1_427' title='bbox 1693 1891 1787 1952; x_wconf 90' lang='lat' dir='ltr'>nimis</span> <span class='ocrx_word' id='word_1_428' title='bbox 1801 1889 2022 1961; x_wconf 83' lang='lat' dir='ltr'>controversia,</span> <span class='ocrx_word' id='word_1_429' title='bbox 2035 1903 2124 1950; x_wconf 89' lang='lat' dir='ltr'>nem·</span> <span class='ocrx_word' id='word_1_430' title='bbox 2143 1857 2337 1960; x_wconf 55' lang='lat' dir='ltr'>{ffr‘smoeffl‘ss</span> 
     </span>
     <span class='ocr_line' id='line_1_86' title="bbox 1377 1971 2337 2068; baseline 0.017 -22"><span class='ocrx_word' id='word_1_431' title='bbox 1377 1999 1414 2062; x_wconf 91' lang='lat' dir='ltr'>pe</span> <span class='ocrx_word' id='word_1_432' title='bbox 1436 1983 1468 2046; x_wconf 94' lang='lat' dir='ltr'>in</span> <span class='ocrx_word' id='word_1_433' title='bbox 1489 1983 1618 2045; x_wconf 84' lang='lat' dir='ltr'>damiam</span> <span class='ocrx_word' id='word_1_434' title='bbox 1641 1990 1780 2045; x_wconf 86' lang='lat' dir='ltr'>revocata</span> <span class='ocrx_word' id='word_1_435' title='bbox 1800 1982 1861 2046; x_wconf 92' lang='lat' dir='ltr'>luit</span> <span class='ocrx_word' id='word_1_436' title='bbox 1876 1983 2026 2061; x_wconf 91' lang='lat' dir='ltr'>praedicta</span> <span class='ocrx_word' id='word_1_437' title='bbox 2042 1982 2124 2044; x_wconf 84' lang='lat' dir='ltr'>Gon·</span> <span class='ocrx_word' id='word_1_438' title='bbox 2143 1972 2202 2060; x_wconf 59' lang='lat' dir='ltr'>{ffl&#39;</span> <span class='ocrx_word' id='word_1_439' title='bbox 2217 1971 2337 2068; x_wconf 52' lang='grc' dir='ltr'><strong>1θέἓὶῗέἶί</strong></span> 
     </span>
     <span class='ocr_line' id='line_1_87' title="bbox 1377 2073 2335 2168; baseline -0.007 -29"><span class='ocrx_word' id='word_1_440' title='bbox 1377 2077 1439 2140; x_wconf 92' lang='lat' dir='ltr'>cilii</span> <span class='ocrx_word' id='word_1_441' title='bbox 1461 2077 1635 2139; x_wconf 80' lang='lat' dir='ltr'>&#39;tridentini</span> <span class='ocrx_word' id='word_1_442' title='bbox 1651 2078 1820 2154; x_wconf 83' lang='lat' dir='ltr'>dispositio,</span> <span class='ocrx_word' id='word_1_443' title='bbox 1837 2083 1867 2138; x_wconf 91' lang='lat' dir='ltr'>et</span> <span class='ocrx_word' id='word_1_444' title='bbox 1877 2075 2124 2138; x_wconf 90' lang='lat' dir='ltr'>contendebatur</span> <span class='ocrx_word' id='word_1_445' title='bbox 2143 2073 2296 2168; x_wconf 56' lang='lat' dir='ltr'>ffiffilsslm</span> <span class='ocrx_word' id='word_1_446' title='bbox 2306 2073 2335 2120; x_wconf 71' lang='grc'>11·</span> 
     </span>
     <span class='ocr_line' id='line_1_88' title="bbox 1377 2157 2275 2248; baseline -0.004 -16"><span class='ocrx_word' id='word_1_447' title='bbox 1377 2187 1428 2232; x_wconf 89' lang='lat' dir='ltr'>eas</span> <span class='ocrx_word' id='word_1_448' title='bbox 1455 2179 1574 2234; x_wconf 90' lang='lat' dir='ltr'>tautum</span> <span class='ocrx_word' id='word_1_449' title='bbox 1608 2171 1764 2246; x_wconf 84' lang='lat' dir='ltr'>regulares</span> <span class='ocrx_word' id='word_1_450' title='bbox 1796 2169 1893 2245; x_wconf 84' lang='lat' dir='ltr'>aldai,</span> <span class='ocrx_word' id='word_1_451' title='bbox 1916 2170 1969 2248; x_wconf 90' lang='lat' dir='ltr'>qul</span> <span class='ocrx_word' id='word_1_452' title='bbox 1998 2168 2125 2247; x_wconf 88' lang='lat' dir='ltr'>parochi</span> <span class='ocrx_word' id='word_1_453' title='bbox 2271 2157 2275 2165; x_wconf 67' lang='grc'><em>’</em></span> 
     </span>
     <span class='ocr_line' id='line_1_89' title="bbox 1378 2261 2122 2340; baseline -0.004 -14"><span class='ocrx_word' id='word_1_454' title='bbox 1378 2263 1626 2338; x_wconf 67' lang='lat' dir='ltr'>existant-alios</span> <span class='ocrx_word' id='word_1_455' title='bbox 1650 2279 1725 2324; x_wconf 86' lang='lat' dir='ltr'>rere</span> <span class='ocrx_word' id='word_1_456' title='bbox 1752 2264 1909 2340; x_wconf 88' lang='lat' dir='ltr'>regulares</span> <span class='ocrx_word' id='word_1_457' title='bbox 1937 2261 2122 2336; x_wconf 86' lang='lat' dir='ltr'>sacerdotes,</span> 
     </span>
     <span class='ocr_line' id='line_1_90' title="bbox 1378 2356 2126 2436; baseline -0.004 -18"><span class='ocrx_word' id='word_1_458' title='bbox 1378 2359 1430 2436; x_wconf 92' lang='lat' dir='ltr'>qni</span> <span class='ocrx_word' id='word_1_459' title='bbox 1452 2357 1523 2420; x_wconf 90' lang='lat' dir='ltr'>licet</span> <span class='ocrx_word' id='word_1_460' title='bbox 1550 2358 1673 2436; x_wconf 91' lang='lat' dir='ltr'>parocbl</span> <span class='ocrx_word' id='word_1_461' title='bbox 1703 2371 1767 2418; x_wconf 93' lang='lat' dir='ltr'>non</span> <span class='ocrx_word' id='word_1_462' title='bbox 1789 2356 1867 2432; x_wconf 92' lang='lat' dir='ltr'>sint,</span> <span class='ocrx_word' id='word_1_463' title='bbox 1900 2365 2003 2418; x_wconf 89' lang='lat' dir='ltr'>tamen</span> <span class='ocrx_word' id='word_1_464' title='bbox 2025 2370 2126 2416; x_wconf 89' lang='lat' dir='ltr'>sacra-</span> 
     </span>
     <span class='ocr_line' id='line_1_91' title="bbox 1380 2449 2224 2529; baseline -0.007 -16"><span class='ocrx_word' id='word_1_465' title='bbox 1380 2458 1518 2513; x_wconf 90' lang='lat' dir='ltr'>mentnm</span> <span class='ocrx_word' id='word_1_466' title='bbox 1537 2450 1658 2529; x_wconf 85' lang='lat' dir='ltr'>aliquod</span> <span class='ocrx_word' id='word_1_467' title='bbox 1670 2450 1878 2513; x_wconf 88' lang='lat' dir='ltr'>saecularibus</span> <span class='ocrx_word' id='word_1_468' title='bbox 1893 2449 2123 2521; x_wconf 86' lang='lat' dir='ltr'>administrent,</span> <span class='ocrx_word' id='word_1_469' title='bbox 2222 2491 2224 2493; x_wconf 85' lang='lat'>-</span> 
     </span>
     <span class='ocr_line' id='line_1_92' title="bbox 1379 2542 2125 2622; baseline -0.003 -18"><span class='ocrx_word' id='word_1_470' title='bbox 1379 2545 1426 2606; x_wconf 86' lang='lat' dir='ltr'>vel</span> <span class='ocrx_word' id='word_1_471' title='bbox 1449 2543 1621 2606; x_wconf 88' lang='lat' dir='ltr'>nullimode</span> <span class='ocrx_word' id='word_1_472' title='bbox 1647 2542 1879 2622; x_wconf 81' lang='lat' dir='ltr'>comprehendi,</span> <span class='ocrx_word' id='word_1_473' title='bbox 1909 2543 1970 2618; x_wconf 85' lang='lat' dir='ltr'>vel,</span> <span class='ocrx_word' id='word_1_474' title='bbox 1993 2542 2018 2602; x_wconf 93' lang='lat' dir='ltr'>si</span> <span class='ocrx_word' id='word_1_475' title='bbox 2040 2556 2125 2603; x_wconf 90' lang='lat' dir='ltr'>com-</span> 
     </span>
     <span class='ocr_line' id='line_1_93' title="bbox 1380 2634 2126 2716; baseline -0.007 -17"><span class='ocrx_word' id='word_1_476' title='bbox 1380 2639 1622 2716; x_wconf 84' lang='lat' dir='ltr'>prehendantur,</span> <span class='ocrx_word' id='word_1_477' title='bbox 1645 2637 1674 2698; x_wconf 88' lang='lat' dir='ltr'>ld</span> <span class='ocrx_word' id='word_1_478' title='bbox 1701 2636 1900 2700; x_wconf 78' lang='lat' dir='ltr'>referendum</span> <span class='ocrx_word' id='word_1_479' title='bbox 1930 2651 1995 2697; x_wconf 88' lang='lat' dir='ltr'>esse</span> <span class='ocrx_word' id='word_1_480' title='bbox 2016 2634 2050 2696; x_wconf 93' lang='lat' dir='ltr'>ad</span> <span class='ocrx_word' id='word_1_481' title='bbox 2071 2648 2126 2696; x_wconf 88' lang='lat' dir='ltr'>eos</span> 
     </span>
     <span class='ocr_line' id='line_1_94' title="bbox 1377 2729 2125 2811; baseline -0.004 -19"><span class='ocrx_word' id='word_1_482' title='bbox 1377 2731 1582 2803; x_wconf 89' lang='lat' dir='ltr'>solummodo,</span> <span class='ocrx_word' id='word_1_483' title='bbox 1606 2729 1659 2808; x_wconf 89' lang='lat' dir='ltr'>qni</span> <span class='ocrx_word' id='word_1_484' title='bbox 1681 2745 1749 2792; x_wconf 90' lang='lat' dir='ltr'>rem</span> <span class='ocrx_word' id='word_1_485' title='bbox 1772 2730 1807 2790; x_wconf 85' lang='lat' dir='ltr'>dc</span> <span class='ocrx_word' id='word_1_486' title='bbox 1829 2732 1915 2811; x_wconf 77' lang='lat' dir='ltr'>[octo</span> <span class='ocrx_word' id='word_1_487' title='bbox 1936 2735 2064 2805; x_wconf 88' lang='lat' dir='ltr'>agerent</span> <span class='ocrx_word' id='word_1_488' title='bbox 2090 2736 2125 2789; x_wconf 91' lang='lat' dir='ltr'>et</span> 
     </span>
     <span class='ocr_line' id='line_1_95' title="bbox 1380 2823 2124 2901; baseline -0.003 -17"><span class='ocrx_word' id='word_1_489' title='bbox 1380 2825 1448 2885; x_wconf 89' lang='lat' dir='ltr'>sine</span> <span class='ocrx_word' id='word_1_490' title='bbox 1480 2824 1600 2901; x_wconf 80' lang='lat' dir='ltr'>praevia</span> <span class='ocrx_word' id='word_1_491' title='bbox 1631 2823 1782 2886; x_wconf 85' lang='lat' dir='ltr'>Ordinarii</span> <span class='ocrx_word' id='word_1_492' title='bbox 1814 2823 1975 2885; x_wconf 78' lang='lat' dir='ltr'>facultate:</span> <span class='ocrx_word' id='word_1_493' title='bbox 2012 2835 2124 2882; x_wconf 84' lang='lat' dir='ltr'>verum</span> 
     </span>
     <span class='ocr_line' id='line_1_96' title="bbox 1380 2916 2125 2995; baseline -0.007 -13"><span class='ocrx_word' id='word_1_494' title='bbox 1380 2919 1520 2995; x_wconf 82' lang='lat' dir='ltr'>Gregorii</span> <span class='ocrx_word' id='word_1_495' title='bbox 1547 2918 1615 2982; x_wconf 89' lang='lat' dir='ltr'>XV.</span> <span class='ocrx_word' id='word_1_496' title='bbox 1641 2919 1719 2980; x_wconf 77' lang='lat' dir='ltr'>editi</span> <span class='ocrx_word' id='word_1_497' title='bbox 1747 2917 1970 2980; x_wconf 91' lang='lat' dir='ltr'>constitutione</span> <span class='ocrx_word' id='word_1_498' title='bbox 1995 2916 2125 2980; x_wconf 85' lang='lat' dir='ltr'>lasera-</span> 
     </span>
     <span class='ocr_line' id='line_1_97' title="bbox 1379 3009 2211 3090; baseline -0.008 -16"><span class='ocrx_word' id='word_1_499' title='bbox 1379 3011 1486 3085; x_wconf 87' lang='lat' dir='ltr'>tabiti,</span> <span class='ocrx_word' id='word_1_500' title='bbox 1509 3019 1654 3090; x_wconf 90' lang='lat' dir='ltr'>quaeest</span> <span class='ocrx_word' id='word_1_501' title='bbox 1676 3010 1718 3070; x_wconf 81' lang='lat'>17</span> <span class='ocrx_word' id='word_1_502' title='bbox 1738 3011 1882 3074; x_wconf 85' lang='lat' dir='ltr'>Baliarii</span> <span class='ocrx_word' id='word_1_503' title='bbox 1898 3009 2035 3072; x_wconf 82' lang='lat' dir='ltr'>Romani</span> <span class='ocrx_word' id='word_1_504' title='bbox 2052 3015 2074 3071; x_wconf 91' lang='lat' dir='ltr'>t.</span> <span class='ocrx_word' id='word_1_505' title='bbox 2088 3010 2120 3082; x_wconf 88' lang='lat'>3,</span> <span class='ocrx_word' id='word_1_506' title='bbox 2208 3021 2211 3027; x_wconf 81' lang='grc'><strong>’</strong></span> 
     </span>
     <span class='ocr_line' id='line_1_98' title="bbox 1378 3103 2125 3182; baseline -0.004 -15"><span class='ocrx_word' id='word_1_507' title='bbox 1378 3107 1542 3168; x_wconf 91' lang='lat' dir='ltr'>declararit</span> <span class='ocrx_word' id='word_1_508' title='bbox 1557 3104 1715 3182; x_wconf 90' lang='lat' dir='ltr'>regulares</span> <span class='ocrx_word' id='word_1_509' title='bbox 1734 3105 1916 3178; x_wconf 90' lang='lat' dir='ltr'>sacerdotes,</span> <span class='ocrx_word' id='word_1_510' title='bbox 1932 3104 1985 3182; x_wconf 90' lang='lat' dir='ltr'>qul</span> <span class='ocrx_word' id='word_1_511' title='bbox 2008 3103 2057 3164; x_wconf 86' lang='lat' dir='ltr'>vel</span> <span class='ocrx_word' id='word_1_512' title='bbox 2073 3119 2125 3182; x_wconf 92' lang='lat' dir='ltr'>pa-</span> 
     </span>
     <span class='ocr_line' id='line_1_99' title="bbox 1379 3197 2125 3276; baseline -0.005 -15"><span class='ocrx_word' id='word_1_513' title='bbox 1379 3199 1461 3261; x_wconf 90' lang='lat' dir='ltr'>rocbi</span> <span class='ocrx_word' id='word_1_514' title='bbox 1490 3207 1581 3274; x_wconf 91' lang='lat' dir='ltr'>sunt,</span> <span class='ocrx_word' id='word_1_515' title='bbox 1610 3197 1661 3259; x_wconf 93' lang='lat' dir='ltr'>vel</span> <span class='ocrx_word' id='word_1_516' title='bbox 1689 3198 1810 3276; x_wconf 84' lang='lat' dir='ltr'>aliquod</span> <span class='ocrx_word' id='word_1_517' title='bbox 1839 3197 2057 3258; x_wconf 91' lang='lat' dir='ltr'>administrant</span> <span class='ocrx_word' id='word_1_518' title='bbox 2077 3213 2125 3257; x_wconf 89' lang='lat' dir='ltr'>sa-</span> 
     </span>
     <span class='ocr_line' id='line_1_100' title="bbox 1378 3288 2125 3367; baseline -0.004 -12"><span class='ocrx_word' id='word_1_519' title='bbox 1378 3303 1582 3367; x_wconf 90' lang='lat' dir='ltr'>cramentum,</span> <span class='ocrx_word' id='word_1_520' title='bbox 1603 3291 1668 3352; x_wconf 87' lang='lat' dir='ltr'>sice</span> <span class='ocrx_word' id='word_1_521' title='bbox 1689 3289 1757 3354; x_wconf 86' lang='lat' dir='ltr'>alin</span> <span class='ocrx_word' id='word_1_522' title='bbox 1778 3288 1994 3352; x_wconf 85' lang='lat' dir='ltr'>ecclesiastica</span> <span class='ocrx_word' id='word_1_523' title='bbox 2015 3305 2125 3352; x_wconf 87' lang='lat' dir='ltr'>sacra·</span> 
     </span>
     <span class='ocr_line' id='line_1_101' title="bbox 1377 3382 2126 3456; baseline -0.003 -10"><span class='ocrx_word' id='word_1_524' title='bbox 1377 3393 1495 3456; x_wconf 86' lang='lat' dir='ltr'>manto,</span> <span class='ocrx_word' id='word_1_525' title='bbox 1513 3393 1572 3446; x_wconf 88' lang='lat' dir='ltr'>aut</span> <span class='ocrx_word' id='word_1_526' title='bbox 1595 3399 1697 3446; x_wconf 89' lang='lat' dir='ltr'>naam</span> <span class='ocrx_word' id='word_1_527' title='bbox 1713 3400 1752 3445; x_wconf 82' lang='lat' dir='ltr'>aa</span> <span class='ocrx_word' id='word_1_528' title='bbox 1775 3382 1816 3443; x_wconf 88' lang='lat' dir='ltr'>iis</span> <span class='ocrx_word' id='word_1_529' title='bbox 1838 3382 2126 3454; x_wconf 61' lang='lat' dir='ltr'>ministrantem</span> 
     </span>
     <span class='ocr_line' id='line_1_102' title="bbox 1379 3475 2124 3557; baseline -0.004 -16"><span class='ocrx_word' id='word_1_530' title='bbox 1379 3480 1407 3541; x_wconf 93' lang='lat' dir='ltr'>id</span> <span class='ocrx_word' id='word_1_531' title='bbox 1429 3485 1585 3557; x_wconf 91' lang='lat' dir='ltr'>praestent</span> <span class='ocrx_word' id='word_1_532' title='bbox 1606 3476 1737 3555; x_wconf 77' lang='lat' dir='ltr'>praevii</span> <span class='ocrx_word' id='word_1_533' title='bbox 1765 3476 1915 3553; x_wconf 82' lang='lat' dir='ltr'>Episcopi</span> <span class='ocrx_word' id='word_1_534' title='bbox 1938 3475 2076 3540; x_wconf 78' lang='lat' dir='ltr'>licentiat</span> <span class='ocrx_word' id='word_1_535' title='bbox 2093 3483 2124 3538; x_wconf 90' lang='lat' dir='ltr'>ct</span> 
     </span>
     <span class='ocr_line' id='line_1_103' title="bbox 1378 3565 2126 3652; baseline -0.009 -15"><span class='ocrx_word' id='word_1_536' title='bbox 1378 3571 1622 3652; x_wconf 84' lang='lat' dir='ltr'>approbatione,</span> <span class='ocrx_word' id='word_1_537' title='bbox 1646 3579 1699 3634; x_wconf 90' lang='lat' dir='ltr'>aut</span> <span class='ocrx_word' id='word_1_538' title='bbox 1719 3579 1812 3648; x_wconf 91' lang='lat' dir='ltr'>agant</span> <span class='ocrx_word' id='word_1_539' title='bbox 1834 3569 1868 3632; x_wconf 86' lang='lat' dir='ltr'>tie</span> <span class='ocrx_word' id='word_1_540' title='bbox 1890 3571 1978 3650; x_wconf 75' lang='lat' dir='ltr'>secta</span> <span class='ocrx_word' id='word_1_541' title='bbox 2009 3565 2126 3648; x_wconf 84' lang='lat' dir='ltr'>absque</span> 
     </span>
     <span class='ocr_line' id='line_1_104' title="bbox 1379 3663 2124 3737; baseline -0.008 -7"><span class='ocrx_word' id='word_1_542' title='bbox 1379 3667 1448 3732; x_wconf 88' lang='lat' dir='ltr'>alid</span> <span class='ocrx_word' id='word_1_543' title='bbox 1480 3668 1697 3737; x_wconf 83' lang='lat' dir='ltr'>anctoritate,</span> <span class='ocrx_word' id='word_1_544' title='bbox 1729 3665 1854 3727; x_wconf 89' lang='lat' dir='ltr'>subesse</span> <span class='ocrx_word' id='word_1_545' title='bbox 1884 3664 1996 3726; x_wconf 86' lang='lat' dir='ltr'>debere</span> <span class='ocrx_word' id='word_1_546' title='bbox 2022 3663 2053 3726; x_wconf 93' lang='lat' dir='ltr'>in</span> <span class='ocrx_word' id='word_1_547' title='bbox 2086 3664 2124 3724; x_wconf 92' lang='lat' dir='ltr'>iis</span> 
     </span>
     <span class='ocr_line' id='line_1_105' title="bbox 1377 3757 2123 3838; baseline -0.007 -15"><span class='ocrx_word' id='word_1_548' title='bbox 1377 3761 1533 3836; x_wconf 90' lang='lat' dir='ltr'>omnibns,</span> <span class='ocrx_word' id='word_1_549' title='bbox 1546 3774 1625 3838; x_wconf 93' lang='lat' dir='ltr'>quae</span> <span class='ocrx_word' id='word_1_550' title='bbox 1639 3774 1745 3822; x_wconf 87' lang='lat' dir='ltr'>curam</span> <span class='ocrx_word' id='word_1_551' title='bbox 1761 3757 1811 3820; x_wconf 91' lang='lat' dir='ltr'>rel</span> <span class='ocrx_word' id='word_1_552' title='bbox 1822 3757 2123 3820; x_wconf 89' lang='lat' dir='ltr'>administrationem</span> 
     </span>
     <span class='ocr_line' id='line_1_106' title="bbox 1376 3851 2124 3931; baseline -0.001 -17"><span class='ocrx_word' id='word_1_553' title='bbox 1376 3862 1639 3916; x_wconf 90' lang='lat' dir='ltr'>sacramentorum</span> <span class='ocrx_word' id='word_1_554' title='bbox 1669 3859 1825 3931; x_wconf 89' lang='lat' dir='ltr'>spectant,</span> <span class='ocrx_word' id='word_1_555' title='bbox 1857 3851 2060 3913; x_wconf 89' lang='lat' dir='ltr'>iurisdictioni</span> <span class='ocrx_word' id='word_1_556' title='bbox 2091 3860 2124 3913; x_wconf 91' lang='lat' dir='ltr'>et</span> 
     </span>
     <span class='ocr_line' id='line_1_107' title="bbox 1378 3945 2123 4026; baseline -0.003 -14"><span class='ocrx_word' id='word_1_557' title='bbox 1378 3950 1561 4013; x_wconf 90' lang='lat' dir='ltr'>correctioni</span> <span class='ocrx_word' id='word_1_558' title='bbox 1583 3949 1734 4012; x_wconf 84' lang='lat' dir='ltr'>Ordinarii</span> <span class='ocrx_word' id='word_1_559' title='bbox 1757 3956 1912 4026; x_wconf 92' lang='lat' dir='ltr'>tamquam</span> <span class='ocrx_word' id='word_1_560' title='bbox 1936 3945 2022 4011; x_wconf 90' lang='lat' dir='ltr'>Sedis</span> <span class='ocrx_word' id='word_1_561' title='bbox 2043 3950 2123 4025; x_wconf 79' lang='lat' dir='ltr'>npe-</span> 
     </span>
     <span class='ocr_line' id='line_1_108' title="bbox 1376 4039 2122 4120; baseline -0.003 -16"><span class='ocrx_word' id='word_1_562' title='bbox 1376 4043 1501 4106; x_wconf 89' lang='lat' dir='ltr'>stolicae</span> <span class='ocrx_word' id='word_1_563' title='bbox 1522 4043 1672 4119; x_wconf 88' lang='lat' dir='ltr'>Delegati:</span> <span class='ocrx_word' id='word_1_564' title='bbox 1697 4042 1733 4104; x_wconf 89' lang='lat' dir='ltr'>ia</span> <span class='ocrx_word' id='word_1_565' title='bbox 1755 4040 1817 4112; x_wconf 86' lang='lat' dir='ltr'>bis,</span> <span class='ocrx_word' id='word_1_566' title='bbox 1837 4058 1917 4120; x_wconf 85' lang='lat' dir='ltr'>qnae</span> <span class='ocrx_word' id='word_1_567' title='bbox 1938 4039 2122 4102; x_wconf 81' lang='lat' dir='ltr'>huiusmodi</span> 
     </span>
     <span class='ocr_line' id='line_1_109' title="bbox 1378 4135 2120 4206; baseline -0.003 -8"><span class='ocrx_word' id='word_1_568' title='bbox 1378 4154 1490 4200; x_wconf 84' lang='lat' dir='ltr'>aarum</span> <span class='ocrx_word' id='word_1_569' title='bbox 1504 4153 1560 4199; x_wconf 88' lang='lat' dir='ltr'>sen</span> <span class='ocrx_word' id='word_1_570' title='bbox 1575 4135 1893 4200; x_wconf 82' lang='lat' dir='ltr'>administrationem</span> <span class='ocrx_word' id='word_1_571' title='bbox 1911 4142 2120 4206; x_wconf 85' lang='lat' dir='ltr'>concernunt,</span> 
     </span>
     <span class='ocr_line' id='line_1_110' title="bbox 1378 4228 2124 4302; baseline -0.008 -9"><span class='ocrx_word' id='word_1_572' title='bbox 1378 4231 1574 4294; x_wconf 85' lang='lat' dir='ltr'>omnimodae</span> <span class='ocrx_word' id='word_1_573' title='bbox 1606 4231 1843 4302; x_wconf 85' lang='lat' dir='ltr'>iurisdictioni,</span> <span class='ocrx_word' id='word_1_574' title='bbox 1874 4228 2062 4290; x_wconf 84' lang='lat' dir='ltr'>visitationi</span> <span class='ocrx_word' id='word_1_575' title='bbox 2092 4233 2124 4288; x_wconf 86' lang='lat' dir='ltr'>et</span> 
     </span>
     <span class='ocr_line' id='line_1_111' title="bbox 1379 4325 2121 4404; baseline 0 -18"><span class='ocrx_word' id='word_1_576' title='bbox 1379 4325 1571 4388; x_wconf 83' lang='lat' dir='ltr'>correctioni</span> <span class='ocrx_word' id='word_1_577' title='bbox 1587 4325 1765 4389; x_wconf 88' lang='lat' dir='ltr'>diaecesani</span> <span class='ocrx_word' id='word_1_578' title='bbox 1782 4327 1941 4404; x_wconf 82' lang='lat' dir='ltr'>Episcopi,</span> <span class='ocrx_word' id='word_1_579' title='bbox 1960 4331 2121 4404; x_wconf 86' lang='lat' dir='ltr'>tamqnam</span> 
     </span>
     <span class='ocr_line' id='line_1_112' title="bbox 1380 4419 2124 4500; baseline -0.005 -18"><span class='ocrx_word' id='word_1_580' title='bbox 1380 4419 1467 4483; x_wconf 84' lang='lat' dir='ltr'>Sedis</span> <span class='ocrx_word' id='word_1_581' title='bbox 1488 4422 1688 4498; x_wconf 86' lang='lat' dir='ltr'>Apostolicae</span> <span class='ocrx_word' id='word_1_582' title='bbox 1709 4419 1866 4500; x_wconf 67' lang='lat' dir='ltr'>Deiopea,</span> <span class='ocrx_word' id='word_1_583' title='bbox 1893 4419 1982 4498; x_wconf 84' lang='lat' dir='ltr'>plene</span> <span class='ocrx_word' id='word_1_584' title='bbox 2004 4422 2039 4480; x_wconf 90' lang='lat' dir='ltr'>in</span> <span class='ocrx_word' id='word_1_585' title='bbox 2061 4433 2124 4479; x_wconf 89' lang='lat' dir='ltr'>ont·</span> 
     </span>
     <span class='ocr_line' id='line_1_113' title="bbox 1379 4511 2122 4594; baseline -0.001 -19"><span class='ocrx_word' id='word_1_586' title='bbox 1379 4513 1473 4577; x_wconf 85' lang='lat' dir='ltr'>nibus</span> <span class='ocrx_word' id='word_1_587' title='bbox 1494 4511 1730 4576; x_wconf 86' lang='lat' dir='ltr'>subiiciantnr.</span> <span class='ocrx_word' id='word_1_588' title='bbox 1754 4516 1838 4578; x_wconf 90' lang='lat' dir='ltr'>idem</span> <span class='ocrx_word' id='word_1_589' title='bbox 1854 4531 1979 4594; x_wconf 87' lang='lat' dir='ltr'>prorsus</span> <span class='ocrx_word' id='word_1_590' title='bbox 1993 4530 2122 4576; x_wconf 91' lang='lat' dir='ltr'>renora-</span> 
     </span>
     <span class='ocr_line' id='line_1_114' title="bbox 1381 4607 2123 4672; baseline -0.003 0"><span class='ocrx_word' id='word_1_591' title='bbox 1381 4619 1445 4672; x_wconf 91' lang='lat' dir='ltr'>tnm</span> <span class='ocrx_word' id='word_1_592' title='bbox 1469 4616 1515 4671; x_wconf 92' lang='lat' dir='ltr'>est</span> <span class='ocrx_word' id='word_1_593' title='bbox 1537 4608 1569 4670; x_wconf 91' lang='lat' dir='ltr'>in</span> <span class='ocrx_word' id='word_1_594' title='bbox 1591 4607 1677 4672; x_wconf 82' lang='lat' dir='ltr'>Bulla</span> <span class='ocrx_word' id='word_1_595' title='bbox 1702 4610 1781 4672; x_wconf 80' lang='lat' dir='ltr'>dnm</span> <span class='ocrx_word' id='word_1_596' title='bbox 1795 4607 1882 4671; x_wconf 88' lang='lat' dir='ltr'>siant</span> <span class='ocrx_word' id='word_1_597' title='bbox 1904 4608 2123 4672; x_wconf 78' lang='grc'><strong>341111111-</strong></span> 
     </span>
     <span class='ocr_line' id='line_1_115' title="bbox 1381 4702 2120 4779; baseline -0.003 -11"><span class='ocrx_word' id='word_1_598' title='bbox 1381 4705 1414 4769; x_wconf 88' lang='lat' dir='ltr'>tii</span> <span class='ocrx_word' id='word_1_599' title='bbox 1436 4705 1473 4768; x_wconf 86' lang='lat' dir='ltr'>ll·</span> <span class='ocrx_word' id='word_1_600' title='bbox 1498 4706 1516 4779; x_wconf 66' lang='grc' dir='ltr'><strong>ἓ</strong></span> <span class='ocrx_word' id='word_1_601' title='bbox 1537 4702 1570 4775; x_wconf 81' lang='grc'>4,</span> <span class='ocrx_word' id='word_1_602' title='bbox 1594 4705 1630 4765; x_wconf 90' lang='lat' dir='ltr'>in</span> <span class='ocrx_word' id='word_1_603' title='bbox 1651 4703 1800 4768; x_wconf 82' lang='lat' dir='ltr'>Ratiaria</span> <span class='ocrx_word' id='word_1_604' title='bbox 1822 4703 1963 4768; x_wconf 82' lang='lat' dir='ltr'>Romano</span> <span class='ocrx_word' id='word_1_605' title='bbox 1988 4711 2060 4765; x_wconf 88' lang='lat' dir='ltr'>tom.</span> <span class='ocrx_word' id='word_1_606' title='bbox 2086 4707 2120 4776; x_wconf 87' lang='lat'>5,</span> 
     </span>
     <span class='ocr_line' id='line_1_116' title="bbox 1380 4796 2121 4872; baseline -0.009 -9"><span class='ocrx_word' id='word_1_607' title='bbox 1380 4807 1448 4863; x_wconf 89' lang='lat' dir='ltr'>tum</span> <span class='ocrx_word' id='word_1_608' title='bbox 1470 4799 1500 4859; x_wconf 93' lang='lat' dir='ltr'>ln</span> <span class='ocrx_word' id='word_1_609' title='bbox 1523 4797 1745 4860; x_wconf 87' lang='lat' dir='ltr'>constitutione</span> <span class='ocrx_word' id='word_1_610' title='bbox 1767 4798 1937 4862; x_wconf 77' lang='lat' dir='ltr'>Fiantondi</span> <span class='ocrx_word' id='word_1_611' title='bbox 1955 4796 2031 4869; x_wconf 87' lang='lat'>109,</span> <span class='ocrx_word' id='word_1_612' title='bbox 2049 4798 2068 4872; x_wconf 70' lang='lat'>5</span> <span class='ocrx_word' id='word_1_613' title='bbox 2088 4797 2121 4870; x_wconf 86' lang='lat'>3,</span> 
     </span>
    </p>

    <p class='ocr_par' dir='ltr' id='par_1_17' title="bbox 1379 4892 2123 5062">
     <span class='ocr_line' id='line_1_117' title="bbox 1380 4892 2123 4974; baseline -0.009 -15"><span class='ocrx_word' id='word_1_614' title='bbox 1380 4893 1525 4959; x_wconf 86' lang='lat' dir='ltr'>Bntlorii</span> <span class='ocrx_word' id='word_1_615' title='bbox 1557 4897 1630 4954; x_wconf 91' lang='lat' dir='ltr'>tom.</span> <span class='ocrx_word' id='word_1_616' title='bbox 1660 4894 1677 4953; x_wconf 87' lang='lat'><strong><em>1</em></strong></span> <span class='ocrx_word' id='word_1_617' title='bbox 1701 4893 1733 4955; x_wconf 92' lang='lat' dir='ltr'>in</span> <span class='ocrx_word' id='word_1_618' title='bbox 1762 4893 1916 4972; x_wconf 88' lang='lat' dir='ltr'>praesenti</span> <span class='ocrx_word' id='word_1_619' title='bbox 1942 4892 2123 4974; x_wconf 83' lang='lat' dir='ltr'>pontificatu</span> 
     </span>
     <span class='ocr_line' id='line_1_118' title="bbox 1379 4987 1531 5062; baseline -0.039 -12"><span class='ocrx_word' id='word_1_620' title='bbox 1379 4987 1531 5062; x_wconf 84' lang='lat' dir='ltr'>evulgata.</span> 
     </span>
    </p>

    <p class='ocr_par' dir='ltr' id='par_1_18' title="bbox 1379 5076 2332 6000">
     <span class='ocr_line' id='line_1_119' title="bbox 1419 5076 2332 5176; baseline -0.004 -33"><span class='ocrx_word' id='word_1_621' title='bbox 1419 5083 1438 5158; x_wconf 62' lang='grc' dir='ltr'>ἐ</span> <span class='ocrx_word' id='word_1_622' title='bbox 1460 5081 1507 5143; x_wconf 87' lang='grc'>15.</span> <span class='ocrx_word' id='word_1_623' title='bbox 1532 5083 1582 5144; x_wconf 87' lang='lat' dir='ltr'>lus</span> <span class='ocrx_word' id='word_1_624' title='bbox 1604 5081 1779 5144; x_wconf 88' lang='lat' dir='ltr'>huiusmodi</span> <span class='ocrx_word' id='word_1_625' title='bbox 1803 5081 1834 5142; x_wconf 93' lang='lat' dir='ltr'>in</span> <span class='ocrx_word' id='word_1_626' title='bbox 1848 5080 2005 5158; x_wconf 87' lang='lat' dir='ltr'>regulares</span> <span class='ocrx_word' id='word_1_627' title='bbox 2025 5095 2122 5141; x_wconf 90' lang='lat' dir='ltr'>sacer·</span> <span class='ocrx_word' id='word_1_628' title='bbox 2173 5076 2332 5176; x_wconf 44' lang='lat' dir='ltr'>„Reqlnlflfssgg</span> 
     </span>
     <span class='ocr_line' id='line_1_120' title="bbox 1379 5143 2332 5252; baseline -0.012 -16"><span class='ocrx_word' id='word_1_629' title='bbox 1379 5174 1464 5238; x_wconf 89' lang='lat' dir='ltr'>dotes</span> <span class='ocrx_word' id='word_1_630' title='bbox 1485 5174 1673 5252; x_wconf 87' lang='lat' dir='ltr'>delegatum,</span> <span class='ocrx_word' id='word_1_631' title='bbox 1691 5175 1722 5235; x_wconf 94' lang='lat' dir='ltr'>in</span> <span class='ocrx_word' id='word_1_632' title='bbox 1739 5175 1775 5235; x_wconf 91' lang='lat' dir='ltr'>lis</span> <span class='ocrx_word' id='word_1_633' title='bbox 1790 5189 1867 5252; x_wconf 89' lang='lat' dir='ltr'>quae</span> <span class='ocrx_word' id='word_1_634' title='bbox 1881 5174 2055 5235; x_wconf 90' lang='lat' dir='ltr'>animamm</span> <span class='ocrx_word' id='word_1_635' title='bbox 2072 5189 2125 5234; x_wconf 91' lang='lat' dir='ltr'>cu·</span> <span class='ocrx_word' id='word_1_636' title='bbox 2142 5143 2228 5248; x_wconf 66' lang='lat' dir='ltr'>litii</span> <span class='ocrx_word' id='word_1_637' title='bbox 2239 5145 2266 5228; x_wconf 77' lang='lat' dir='ltr'>r&#39;as</span> <span class='ocrx_word' id='word_1_638' title='bbox 2279 5191 2332 5239; x_wconf 72' lang='lat' dir='ltr'>quie</span> 
     </span>
     <span class='ocr_line' id='line_1_121' title="bbox 1379 5241 2332 5354; baseline -0.003 -24"><span class='ocrx_word' id='word_1_639' title='bbox 1379 5283 1444 5330; x_wconf 93' lang='lat' dir='ltr'>ram</span> <span class='ocrx_word' id='word_1_640' title='bbox 1469 5274 1795 5346; x_wconf 88' lang='lat' dir='ltr'>sacramentorumque</span> <span class='ocrx_word' id='word_1_641' title='bbox 1822 5267 2123 5331; x_wconf 89' lang='lat' dir='ltr'>administrationem</span> <span class='ocrx_word' id='word_1_642' title='bbox 2143 5241 2332 5354; x_wconf 54' lang='lat' dir='ltr'>fflffssssnln‘if-</span> 
     </span>
     <span class='ocr_line' id='line_1_122' title="bbox 1380 5351 2257 5438; baseline -0.002 -15"><span class='ocrx_word' id='word_1_643' title='bbox 1380 5371 1585 5436; x_wconf 88' lang='lat' dir='ltr'>canccrnunt,</span> <span class='ocrx_word' id='word_1_644' title='bbox 1609 5377 1727 5423; x_wconf 88' lang='lat' dir='ltr'>cassare</span> <span class='ocrx_word' id='word_1_645' title='bbox 1758 5368 1879 5424; x_wconf 91' lang='lat' dir='ltr'>certum</span> <span class='ocrx_word' id='word_1_646' title='bbox 1900 5369 1958 5438; x_wconf 89' lang='lat' dir='ltr'>est,</span> <span class='ocrx_word' id='word_1_647' title='bbox 1981 5377 2052 5424; x_wconf 90' lang='lat' dir='ltr'>cum</span> <span class='ocrx_word' id='word_1_648' title='bbox 2073 5376 2125 5422; x_wconf 90' lang='lat' dir='ltr'>eo·</span> <span class='ocrx_word' id='word_1_649' title='bbox 2143 5351 2257 5393; x_wconf 72' lang='lat' dir='ltr'>vantram.</span> 
     </span>
     <span class='ocr_line' id='line_1_123' title="bbox 1381 5454 2125 5535; baseline -0.001 -18"><span class='ocrx_word' id='word_1_650' title='bbox 1381 5471 1450 5518; x_wconf 90' lang='lat' dir='ltr'>rum</span> <span class='ocrx_word' id='word_1_651' title='bbox 1474 5457 1619 5535; x_wconf 92' lang='lat' dir='ltr'>quiquam</span> <span class='ocrx_word' id='word_1_652' title='bbox 1637 5456 1684 5517; x_wconf 91' lang='lat' dir='ltr'>sui</span> <span class='ocrx_word' id='word_1_653' title='bbox 1701 5455 1851 5531; x_wconf 88' lang='lat' dir='ltr'>regularis</span> <span class='ocrx_word' id='word_1_654' title='bbox 1873 5455 2007 5517; x_wconf 88' lang='lat' dir='ltr'>instituti</span> <span class='ocrx_word' id='word_1_655' title='bbox 2023 5454 2125 5516; x_wconf 84' lang='lat' dir='ltr'>obser·</span> 
     </span>
     <span class='ocr_line' id='line_1_124' title="bbox 1380 5545 2124 5630; baseline 0 -22"><span class='ocrx_word' id='word_1_656' title='bbox 1380 5550 1517 5611; x_wconf 81' lang='lat' dir='ltr'>santiam</span> <span class='ocrx_word' id='word_1_657' title='bbox 1532 5547 1736 5627; x_wconf 91' lang='lat' dir='ltr'>aliquomodo</span> <span class='ocrx_word' id='word_1_658' title='bbox 1753 5547 1896 5624; x_wconf 81' lang='lat' dir='ltr'>violaret3</span> <span class='ocrx_word' id='word_1_659' title='bbox 1921 5547 1948 5608; x_wconf 93' lang='lat' dir='ltr'>id</span> <span class='ocrx_word' id='word_1_660' title='bbox 1972 5548 2057 5609; x_wconf 89' lang='lat' dir='ltr'>enim</span> <span class='ocrx_word' id='word_1_661' title='bbox 2071 5545 2124 5630; x_wconf 87' lang='lat' dir='ltr'>Or·</span> 
     </span>
     <span class='ocr_line' id='line_1_125' title="bbox 1380 5640 2125 5719; baseline -0.007 -15"><span class='ocrx_word' id='word_1_662' title='bbox 1380 5643 1487 5704; x_wconf 89' lang='lat' dir='ltr'>dinarii</span> <span class='ocrx_word' id='word_1_663' title='bbox 1512 5642 1651 5704; x_wconf 87' lang='lat' dir='ltr'>muneris</span> <span class='ocrx_word' id='word_1_664' title='bbox 1665 5657 1729 5704; x_wconf 93' lang='lat' dir='ltr'>non</span> <span class='ocrx_word' id='word_1_665' title='bbox 1750 5650 1807 5717; x_wconf 87' lang='lat' dir='ltr'>est,</span> <span class='ocrx_word' id='word_1_666' title='bbox 1823 5641 1874 5703; x_wconf 90' lang='lat' dir='ltr'>sed</span> <span class='ocrx_word' id='word_1_667' title='bbox 1898 5640 2059 5719; x_wconf 89' lang='lat' dir='ltr'>respectiri</span> <span class='ocrx_word' id='word_1_668' title='bbox 2073 5655 2125 5700; x_wconf 90' lang='lat' dir='ltr'>sn-</span> 
     </span>
     <span class='ocr_line' id='line_1_126' title="bbox 1381 5733 2125 5814; baseline -0.005 -17"><span class='ocrx_word' id='word_1_669' title='bbox 1381 5737 1509 5814; x_wconf 89' lang='lat' dir='ltr'>perioris</span> <span class='ocrx_word' id='word_1_670' title='bbox 1538 5735 1704 5813; x_wconf 86' lang='lat' dir='ltr'>regularis:</span> <span class='ocrx_word' id='word_1_671' title='bbox 1733 5736 1827 5796; x_wconf 80' lang='lat' dir='ltr'>enicas</span> <span class='ocrx_word' id='word_1_672' title='bbox 1856 5734 1980 5812; x_wconf 85' lang='lat' dir='ltr'>quidem</span> <span class='ocrx_word' id='word_1_673' title='bbox 2008 5733 2125 5813; x_wconf 83' lang='lat' dir='ltr'>opcacdi</span> 
     </span>
     <span class='ocr_line' id='line_1_127' title="bbox 1382 5823 2126 5908; baseline -0.004 -18"><span class='ocrx_word' id='word_1_674' title='bbox 1382 5831 1540 5892; x_wconf 82' lang='lat' dir='ltr'>rationem</span> <span class='ocrx_word' id='word_1_675' title='bbox 1563 5831 1596 5890; x_wconf 90' lang='lat' dir='ltr'>in</span> <span class='ocrx_word' id='word_1_676' title='bbox 1619 5829 1672 5902; x_wconf 88' lang='lat' dir='ltr'>iis,</span> <span class='ocrx_word' id='word_1_677' title='bbox 1696 5845 1775 5908; x_wconf 81' lang='lat' dir='ltr'>qnae</span> <span class='ocrx_word' id='word_1_678' title='bbox 1795 5835 1940 5906; x_wconf 87' lang='lat' dir='ltr'>spectant</span> <span class='ocrx_word' id='word_1_679' title='bbox 1964 5823 2126 5890; x_wconf 72' lang='grc'><strong>111111111-</strong></span> 
     </span>
     <span class='ocr_line' id='line_1_128' title="bbox 1382 5920 2126 6000; baseline -0.007 -14"><span class='ocrx_word' id='word_1_680' title='bbox 1382 5923 1541 5986; x_wconf 85' lang='lat' dir='ltr'>eationem</span> <span class='ocrx_word' id='word_1_681' title='bbox 1566 5922 1691 6000; x_wconf 83' lang='lat' dir='ltr'>proprii</span> <span class='ocrx_word' id='word_1_682' title='bbox 1713 5923 1816 6000; x_wconf 84' lang='lat' dir='ltr'>ipsine</span> <span class='ocrx_word' id='word_1_683' title='bbox 1846 5921 2009 5999; x_wconf 73' lang='lat' dir='ltr'>sepniatis</span> <span class='ocrx_word' id='word_1_684' title='bbox 2030 5920 2126 5982; x_wconf 87' lang='lat' dir='ltr'>iasti-</span> 
     </span>
    </p>
   </div>
   <div class='ocr_carea' id='block_1_14' title="bbox 0 0 2426 6980">
    <p class='ocr_par' dir='ltr' id='par_1_19' title="bbox 0 0 2426 6980">
     <span class='ocr_line' id='line_1_129' title="bbox 0 0 2426 6980; baseline 0 0"><span class='ocrx_word' id='word_1_685' title='bbox 0 0 2426 6980; x_wconf 95' lang='lat' dir='ltr'> </span> 
     </span>
    </p>
   </div>
  </div>
 </body>
</html>
