4856 6984
947 607 1142 654 BENEDICTL'S
1165 608 1228 651 le'.

315 722 374 785 iam
396 723 489 785 citato
510 723 546 785 de
568 721 770 787 observandis
792 729 824 786 et
844 723 1004 787 evitandis
1025 725 1061 786 in

315 815 523 880 celebratione
547 818 680 888 missae,
709 817 864 896 Episcopis
892 818 1062 897 praecepis-

314 917 371 984 set,
394 925 435 972 ne
455 911 651 989 permittant,
677 919 712 973 ut
734 911 765 971 in
788 913 980 990 privatorum
1008 911 1059 973 do-

315 1003 416 1065 mibus
437 1005 549 1066 missae
574 1003 774 1067 celebrentur
795 1021 815 1066 a
839 1001 1060 1066 saecularibus

315 1101 375 1160 out
390 1114 409 1158 a
425 1095 631 1176 regularibus
653 1094 912 1174 quibuscumque,
930 1096 1061 1158 eisdem·

315 1205 374 1268 que
396 1191 528 1252 dedisset
558 1189 737 1252 facultatem
765 1188 966 1267 procedendi,
995 1197 1060 1251 tan·

315 1299 407 1361 quarn
429 1283 621 1361 spostolicae
643 1283 729 1348 Sedis
751 1281 930 1358 Delegatos,
953 1289 1059 1344 contra

315 1374 519 1438 refractarios:
548 1375 586 1438 b't
609 1374 762 1456 delegatis
791 1372 880 1435 Sedis
902 1374 1059 1452 Apostoli·

314 1485 386 1541 eoc,·
406 1477 499 1548 atque
521 1469 666 1532 omnibus
686 1467 871 1547 privilegiis,
889 1470 1060 1550 exemptio

314 1562 405 1625 nibus
424 1570 456 1624 et
477 1562 753 1628 consuetudinibus
769 1569 942 1641 contrariis,
959 1567 1060 1630 cuius·

314 1671 447 1734 cumque
479 1657 603 1733 generis
624 1665 739 1731 essent,
762 1659 954 1736 derogasset:
990 1661 1060 1723 Non

314 1747 517 1812 obstantibus
547 1751 749 1830 privilegiis,
782 1753 1056 1832 coemptionibus,

313 1841 598 1920 appellationibus,
622 1861 659 1906 ac
682 1844 969 1908 consuetudinibus
991 1846 1059 1924 qui·

315 1931 522 2013 boscumpum
551 1935 624 1998 hino
645 1939 816 2000 necessario
845 1939 1058 2017 consequitur,

312 2042 433 2088 sacrum
457 2028 631 2090 Concilium
653 2029 873 2092 Tridentinum
896 2039 959 2094 tam
974 2046 1060 2110 prae-

314 2119 492 2182 cedentibus
519 2120 622 2182 altaris
648 2123 750 2184 viatici
780 2123 951 2202 privilegiis
972 2125 1061 2186 dero-

314 2228 411 2289 gasse,
434 2229 527 2290 quam
554 2214 690 2277 facultati
721 2217 845 2278 missam
869 2217 900 2278 in
926 2217 1059 2294 privato·

313 2321 384 2367 rum
406 2306 643 2382 domibus,sine
664 2307 803 2387 Episcopi
824 2309 960 2384 licentia,
982 2308 1060 2380 cele·

314 2395 435 2476 brandi3
451 2405 543 2476 atque
557 2399 690 2462 ulterius
703 2401 898 2480 Episcopum,
912 2408 1059 2480 tanquam

315 2487 401 2553 Sedis
415 2491 605 2569 apostolicae
619 2493 813 2569 Delegatum‚
829 2503 937 2556 contra
952 2494 1060 2556 inobe-

315 2583 436 2646 dientes
457 2586 624 2662 procedere
651 2601 748 2664 posse,
775 2587 895 2648 etiamsi
923 2587 1060 2666 exempti

312 2678 391 2752 sint;
408 2676 531 2739 nullum
547 2693 622 2740 vero
637 2678 769 2757 amplius
780 2695 846 2740 esse
857 2679 1058 2758 privilegium

314 2767 365 2829 vel
396 2771 641 2848 exemptionem,
672 2784 752 2849 quae
774 2771 889 2845 obstet,
918 2787 1060 2849 quaeque

314 2859 557 2940 impediat,‚quo
579 2863 683 2925 minus
704 2863 816 2925 abusus
837 2863 996 2925 tollantur.

80 2960 296 3058 Trigrivgleggvdg
354 2954 373 3028 5
393 2952 442 3014 30.
467 2951 551 3016 Nihil
572 2963 677 3018 autem
699 2955 781 3017 valet
801 2971 847 3031 ea,
870 2971 949 3033 quae
963 2971 979 3014 a
993 2955 1062 3034 qui·

79 3025 209 3122 magud.
313 3046 441 3108 busdam
473 3055 692 3125 promovetur,
720 3049 862 3124 assertio,
895 3049 1058 3120 videlicet,

313 3140 479 3202 concilium
501 3139 675 3218 privilegio,
698 3141 736 3202 de
757 3159 817 3220 quo
838 3143 952 3218 agitur,
969 3142 1061 3204 mini·

313 3247 364 3294 me
385 3235 565 3309 derogasse,
589 3250 625 3296 eo
653 3234 735 3312 quod
766 3234 900 3296 illudio
931 3250 1075 3312 corpore.

314 3326 399 3388 iuris
421 3327 578 3388 inclusum
598 3328 653 3404 sit;
676 3327 794 3388 etenim
809 3343 932 3389 sacrum
954 3327 1061 3391 Conci·

313 3419 391 3482 lium
413 3417 634 3481 Tridentinum
655 3420 692 3480 iis
713 3421 805 3482 etiam
827 3419 977 3496 derogare
999 3421 1060 3500 pri-

313 3511 436 3590 vilegiis
457 3512 635 3588 consuevit,
664 3528 743 3590 quae
766 3512 800 3572 in
822 3527 951 3590 corpore
973 3513 1058 3574 iuris

314 3607 431 3670 inclusa
451 3611 535 3682 sunt,
559 3605 677 3668 nullam
699 3607 793 3668 etiam
814 3607 852 3668 de
873 3605 910 3667 iis
936 3622 1060 3684 expres-

312 3717 378 3763 sam
399 3701 594 3765 mentionem
620 3699 776 3776 laciendo,
798 3701 849 3762 sed
876 3699 1060 3778 simpliciter

313 3795 428 3873 aliquid
447 3795 639 3856 contrarium
662 3794 734 3872 ipsis
746 3794 991 3868 rleterminando,
1008 3807 1060 3869 ge-

314 3890 413 3951 nerali
435 3891 549 3953 adiecta
571 3888 772 3952 adcontraria
787 3889 950 3969 privilegia
971 3891 1061 3951 dero-

315 3984 454 4060 gatione;
487 3982 748 4061 quemadmodum
776 3983 905 4046 celebris
934 3982 1058 4046 Praesul

314 4077 476 4153 legnanus
498 4076 533 4136 in
555 4091 623 4153 cop.
648 4076 806 4138 Nonnulli
827 4093 859 4136 n.
883 4075 930 4138 42
950 4080 980 4136 et
996 4093 1055 4152 sep.

313 4167 372 4231 sub
395 4171 448 4231 tit.
473 4169 509 4230 de
530 4153 708 4245 descriptis
733 4169 835 4247 ample
855 4169 1058 4232 demonstrat.

83 4258 296 4358 ifflfgsmllgglrf!
354 4263 443 4338 §ab
468 4262 552 4338 Quod
576 4264 600 4324 si
628 4261 706 4324 larte
734 4262 803 4341 quis
832 4262 889 4323 boc
921 4277 1059 4341 uuquam

83 4366 189 4411 ceditur·
314 4356 477 4429 obiiceret,
504 4371 684 4420 concessum
715 4371 804 4433 saepe
825 4355 862 4416 ab
887 4354 1059 4433 Apostolica

315 4449 393 4513 Sede
421 4449 526 4525 luisse,
549 4459 641 4528 atque
662 4451 756 4512 etiam
785 4463 879 4522 nunc,
904 4455 970 4525 post
992 4448 1060 4509 Tri-

314 4547 480 4610 dentinum
502 4546 689 4621 Concilium,
712 4545 815 4607 altaris
841 4543 945 4604 viatici
968 4557 1059 4604 usum

314 4641 455 4718 concedi;
477 4639 721 4703 fraternitatibus
737 4636 847 4701 vestris
863 4644 973 4697 notum
994 4651 1059 4698 esse

313 4733 415 4810 debet,
439 4735 616 4796 huiusmodi
645 4731 844 4812 privilegium
866 4732 900 4791 in
928 4728 964 4790 iis
986 4728 1060 4789 locis

313 4827 451 4903 concedi,
465 4828 518 4888 ubi
533 4827 678 4890 ecclesiae
689 4842 753 4889 non
767 4834 853 4900 sunt,
865 4827 918 4884 aut
932 4823 958 4884 si
972 4827 1058 4897 sunt,

314 4919 382 4982 talis
403 4921 632 4983 haereticorum
654 4920 791 4998 potentia
812 4924 868 4992 cst,
887 4926 921 4979 ut
941 4915 974 4977 in
995 4928 1060 4976 eas·

314 5014 385 5076 dem
414 5013 553 5076 catholici
576 5029 640 5074 uon
664 5013 730 5074 sive
752 5011 838 5088 gravi
864 5008 1002 5090 periculo
1024 5008 1059 5069 ad

314 5106 498 5169 audiendam
513 5107 638 5169 missam
656 5105 824 5168 convenire
839 5102 966 5182 possint.
991 5100 1059 5162 Uno

314 5191 1060 5278 verbo‚praecisaenecessitatiprovidetur3quod

314 5293 458 5370 quidem,
481 5299 515 5354 ut
537 5293 654 5370 optime
675 5290 865 5371 perspicitis,
888 5287 927 5348 ab
947 5301 999 5359 eo,
1022 5285 1059 5344 de

227 5477 259 5488 ..
314 5401 375 5462 quo
396 5387 528 5462 agimus,
551 5402 621 5490 casu
643 5385 734 5464 plano
759 5383 919 5487 diversum
939 5385 997 5484 est.
1037 5471 1043 5482 ι

84 5477 296 5582 gssessss‘gffi‘fflss
354 5479 372 5554 ἓ
393 5479 442 5541 32.
467 5478 695 5556 GregornXlll.
709 5476 875 5539 decessoris
887 5479 985 5536 nostru
998 5487 1059 5549 prr-

84 5583 232 5630 nuenorum.
314 5571 465 5648 vilegium
481 5572 587 5649 legite,
604 5571 685 5649 quod
701 5585 782 5632 anno
797 5583 982 5632 naccuxxx.
1000 5566 1058 5627 lra-

314 5665 412 5727 tribus
447 5665 571 5728 Ordinis
602 5665 850 5728 Praedicatorum
882 5660 1061 5738 provinciae

315 5757 459 5820 Poloniae
480 5758 640 5833 caucasis,
664 5758 744 5836 quod
771 5755 913 5818 Bullariis
934 5752 1058 5828 religio-

313 5867 363 5912 sae
382 5850 467 5913 illius
487 5851 621 5913 familiae
644 5855 718 5911 tom.
739 5851 775 5921 7,
789 5867 861 5930 pap.
882 5846 948 5912 192
961 5847 1057 5907 inser-

313 5951 383 6005 tum
404 5951 463 6004 est:
488 5943 526 6006 ln
541 5941 730 6021 quibusdam
752 5940 955 6012 ciuitatibus,
973 5939 1058 6017 oppi-

1784 583 1842 647 blb
1893 585 1946 638 an.
1961 585 1991 637 c.
2013 584 2080 635 rum

1116 724 1184 794 dis,
1207 731 1237 786 et
1266 725 1343 786 locis
1370 726 1555 802 prouinciae
1583 724 1734 788 Potoniae
1766 727 1860 786 tanta

1116 817 1352 882 baereticorum
1384 823 1529 896 potentio
1557 826 1587 884 et
1617 819 1766 898 impietas
1794 817 1863 879 eooi-

1114 911 1191 984 stit,
1224 919 1262 974 ot
1294 914 1467 977 corbolieos
1495 917 1626 993 impuno
1657 912 1857 991 opprimant,

1115 1021 1171 1066 nec
1206 1003 1316 1070 iisdem
1350 1007 1518 1070 catbolicis
1553 1007 1667 1070 missas
1702 1006 1738 1066 in
1769 1003 1862 1064 eccle·

1115 1097 1186 1168 siis,
1219 1115 1357 1176 quarum
1389 1099 1515 1161 raritas
1545 1099 1581 1160 in
1612 1097 1680 1159 illis
1711 1095 1860 1174 portibus

1115 1192 1241 1264 emissit,
1270 1192 1386 1255 audire
1417 1198 1489 1254 tuto
1518 1191 1624 1254 liceat.
1654 1191 1716 1254 Nos
1737 1187 1862 1266 suppli-

1116 1283 1298 1348 catiouibus
1327 1287 1394 1348 tuis
1422 1287 1458 1348 in
1487 1285 1547 1348 bac
1573 1291 1665 1362 parte
1692 1281 1858 1354 inclinati,

1117 1378 1192 1454 triti,
1224 1399 1262 1444 oc
1289 1395 1346 1457 pro
1376 1387 1513 1457 tempore
1540 1377 1697 1442 emistonti
1730 1375 1861 1441 Ordinis

1117 1475 1275 1538 Fratrum
1296 1472 1565 1535 Praedicatorum
1595 1470 1780 1549 prouinciae
1802 1469 1861 1530 Po·

1116 1566 1222 1630 lonioe
1243 1566 1354 1627 Priori
1385 1564 1598 1637 Prooineioli,
1628 1570 1667 1625 nt
1695 1562 1860 1625 licentiam

1117 1667 1146 1721 ot
1168 1660 1362 1739 facultatem
1374 1659 1471 1721 dictis
1487 1655 1721 1736 professoribus
1736 1656 1860 1719 altorio

1116 1755 1287 1831 portatilia
1310 1750 1447 1814 labendi
1462 1767 1534 1812 cum
1550 1749 1666 1813 debitis
1681 1749 1860 1811 reoerortlio

1116 1853 1145 1908 et
1170 1846 1295 1919 bonore,
1319 1861 1416 1923 super
1444 1843 1559 1923 quibus
1581 1846 1617 1906 in
1643 1841 1787 1906 domibus
1809 1858 1861 1903 no·

1117 1938 1232 2003 billum
1264 1939 1384 2001 cirrium
1407 1943 1437 1999 et
1466 1939 1647 2000 incolarum
1675 1936 1858 2006 civitatum,

1117 2032 1304 2112 oppidorum
1325 2039 1355 2094 et
1376 2031 1517 2093 locorum
1539 2031 1644 2092 dictae
1665 2027 1859 2106 prouinciae,

1116 2123 1287 2203 inquibus
1309 2124 1357 2185 ool
1378 2124 1524 2186 ecclesiae
1545 2124 1672 2193 desunt,
1695 2121 1742 2182 oet
1766 2125 1861 2182 tanto

1117 2227 1161 2280 est
1186 2217 1421 2280 baereticorum
1437 2217 1581 2292 potentio
1599 2222 1629 2276 et
1645 2211 1806 2291 impietas,
1823 2217 1859 2272 ut

1118 2313 1248 2389 impune
1270 2311 1464 2390 opprimant,
1489 2310 1523 2369 ia
1546 2309 1622 2369 locis
1648 2307 1690 2370 od
1711 2307 1767 2368 boc
1789 2321 1860 2366 con·

1116 2401 1309 2484 pruentibus
1331 2407 1362 2464 et
1384 2401 1536 2472 bonestis,
1550 2417 1607 2478 per
1628 2417 1660 2462 se
1681 2401 1764 2478 ipsos
1786 2399 1861 2460 mis-

1115 2514 1166 2560 sas
1190 2497 1428 2574 inpraesentia
1454 2511 1664 2572 personarum
1686 2493 1860 2557 eatbolico·

1117 2605 1191 2651 rum
1213 2586 1371 2651 celebrare
1391 2589 1528 2666 possint,
1555 2587 1588 2647 ia
1612 2585 1738 2649 casibus
1760 2601 1860 2646 raeces·

1114 2679 1227 2744 sitatis
1251 2687 1400 2752 tautum,
1424 2681 1472 2743 ita
1495 2679 1645 2758 quadris
1669 2678 1711 2744 od
1733 2678 1860 2755 culpam

1116 2780 1250 2852 nequeat
1265 2765 1434 2850 imputari,
1448 2771 1613 2834 corscedere
1627 2771 1773 2840 ualeatis,
1787 2786 1862 2846 apo·

1114 2868 1230 2928 stolico
1252 2865 1451 2928 auctoritate
1466 2872 1572 2926 tenore
1590 2863 1809 2942 praesentium
1824 2863 1861 2924 de

1115 2960 1247 3036 speciali
1269 2958 1380 3039 pratia
1404 2958 1618 3038 indulgemus.

1156 3053 1244 3126 533.
1268 3051 1376 3127 Legite
1399 3051 1473 3112 item
1496 3051 1556 3111 iam
1569 3048 1710 3128 superius
1731 3047 1858 3110 citatum
1892 3057 2024 3118 secretum
2042 3051 2093 3098 ca-

1116 3145 1286 3208 Clementis
1314 3142 1366 3206 Xl.
1401 3145 1578 3218 decretum,
1611 3143 1705 3220 quod,
1735 3140 1860 3202 maioris
1880 3105 2092 3222 &libelli-⁰

1115 3237 1207 3299 etiam
1228 3235 1455 3299 commoditatis
1476 3243 1597 3296 vestrae
1618 3234 1727 3310 gratia,
1743 3232 1793 3294 bic
1807 3247 1859 3293 an·
1879 3213 2024 3270 ΨΜ·
2060 3211 2092 3257 ‘¹⁰

1880 3279 1928 3312 issu
1963 3265 2092 3311 oratorio-

1116 3344 1233 3391 nexum
1255 3328 1341 3390 vobis
1363 3327 1622 3402 transmittimus;
1642 3324 1773 3399 etiamsi,
1791 3331 1859 3385 tum
1879 3331 1945 3426 Ἠ
1984 3321 2093 3417 yffi·

1114 3437 1186 3484 cum
1208 3421 1284 3482 illud
1306 3420 1466 3483 conditum
1488 3419 1559 3496 luit,
1581 3426 1704 3497 praeter
1725 3417 1859 3494 publica·
1879 3427 1977 3473 tatibus
1996 3425 2092 3488 space

1116 3516 1231 3579 donem
1254 3514 1393 3577 eiusdem
1415 3513 1529 3576 nomae
1544 3513 1664 3588 laetam,
1681 3509 1717 3572 ed
1732 3508 1858 3572 Ordina-
1879 3490 1977 3579 iffi}
1999 3479 2092 3524 “mm

1115 3611 1176 3672 rios
1198 3625 1253 3687 per
1273 3609 1353 3682 loca,
1377 3617 1440 3671 tam
1460 3609 1559 3681 intra,
1582 3621 1673 3684 quam
1695 3611 1781 3666 extra
1802 3603 1859 3663 lta·

1115 3704 1200 3778 liam,
1225 3704 1441 3766 transmissum
1459 3701 1564 3774 luisse,
1580 3700 1723 3760 sciamus.
1734 3696 1780 3758 Ab
1795 3695 1860 3774 ipso

1114 3807 1231 3874 autem,
1255 3797 1371 3878 absque
1390 3812 1428 3857 eo
1449 3796 1530 3873 quod
1553 3793 1668 3854 nostris
1689 3789 1860 3852 rationibus

1115 3899 1145 3954 et
1167 3887 1484 3954 animadversionibus
1514 3905 1570 3952 nos
1600 3887 1681 3948 idem
1714 3887 1859 3947 roboran-

1114 3989 1186 4050 dum
1210 3988 1412 4065 suscipiamus
1430 3985 1524 4068 (quod
1546 3983 1673 4062 quidem
1692 3979 1791 4042 lacere
1805 3994 1859 4040 no·

1114 4081 1159 4142 bis
1182 4081 1213 4142 in
1236 4081 1364 4159 proclivi
1387 4087 1563 4153 esset,cum
1584 4074 1857 4155 praestantiorum,

1114 4174 1196 4235 iuter
1218 4173 1369 4251 pontificii
1390 4173 1466 4234 iuris
1488 4171 1613 4250 peritos,
1630 4177 1792 4232 auctorum
1814 4181 1859 4226 as·

1112 4267 1265 4328 serliones
1286 4265 1401 4343 ubique
1424 4266 1456 4326 in
1482 4271 1627 4345 promptu
1648 4262 1736 4336 sint),
1759 4258 1858 4320 mani·

1113 4357 1190 4420 leste
1212 4373 1397 4435 cognoscere
1412 4358 1563 4436 poteritis,
1578 4355 1747 4418 subsistant
1762 4367 1860 4413 necne

1113 4452 1246 4530 amplius
1268 4452 1420 4531 portatilis
1446 4451 1549 4512 altaris
1577 4447 1758 4527 privilegia,
1782 4459 1860 4521 quae

1114 4548 1309 4624 regularibus
1323 4561 1464 4609 concessa
1479 4543 1619 4618 luerunt,
1633 4549 1664 4602 et
1676 4555 1753 4602 uum
1765 4555 1781 4598 a
1793 4536 1861 4598 Tri·

1114 4642 1243 4704 dentino
1266 4641 1403 4705 concilio
1419 4641 1536 4703 eisdem
1551 4638 1647 4700 luerit
1662 4635 1857 4709 derogatum.

1114 4736 1333 4812 CognoscetiS,
1357 4751 1433 4797 uum
1455 4733 1643 4813 permissum
1665 4726 1859 4805 regularibus

1113 4829 1164 4904 sit,
1186 4828 1354 4890 secundam
1376 4828 1408 4891 iu
1430 4828 1549 4906 privato
1570 4827 1705 4888 oratorio
1726 4826 1859 4904 cuipiam

1114 4936 1257 4984 concesso
1275 4921 1401 4983 missam
1416 4920 1582 4994 celebrare,
1596 4935 1668 4981 cum
1683 4919 1783 4996 prima
1798 4919 1859 4979 iam

1114 5014 1263 5076 celebrata
1286 5023 1349 5088 est,
1372 5029 1430 5075 nec
1450 5029 1505 5091 pro
1526 5011 1659 5075 secunda
1680 5010 1859 5073 huiusmodi

1115 5108 1205 5170 missa
1226 5107 1380 5185 peculiare
1395 5107 1553 5168 indultum
1569 5105 1663 5166 adest.
1689 5105 1859 5180 Cognosce·

1116 5201 1164 5274 tis,
1188 5215 1266 5262 num
1288 5199 1321 5261 in
1343 5199 1506 5277 praedictis
1520 5199 1646 5277 privatis
1668 5195 1809 5258 oratoriis
1823 5195 1858 5256 li·

1114 5293 1210 5355 citum
1238 5291 1354 5354 eisdem
1381 5293 1432 5368 sit,
1454 5292 1505 5354 vel
1527 5299 1600 5354 ante
1628 5305 1784 5364 auroram,
1808 5287 1860 5349 vel

1115 5391 1182 5463 post
1214 5383 1393 5458 meridiem,
1424 5383 1548 5446 missam
1580 5383 1750 5457 celebrium
1781 5395 1859 5441 num

1114 5479 1270 5541 celebrare
1291 5479 1432 5540 eamdem
1458 5477 1577 5555 possint
1602 5475 1711 5538 diebus
1732 5475 1780 5550 iis,
1805 5473 1859 5551 qui

1115 5573 1147 5634 in
1159 5570 1280 5634 indulto
1292 5571 1501 5648 excipiuntur.
1510 5569 1707 5645 cognoscetis
1718 5566 1857 5641 demum,

1114 5679 1203 5739 num,
1219 5665 1418 5741 exemptione
1433 5678 1497 5726 non
1520 5664 1672 5736 olistante,
1688 5668 1794 5722 contra
1809 5661 1859 5722 de·

1112 5757 1293 5835 linquentes
1321 5755 1505 5838 procedendi
1531 5763 1664 5833 potestas
1692 5753 1779 5816 vobis
1805 5753 1855 5815 sit.

1113 5849 1198 5912 Licet
1219 5857 1325 5912 autem
1347 5848 1431 5910 nulla
1452 5848 1581 5910 omnino
1595 5848 1724 5908 huiusce
1739 5847 1784 5909 rei
1806 5862 1858 5909 ne

1113 5943 1234 6006 cessitas
1255 5943 1306 6016 sit,
1329 5941 1406 6004 illud
1429 5953 1485 6004 nos
1508 5941 1731 6019 inpraesentia
1754 5942 1858 6004 decre-
