4732 7014
309 540 407 594 aaa.
430 541 496 594 1r41
548 548 587 610 ga

528 679 645 742 alienas
667 685 698 742 et
718 679 853 742 dissonas
875 677 1110 756 propositiones,
1130 684 1215 740 sexta
1230 677 1277 737 vi-

528 774 640 836 delicet
657 781 688 834 et
703 773 845 851 septima,
865 772 923 833 buc
939 771 1139 845 revocandae,
1152 771 1275 832 damna·

286 899 291 908 ·
312 869 444 932 praeurens
458 880 509 916 om·
528 875 577 929 tae
598 874 629 928 et
651 865 821 944 prohibitae
842 865 987 939 luerunt;
1011 879 1066 924 nos
1089 864 1191 940 itaque
1213 877 1276 923 rna-

297 924 509 1023 fflssei‘ii'riironissssl
529 967 598 1021 ture
620 959 848 1038 perpendentes
870 957 978 1034 quanti
1005 955 1157 1017 momenti
1179 955 1218 1017 sit
1240 955 1274 1016 ad

297 1033 347 1076 ²⁰¹·
527 1060 684 1115 aeternam
706 1052 882 1112 animarum
897 1047 1029 1110 salutem
1045 1065 1077 1108 ea
1095 1047 1210 1125 ubique
1224 1063 1275 1108 ex·

526 1152 592 1209 acte
614 1145 782 1218 observari,
799 1151 830 1206 et
844 1143 952 1221 quanti
974 1143 1010 1204 ad
1035 1141 1176 1202 infirmas
1200 1156 1274 1201 oves

527 1237 675 1301 curandas
696 1245 727 1298 et
742 1238 885 1299 decorem
903 1236 1032 1299 Sanctae
1054 1234 1207 1296 Ecclesiae
1222 1234 1275 1294 liei

526 1331 728 1394 retinendum
750 1329 885 1404 intersit,
912 1344 952 1408 ne
974 1327 1068 1405 aliqui
1090 1328 1272 1399 sacerdotes,

1054 562 1118 606 lbll.
1142 561 1233 604 Porl'r.
1258 560 1298 602 DE
1320 561 1348 603 l‘.
1372 560 1400 604 F.
1427 562 1508 604 PARS
1530 561 1551 603 i.

1331 676 1545 740 Paenitentiae
1557 674 1756 741 Sacramenta
1771 677 1887 738 nelarie
1902 678 2076 750 abutentes,

1331 771 1564 848 poenitentibus
1592 787 1647 848 pro
1675 773 1835 834 curatione
1865 771 1997 846 vulnus,
2023 787 2078 849 pro

1332 878 1409 940 pane
1441 863 1592 941 lapidem,
1616 879 1671 940 pro
1698 867 1779 942 pisce
1806 873 2001 942 serpentem,
2024 881 2078 942 pro

1333 955 1483 1018 medicina
1511 973 1671 1018 venenum
1699 959 1877 1036 porrigant,
1900 957 1952 1018 sed
1975 958 2077 1018 animo

1330 1063 1436 1111 secum
1448 1048 1631 1123 recolentes,
1642 1065 1673 1110 se
1685 1067 1700 1110 a
1713 1051 1834 1112 Christo
1846 1051 1977 1111 Domino
1993 1066 2078 1128 prae·

1330 1140 1410 1202 sides
1432 1149 1462 1203 et
1485 1141 1600 1204 iudices
1623 1143 1798 1205 animarum
1820 1145 2015 1217 constitutos,
2045 1159 2077 1204 ea

1331 1235 1508 1308 sanctitate,
1545 1252 1623 1312 quae
1656 1235 1839 1297 sublimitati
1872 1253 1906 1297 ac
1937 1237 2077 1312 dignitati
2106 1251 2108 1255 ·

1331 1327 1471 1387 muneris
1493 1328 1651 1403 convenit,
1669 1335 1731 1389 tam
1747 1328 1960 1390 venerandum
1977 1329 2079 1392 Sacra-

526 1594 665 1648 quatenns,
680 1604 726 1650 per
741 1595 766 1637 te
781 1593 823 1637 vel
836 1603 883 1650 per
896 1591 980 1638 alimn
995 1603 1041 1636 seu
1056 1591 1123 1636 alios
1139 1601 1184 1647 per
1199 1590 1274 1635 tede·
1300 1591 1302 1639 l
1327 1600 1378 1645 que
1393 1589 1438 1634 ubi
1452 1589 1626 1635 consessiones
1647 1591 1853 1636 sacramentales
1872 1591 2018 1638 audiuntur
2033 1604 2077 1636 seu

526 1659 672 1714 putandum
687 1670 733 1702 sen
748 1657 919 1715 deputandae,
933 1659 1026 1703 contra
1040 1667 1131 1702 omnes
1146 1659 1172 1701 et
1187 1656 1274 1712 singa-

526 1725 565 1769 los
579 1725 728 1770 sacerdotes
742 1725 873 1770 dictorum
888 1735 1031 1781 regnorum
1046 1735 1076 1770 ac
1091 1724 1200 1769 illarum
1215 1723 1274 1767 civi-

1327 1655 1361 1700 ad
1375 1655 1564 1701 contessionem
1580 1657 1738 1702 audiendam
1755 1657 1845 1710 electo,
1861 1657 2018 1702 simulantes
2035 1658 2080 1702 ibi-

1328 1721 1386 1766 dem
1407 1722 1582 1767 confessiones
1604 1723 1705 1778 audire,
1720 1723 1918 1768 solicitare·vel
1938 1733 2078 1780 provocare

527 1793 612 1836 tatum
634 1795 660 1837 et
682 1793 830 1838 dioecesum
851 1793 882 1836 de
904 1791 1057 1848 praemissis
1079 1789 1274 1848 quomodolibet
1300 1812 1302 1859 Ι
1329 1789 1499 1845 tentaverint,
1510 1791 1557 1834 aut
1572 1800 1632 1834 cnm
1647 1789 1685 1834 eis
1700 1789 1809 1834 illicitos
1824 1793 1850 1834 et
1865 1789 2080 1836 inhonestosser-

525 1857 682 1912 diffamatos,
698 1860 752 1902 tam
767 1857 916 1902 saeculares
931 1867 1010 1913 quam
1020 1855 1182 1914 quorumvis,
1193 1856 1274 1900 etiam
1300 1866 1302 1911 r
1328 1865 1418 1898 mones
1439 1854 1494 1899 sive
1517 1857 1646 1900 tractatus
1666 1855 1816 1911 habuerint,
1834 1857 1858 1900 ln
1875 1855 1958 1901 officio
1973 1861 2078 1903 sanctae

525 1926 707 1980 exemplorum
722 1934 752 1968 ac
767 1923 826 1968 sedi
840 1923 1275 1979 apostoticaeimmediatssnbiec-
1300 1914 1302 1975 i
1327 1920 1507 1977 inquisitionis
1530 1921 1704 1975 severissime,
1726 1927 1756 1967 nt
1778 1923 1855 1976 infra,
1877 1923 2029 1979 puniantur.
2048 1927 2079 1968 let

526 1993 623 2045 torum,
635 1990 761 2034 ordinum
772 1989 917 2046 regulares,
927 1989 1116 2046 cuiuscumque
1126 1989 1274 2045 dignitatis,
1300 1978 1302 2021 ἵ
1328 1990 1465 2042 praeterea
1480 1998 1570 2032 omnes
1590 1988 1738 2034 haereticae
1753 1989 1893 2045 pravitatis
1908 1989 2079 2046 inquisitores

526 2058 620 2111 status,
635 2056 742 2112 gradus,
757 2053 866 2110 ordinis,
882 2056 1040 2101 conditionis
1055 2059 1081 2100 et
1097 2055 1275 2112 praeeminen—
1328 2055 1354 2098 et
1369 2054 1486 2098 locorum
1503 2054 1655 2099 ordinarios
1678 2057 1796 2100 omniurn
1812 2067 1963 2111 regnorum,
1978 2056 2080 2112 provin-

525 2122 578 2167 tiae
593 2123 716 2177 existant,
727 2125 782 2167 tam
793 2134 871 2178 snper
881 2123 1034 2179 praemissis
1045 2134 1123 2179 qnam
1135 2135 1214 2180 super
1225 2123 1274 2169 ilde
1301 2104 1302 2149 l
1328 2119 1439 2174 ciarum,
1450 2120 1598 2173 civitatum,
1608 2120 1785 2165 dominiorum
1797 2123 1823 2166 et
1834 2121 1950 2166 locorum
1964 2120 2078 2166 attriversi

525 2189 656 2234 cantiones
665 2192 691 2234 er
701 2189 764 2245 quid
774 2191 806 2236 de
816 2201 847 2234 ea
857 2191 974 2236 sentiant
989 2191 1131 2248 diiigenter
1146 2191 1274 2248 inquiras,
1301 2189 1303 2226 t
1329 2186 1400 2230 orbis
1414 2185 1562 2241 christiani,
1573 2187 1600 2231 in
1615 2187 1671 2232 suis
1681 2199 1811 2244 quemque
1821 2188 1983 2232 dioecesibus
1994 2189 2020 2231 et
2030 2191 2079 2231 ter-

525 2257 552 2300 et
567 2255 641 2300 iuxta
662 2255 816 2300 tenultatem
839 2255 887 2302 tibi
907 2260 999 2302 contra
1021 2257 1168 2304 haereticos
1182 2262 1229 2303 ant
1243 2259 1274 2303 de

526 2323 630 2368 haeresi
651 2321 743 2380 quovis
766 2321 841 2368 modo
863 2327 997 2380 suspectos
1018 2325 1113 2369 aSede
1129 2325 1275 2382 apostolica

525 2400 707 2434 concessarum
723 2389 913 2435 continentiam
928 2394 954 2435 et
970 2393 1088 2436 tenorem
1103 2394 1235 2449 procedas,
1245 2403 1275 2440 ac

525 2456 670 2514 culpabiles
685 2459 812 2513 repertos,
827 2457 901 2503 iuxta
920 2471 1074 2505 excessuum
1090 2472 1199 2507 snorum
1215 2473 1276 2520 qua-

525 2523 638 2577 litatem,
654 2528 732 2580 prout
745 2521 812 2568 iuris
827 2523 916 2580 suerit,
931 2525 1034 2583 punias,
1050 2539 1094 2572 eus
1109 2528 1197 2584 etiam,
1213 2527 1235 2574 si
1250 2533 1274 2574 et

526 2592 604 2646 prout
619 2590 651 2633 de
665 2589 724 2634 iure
738 2589 818 2634 suerit
832 2589 989 2647 faciendum,
1001 2593 1090 2639 debita
1105 2597 1275 2651 praecedente

526 2656 722 2711 degradatione,
737 2656 881 2702 saecularis
897 2657 991 2704 indicis
1005 2659 1118 2706 arbitrio
1133 2661 1276 2717 puniendos

527 2722 661 2766 tradenda.

566 2789 611 2836 aa.
629 2791 683 2832 Non
698 2790 864 2835 obstantibus
883 2792 1117 2840 constitutionibus
1133 2797 1158 2839 et
1174 2796 1274 2842 ordina-

527 2853 643 2898 tionibus
657 2857 817 2912 apostolicis,
832 2867 862 2902 ac
876 2858 1047 2904 ecclesiarum
1063 2861 1089 2904 et
1104 2861 1275 2907 monasterio-

526 2931 587 2964 rum
601 2932 701 2966 necnon
715 2921 841 2968 ordinum
856 2923 1043 2980 quorumlibet,
1053 2937 1166 2982 quornm
1175 2927 1226 2984 ipsi
1237 2939 1274 2973 sa-

526 2988 644 3032 cerdotes
665 2987 772 3044 suerint,
794 2988 875 3034 etiam
896 2991 1054 3046 imminente,
1073 2993 1273 3038 confirmatione

311 2799 454 2845 Contrariis
470 2801 507 2846 dc·

294 2857 378 2910 rogat.

527 3053 670 3108 apostolica
690 3055 730 3098 vel
748 3055 840 3112 quavis
862 3055 988 3101 llrmltate
1009 3057 1063 3102 alia
1078 3059 1209 3104 roboratis
1225 3063 1282 3106 sta·

527 3119 593 3165 tutis
608 3122 634 3164 et
648 3121 890 3178 consuetudinibus,
902 3123 1049 3179 privilegiis
1064 3135 1175 3182 quoque,
1190 3126 1275 3170 indul-

527 3185 562 3230 tis
576 3187 602 3230 et
616 3185 702 3231 literis
716 3189 876 3244 apostolicis,
892 3189 941 3234 sub
956 3190 1164 3248 quibuscumque
1180 3192 1275 3238 tenori-

527 3251 576 3298 bus
590 3256 617 3297 et
631 3253 731 3308 formis,
746 3266 777 3298 ac
790 3266 850 3299 curn
866 3255 1001 3312 quibusvis
1016 3257 1143 3302 clausulis
1154 3260 1180 3303 et
1190 3259 1275 3304 decre·

527 3316 573 3371 tis,
594 3318 676 3363 etiarn
697 3323 772 3364 rnatu
795 3321 901 3377 proprio
922 3324 969 3366 aut
989 3321 1057 3367 alias
1079 3325 1274 3379 quomodolibet

526 3385 662 3440 concessis,
677 3384 758 3431 etiarn
771 3386 876 3432 iteratis
891 3387 992 3432 vicibus
1006 3389 1158 3446 approbatis
1168 3393 1193 3434 et
1204 3390 1275 3436 inno·

527 3451 602 3505 vatis,
615 3451 710 3508 quibus
725 3452 856 3507 omnibns,
867 3464 957 3498 corum
972 3456 1076 3499 tenores
1092 3456 1274 3511 praesentibus

526 3528 573 3573 pro
587 3518 717 3574 expressis
733 3519 867 3573 babentes,
884 3519 932 3564 hac
947 3520 1003 3564 rice
1017 3521 1164 3578 dumtaxat,
1180 3523 1275 3578 specia-

525 3583 589 3628 liter
603 3585 629 3628 et
647 3595 769 3639 expresse
789 3585 955 3642 derogamus,
970 3587 1117 3644 ceterisque
1132 3589 1274 3635 contrariis

527 3650 743 3708 quibuscumque.

566 3719 660 3762 batum
679 3720 786 3772 Romae,
800 3719 869 3774 apud
889 3723 912 3762 S.
929 3721 1045 3776 Petrum,
1061 3721 1109 3765 sub
1123 3722 1222 3768 annulo
1238 3724 1275 3767 Pi·

526 3783 702 3839 nestorianis
717 3795 770 3830 xvr.
786 3784 880 3840 aprilis
895 3797 996 3841 stanna,
1011 3787 1179 3842 pontificatus
1189 3790 1274 3835 nostri

526 3861 594 3896 anno
608 3861 635 3895 ιι.

353 4003 397 4051 Hic
419 4005 507 4052 Pom,
566 3989 578 4032 s
592 3984 611 4026 3.
627 3982 721 4039 Igitur,
737 3987 767 4028 nt
780 3984 887 4030 litterae
902 3985 1051 4041 praedictae
1063 3986 1197 4044 perpetuis
1207 3987 1275 4032 intu-

294 4058 335 4114 [η
350 4059 424 4104 agam
434 4071 507 4118 prag.
526 4049 564 4094 ris
578 4049 742 4106 temporibus
756 4053 783 4096 et
799 4051 895 4107 ubique
905 4053 1023 4097 locorum
1034 4053 1223 4099 inviolabiliter
1233 4055 1274 4098 ob-

295 4113 507 4175 cr'pitinct'olabtj-
526 4119 673 4172 serventur,
694 4120 769 4162 rnatu
790 4119 896 4174 proprio
918 4123 944 4164 et
965 4131 996 4162 ex
1017 4120 1088 4165 certa
1111 4121 1230 4176 scientia,
1244 4133 1274 4166 ac

296 4166 353 4214 llll?
368 4165 505 4214 Observare
526 4181 632 4226 matura
653 4181 843 4228 deliberatione
865 4183 963 4238 nostra,
978 4195 1009 4228 ac
1023 4185 1054 4228 de
1073 4184 1183 4254 oonsilio
1202 4198 1275 4230 vene·

525 4248 651 4294 rabilium
668 4249 782 4294 fratrum
798 4253 950 4295 nostrorum
966 4255 988 4296 S.
1005 4254 1034 4296 a.
1051 4255 1077 4297 il.
1094 4253 1273 4298 cardinalium

525 4319 617 4361 contra
631 4317 792 4362 haereticam
812 4318 971 4373 pravitatem
986 4320 1151 4374 generalium
1166 4321 1275 4377 inquisi-

525 4387 623 4438 torum,
638 4383 816 4440 praeinsertas
836 4384 941 4430 litteras
961 4386 1121 4441 huiusmodi,
1139 4397 1169 4432 ac
1185 4388 1274 4433 ornnia

525 4453 551 4496 et
565 4451 671 4506 singula
685 4451 713 4494 in
727 4449 764 4495 eis
786 4453 917 4507 contenta,
939 4453 1084 4508 apostolica
1105 4454 1273 4508 auctoritate,

525 4521 616 4562 tenore
636 4519 824 4574 praesentium,
844 4521 1021 4576 approbamus
1036 4523 1062 4564 et
1076 4522 1273 4578 confirmamus,

525 4584 631 4640 illisque
645 4584 766 4630 omnibus
780 4588 806 4629 et
820 4585 934 4641 singulis
945 4585 1105 4633 invtolabilis
1115 4589 1274 4644 apostolicae

525 4652 662 4696 tirmitatis
683 4653 766 4696 robur
785 4652 934 4710 adiicimus,
949 4653 1062 4711 illasque
1079 4666 1131 4700 non
1146 4656 1232 4700 solum
1247 4656 1273 4702 in

524 4719 664 4774 praedictis
688 4717 873 4775 Hispaniarum
896 4719 999 4776 regnis,
1021 4721 1067 4766 sed
1088 4722 1114 4766 in
1137 4722 1274 4778 quibusvis

524 4785 664 4830 christiani
678 4785 749 4830 orbis
770 4785 890 4843 partibus
912 4782 1027 4832 tirmiter
1041 4792 1067 4832 et
1082 4789 1274 4836 inviolabiliter

524 4852 659 4898 observari
674 4852 851 4910 praecipimus
865 4857 892 4898 et
906 4855 1072 4900 mandamus.

310 4949 389 4995 Immo
423 4949 505 4996 [emus
564 4923 610 4968 st.
626 4925 661 4964 Ac
676 4922 821 4976 praeterea,
836 4931 868 4964 ne
884 4921 910 4965 in
931 4921 1054 4967 futurum
1075 4925 1107 4967 de
1128 4926 1210 4980 poena
1232 4925 1273 4970 bis

292 5005 381 5049 ,Omra
403 4961 506 5048 pauiu„
524 4984 737 5042 delinquentibus
753 4987 917 5043 imponenda,
932 4991 958 5032 et
973 4988 1004 5032 de
1020 4990 1096 5034 modo
1114 4993 1206 5036 contra
1221 5003 1274 5036 eos-

291 5056 508 5103 modt'collict'taa·
524 5053 583 5096 dem
597 5053 754 5109 procedendi
768 5053 856 5110 aliquo
866 5055 942 5100 modo
952 5055 1070 5100 dubitari
1080 5059 1171 5114 possit,
1182 5060 1274 5104 statui-

291 5113 326 5170 tei
335 5109 363 5154 ta
374 5110 506 5164 ⁶0nstlll'0·
525 5129 592 5174 rnns,
607 5119 773 5164 decernimus
786 5122 811 5164 et
822 5121 996 5176 declaramus,
1006 5123 1075 5178 qnod
1086 5134 1176 5170 ornnes
1187 5127 1213 5169 et
1224 5125 1274 5169 sin-

292 5161 505 5262 ἒὲξὲἔὶἕξιξαζίἵξ*
523 5185 580 5241 guli
601 5188 762 5242 sacerdoteS,
784 5189 839 5232 tam
861 5189 1010 5232 saeculares
1025 5200 1105 5245 qnam
1120 5191 1273 5246 quorumvis

291 5269 372 5328 pomp.
523 5254 603 5299 etiarn
618 5253 814 5310 quomodolibet
832 5257 1013 5310 exemplorum
1028 5265 1058 5299 ac
1073 5255 1133 5300 Sedi
1147 5257 1274 5312 apostoli·

523 5329 567 5366 cae
577 5320 730 5365 immediate
740 5320 919 5366 subiectorum
929 5321 1066 5376 ordinum,
1076 5321 1272 5379 institutorum,

523 5388 679 5433 societatum
690 5389 715 5432 et
725 5387 959 5444 congregationum
970 5389 1115 5445 regulares,
1127 5391 1274 5436 cuiuscum-

522 5465 572 5510 que
587 5453 725 5510 dignitatis
740 5455 766 5498 et
780 5453 1012 5510 praeeminentiae,
1027 5457 1075 5500 aut
1089 5457 1180 5512 quovis
1195 5458 1273 5514 privi-

523 5521 592 5576 legio
613 5521 712 5565 muniti
732 5521 854 5575 existant,
876 5521 922 5578 qui
943 5533 1077 5577 personas,
1091 5534 1272 5580 quaecumque

523 5587 585 5632 illae
600 5587 662 5642 sint,
676 5587 709 5632 ad
723 5587 870 5644 inhonesta,
886 5589 940 5633 sive
955 5588 1025 5634 inter
1040 5601 1067 5634 se
1077 5589 1201 5634 sirecurn
1212 5591 1272 5635 aliis

522 5655 719 5711 quomodolibet
739 5657 923 5712 perpetranda,
942 5656 970 5700 in
989 5659 1051 5702 actu
1072 5657 1272 5702 sacramentalis

522 5721 701 5772 consessionis,
716 5721 771 5768 sive
785 5725 863 5768 antea
878 5723 919 5767 vel
934 5725 992 5780 post
1006 5721 1167 5778 immediate,
1178 5735 1223 5770 seu
1234 5735 1273 5770 oc·

521 5788 626 5834 casione
637 5788 677 5833 vel
688 5791 826 5844 praetextu
841 5788 1009 5835 consessionis
1021 5789 1180 5845 huiusmodi,
1192 5790 1272 5836 etiam

521 5855 578 5912 ipsa
591 5856 752 5902 consessione
763 5868 814 5901 non
826 5857 945 5914 sequuta,
957 5857 1012 5902 sive
1023 5860 1098 5902 extra
1109 5858 1272 5902 occasionem

521 5923 691 5970 consessionis
706 5923 733 5968 in
748 5923 952 5970 contessionario
971 5923 1131 5970 auriniaco
1149 5935 1271 5980 quocum·

1329 2252 1440 2305 ritoriis,
1455 2264 1502 2308 per
1521 2254 1569 2298 has
1592 2257 1697 2300 nostras
1718 2253 1832 2310 litteras,
1848 2255 1929 2302 etiam
1950 2253 2079 2310 privative

1329 2319 1414 2376 quoad
1429 2331 1519 2364 omnes
1538 2320 1613 2375 alios,
1630 2320 1780 2377 specialiter
1794 2332 1825 2365 ac
1839 2323 1966 2377 perpetuo
1981 2320 2079 2364 iudices

1329 2385 1490 2440 delegamus,
1506 2388 1535 2430 ut
1550 2398 1629 2443 super
1651 2387 1692 2432 bis
1714 2389 1805 2432 contra
1827 2387 1983 2443 praedictos,
1999 2387 2078 2432 simul

1330 2452 1371 2496 vel
1392 2453 1545 2509 separatim,
1567 2452 1595 2497 in
1616 2453 1739 2500 omnibus
1762 2456 1841 2510 prout
1862 2454 1890 2498 in
1910 2455 1997 2500 causis
2020 2455 2079 2498 iidei

1331 2517 1414 2571 <iuxta
1429 2529 1565 2564 sacrorum
1588 2530 1718 2564 cananum
1739 2520 1860 2575 sormam,
1876 2533 1922 2566 nec
1937 2533 1988 2566 non
2003 2521 2079 2566 olllcii

1329 2583 1509 2641 inquisitionis
1532 2585 1685 2631 huiusmodi
1706 2586 1917 2641 constitutiones,
1932 2587 2079 2645 privilegia,

1329 2651 1531 2696 consuetudines
1553 2655 1579 2696 et
1601 2653 1715 2708 decretal
1738 2653 1882 2709 diligenter
1903 2653 2040 2710 inquirant
2055 2657 2080 2698 et

1329 2719 1485 2774 procedant;
1501 2721 1527 2763 et
1542 2729 1607 2775 quos
1622 2719 1649 2763 in
1664 2719 1754 2775 aliquo
1769 2731 1799 2764 ex
1811 2720 1962 2765 huiusmodi
1973 2722 2080 2766 neiat-ils

1329 2785 1478 2829 excessibus
1491 2785 1636 2842 culpabiles
1651 2786 1808 2842 repererint,
1823 2787 1850 2831 in
1865 2799 1917 2843 eos,
1932 2799 1979 2844 pro
1994 2789 2081 2832 annni-

1329 2863 1392 2895 num
1414 2851 1544 2907 qualitate
1567 2855 1593 2896 et
1615 2852 1833 2908 circumstantiis,
1853 2855 2032 2910 suspensionis
2047 2857 2080 2900 ab

1329 2917 1481 2962 executione
1496 2918 1605 2972 ordinis,
1620 2919 1776 2974 privationis
1791 2920 1987 2974 beneficiorum,
1999 2921 2081 2976 digni·

1329 2985 1416 3029 tatum
1431 2987 1457 3027 et
1472 2983 1616 3028 officiorum
1639 2995 1874 3043 quorumcumque,
1889 2997 1919 3030 ac
1938 2991 2080 3044 perpetuae

1330 3049 1508 3095 inhabilitatis
1523 3049 1556 3094 ad
1570 3049 1626 3106 illa,
1642 3061 1755 3096 necnon
1776 3053 1846 3096 vocis
1867 3053 1969 3098 activae
1985 3056 2010 3098 et
2026 3065 2082 3110 pas-

1329 3116 1409 3170 sivae,
1425 3116 1448 3160 si
1462 3117 1599 3172 regulares
1620 3115 1728 3172 luerint,
1750 3119 1833 3173 exilii,
1855 3119 2033 3164 damnationis
2048 3119 2080 3164 ad

1329 3182 1453 3226 triremes
1468 3186 1494 3226 et
1508 3193 1626 3228 carceres
1648 3184 1730 3228 etiarn
1754 3184 1780 3228 in
1800 3189 1967 3242 perpetuum,
1982 3187 2080 3243 absque

1330 3247 1386 3292 ulla
1401 3261 1445 3304 spe
1460 3249 1572 3304 gratiae,
1592 3261 1688 3305 poenas
1709 3251 1858 3308 decernant,
1873 3265 1917 3298 eus
1932 3267 2043 3312 quoqne,
2059 3255 2081 3298 si

1330 3325 1377 3370 pro
1391 3314 1481 3358 delicti
1495 3315 1655 3361 enormitate
1670 3318 1806 3371 graviores
1819 3331 1915 3375 poenas
1927 3320 2080 3370 meruerint.

1330 3380 1418 3426 debita
1441 3382 1611 3437 praecedente
1633 3383 1829 3440 degradatione,
1847 3387 1936 3432 curiae
1951 3388 2079 3432 saeculari

1330 3447 1474 3504 puniendos
1490 3449 1604 3492 tradant.

1371 3517 1415 3562 55.
1432 3517 1527 3559 Dantes
1549 3515 1631 3559 etiarn
1653 3517 1807 3562 facultatem
1830 3519 2025 3565 venerabilibus
2040 3532 2081 3565 no-
2130 3528 2327 3574 cardinalibus

1330 3580 1393 3624 stris
1409 3584 1432 3624 S.
1449 3583 1477 3624 R.
1494 3583 1520 3624 Ε.
1538 3582 1720 3628 cardinalibus
1735 3584 1904 3639 generalibus
1919 3587 2082 3642 inquisitori·
2101 3581 2329 3644 inquisitoribus

1331 3647 1379 3691 bus
1395 3649 1436 3704 (ne
1450 3646 1575 3692 delictum
1591 3651 1646 3692 tant
1662 3661 1776 3704 enorme,
1788 3654 1814 3695 et
1826 3653 1956 3698 Ecclesiae
1967 3653 2011 3698 bei
2027 3657 2080 3698 tam
2101 3636 2329 3735 gi'ltlflltbffl.{”''

1330 3713 1515 3770 perniciosum,
1531 3719 1675 3770 remaneat,
1691 3717 1723 3760 ob
1738 3718 1924 3773 probationum
1943 3721 2081 3773 defectum,
2119 3693 2330 3789 Τιζῦᾏῗῖοηῖξᾞῖ

1330 3779 1500 3836 impunitum,
1515 3790 1575 3824 curu
1594 3780 1706 3827 difficilis
1722 3783 1757 3828 sit
1772 3785 1952 3840 probationis),
1969 3786 2080 3831 testibus
2100 3755 2197 3854 βοωπις
2228 3777 2330 3842 effuse-

1329 3854 1410 3898 etiam
1425 3853 1606 3909 singularibus
1620 3852 1847 3906 concurrentibus,
1860 3853 2080 3909 praesumptioni·
2102 3850 2147 3896 dtr.

1330 3922 1387 3975 bus,
1402 3919 1507 3964 indiciis
1522 3921 1548 3964 et
1562 3919 1624 3964 aliis
1645 3918 1823 3974 adminiculis,
1846 3919 1972 3964 delictum
1992 3921 2082 3976 preba-

1331 3990 1389 4030 tum
1403 3997 1459 4030 esse
1470 3985 1581 4031 arbitrio
1594 3997 1641 4030 suo
1653 3984 1795 4040 iudicandi,
1806 3987 1832 4030 et
1842 3986 1932 4030 curiae
1943 3988 2080 4042 saeculari,

1330 4056 1360 4097 nt
1374 4052 1531 4109 praefertur,
1542 4061 1631 4096 rerrrrn
1644 4050 1801 4096 tradendum
1813 4063 1869 4096 esse
1882 4054 2079 4108 pronunciandi.

1369 4122 1415 4167 sc.
1432 4122 1486 4163 Non
1501 4117 1668 4163 obstantibus
1684 4117 1815 4173 omnibus,
1831 4129 1898 4175 quae
1913 4120 1998 4165 dictus
2010 4133 2082 4177 prae-
2122 4133 2260 4179 ppgmgffl
2279 4135 2329 4180 (οι.

1328 4186 1448 4230 decessor
1463 4185 1490 4228 in
1505 4183 1560 4228 suis
1581 4182 1682 4228 litteris
1705 4183 1846 4238 praedictis
1868 4185 1953 4229 voluit
1974 4199 2026 4231 non
2041 4188 2082 4232 ob·
2102 4185 2197 4232 luatur.

1329 4255 1410 4306 stare,
1424 4250 1571 4306 ceterisque
1585 4248 1727 4294 contrariis
1742 4249 1958 4308 quibuscumque.

1370 4325 1382 4367 s
1396 4323 1415 4362 7.
1430 4317 1582 4362 mandantes
1593 4315 1715 4360 omnibus
1725 4317 1901 4372 confessariis
1913 4322 1942 4363 ut
1953 4331 2014 4365 suos
2025 4332 2081 4376 poe·
2159 4337 2326 4392 (ommam-,-

1330 4385 1453 4439 nitentes
1468 4396 1532 4440 quos
1547 4382 1667 4428 noverint
1682 4383 1763 4428 fuisse
1777 4385 1810 4429 ab
1824 4384 1886 4430 aliis
1901 4387 1931 4432 ut
1948 4399 2028 4443 supra
2044 4399 2081 4432 so·
2100 4390 2203 4452 scierttcs
2228 4393 2266 4437 ab
2294 4407 2326 4438 a·

1328 4451 1453 4506 licitatus,
1469 4452 1593 4496 rnorreant
1608 4451 1639 4494 de
1651 4450 1812 4506 obligatione
1830 4451 2006 4498 denunciandi
2022 4454 2081 4499 soli·
2102 4443 2145 4505 'lli
2159 4447 2325 4508 dimittitis-i

1329 4519 1450 4573 citantes,
1469 4529 1524 4572 sen,
1540 4519 1570 4562 nt
1584 4518 1741 4573 praefertur,
1764 4517 1969 4574 inquisitoribus
1984 4531 2031 4564 seu
2046 4521 2082 4565 lo-
2100 4497 2178 4594 {gam
2202 4499 2325 4598 ⁸⁰¹3⁶¹¹⁰j

1329 4595 1420 4630 corum
1435 4584 1583 4630 ordinariis
1601 4583 1759 4640 praedictis:
1781 4585 1849 4640 quod
1865 4585 1888 4630 si
1904 4587 1952 4630 troc
1967 4587 2079 4632 officium
2100 4562 2152 4656 00⁵3:
2163 4563 2324 4662 gfff-5:355.

1330 4651 1568 4708 praetermiserint,
1584 4651 1625 4696 vel
1644 4649 1806 4707 poenitentes
1825 4652 1963 4698 docuerint
1979 4666 2030 4700 non
2046 4657 2080 4700 te·
2100 4657 2199 4718 toritas
2219 4661 2262 4705 rr!
2281 4665 2323 4704 tir-

1330 4719 1388 4763 neri
1402 4719 1435 4763 ad
1450 4717 1661 4763 denunciandum
1674 4717 1847 4764 confessarios
1860 4719 2023 4766 solicitantes
2034 4733 2079 4766 seu
2100 4710 2213 4772 dannaia
2223 4713 2324 4758 ‘illidit-

1330 4787 1476 4830 tractantes
1492 4787 1521 4829 nt
1536 4796 1624 4840 snpra,
1639 4783 1720 4828 iidem
1734 4784 1852 4830 locorum
1863 4785 1998 4832 ordinarii
2007 4790 2033 4832 et
2044 4789 2081 4832 in·
2100 4770 2172 4810 mm·

1330 4851 1474 4909 quisitores
1489 4852 1549 4896 illos
1564 4863 1611 4908 pro
1627 4851 1703 4896 modo
1717 4851 1809 4908 culpae
1824 4851 1919 4908 punire
1934 4865 1985 4898 non
2001 4855 2081 4910 negli-

1330 4922 1401 4976 gant.

1370 4990 1416 5037 aa.
1432 4988 1559 5034 volumus
1580 4989 1679 5042 evitent,
1701 4989 1730 5031 ut
1749 4987 1929 5043 praesentium
1950 4989 2081 5034 transnrn-
2139 5000 2320 5059 Trasggmpgs

1331 5054 1390 5110 ptis,
1401 5055 1482 5100 etiam
1492 5053 1638 5110 impressis,
1649 5064 1730 5098 mann
1739 5053 1852 5099 alicuius
1870 5055 1968 5100 notarii
1982 5057 2080 5112 practici
2101 5052 2260 5099 crederrdnm.

1330 5120 1494 5178 subscriptis,
1510 5127 1535 5165 et
1551 5120 1640 5176 sigillo
1652 5119 1766 5166 alicuius
1776 5132 1902 5177 personae
1911 5121 1939 5166 in
1950 5122 2080 5178 dignitate

1330 5187 1508 5234 ecclesiastica
1522 5187 1683 5232 constitutae
1698 5187 1818 5242 munitis,
1833 5188 1924 5232 eadem
1934 5199 2043 5244 prorsus
2053 5189 2081 5234 n-

1330 5255 1375 5300 des
1390 5255 1417 5298 in
1431 5255 1529 5299 indicio
1544 5255 1570 5300 et
1585 5255 1660 5300 extra
1675 5253 1771 5310 ubique
1782 5254 1920 5309 habeatur,
1931 5266 1998 5310 qnae
2008 5267 2080 5312 prae-

1331 5321 1450 5367 sentibus
1465 5323 1617 5376 baberetur,
1628 5320 1651 5366 si
1661 5321 1746 5366 forent
1756 5321 1889 5366 exhibitae
1900 5322 1940 5366 vel
1949 5325 2078 5368 ostensae.

1370 5391 1415 5438 st).
1432 5389 1555 5444 Quodque
1570 5387 1676 5432 eaedem
1691 5389 1843 5442 praesentes
1857 5387 1974 5443 litterae,
1989 5400 2035 5433 sen
2050 5390 2079 5434 il·
2131 5404 2271 5452 pugppfflgo
2288 5405 2314 5450 pl

1330 5455 1418 5500 larum
1441 5455 1568 5512 exempla,
1583 5455 1616 5500 ad
1631 5455 1720 5500 valvas
1742 5453 1913 5499 basilicarum
1935 5459 1958 5498 s.
1975 5457 2079 5502 loannis
2101 5457 2164 5521 l'rbc
2178 5470 2262 5505 amares
2278 5461 2316 5514 al'·

1330 5522 1515 5567 lateranensis
1530 5533 1560 5567 ac
1581 5521 1710 5577 Principis
1728 5521 1910 5576 apostolorum
1925 5521 1956 5566 de
1972 5524 2038 5568 Urbe
2053 5527 2079 5568 et
2098 5513 2157 5568 ficti.

1331 5588 1357 5632 in
1368 5589 1423 5633 acie
1434 5589 1523 5646 Campi
1534 5589 1627 5633 Florae
1637 5587 1737 5641 affixae,
1748 5598 1838 5632 omnes
1848 5586 1886 5633 ita
1895 5591 1999 5634 arctent
2010 5593 2035 5635 et
2045 5591 2079 5636 at-

1330 5655 1428 5712 ticiant,
1443 5667 1473 5701 ac
1487 5656 1510 5700 si
1525 5655 1667 5711 unicuique
1681 5655 1858 5710 personaliter
1869 5655 2007 5703 intimatae
2018 5657 2079 5703 suis·

1330 5729 1396 5768 seut.

1369 5793 1464 5836 Datum
1485 5794 1591 5846 Romae,
1613 5788 1683 5846 apud
1705 5791 1728 5832 S.
1746 5789 1856 5836 Mariam
1880 5789 2015 5847 Maiorem,
2030 5792 2078 5838 sub

1329 5857 1428 5902 annulo
1445 5857 1595 5911 Piscatoris,
1610 5855 1652 5900 die
1667 5865 1729 5900 xxx.
1746 5855 1855 5915 augusti
1874 5868 2004 5915 nacarat,
2020 5871 2079 5915 pon·

1330 5923 1446 5970 titlcatns
1461 5924 1546 5969 nostri
1561 5933 1630 5970 anno
1644 5933 1670 5967 ιι.

1483 5998 1488 6018 l
