4838 6982
367 502 421 559 An.
436 507 465 560 a.
487 507 556 562 1755

370 1874 570 1932 0000003000-

357 1938 446 1975 corum
463 1927 568 1982 rituum,

358 1993 423 2040 quos
443 1981 517 2028 Sedes
537 1985 570 2026 a·

357 2037 570 2162 000000

357 2141 571 2249 1000000

357 2249 395 2294 vel
418 2249 445 2311 tn
469 2247 571 2312 aliqua

357 2301 474 2364 ecclesia¹
489 2300 570 2364 latina

357 2365 571 2456 3000000000-

605 516 664 580 610

587 657 764 734 Eademque
779 653 948 733 apostolica
965 652 1070 727 Sedes,
1084 650 1204 729 quoties
1224 648 1329 729 depre·
1386 649 1575 713 Theodosius
1596 651 1777 729 Imperator,
1800 649 1971 713 Patrlarcha
1993 649 2132 724 Procius,

586 748 706 824 hendit,
720 745 987 827 periculosumvel
1003 743 1329 824 indecorumaliquem
1386 751 1416 805 et
1438 745 1602 806 rmiversus
1628 743 1760 824 populus
1787 744 1820 806 in
1842 751 1947 822 aperto
1968 741 2003 804 ad
2031 743 2134 805 Deum

587 842 682 905 ritum
706 842 738 902 in
761 840 945 904 orientalem
966 839 1134 902 Ecclesiam
1159 839 1329 917 irrepsisse,
1385 853 1491 916 preces
1513 836 1720 913 eliundereul,
1743 845 1779 900 ut
1801 837 1837 900 ab
1858 837 2036 898 imminenti
2059 835 2135 896 libe-

587 933 675 996 illum
697 935 865 1010 damnarit,
883 932 1079 1013 improbavit,
1096 931 1224 1012 eiusque
1239 948 1329 996 usum
1386 942 1531 996 rarentur
1551 933 1680 1009 excidio,
1697 931 1778 1012 quod
1801 931 1873 1011 ipsis
1894 931 1931 992 ab
1952 928 2135 1006 ingentibus

586 1026 642 1107 ipsi
665 1027 834 1105 prohibuit.
858 1029 921 1108 lpsa
944 1028 1078 1106 denique
1094 1026 1262 1105 Apostolica
1279 1024 1331 1088 Se·
1387 1026 1645 1090 terraemotibus
1668 1026 1881 1105 impendebat,
1904 1040 1982 1102 puer
2003 1029 2135 1101 repente

587 1123 650 1197 des,
673 1127 834 1200 postquam
856 1120 935 1183 vidit
963 1119 1147 1183 orientalem
1169 1121 1219 1182 rel
1245 1136 1330 1197 grae·
1386 1121 1419 1182 in
1441 1120 1560 1183 caelum
1592 1121 1656 1200 rapi
1679 1120 1764 1184 visus
1792 1127 1851 1195 est,
1879 1117 1932 1197 qui
1960 1117 2071 1180 deinde
2101 1115 2134 1176 in

587 1232 653 1279 cam
674 1215 808 1294 aliquam
832 1223 959 1292 gentem
983 1215 1014 1278 in
1036 1215 1138 1295 aliquo
1157 1215 1252 1277 latino
1268 1213 1330 1276 ritu
1388 1221 1501 1276 terram
1522 1213 1691 1289 demissus,
1715 1213 1822 1278 retulit
1845 1228 1877 1272 se
1906 1211 2059 1274 audivisse
2079 1226 2135 1272 au·

589 1309 765 1388 usurpando
786 1327 820 1372 00
840 1308 1033 1372 defendendo
1053 1309 1258 1372 vehementer
1279 1307 1330 1368 oh·
1387 1307 1471 1383 gelos
1480 1309 1671 1385 praedictum
1684 1305 1844 1384 trisagium
1855 1311 2012 1381 canentes3
2024 1318 2133 1382 quare,

587 1404 755 1480 firmatam,
771 1420 804 1466 ac
818 1403 1024 1482 potissimum,
1041 1401 1163 1481 quando
1174 1401 1252 1464 ritus
1268 1401 1331 1480 ipse
1387 1416 1458 1462 cum
1474 1401 1559 1464 iussu
1575 1401 1674 1464 Procli
1690 1402 1882 1470 Patriarchae
1897 1399 2065 1462 universus
2081 1413 2135 1476 po-

590 1497 627 1558 ab
648 1497 775 1576 antiquo
798 1504 937 1574 tempore
958 1497 1101 1558 inuectus
1122 1494 1192 1569 luit,
1209 1495 1246 1556 ab
1268 1511 1332 1556 nm·
1387 1493 1479 1572 pulus
1499 1494 1575 1557 illud
1598 1495 1708 1558 devote
1729 1494 1901 1568 cecinisset,
1914 1500 1995 1556 terra
2010 1493 2047 1554 ab
2063 1492 2135 1552 hor-

590 1588 682 1652 nibus
694 1593 903 1653 communiter
918 1597 1070 1669 receptus,
1084 1595 1176 1668 atque
1188 1604 1337 1667 expresse
1388 1587 1502 1662 rendis,
1518 1588 1631 1666 quihus
1646 1588 1891 1662 concutiebatur,
1910 1586 2044 1648 motibus
2057 1599 2135 1645 con·

588 1682 1331 1764 veltaciteabEpisoopisprobatus,ritumipsum
1387 1681 1524 1760 quievit,
1558 1681 1603 1744 uti
1633 1689 1736 1745 narrat
1771 1681 1964 1761 Nicephorus
1993 1675 2047 1740 lib.
2077 1675 2132 1749 14,

1110 529 1174 576 lUR·
1199 531 1288 576 PONT·
1313 529 1353 574 DE
1375 530 1403 575 P·
1427 531 1456 576 F·
1481 531 1563 577 PARS
1585 532 1605 576 Ι.

590 1775 749 1839 tolerando
766 1787 797 1842 et
811 1779 854 1840 sio
867 1779 1074 1858 approbando,
1088 1777 1234 1846 firmavit.

628 1870 716 1945 §aa
740 1872 774 1934 ln
796 1872 890 1934 latina
915 1880 945 1935 et
970 1889 1076 1950 graeca
1098 1872 1232 1951 lycurgia
1255 1870 1330 1933 reoi-

591 1971 672 2026 tatar
691 1964 878 2042 symbolum,
895 1966 1024 2043 eiusque
1045 1964 1184 2027 recitatio
1207 1965 1238 2026 in
1262 1965 1332 2026 mis·

587 2071 636 2118 sae
657 2057 803 2120 sacriticio
826 2059 856 2120 in
879 2058 1011 2120 Ecclesia
1032 2057 1173 2120 orientali
1195 2056 1332 2136 primum

589 2151 741 2225 instituta,
764 2151 875 2214 deinde
897 2153 930 2214 in
952 2151 1174 2216 occidentalem
1197 2152 1332 2213 traducta

588 2249 644 2317 est,
667 2244 712 2305 uti
734 2245 890 2321 colligitur
911 2261 949 2306 er
970 2245 1062 2306 tertio
1084 2244 1233 2306 Toletano
1255 2245 1333 2306 Con-

589 2337 658 2400 cilio
678 2338 782 2399 hahito
803 2355 885 2400 anuo
907 2353 1040 2401 nucem.
1066 2355 1135 2400 can.
1160 2341 1195 2409 2,
1220 2345 1293 2399 tom.
1312 2340 1334 2400 5

589 2431 775 2496 collectionis
810 2433 996 2510 labbeanae,
1029 2451 1099 2514 pag.
1124 2431 1222 2507 1009,
1246 2434 1332 2496 0οἰοε

589 2528 663 2590 0000
690 2537 762 2591 sunt
791 2530 900 2592 verba:
932 2529 1006 2592 «Ut
1027 2546 1082 2607 per
1110 2545 1218 2591 omnes
1239 2527 1333 2590 00010-

589 2624 647 2684 sias
671 2623 832 2702 Hispaniae
865 2625 914 2686 vel
943 2624 1129 2698 Gallaeciae,
1161 2620 1332 2685 secundum

589 2716 718 2779 formam
751 2717 948 2779 orientalium
972 2718 1181 2790 ecclesiarum,
1205 2713 1332 2778 Concilii

590 2811 936 2890 constantinopolitani,
952 2812 1010 2874 hoc
1028 2817 1073 2873 est
1094 2817 1221 2872 centum
1242 2809 1333 2887 quin-

589 2905 734 2983 quaginta
766 2905 1003 2984 Episcoporum,
1033 2905 1217 2984 Symbolum
1249 2901 1333 2964 Fidei

589 2999 749 3074 recitetur,
773 3007 815 3076 et,
838 3001 1016 3079 priusquam
1043 2998 1195 3060 dominica
1216 2996 1333 3058 dicatur

589 3095 701 3170 oratio,
725 3111 801 3156 voce
828 3095 907 3156 clara
929 3109 943 3153 a
964 3094 1079 3173 populo
1105 3093 1332 3154 decantetur.»

588 3191 698 3268 Quare,
715 3197 903 3267 compatres
924 3189 1063 3251 Toletani
1085 3186 1226 3258 Concilii,
1245 3183 1332 3245 disci-

589 3283 705 3362 plinam
733 3289 904 3346 statuentes
932 3281 1080 3344 recitandi
1100 3279 1277 3356 symbolum
1299 3278 1331 3340 in

589 3375 737 3438 sacrificio
759 3377 879 3452 missae,
902 3393 934 3440 se
956 3377 991 3438 ad
1014 3377 1109 3438 ritum
1132 3374 1331 3436 orientalium

589 3467 787 3532 ecclesiarum
806 3470 982 3544 retulerint,
1000 3471 1028 3531 id
1044 3470 1115 3531 satis
1129 3478 1176 3530 est
1191 3468 1227 3530 ad
1239 3484 1331 3546 agno·

589 3564 748 3639 scendum,
761 3563 938 3626 huiusmodi
951 3563 1143 3642 disciplinam
1159 3563 1191 3624 in
1206 3562 1332 3626 Oriente

589 3659 689 3737 primo
711 3659 897 3732 institutam,
913 3658 985 3719 inde
1007 3658 1038 3718 in
1053 3657 1249 3720 Occidentem
1265 3671 1332 3734 pro-

590 3766 746 3826 1000000ος
768 3749 846 3812 siout
868 3750 1035 3812 advertunt
1057 3747 1227 3810 Cardinalis
1249 3747 1332 3808 Bona

590 3844 710 3905 Raram
731 3842 898 3922 Lptarqic.
924 3839 978 3904 lib.
995 3840 1028 3912 2,
1052 3856 1120 3917 cop.
1137 3845 1171 3910 8,
1189 3855 1277 3900 raom.
1296 3842 1328 3911 2,

590 3945 621 3999 et
641 3936 790 4012 Georgius
811 3935 848 3997 00
868 3935 1027 4013 Lytarpia
1042 3932 1178 3994 Romani
1200 3931 1333 4010 Poetili-

591 4029 636 4091 ct's
660 4035 732 4093 tom.
755 4031 789 4103 2,
815 4045 883 4108 cap.
906 4029 960 4100 20,
984 4043 1073 4089 aena.
1098 4025 1129 4101 2,
1157 4041 1229 4104 000.
1256 4023 1330 4084 176.

590 4121 651 4186 Sed
671 4138 739 4184 rern
760 4123 949 4201 propositam
969 4120 1194 4200 persequendo,
1215 4116 1333 4179 Amala-

590 4217 655 4281 rius
676 4219 712 4280 in
733 4215 787 4280 lib.
813 4217 848 4278 00
875 4215 1003 4277 blateis
1033 4214 1162 4291 Officiis,
1185 4227 1253 4289 cap.
1279 4211 1333 4282 14,

591 4321 753 4392 postquam
775 4311 900 4373 innixus
927 4309 1108 4370 auctoritate
1135 4305 1238 4368 Sancti
1261 4303 1335 4366 Pau·

591 4405 647 4468 lini
668 4407 701 4466 in
723 4404 849 4484 epistola
877 4403 917 4465 ad
948 4401 1097 4464 Senecam
1125 4399 1250 4473 retulit,
1272 4398 1335 4460 sola

590 4497 666 4560 laria
686 4505 770 4559 senta
788 4497 912 4558 maioris
926 4495 1138 4557 Hebdomadae
1153 4493 1186 4554 in
1201 4490 1335 4554 Ecclesia

591 4591 869 4670 hierosolymitana
883 4590 995 4668 erponi
1010 4589 1208 4651 consuevisse
1222 4583 1335 4664 populo

591 4679 776 4746 adorandam
795 4699 923 4760 crucem
943 4683 1052 4761 ipsam,
1069 4683 1102 4743 in
1122 4697 1179 4760 000
1197 4679 1336 4742 Christus

591 4778 749 4856 pependit,
765 4776 838 4840 huic
854 4793 979 4854 graecae
994 4773 1212 4838 consuetudini
1228 4771 1337 4834 tribuit

592 4871 691 4933 ritum
711 4870 896 4932 adorationis
918 4871 1046 4933 Sanctae
1068 4867 1187 4942 Crucis,
1202 4880 1281 4945 quae
1303 4863 1334 4924 in

593 4969 883 5048 ciliciopraedictae
905 4966 998 5028 leriae
1019 4974 1123 5027 sertae
1144 4965 1177 5026 in
1199 4979 1337 5041 unaqua-

592 5083 653 5146 que
681 5064 776 5127 latina
805 5063 929 5126 ecelesia
960 5060 996 5122 ad
1022 5061 1101 5122 hano
1129 5075 1226 5137 usque
1253 5060 1336 5120 diem

593 5161 763 5241 peragitur.
777 5157 952 5234 Trisagium
966 5152 1242 5224 «sanctonicae,
1257 5152 1336 5216 San-

593 5263 663 5316 0100
686 5253 811 5324 Fortis,
841 5249 979 5313 Sanctae
1003 5246 1214 5319 inimortalis,
1244 5248 1335 5308 miso-

593 5365 662 5409 rere
674 5343 791 5409 nobis»
808 5346 855 5426 pia
870 5353 915 5408 est
927 5352 958 5406 et
973 5341 1223 5421 frequentissima
1237 5339 1335 5402 oratio

593 5444 625 5505 in
647 5444 833 5505 Graecorum
855 5437 1001 5518 lyturgia,
1025 5439 1070 5500 uti
1100 5441 1183 5496 recte
1203 5433 1337 5495 advertit

516 5613 517 5616 Ἴ
592 5540 721 5601 Goarius
743 5537 775 5598 in
804 5537 885 5598 notis
907 5536 942 5597 ad
965 5534 1181 5611 euchologium
1203 5533 1235 5594 in
1263 5531 1335 5593 mis-

593 5653 657 5698 sam
679 5631 782 5696 Sancti
801 5635 922 5698 loannis
938 5629 1160 5709 chrysostomi,
1176 5627 1334 5710 poploe.

594 5729 668 5793 Eius
689 5730 835 5792 orationis
850 5729 936 5805 origo
953 5727 1105 5805 repetitur
1123 5741 1160 5786 eu
1175 5723 1336 5797 miraculo,

1388 1791 1456 1854 cap.
1487 1776 1541 1848 46,
1575 1784 1722 1853 recteque
1753 1776 1952 1855 prosequitur
1983 1771 2136 1834 Summus

1388 1869 1528 1932 Pontifex
1551 1870 1749 1934 bellantia
1771 1869 1897 1946 epistola
1918 1867 2008 1929 tertia
2030 1865 2065 1925 ad
2079 1865 2135 1927 Pe-

1388 1970 1473 2025 trum
1494 1963 1671 2039 Fullonem,
1686 1980 1764 2044 quae
1786 1964 1918 2025 hahetur
1933 1969 2006 2024 tane.
2023 1961 2046 2020 4
2061 1960 2136 2022 Lab

1388 2057 1502 2119 heanae
1517 2057 1715 2120 collectionis.
1734 2059 1817 2120 idem
1830 2072 1904 2118 vero
1920 2055 2084 2132 trisagium
2100 2053 2134 2115 in

1388 2148 1521 2212 Ecclesia
1536 2151 1715 2214 occidentali
1731 2150 1805 2213 leria
1820 2157 1904 2212 sexta
1920 2147 2042 2210 maioris
2054 2146 2137 2208 lieh-

1388 2243 1532 2306 domadae
1555 2259 1663 2320 graece
1692 2252 1724 2306 et
1746 2245 1839 2306 latine
1869 2242 2001 2315 canitur,
2024 2255 2136 2318 quem·

1387 2338 1552 2398 admodum
1574 2338 1710 2416 apposite
1730 2337 1950 2400 animadvertit
1965 2333 2136 2397 cardinalis

1388 2431 1470 2492 Boua
1493 2449 1603 2494 reram
1625 2431 1818 2510 lacerabar.
1844 2429 1897 2493 00.
1921 2430 1955 2502 2,
1979 2446 2048 2507 cop.
2075 2433 2133 2499 10,

1389 2541 1478 2586 nam.
1506 2528 1538 2586 5.
1568 2529 1674 2604 Aquae
1705 2527 1877 2590 benedictio
1905 2526 1938 2588 iu
1970 2523 2135 2602 pervigilio

1389 2619 1576 2696 Epiphaniae
1601 2635 1640 2680 ea
1667 2620 1730 2681 ritu
1758 2625 1803 2681 est
1832 2633 1956 2696 graecae
1982 2616 2135 2680 Ecclesiae

1389 2711 1523 2790 proprio,
1536 2713 1582 2773 uti
1597 2711 1664 2775 luse
1684 2714 1819 2782 ostendit
1833 2712 1960 2776 Goarius
1971 2711 2004 2772 in
2019 2710 2136 2772 eucho-

1389 2804 1481 2881 logio,
1493 2805 1559 2866 sive
1570 2805 1673 2868 rituali
1685 2805 1884 2880 Graecorum,
1897 2813 1928 2866 et
1939 2820 2024 2866 nunc
2039 2802 2134 2864 etiarn

1388 2900 1541 2975 praedicta
1562 2899 1612 2962 die
1632 2899 1746 2962 Romae
1772 2899 1804 2960 in
1824 2898 2011 2960 Graecorum
2037 2894 2136 2957 eccle·

1387 2991 1429 3053 sia
1451 2993 1610 3070 peragitur
1631 2994 1706 3058 haec
1719 2990 1849 3066 iunctio,
1871 2993 1982 3069 00000
1997 2990 2028 3052 in
2044 2989 2135 3050 allata

1387 3085 1530 3164 superius
1561 3086 1782 3148 constitutione
1812 3091 1916 3146 nostra
1948 3100 2021 3145 auu.
2050 3083 2069 3158 ἓ
2097 3083 2132 3156 5,

1388 3194 1476 3240 nam.
1502 3178 1554 3250 13,
1581 3177 1698 3240 mentio
1720 3177 1863 3252 habetur,
1886 3176 2041 3254 simulque
2062 3193 2134 3254 per-

1388 3273 1537 3348 mittitur,
1559 3280 1595 3334 01
1616 3272 1721 3334 tideles
1740 3269 1849 3333 eadem
1870 3287 1948 3348 aqua
1974 3270 2135 3332 benedicta

1388 3375 1601 3445 aspergantur.
1632 3365 1675 3427 [le
1696 3365 1826 3427 transitu
1848 3365 1927 3426 ritus
1954 3362 2134 3426 huiusmodi

1387 3460 1424 3522 ab
1444 3458 1589 3521 orientali
1610 3458 1641 3519 in
1663 3458 1779 3537 aliquas
1807 3455 2010 3538 occidentales
2037 3453 2134 3518 eccle-

1387 3554 1445 3616 sias
1465 3553 1564 3615 uideri
1579 3559 1718 3631 possunt,
1735 3569 1813 3630 quae
1824 3551 1978 3627 congessit
1992 3549 2134 3612 eruditus

1388 3649 1526 3712 hiartene
1547 3657 1621 3712 tom.
1644 3648 1667 3710 4
1688 3651 1724 3712 00
1744 3653 1882 3728 antipae
1905 3647 2063 3711 Ecclesiae
2084 3642 2134 3706 di·

1387 3750 1525 3829 aciplino
1538 3751 1572 3810 in
1585 3749 1705 3810 divinis
1718 3745 1912 3810 celebrandis
1925 3741 2044 3824 officiis,
2060 3758 2085 3801 c.
2095 3739 2132 3812 4,

1388 3861 1477 3906 naar.
1494 3845 1525 3916 2,
1544 3852 1574 3905 et
1596 3858 1674 3922 quae
1696 3842 1869 3903 afferuntur
1891 3841 1924 3901 in
1946 3823 2134 3900 dissertatio·

1389 3955 1429 4002 ne
1451 3939 1547 4003 Patris
1573 3935 1740 4000 Sebastiani
1767 3933 1852 3997 Pauli
1874 3927 2134 4007 congregationis

1388 4033 1493 4095 Matris
1515 4033 1580 4108 bei,
1602 4032 1682 4094 adita
1711 4028 1836 4109 Neapoli
1858 4043 1940 4089 anno
1971 4040 2130 4087 unccxrx.

1389 4127 1438 4189 cui
1460 4126 1570 4189 titulus
1592 4133 1650 4187 est:
1676 4124 1719 4184 lle
1741 4124 1813 4184 rita
1829 4119 1988 4184 Ecclesiae
2009 4117 2134 4181 Neriti-

1389 4237 1448 4282 nae
1463 4217 1673 4281 eaorciaaadt'
1687 4230 1803 4293 aquam
1819 4214 1853 4275 in
1868 4211 2065 4292 Epiphania,
2079 4210 2135 4271 ubi

1390 4322 1561 4394 propterea,
1579 4315 1665 4390 port.
1676 4310 1707 4384 3,
1725 4325 1796 4389 pag.
1812 4305 1877 4368 177
1891 4312 1922 4367 et
1933 4323 2007 4394 seq,
2024 4319 2134 4383 oppor-

1392 4414 1467 4469 tune
1487 4414 1594 4468 monet
1615 4405 1789 4482 Episcopos,
1804 4403 1837 4463 in
1859 4415 1995 4479 quorum
2016 4398 2135 4460 diocoe-

1389 4517 1437 4562 ses
1458 4501 1551 4576 longo
1573 4498 1702 4560 abhinc
1724 4506 1863 4574 ternpore
1888 4493 2031 4558 nonnulli
2054 4494 2134 4554 ritus

1390 4595 1427 4656 ab
1449 4594 1581 4657 Ecclesia
1602 4594 1714 4656 Graeca
1736 4598 1896 4652 manantes
1924 4589 2131 4662 irrepserunt,

1390 4698 1425 4752 ut
1452 4690 1521 4750 illos
1548 4688 1585 4749 de
1614 4687 1714 4749 medio
1742 4686 1851 4748 tollere
1879 4691 2040 4762 tantopere
2068 4697 2133 4743 non

1389 4784 1589 4856 contendant,
1602 4797 1641 4843 ne
1662 4780 1770 4844 turbae
1792 4778 1966 4840 excitentur
1988 4786 2018 4838 et
2034 4791 2074 4836 00
2088 4774 2135 4836 vi-

1389 4880 1522 4941 deantur
1542 4875 1716 4953 improbare
1738 4870 2026 4948 rationemagendi
2048 4867 2134 4930 Sedis

1388 4972 1591 5052 apostolicae,
1608 4986 1687 5047 0000
1707 4968 1786 5031 ritus
1801 4968 1869 5029 illos
1890 4965 2048 5043 irrepsisse
2062 4979 2132 5024 oum

1390 5067 1507 5146 optime
1527 5065 1667 5138 noverit,
1689 5061 1814 5124 eosdem
1836 5068 1939 5124 tamon
1965 5057 2135 5122 servarint

1390 5159 1581 5238 frequentari
1592 5157 1748 5236 permisit3
1761 5156 1910 5234 atiertqne
1922 5155 2014 5216 etiam
2026 5169 2056 5231 p.
2065 5152 2134 5212 203

1391 5253 1550 5332 epistolam
1572 5250 1742 5315 cardinalis
1763 5249 1926 5324 Senatorii,
1939 5249 2068 5312 Sanctae
2082 5247 2136 5310 Se-

1391 5347 1517 5408 ueriuae
1536 5345 1719 5424 nuncupati,
1734 5346 1878 5422 scriptam
1893 5359 1975 5405 anno
1991 5355 2132 5402 unuxxx.

1391 5443 1425 5503 ad
1448 5440 1632 5502 Fornarium
1661 5439 1848 5517 Episcopum
1876 5435 2074 5512 Neritinum‚
2098 5437 2136 5496 de

1391 5540 1449 5599 hoc
1470 5537 1535 5616 ipso
1564 5541 1761 5611 argumento,
1783 5539 1815 5592 et
1836 5532 1874 5593 de
1895 5546 1989 5609 aquae
2010 5528 2135 5592 henedi-

1392 5631 1496 5693 ctione
1517 5629 1549 5693 in
1571 5627 1753 5705 Epiphania,
1776 5639 1854 5704 quae
1879 5627 1912 5687 in
1935 5623 1985 5684 illa
2006 5613 2137 5684 dioecesi

1393 5722 1560 5801 peragitur.
1578 5721 1710 5782 Graecus
1724 5719 1840 5796 pariter
1854 5725 1900 5778 est
1915 5718 1991 5778 ritus
2006 5714 2138 5794 spolian-

594 5826 677 5902 0000
698 5823 800 5886 medio
820 5821 941 5884 saeculo
961 5821 1070 5900 quinto
1092 5818 1221 5896 contigit
1241 5817 1275 5879 in
1291 5832 1337 5877 re·
1391 5817 1421 5879 di
1442 5832 1475 5877 ao
1498 5813 1619 5875 lavandi
1640 5812 1736 5873 altare
1756 5811 1833 5873 teria
1855 5809 1963 5888 quinta
1985 5809 2017 5870 in
2034 5807 2137 5870 00000

594 5918 643 5994 gia
664 5917 747 5980 Urbe
772 5914 1132 5994 Constantinopolitana;
1154 5928 1227 5976 cum
1252 5909 1336 5972 euim
1393 5907 1525 5970 bomini.
1553 5907 1687 5968 Huiusce
1713 5905 1792 5966 ritus
1821 5908 2063 5964 monumentum
2083 5901 2137 5962 ali-

2162 515 2214 567 An.
2227 518 2255 568 0.
2275 520 2333 576 1700
