4820 6980
382 2275 506 2320 Errenesis
519 2281 575 2320 sen·

362 2329 450 2376 tentiae
462 2327 575 2381 dissemi-

362 2387 464 2430 nantur.
516 2445 521 2458 1

365 3405 578 3506 ιῖιῖῗῐῖῗιῗιῖῧιιῖἶ

365 3512 423 3559 sllio
437 3519 483 3560 eto.

385 5193 530 5242 Doctrinarn
545 5194 576 5243 de

366 5247 451 5346 laur
484 5251 574 5306 ...n

1112 545 1174 594 lule.
1200 548 1291 594 Pour-
1315 545 1356 594 ΒΕ
1378 549 1407 594 P·
1430 545 1458 596 F·
1484 550 1566 597 PARS
1588 549 1609 596 l.

1207 759 1517 831 urrunnun.

839 937 901 1006 DE
925 935 1099 1008 USURIS
1122 936 1342 1018 ALIISQUE
1366 935 1567 1006 INIUSTIS
1591 937 1887 1019 QUAESTIBUS

590 1140 748 1205 Doctrina
763 1141 799 1204 do
813 1143 925 1206 notorio
940 1143 1116 1220 seponitur
1130 1143 1167 1205 do
1181 1139 1335 1204 mandato

630 1235 807 1314 Pontificis,
832 1236 887 1314 qui
909 1252 977 1299 ocrn
992 1233 1159 1315 approbat,
1175 1252 1213 1297 oo
1231 1235 1335 1297 doceri

630 1335 661 1392 et
682 1329 806 1392 seruari
827 1327 926 1392 iubet.

604 1513 678 1582 lien.
697 1515 843 1583 tratribus
859 1512 1055 1594 Patriorcbie,
1072 1514 1322 1599 drcbiepisocpie,

695 1608 854 1693 Episcopis
877 1613 909 1675 et
930 1607 1095 1676 ordinariis
1119 1606 1232 1688 ltaliae,

761 1797 1004 1867 sedebimus
1021 1797 1080 1866 ΡΡ.
1096 1796 1166 1866 xlv.

805 1974 993 2044 venerabilis
1015 1975 1123 2054 trater,

623 2083 805 2154 salutemet
829 2083 1027 2167 apostolicam
1055 2080 1303 2150 benedictionem.

633 2276 693 2340 Vix
707 2274 851 2354 pervenit
866 2274 902 2336 ad
918 2290 1007 2336 aures
1021 2281 1153 2348 nostras,
1171 2272 1210 2335 ob
1224 2287 1337 2334 novam

594 2369 836 2433 controversiam
858 2367 993 2444 (nempe,
1009 2383 1048 2428 an
1070 2368 1197 2446 quidam
1218 2373 1340 2429 contra·

593 2469 660 2528 ctus
681 2463 801 2525 ualidus
822 2461 948 2524 trutinari
961 2459 1082 2538 debeat)
1105 2458 1270 2523 nonnullas
1284 2475 1339 2539 pet

593 2557 711 2620 ltaliam
731 2555 925 2617 disseminari
945 2555 1126 2630 sententias,
1149 2571 1228 2634 quae
1249 2571 1339 2617 sanae

593 2651 749 2714 doctrinae
777 2648 858 2712 baud
884 2659 1110 2712 consentaneae
1136 2648 1337 2726 viderentur;

593 2759 664 2806 oum
685 2742 790 2804 statim
812 2743 908 2804 nostri
933 2741 1089 2820 apostolici
1112 2743 1251 2804 muneris
1273 2757 1339 2822 par·

594 2843 658 2896 tem
679 2849 744 2896 esse
760 2834 916 2909 duximus,
932 2841 1145 2914 opportunum
1167 2834 1277 2896 afferre
1292 2851 1340 2897 re·

594 2928 751 3003 medium,
784 2943 824 2989 ne
852 2927 969 2989 malum
1000 2927 1168 3003 eiusmodi,
1192 2929 1339 3006 temporis

594 3021 800 3084 diuturnitate
816 3037 850 3083 ac
870 3019 1005 3094 silentio,
1022 3021 1105 3082 vires
1121 3020 1218 3098 magis
1239 3021 1339 3098 acqui·

594 3123 696 3191 reret;
718 3113 899 3192 aditumque
920 3112 976 3193 ipsi
999 3113 1220 3188 intercludere,
1237 3129 1278 3175 ne
1299 3113 1340 3176 la-

595 3210 657 3270 tius
683 3215 833 3286 serperet,
856 3214 887 3269 et
915 3205 1086 3268 incolumes
1113 3208 1211 3269 adbuc
1238 3206 1340 3269 ltaliae

596 3300 744 3363 Civitates
766 3298 969 3362 labefactaret.

636 3395 655 3468 5
668 3393 695 3456 l.
708 3393 898 3472 Quapropter
909 3408 978 3454 eam
989 3393 1154 3467 rationem,
1163 3393 1341 3455 consilium-

596 3505 657 3568 que
677 3489 879 3568 suscepimus,
892 3504 954 3567 quc
969 3487 1061 3550 Sedes
1075 3483 1246 3564 nposrotna
1260 3503 1340 3549 sem-

597 3599 652 3662 per
673 3583 719 3644 uti
744 3582 922 3645 consuevit:
946 3581 1060 3660 quippe
1080 3597 1147 3643 rem
1173 3589 1268 3644 tctarn
1290 3599 1341 3644 ex-

596 3675 779 3754 plicavimus
800 3674 961 3738 nonnullis
976 3691 1014 3736 ex
1029 3675 1259 3737 venerabilibus
1281 3676 1341 3737 lra-

596 3769 696 3833 tribus
719 3771 835 3832 ncstris
858 3769 887 3832 S.
911 3767 946 3830 R.
975 3769 1009 3830 Ε.
1038 3768 1265 3844 cardinalibus,
1288 3770 1340 3848 qui

595 3879 697 3926 sacrae
717 3861 890 3940 theologiae
912 3861 1038 3924 scientia
1061 3869 1090 3924 et
1112 3865 1277 3925 canonicae
1297 3863 1342 3926 di·

595 3956 742 4036 sciplinae
761 3955 863 4018 studio
884 3973 917 4018 ao
936 3955 1043 4034 peritia
1064 3955 1237 4034 plurimum
1258 3971 1342 4019 com-

595 4053 799 4114 mendantur:
824 4050 991 4112 accivimus
1011 4050 1104 4111 etiam
1126 4049 1229 4128 plures
1251 4067 1343 4126 regu-

596 4145 673 4206 lares
688 4145 721 4206 in
737 4153 869 4222 utraque
886 4143 1031 4205 lacultate
1045 4151 1250 4220 praestantes3
1267 4160 1342 4221 quo·

595 4253 668 4300 rum
688 4237 804 4316 aliquos
826 4253 864 4298 ex
886 4237 1054 4313 monacbis
1071 4236 1145 4298 alios
1166 4252 1206 4298 ex
1228 4237 1342 4301 Ordine

595 4330 847 4404 ltenotcanttum,
864 4329 938 4390 alios
953 4329 1079 4391 demum
1101 4345 1141 4391 er
1162 4329 1280 4392 clericis
1295 4347 1343 4393 re-

596 4424 755 4502 gularibus
771 4422 952 4500 selegimus;
968 4423 1144 4485 Praesuleon
1157 4441 1281 4503 quoque
1295 4425 1342 4485 iu·

595 4517 638 4579 ris
659 4517 821 4596 utriusque
848 4517 951 4580 laurea
972 4517 1146 4594 praeditum
1167 4527 1198 4580 et
1220 4519 1253 4580 in
1275 4517 1342 4582 loro

595 4611 648 4672 diu
670 4619 830 4672 versatum
851 4609 1057 4671 adhibuimus.
1088 4612 1177 4674 Diem
1200 4622 1341 4691 quartam

595 4702 765 4765 indiximus
797 4702 883 4778 iulii,
907 4704 960 4782 qui
982 4719 1082 4782 nuper
1114 4705 1284 4782 praeteriit,
1307 4715 1342 4768 ut

594 4813 696 4859 coram
709 4797 798 4859 nobis
813 4797 860 4858 illi
875 4812 984 4859 omnes
996 4799 1213 4874 convenirent,
1229 4801 1342 4877 quibus

596 4900 738 4952 naturam
755 4891 848 4952 totius
863 4891 979 4967 negotii
994 4893 1236 4969 declaravimus;
1260 4893 1339 4972 quod

596 4982 656 5044 illis
671 4993 760 5045 antea
774 4983 937 5059 cognitum
957 4993 1214 5063 perspectumque
1235 4987 1341 5066 depre—

594 5075 771 5143 bendimus.

635 5171 704 5250 52.
732 5171 802 5233 Post
830 5169 903 5232 baec
935 5171 1163 5250 praecepimus,
1194 5181 1228 5235 ut
1255 5174 1340 5236 omni

596 5267 732 5346 partium
752 5266 866 5342 studio,
878 5265 1027 5344 omnique
1049 5267 1214 5345 cupiditate
1234 5269 1340 5344 soluti,

595 5374 663 5421 rem
687 5365 783 5421 totam
805 5367 946 5421 accurate
961 5361 1190 5438 perpenderent
1212 5378 1341 5440 suasque

596 5453 757 5532 opiniones
789 5454 901 5532 scripto
929 5460 1109 5532 exararent3
1139 5471 1202 5516 non
1235 5463 1340 5518 tamen

597 5547 804 5626 expetivimus
824 5548 861 5610 ab
882 5548 964 5626 ipsis,
987 5557 1021 5610 ut
1044 5549 1192 5610 iudicium
1219 5548 1340 5612 terrent

597 5641 635 5703 de
655 5649 825 5718 contractu,
842 5643 895 5720 qui
909 5643 1136 5704 controversiae
1148 5658 1268 5704 causam
1283 5643 1343 5705 ini·

597 5733 640 5794 tio
662 5735 855 5813 praebuerat,
871 5752 944 5797 cum
965 5736 1053 5815 plura
1076 5740 1260 5801 documenta
1276 5756 1338 5802 nou

596 5835 811 5906 suppeterent,
833 5844 910 5907 quae
937 5830 1108 5893 necessario
1129 5833 1163 5894 ad
1187 5831 1217 5893 id
1238 5833 1343 5912 requi-

598 5920 762 5995 rebantur3
784 5921 836 5984 sed
859 5931 893 5985 ut
914 5931 1030 5986 certam
1051 5925 1089 5986 de
1110 5929 1211 5990 usuris
1232 5928 1342 5991 doctri·

1391 1157 1463 1203 nam
1485 1143 1729 1220 constituerent,
1752 1145 1802 1207 cui
1824 1159 1887 1207 non
1909 1145 2065 1208 mediocre
2087 1146 2140 1208 de·

1393 1235 1578 1298 trimentum
1594 1237 1711 1300 inlerre
1724 1237 1912 1300 ridebantur
1925 1254 1971 1314 ea,
1987 1255 2066 1317 quae
2082 1256 2139 1302 nu-

1391 1344 1446 1408 per
1467 1330 1499 1392 in
1521 1329 1635 1408 uulgus
1662 1331 1764 1410 spargi
1785 1339 1969 1410 coeperunt:
1994 1333 2075 1396 iussa
2096 1333 2141 1395 le·
2245 1366 2248 1374 ·

1391 1432 1501 1486 cerunt
1516 1423 1671 1501 universi3
1688 1441 1760 1487 narn
1770 1442 1839 1488 suas
1854 1426 2024 1489 sententias
2039 1425 2140 1507 palam

1391 1514 1588 1580 declararunt
1616 1517 1649 1580 in
1676 1518 1794 1581 duabus
1824 1519 2140 1596 congregationibus,

1392 1626 1524 1688 quarum
1546 1612 1644 1688 prima
1666 1627 1769 1673 eoram
1791 1612 1879 1674 nobis
1899 1612 2001 1675 babita
2022 1619 2069 1674 est
2092 1611 2143 1674 dle

1393 1720 1483 1765 xvru.
1510 1703 1590 1779 iulii,
1612 1703 1706 1766 altera
1728 1721 1803 1768 vero
1824 1705 1874 1767 die
1890 1705 1989 1784 prima
2003 1707 2141 1783 angusti,

1392 1799 1444 1876 qui
1466 1813 1588 1860 menses
1610 1815 1710 1876 nuper
1730 1796 1825 1877 elapsi
1844 1806 1934 1876 sunt3
1957 1816 1991 1862 ac
2011 1801 2143 1862 demum

1392 1893 1514 1954 easdem
1535 1892 1704 1954 sententias
1731 1893 1989 1970 congregationis
2010 1899 2144 1955 secreta·

1391 1986 1438 2047 rio
1459 1986 1585 2065 scriptas
1606 1987 1812 2049 tradiderunt.

1432 2080 1451 2156 ἓ
1472 2079 1501 2142 3.
1525 2080 1620 2142 Porro
1642 2080 1716 2142 baec
1731 2080 1871 2143 unanimi
1892 2097 2047 2144 consensu
2070 2096 2144 2160 pro-
2215 2093 2314 2139 oacons.
2372 2133 2373 2166 ,

1393 2173 1557 2238 bavernnt.

1434 2285 1455 2329 ι.
1479 2268 1598 2331 Peccati
1618 2283 1717 2346 genus
1738 2269 1827 2346 illud,
1843 2271 1923 2347 quod
1938 2286 2031 2332 usura
2052 2286 2144 2332 vcca-
2177 2279 2337 2326 Usumlucun

1395 2371 1457 2438 tur,
1480 2379 1604 2441 qnoque
1626 2363 1657 2424 in
1679 2369 1839 2424 contractu
1859 2364 1961 2425 mutui
1983 2365 2143 2444 propriam
2162 2337 2337 2433 {mmmm

1393 2471 1481 2519 suam
1502 2456 1608 2518 sedem
1623 2463 1653 2518 et
1668 2455 1772 2518 locum
1793 2457 1895 2532 habet,
1917 2458 1951 2519 in
1973 2473 2010 2520 eo
2030 2466 2079 2520 est
2093 2475 2143 2520 re-

1394 2551 1540 2628 positum,
1553 2551 1633 2628 qiud
1646 2551 1715 2628 quis
1726 2567 1764 2613 er
1780 2551 1909 2630 ipsomet
1918 2559 2041 2628 mutuo,
2055 2555 2140 2632 quod

1393 2652 1501 2724 suapte
1522 2652 1631 2706 natura
1661 2647 1843 2708 tantundem
1866 2646 2024 2708 dumtaxat
2052 2647 2143 2710 reddi

1394 2737 1540 2816 postulat,
1563 2745 1716 2817 quantum
1737 2746 1898 2817 receptum
1919 2747 1976 2814 eet,
1998 2738 2068 2819 plus
2083 2741 2143 2802 sibi

1395 2832 1480 2894 reddi
1502 2832 1595 2906 velit,
1618 2848 1712 2910 quam
1733 2838 1780 2893 est
1803 2839 1983 2911 receptum3
2009 2833 2145 2912 ideoque

1395 2924 1476 2986 ultra
1497 2933 1625 2999 sortem,
1648 2925 1772 2986 luorum
1787 2923 1921 3004 aliquod,
1938 2925 2034 3004 ipsius
2048 2926 2146 2988 ratio-

1395 3035 1434 3080 ne
1446 3018 1559 3093 mutui,
1572 3019 1629 3079 sibi
1640 3019 1746 3080 deberi
1760 3019 1936 3081 contendat.
1960 3019 2058 3082 Omne
2072 3035 2145 3098 pro·

1394 3119 1498 3190 pterea
1519 3111 1697 3173 huiusmodi
1713 3111 1847 3186 lucrum,
1864 3113 1945 3190 quod
1960 3121 2077 3175 sortem
2091 3131 2144 3176 su·

1396 3213 1493 3284 peret,
1517 3204 1661 3266 illicitum
1683 3211 1715 3266 et
1736 3205 1916 3266 usurarium
1937 3213 1995 3267 est.

1435 3317 1470 3361 ll.
1494 3297 1603 3376 Neque
1624 3314 1698 3359 veto
1718 3297 1754 3358 ad
1772 3299 1862 3360 islam
1884 3298 1984 3361 labem
2006 3315 2145 3378 pul'gttn-
2162 3313 2334 3412 οήοιιξιίιὶιιιὶιιιιῗᾶιῇι

2162 3423 2202 3466 tas
2223 3424 2273 3466 mut

1396 3503 1505 3562 ereo,
1527 3484 1661 3566 quodid
1689 3484 1812 3548 lucrum
1841 3501 1905 3548 uon
1933 3487 2082 3550 excedens
2112 3494 2144 3551 et
2162 3473 2334 3573 {flgfflgfflss

1397 3580 1549 3654 nimium,
1573 3579 1625 3641 sed
1652 3580 1864 3656 moderatum
1888 3597 1950 3643 uon
1977 3597 2142 3659 magnum,
2163 3583 2283 3683 Quen
2298 3583 2332 3626 us

1396 3395 1477 3469 dam,
1494 3393 1594 3454 ullum
1610 3391 1748 3454 arcessiri
1762 3391 1934 3454 subsidium
1948 3395 2073 3472 poterit,
2091 3393 2144 3457 rel

1396 3673 1449 3735 sed
1468 3673 1620 3750 exiguum
1633 3671 1692 3749 sit3
1716 3671 1766 3734 vel
1781 3689 1818 3735 ex
1834 3689 1883 3748 ec,
1899 3675 1981 3752 quod
1996 3675 2032 3748 is,
2048 3691 2063 3734 a
2079 3689 2144 3752 quo

1398 3767 1427 3828 id
1449 3767 1571 3829 lucrum
1592 3767 1687 3828 solius
1714 3783 1801 3829 causa
1824 3767 1926 3828 mutui
1953 3766 2143 3846 deposcitur,

1398 3875 1459 3922 non
1480 3876 1606 3940 pauper,
1629 3862 1680 3923 sed
1703 3861 1789 3922 diues
1810 3861 1938 3937 existat,
1961 3877 2018 3923 nee
2040 3863 2145 3924 datam

1397 3955 1453 4016 sibi
1481 3962 1593 4016 muluc
1620 3969 1776 4016 summam
1801 3949 1968 4016 relicturus
1993 3955 2144 4029 otiosam,

1397 4049 1449 4110 sed
1470 4049 1506 4110 ad
1528 4046 1667 4109 torturas
1687 4063 1756 4109 suas
1770 4046 2010 4126 amplificandas,
2023 4048 2075 4110 vel
2088 4065 2147 4110 nc-

1397 4143 1443 4203 vis
1466 4141 1641 4203 coemendis
1655 4139 1797 4220 praediis,
1811 4141 1860 4202 uel
1874 4143 2066 4221 quaestuosis
2079 4143 2145 4219 agi-

1398 4235 1496 4297 tandis
1517 4235 1660 4310 negotiis,
1684 4235 1848 4298 utilissime
1868 4237 1908 4296 sit
1930 4236 2141 4314 impensurus.

1397 4331 1512 4392 Contra
1541 4331 1644 4390 mutui
1669 4327 1822 4407 siquidem
1848 4329 1967 4405 legem,
1989 4345 2067 4408 quae
2089 4345 2146 4392 ne·

1396 4423 1526 4486 cessario
1547 4423 1579 4484 in
1608 4421 1669 4484 dati
1694 4429 1786 4501 atque
1817 4424 1929 4486 redditi
1959 4423 2144 4502 aequalitate

1397 4523 1550 4591 versatur,
1574 4531 1665 4592 agere
1686 4515 1738 4578 ille
1760 4517 1966 4592 convincitur,
1990 4518 2143 4596 quisquis,

1397 4610 1503 4672 eadem
1530 4609 1713 4689 aequalitate
1739 4611 1835 4672 semel
1857 4612 1972 4690 posita,
2001 4611 2069 4690 plus
2089 4613 2144 4674 ali-

1397 4704 1469 4783 quid
1491 4720 1507 4764 a
1529 4703 1678 4782 quolibet,
1702 4703 1734 4763 vi
1755 4704 1859 4766 mutui
1888 4704 1995 4784 ipsius,
2017 4706 2066 4766 cui
2087 4722 2143 4785 per

1397 4796 1522 4876 aequale
1537 4798 1597 4859 iam
1611 4797 1683 4858 satis
1697 4804 1744 4858 est
1764 4797 1890 4875 laetum,
1907 4799 2031 4876 erigere
2045 4801 2144 4863 adbuc

1398 4909 1460 4954 nou
1484 4901 1628 4954 veretur:
1652 4893 1844 4971 proindeque
1864 4894 1890 4954 si
1910 4895 2072 4973 acceperit,
2095 4911 2145 4957 re-

1396 4986 1553 5048 stituendo
1569 4986 1628 5047 erit
1642 4987 1806 5062 obnoxius,
1820 5001 1859 5048 eu
1872 4986 1939 5050 eius
1956 4987 2143 5064 obligatione

1397 5078 1542 5156 iustitiae,
1556 5096 1649 5160 quam
1664 5080 1919 5142 commutativam
1934 5082 2099 5161 appellant,
2113 5091 2144 5144 et

1397 5175 1484 5236 cuius
1505 5182 1562 5250 est,
1586 5173 1784 5236 inhumanis
1806 5176 2013 5238 contractibus
2035 5193 2143 5255 aequa·

1398 5269 1517 5332 litatem
1538 5271 1688 5349 cuiusque
1716 5269 1873 5348 propriam
1894 5275 1925 5330 et
1949 5276 2053 5332 sancte
2080 5287 2143 5332 ser·
2171 5290 2175 5296 ’

1398 5379 1479 5440 vare,
1503 5371 1533 5424 et
1554 5379 1615 5426 non
1636 5369 1792 5425 servatam
1814 5372 1918 5426 exacte
1939 5380 2091 5442 reparare.

1437 5473 1485 5518 ιιι.
1509 5457 1566 5517 Per
1580 5457 1770 5519 haerentem
1786 5473 1983 5536 nequaquam
1999 5467 2141 5536 negatur,
2173 5467 2338 5576 uptqffiffis.

2160 5545 2188 5578 ve

2159 5597 2175 5632 u
2188 5587 2269 5632 mnino
2280 5580 2338 5624 direr-

1396 5648 1543 5724 quosdam
1565 5645 1651 5722 alios,
1674 5655 1710 5708 ut
1729 5646 1836 5722 aiunt,
1859 5645 1977 5723 titulos,
2007 5649 2142 5710 eosdem·
2160 5628 2337 5748 biirjemffiffrffl

1396 5755 1456 5817 que
1477 5739 1599 5818 ipsimet
1615 5740 1789 5801 universim
1811 5747 1941 5802 naturae
1962 5739 2064 5802 mutui
2086 5741 2143 5802 mi·
2160 5751 2211 5793 tun
2230 5744 2287 5790 utin
2301 5746 2337 5782 sor-

1396 5835 1481 5896 nime
1503 5834 1624 5895 innatos
1646 5842 1676 5894 et
1698 5833 1890 5910 intrinsecos,
1914 5832 1993 5895 torte
2014 5850 2142 5897 concur·
2159 5806 2214 5848 ‘⁰¹⁰'

1397 5569 1484 5632 posse
1505 5550 1689 5632 quandoque
1704 5568 1763 5613 una
1779 5567 1851 5612 cum
1867 5553 1970 5614 mutui
1984 5561 2141 5616 contractu

1396 5945 1476 6003 rere,
1499 5945 1538 5989 ex
1559 5929 1670 6006 quibus
1692 5928 1771 5991 iusta
1792 5929 1923 5992 omnino
1944 5929 2143 6008 legitimaque

2278 3379 2289 3423 l

2288 3425 2334 3466 sitm
