4838 6982
90 569 147 617 An.
167 569 194 618 C.
219 567 287 618 1754

118 713 220 774 parans
244 723 297 768 pro·
316 700 460 763 citudinis
483 708 604 762 nostrae
625 717 730 763 curam
746 702 781 763 ad
797 700 947 778 illyricam
965 699 1061 760 natio·

74 769 297 880 Ξῖἶὲῗῗέαιέἶὲξξ
316 811 388 856 nem
405 801 635 870 convertentes,
651 810 807 874 suprema,
824 812 883 874 qua
899 793 1061 870 lungimur

74 883 297 972 lffilliusffi
315 887 477 966 apostolica
509 890 700 963 auctoritaie,
734 889 890 962 volumus,
914 887 1060 966 praecipi-

74 980 195 1077 marnac
206 989 296 1026 consu.
315 998 397 1056 mus,
413 989 505 1060 atque
526 983 719 1055 mandamus,
737 990 771 1044 ut
786 977 978 1044 ecclesiastici
994 997 1059 1042 om·

146 1067 152 1076 ’
315 1091 370 1138 nes
390 1083 421 1137 et
436 1077 608 1136 sacerdotes
624 1083 684 1136 tam
701 1076 883 1149 saeculares,
900 1091 991 1152 uuam
1007 1091 1062 1154 cu2

315 1170 498 1246 luscumque
520 1168 643 1232 ordinis
658 1177 711 1231 aut
731 1170 867 1232 lnstituti
887 1170 1056 1244 regulares,

314 1262 486 1339 quiritum
517 1259 774 1324 slavo-Latinum
801 1262 1001 1340 profitentur,
1025 1263 1054 1324 in

312 1366 444 1436 augusto
464 1357 568 1420 altaris
589 1358 736 1420 sacrificio
758 1367 789 1419 et
810 1357 841 1418 in
866 1356 947 1417 horis
969 1371 1056 1416 cano-

314 1453 390 1516 nicis
417 1453 546 1531 aliisque
575 1452 689 1513 divinis
710 1452 822 1514 Officiis
844 1449 1056 1529 persolvendis

312 1565 344 1610 ac
365 1549 526 1623 obeundis,
550 1549 692 1624 missalia,
712 1547 837 1611 tabellas
853 1557 883 1608 el
905 1546 1055 1608 breviaria
1086 1599 1087 1606 ,

311 1641 536 1704 characteribus
551 1640 797 1720 hieronymianis
813 1640 960 1717 impressa
978 1638 1056 1716 typis

312 1736 569 1812 congregationis
580 1733 795 1813 Propagandae
809 1734 905 1808 Fidei,
915 1749 1056 1811 quaeque

310 1831 514 1908 imposterum
531 1830 644 1892 ibidem
661 1831 894 1907 imprimentur,
912 1844 973 1889 non
989 1829 1055 1888 sine

310 1923 443 2001 praeviis
465 1924 649 2002 opportunis
672 1923 879 1985 revisionibos
895 1931 926 1982 et
948 1936 1055 1998 appro-

311 2017 484 2078 bationibus
505 2016 634 2095 aliisque
648 2017 816 2094 diligentiis
831 2016 990 2094 hucusque
1005 2015 1056 2076 ad-

309 2111 415 2171 hibitis
430 2120 461 2172 et
475 2111 619 2189 deinceps
640 2111 846 2172 adhilrendiso
864 2110 937 2171 viris
959 2109 1054 2170 vinctis

309 2213 339 2265 et
355 2203 608 2266 slavo-Latinum
631 2203 741 2264 idioma
754 2221 787 2265 ac
802 2202 1053 2281 hieronymianos

308 2297 497 2358 characteres
526 2297 664 2374 apprime
686 2297 885 2370 callentibus,
908 2296 1053 2375 quemad-

308 2391 434 2452 modum
459 2407 513 2468 per
535 2391 622 2468 plura
638 2398 774 2452 anteacta
793 2391 911 2452 saecula
927 2391 963 2451 ab
984 2389 1053 2466 llly-

307 2483 371 2545 rico
393 2484 475 2546 clero
496 2491 655 2546 servatum
670 2485 805 2546 studiose
820 2484 888 2558 luit,
907 2485 945 2545 ita
968 2484 1053 2545 dein-

307 2595 377 2655 ceps
398 2578 527 2639 omnino
549 2578 695 2640 adhibere
723 2579 853 2639 debcant
875 2586 905 2638 et
930 2587 1054 2640 tenean-

309 2678 373 2731 tur:
399 2679 492 2749 utque
515 2672 720 2749 inposterum
739 2687 880 2733 nemoex
897 2671 1052 2748 praedicto

306 2764 400 2838 clero,
424 2765 456 2825 in
480 2765 579 2826 missis
595 2764 798 2837 celebrandis,
815 2772 867 2825 aut
891 2765 922 2826 in
939 2764 1052 2824 divinis

306 2856 417 2919 (illiciis
446 2857 671 2936 persolvendis,
701 2845 855 2918 orationes
883 2865 914 2918 et
936 2871 1050 2933 preces,

306 2965 383 3026 quae
404 2958 508 3011 nostra
538 2956 568 3011 et
591 2950 781 3026 apostolicae
810 2949 896 3011 Sedis
919 2953 1052 3012 auctori-

307 3049 368 3104 tate
388 3043 581 3104 examinatae
598 3058 661 3103 non
678 3041 795 3105 luerint
810 3050 841 3103 et
856 3043 1050 3120 approbatae,

305 3135 445 3209 recitare,
464 3146 516 3198 aut
531 3152 655 3215 quoquo
674 3135 765 3197 modo
780 3136 925 3198 adhibere
943 3138 1050 3198 audeat

305 3243 360 3288 seu
381 3238 566 3306 praesumat.

75 3329 211 3404 'Quarum
231 3339 287 3390 exe·
345 3321 364 3394 5
385 3321 413 3382 2.
430 3321 573 3395 Quocirca
589 3323 817 3385 venerabilibus
834 3323 979 3384 iratribus
996 3339 1051 3384 no-

69 3389 157 3490 ᾏῗῑὲζ),
171 3382 286 3480 {yffiffiffi’z
304 3413 376 3474 stris
399 3413 640 3491 archiepiscopis
666 3422 696 3476 et
724 3415 892 3492 Episcopls,
914 3415 948 3476 in
976 3429 1051 3492 quo·

69 3489 154 3532 *¹³²⁰*
306 3521 376 3566 rum
397 3505 587 3568 dioecesibus
603 3508 680 3570 ritus
696 3506 930 3569 Slavo-Latinus
952 3507 1047 3583 viget,

304 3600 530 3660 committimus
559 3609 651 3677 atque
682 3601 892 3678 iniungimus,
927 3610 962 3663 ut
993 3616 1049 3680 pro

304 3691 371 3751 zelo
392 3702 422 3752 et
437 3691 660 3768 sollicitudine,
677 3709 734 3770 qua
751 3700 903 3756 tenentur
924 3711 1048 3757 concre-

303 3783 373 3844 ditis
394 3784 450 3844 sibi
473 3783 580 3846 ovibus
602 3801 752 3863 praeesse,
769 3796 799 3849 et
820 3804 977 3850 sacrorum
995 3789 1047 3849 Ec-

303 3875 411 3938 clesiae
433 3877 551 3938 rituum
576 3878 748 3955 integritati
763 3881 942 3956 advigilare,
958 3882 1048 3942 scdu-

303 3970 363 4031 larn
379 3979 579 4049 exactamque
595 3973 723 4035 huiusce
739 3981 862 4036 nostrae
878 3975 1046 4037 voluntatis

302 4081 334 4125 ac
356 4065 484 4126 districti
510 4067 662 4143 praecepti
691 4069 905 4130 executionem
936 4080 1045 4131 curent

303 4166 394 4235 atque
426 4167 574 4234 urgeant,
604 4177 636 4222 ac
659 4162 810 4223 novitates
841 4177 949 4224 omnes
971 4166 1046 4226 irre·

302 4261 433 4330 piosque
455 4253 609 4331 quoslibet
630 4253 741 4316 abusus
763 4255 940 4331 eliminent,
963 4260 1047 4320 adhi-

302 4345 373 4406 bitis
395 4345 613 4408 ellicacioribns
642 4347 786 4408 remediis
808 4367 823 4408 a
845 4350 936 4412 sacris
957 4368 1046 4414 cano-

301 4439 392 4500 nibus
407 4439 440 4500 in
455 4440 628 4516 pervicaces
643 4450 673 4501 et
688 4439 881 4504 refractarios
902 4443 1043 4520 indictis,

300 4533 411 4593 similia
434 4549 508 4594 vero
529 4533 709 4596 successivis
732 4537 923 4613 temporibus
944 4545 1044 4600 alten-

302 4626 358 4688 tari
380 4626 511 4688 minime
532 4627 699 4704 patiantur.

100 4730 214 4804 vDerceto
236 4738 281 4784 pro
339 4719 407 4795 53.
433 4721 640 4784 Deccrnentes
670 4723 721 4785 has
743 4733 861 4786 nostras
890 4724 992 4788 literas
1014 4735 1043 4788 et

66 4791 280 4880 ῗῖἷὶἷιῖῗὲἷὲῗοωω
300 4813 331 4874 in
354 4813 397 4874 eis
419 4823 565 4876 contenta
588 4815 776 4890 huiusmodi,
793 4833 915 4897 semper
928 4828 960 4880 et
975 4836 1043 4898 per-

300 4915 392 4985 petuo
413 4909 515 4982 firma,
539 4908 636 4969 valida
658 4919 689 4972 et
710 4911 839 4974 ellicacia
858 4914 990 4975 existere
1012 4923 1043 4977 et

298 4998 374 5076 iore,
386 5017 520 5080 suosque
541 5002 696 5080 plenarios
718 5012 748 5065 et
763 5005 900 5082 integros
916 5009 1043 5072 allectus

297 5095 398 5155 sortiri
422 5103 452 5156 et
474 5095 624 5169 obtinere,
643 5103 672 5156 et
694 5097 731 5158 ab
746 5098 817 5172 illis,
831 5101 865 5160 ad
882 5118 959 5178 quos
975 5119 1042 5180 spe·

297 5193 358 5246 ctat
381 5195 410 5248 et
431 5203 487 5265 pro
511 5195 649 5266 tempore
674 5191 833 5267 spectabit,
857 5192 1042 5257 inviolabili-

299 5285 346 5339 ler
367 5281 521 5342 observari
543 5281 670 5344 debere:
695 5284 798 5361 sicque
822 5291 852 5345 et
869 5301 931 5347 non
953 5287 1041 5350 aliter

298 5372 330 5433 in
354 5374 526 5449 praemissis
549 5391 603 5452 per
624 5391 835 5453 quoscumque
857 5377 971 5440 iudices
993 5396 1042 5441 or-

297 5464 431 5528 dinarios
453 5475 483 5529 et
511 5467 683 5545 delegatos,
714 5470 807 5531 etianr
836 5471 961 5534 Sanctae
983 5474 1041 5536 llo·

297 5577 405 5622 manae
419 5560 568 5622 Ecclesiae
581 5561 766 5636 cardinales,
776 5563 950 5644 horumque
962 5567 1040 5629 Con-

296 5656 504 5730 gregationes,
516 5670 636 5716 necnon
654 5656 844 5734 apostolicae
858 5654 942 5718 Sedis
954 5657 1039 5721 Nun·

295 5747 368 5822 cios,
383 5755 414 5810 et
433 5749 557 5826 quosvis
577 5749 652 5810 alios
673 5765 869 5828 quacumque
892 5754 1038 5830 praeemi-

335 5961 365 6016 lll
381 5963 416 6005 Ex
430 5961 571 6006 'salsulario
585 5964 728 6017 Supremao
742 5964 925 6020 inquisitionis
940 5969 962 6010 S.
979 5965 1067 6012 oflicii.

949 579 1143 625 nnsbblc'tt's
1168 579 1228 622 xlv.

1782 555 1838 618 581
1892 547 1945 600 An.
1960 549 1990 601 0.
2011 548 2082 600 1754

1118 699 1222 760 nentia
1243 707 1274 762 et
1296 707 1445 778 potestate
1460 700 1627 775 iungentes
1642 707 1672 761 et
1686 697 1858 772 iuncturos

1116 797 1233 859 sublata
1255 797 1299 860 eis
1321 802 1480 858 eteorum
1503 796 1628 858 cuilibet
1643 795 1751 874 quavis
1771 795 1859 858 aliter

1117 892 1271 954 iudicandi
1294 900 1324 956 et
1346 892 1569 971 interpretandi
1592 891 1734 953 iacultate
1756 897 1786 951 et
1808 906 1860 951 au-

1115 985 1267 1060 ctoritate,
1286 986 1412 1048 indicari
1429 993 1460 1048 et
1475 985 1597 1048 definiri
1620 984 1747 1060 deberc3
1770 1001 1804 1045 ac
1821 983 1861 1044 ir-

1116 1080 1211 1140 ritum
1232 1087 1264 1140 et
1287 1080 1388 1154 inane,
1411 1079 1436 1142 si
1458 1095 1543 1140 secus
1564 1094 1656 1155 super
1677 1077 1724 1136 his
1746 1092 1761 1136 a
1784 1092 1861 1153 quo-

1114 1188 1205 1250 quam
1229 1173 1336 1250 qoavis
1357 1173 1538 1236 anctoritate
1557 1171 1692 1233 scienter
1708 1170 1757 1230 vel
1772 1169 1858 1246 ignc-

1115 1273 1221 1326 ranter
1242 1265 1409 1342 contigerit
1430 1265 1585 1328 attentari.

1153 1357 1172 1431 5
1194 1357 1221 1417 l.
1247 1357 1315 1420 Non
1339 1359 1528 1421 obstantibus
1549 1358 1710 1422 contrariis
1732 1359 1857 1436 ouibus·
1878 1357 2090 1455 ,Pffli’gfflffln‘

1115 1451 1172 1524 vis,
1195 1452 1289 1512 etiam
1312 1453 1344 1513 in
1365 1451 1562 1530 synodalibus
1584 1451 1685 1512 lorsan
1714 1459 1766 1513 aut
1788 1468 1855 1529 pro·
1966 1445 1970 1454 '

1114 1545 1295 1606 vincialibus
1317 1546 1455 1606 conciliis
1476 1546 1565 1607 editis
1583 1545 1857 1607 constitutionibus

1112 1645 1164 1698 ant
1186 1638 1327 1711 decretis,
1351 1638 1523 1716 privilegiis
1545 1654 1668 1716 quoque
1682 1645 1714 1698 et
1728 1636 1857 1699 induitis

1112 1729 1211 1791 eidem
1235 1733 1352 1795 nationi
1385 1731 1536 1810 lllyricae,
1564 1732 1693 1810 eiusque
1723 1731 1857 1792 ccelesiis

1112 1832 1202 1903 alque
1225 1825 1426 1902 praesulibus,
1450 1826 1558 1905 quavis
1578 1825 1671 1886 etiam
1694 1823 1855 1902 apostolica

1111 1918 1292 1980 anctoritate
1307 1919 1456 1980 concessis
1471 1936 1504 1982 ac
1519 1919 1636 1981 iteratis
1652 1918 1769 1979 vicibus
1784 1933 1857 1979 con·

1112 2011 1242 2071 firmatis
1262 2019 1292 2072 et
1320 2011 1485 2086 innovatis,
1509 2029 1542 2074 ac
1569 2011 1694 2084 usibus,
1717 2010 1803 2087 stylis
1826 2021 1855 2072 et

1111 2103 1389 2166 consuetudinibus
1411 2105 1612 2183 qrrantumvis
1635 2103 1781 2166 diuturna
1803 2105 1855 2167 ob

1111 2197 1264 2258 servantia
1288 2198 1432 2273 sirmatis3
1455 2199 1567 2276 quibus
1582 2199 1727 2261 omnibus
1748 2209 1779 2260 et
1793 2200 1856 2261 sin-

1111 2291 1203 2368 gulis,
1229 2303 1336 2353 tenore
1364 2291 1573 2368 praesentium
1595 2301 1626 2354 et
1648 2293 1682 2352 ad
1709 2293 1854 2370 praemis·

1110 2401 1179 2446 snm
1201 2385 1365 2459 ellectum,
1387 2385 1561 2462 specialiter
1582 2393 1613 2448 et
1639 2403 1783 2464 expresse
1805 2385 1855 2446 de-

1111 2493 1265 2555 rogamus,
1287 2479 1478 2558 caeterisque
1490 2479 1652 2541 contrariis
1667 2479 1853 2558 quibuscun-

1110 2587 1181 2650 qne.

1148 2666 1167 2740 5
1188 2665 1217 2726 5.
1230 2665 1381 2727 Volumus
1396 2673 1511 2739 autem,
1526 2675 1559 2730 ut
1574 2667 1753 2729 earumdem
1769 2683 1853 2744 prae·
1881 2675 2087 2738 raucesrraasum-

1108 2759 1245 2821 sentium
1268 2759 1430 2821 literarum
1455 2761 1656 2839 transumptis
1677 2775 1731 2822 seu
1749 2777 1851 2822 exem·
1874 2732 1924 2786 ΡΜ
1939 2728 2066 2774 'mma'

1109 2852 1177 2927 plis,
1194 2853 1286 2914 etiam
1304 2853 1470 2932 impressis,
1487 2869 1581 2917 manu
1598 2854 1727 2916 alicuius
1742 2855 1852 2916 notarii

1110 2944 1221 3021 publici
1242 2945 1421 3024 subscriptis
1436 2957 1466 3009 et
1484 2947 1587 3024 sigillo
1603 2965 1751 3026 personae
1766 2949 1796 3009 in
1809 2948 1852 3010 di-

1108 3038 1227 3112 gnitate
1255 3039 1455 3104 erclesiastica
1487 3043 1673 3103 constitutae
1701 3042 1851 3117 munitis,

1108 3130 1213 3190 eadem
1236 3147 1361 3208 prorsus
1377 3133 1450 3194 sides
1471 3132 1664 3207 adhiheatur,
1681 3149 1758 3212 quare
1780 3135 1852 3213 ipsis

1108 3224 1319 3300 praesentibus
1341 3226 1550 3302 adhiberetur,
1567 3227 1591 3288 si
1609 3227 1712 3288 lorent
1733 3228 1852 3292 exhibi-

1108 3323 1155 3376 tae
1180 3317 1230 3378 vel
1255 3325 1404 3380 ostensae.

1146 3409 1165 3482 5
1185 3411 1214 3470 6.
1240 3409 1324 3472 Nulli
1339 3429 1414 3488 ergo
1429 3414 1558 3476 omnino
1576 3414 1742 3476 hominum
1764 3414 1848 3476 liceat
1905 3421 2008 3520 ismaro
2025 3433 2082 3480 voe·

1106 3503 1250 3580 paginam
1272 3503 1349 3566 hanc
1371 3513 1494 3569 nostrae
1519 3507 1745 3583 declarationis,
1770 3508 1849 3569 inhi·
1870 3485 1902 3520 ¹³³
1916 3485 1943 3520 '⁸'

1106 3595 1242 3670 bitionis,
1265 3601 1431 3676 praecepti,
1456 3601 1601 3677 mandati,
1625 3602 1850 3664 commissionis

1106 3698 1137 3751 el
1160 3691 1330 3754 voluntatis
1353 3693 1535 3770 inlr-ingere,
1552 3695 1602 3756 vel
1617 3696 1644 3756 ei
1661 3711 1736 3757 ausu
1754 3707 1849 3756 leme-

1105 3785 1185 3846 rario
1207 3787 1370 3848 contraire.
1402 3789 1431 3852 Si
1454 3793 1523 3868 quis
1545 3799 1649 3852 autern
1670 3791 1728 3852 hoc
1749 3801 1849 3854 atten-

1106 3885 1168 3938 tare
1202 3883 1452 3958 praesumpserit,
1480 3883 1727 3960 indignationem
1750 3887 1849 3946 omni-

1104 3973 1239 4049 potentis
1267 3973 1331 4047 liei,
1355 3991 1388 4035 ac
1412 3975 1570 4038 beatorum
1600 3977 1682 4037 Petri
1705 3990 1734 4039 et
1763 3978 1847 4039 Pauli

1103 4067 1320 4143 Apostolorum
1342 4069 1419 4143 eius,
1435 4085 1467 4130 se
1490 4071 1614 4130 noverit
1635 4071 1845 4134 incursurum.

1143 4159 1254 4221 llatum
1282 4161 1411 4234 Romae,
1438 4165 1516 4240 apud
1547 4163 1577 4227 S.
1606 4163 1732 4225 blaviam
1758 4165 1847 4226 llaio-

1103 4266 1180 4327 rem,
1203 4269 1285 4313 anno
1306 4253 1528 4317 incarnationis
1550 4257 1725 4318 ltorninicae
1750 4257 1847 4318 raille-

1101 4347 1178 4407 simo
1192 4347 1469 4424 septingentesimo
1486 4349 1742 4426 quinquagesimo
1757 4369 1846 4429 quar·

1103 4449 1144 4515 to,
1167 4449 1273 4502 octavo
1296 4441 1441 4502 kalendas
1468 4443 1663 4520 septembris,
1691 4446 1845 4522 pontifica-

1102 4544 1150 4594 tus
1172 4535 1271 4596 nostri
1292 4550 1374 4596 anno
1397 4550 1448 4595 xv.

1406 4917 1536 4981 CLXVl.

1100 5099 1175 5178 Apta
1205 5103 1325 5166 iterum
1354 5105 1389 5166 dc
1420 5107 1592 5172 validitate
1621 5113 1843 5173 rrcotrinrcoic·

1139 5213 1224 5266 rom,
1247 5215 1327 5275 quac
1348 5217 1367 5261 o
1390 5199 1511 5264 datobux
1530 5203 1719 5283 cordcptbcs
1738 5205 1842 5268 Goloi-

1137 5290 1234 5350 nislis
1247 5292 1501 5366 contrabuntur,
1512 5313 1647 5373 qaorum
1658 5299 1743 5360 ulter
1756 5298 1843 5360 deio-

1136 5383 1171 5444 dc
1194 5383 1386 5448 catholicam
1409 5387 1593 5466 rolipionem
1613 5391 1842 5468 commoratam

1136 5482 1165 5536 ct
1189 5479 1309 5540 iterum
1336 5479 1480 5544 declarat
1511 5483 1603 5544 raalio
1631 5484 1841 5547 rrtotrirnonlo

1136 5569 1222 5632 inito
1238 5589 1257 5634 o
1271 5571 1476 5636 Goloinionis
1492 5593 1564 5638 com
1580 5576 1638 5639 illc
1660 5577 1841 5640 condttloae

1135 5663 1237 5740 quood
1257 5667 1423 5728 otriculum
1439 5670 1535 5731 donee
1552 5670 1583 5730 in
1599 5674 1758 5732 honestate
1773 5687 1841 5750 per-

1135 5759 1285 5819 manseris
1306 5758 1361 5838 (l).
