4856 6984
963 605 1160 650 BENEDICTL'S
1182 605 1246 650 xlv.

323 725 575 788 incumbentium
596 725 841 805 supportatione,
865 740 903 786 ex
917 723 1069 786 fructibus

322 819 476 882 dictarum
499 835 679 883 mensarum
700 818 963 898 archiepiscopalis
978 825 1009 880 et
1024 834 1071 879 ca-

323 912 464 992 pitularis
486 914 668 991 respective,
684 927 839 976 summam
862 911 974 974 futuris
991 911 1071 976 vica-

322 1005 377 1067 riis
398 1005 540 1084 praefatis
560 1006 597 1068 ab
612 1005 720 1069 eodem
735 1005 895 1068 Ordinario
911 1004 969 1068 loci
985 1007 1068 1068 iuxta

323 1115 480 1164 sacrorum
518 1114 674 1163 canonum
709 1106 740 1161 et
775 1097 906 1160 Concilii
941 1099 1071 1161 Triden-

325 1193 381 1254 tinl
404 1193 529 1271 praefati
556 1195 689 1267 decreta,
713 1207 770 1255 nec
791 1207 855 1254 non
876 1191 1071 1254 constitutio·

324 1301 378 1348 nes
399 1286 444 1347 Pii
466 1287 562 1363 Papae
577 1286 614 1349 V.
638 1286 731 1348 etiam
755 1285 995 1362 praedecessoris
1016 1301 1070 1348 no·

1127 731 1157 786 et
1179 725 1348 803 capitulum
1371 731 1401 787 et
1423 724 1584 788 canonicos
1605 723 1795 787 Goritienses
1810 739 1875 784 ona·

1126 819 1217 881 uibus
1238 825 1269 880 et
1290 817 1421 895 singulis
1453 818 1525 882 dicti
1551 818 1704 894 1161611611,
1734 835 1767 881 ac
1789 832 1873 894 prae·

1125 912 1235 973 sertim
1265 911 1359 974 unius
1391 912 1501 974 missae
1535 912 1681 991 privatae,
1705 927 1797 990 qnam
1821 927 1876 990 per

1126 1006 1222 1068 dictos
1254 1004 1373 1067 futuros
1405 1007 1575 1084 capitulum
1604 1014 1635 1068 61
1657 1004 1819 1067 canonicos
1842 1005 1872 1066 in

1126 1100 1309 1174 suffragium
1331 1099 1452 1162 animae
1474 1099 1601 1178 praefati
1626 1099 1687 1161 Viti
1709 1097 1875 1177 quotannis

1126 1194 1273 1257 celebrari
1289 1196 1485 1268 mandamus,
1500 1195 1659 1270 oneribus,
1675 1193 1791 1272 pariter
1807 1207 1875 1270 per·

1127 1296 1220 1367 petuo
1253 1288 1391 1363 unimus,
1424 1287 1617 1352 annectimus
1644 1295 1674 1350 et
1701 1288 1872 1366 incorpora·

1797 584 1854 648 501
1906 583 2005 640 111.
2027 590 2095 642 1752

323 1380 390 1454 stri,
412 1395 506 1457 super
526 1379 732 1442 declaratione
758 1378 1002 1454 assignationum
1025 1379 1071 1439 ri-

323 1474 413 1536 611116
435 1474 590 1554 perpetuis
611 1473 820 1536 faciendarum
843 1472 1070 1551 6111161111-

323 1569 482 1643 sitionem,
514 1568 681 1645 quotannis
712 1566 927 1644 assignandam
957 1573 988 1628 et
1017 1581 1070 1644 per

1126 1401 1207 1446 mus·

1166 1477 1254 1553 §fl-
1281 1478 1409 1556 insuper
1431 1496 1468 1540 ea
1499 1477 1641 1557 praetatis
1673 1475 2107 1588 1111111111·1111111111

1127 1573 1262 1635 tionibus
1284 1579 1316 1634 et
1337 1573 1613 1650 suppressionibus,
1643 1591 1676 1636 ac
1704 1581 1873 1652 respective
1893 1585 2108 1685 {rffioqcuoannsstffit

90 2035 157 2084 ,11111
174 2039 305 2098 archiepi-

69 2091 198 2150 scopalis
223 2099 247 2138 et
267 2103 305 2138 ca-

70 2143 210 2198 pitularis
229 2157 304 2208 men-

69 2207 115 2240 sae
132 2207 259 2244 accessio
273 2211 303 2244 ex

71 2253 304 2306 suppressione

72 2303 207 2350 beneflcil
241 2305 305 2352 sim-

72 2355 162 2412 plicis.

323 1662 444 1724 futuros
475 1661 746 1738 archiepiscopum
778 1675 812 1722 ac
842 1659 1010 1736 capitulum
1040 1665 1070 1720 et

322 1755 485 1817 canonicos
506 1754 694 1816 Goritienses
716 1752 866 1832 praefatos
893 1752 1070 1831 persolven-

323 1850 405 1923 dam,
427 1847 590 1927 apostolica
611 1848 794 1910 auctoritate
814 1846 958 1925 praefata,
977 1845 1068 1907 etiam

323 1949 475 2022 perpetuo
496 1941 684 2020 applicamus
705 1947 737 2001 et
757 1941 1003 2018 appropriamus.

364 2038 382 2111 ἓ
407 2035 452 2098 10.
477 2035 632 2114 Et,.quia,
653 2033 733 2096 sicut
764 2035 858 2095 etiam
885 2032 1069 2110 accepimus,

323 2130 407 2204 alias,
438 2128 580 2190 videlicet
607 2127 645 2188 de
665 2141 747 2188 anno
779 2126 918 2187 eiusdem
950 2125 1068 2187 domini

324 2223 490 2284 millesimo
511 2220 738 2283 sexcentesimo
762 2219 951 2295 octogesimo
971 2224 1069 2293 sexto,

323 2316 479 2396 quondam
496 2323 569 2376 tunc
584 2313 616 2376 in
632 2313 777 2374 humanis
792 2327 886 2386 agens
899 2310 988 2373 Vltus
999 2311 1071 2373 Gul-

324 2412 379 2473 lini
403 2410 574 2489 presbyter,
597 2408 629 2469 in
651 2405 718 2468 eius
741 2413 907 2483 postremo,
930 2406 1069 2482 subque

325 2505 361 2568 ab
382 2504 527 2567 humanis
548 2499 688 2575 decessit,
708 2497 820 2574 elogio,
838 2497 988 2560 nonnulla
1003 2497 1070 2559 eins

324 2599 414 2673 bona,
437 2609 570 2676 quorum
594 2593 731 2656 redditus
752 2593 788 2654 ad
811 2605 954 2668 praesens
968 2589 1003 2650 ad
1019 2607 1071 2651 va·

324 2693 421 2754 lorenr
453 2703 594 2751 annuum
626 2685 759 2748 duorum
781 2682 917 2744 millium
938 2683 1069 2744 floreno-

322 2801 394 2848 rum
416 2791 559 2845 monetae
580 2780 704 2842 illarum
731 2777 875 2855 partiunt,
900 2785 934 2838 ut
956 2777 1070 2853 pariter

322 2877 507 2956 accepimus,
539 2870 721 2945 ascendunt,
754 2870 871 2931 intuitu
903 2870 1069 2934 erectionis

321 2969 502 3037 cathedralis
524 2965 669 3030 ecclesiae
689 2964 871 3028 Goritieusis
886 2967 1023 3046 reliquit,
1040 2978 1069 3031 et

321 3064 436 3130 deinde
456 3063 495 3127 de
516 3078 597 3124 anno
620 3060 745 3139 praelati
768 3061 886 3124 domini
908 3063 1069 3124 millesimo

320 3158 545 3222 sexcentesimo
577 3156 782 3230 nonagesimo
812 3156 940 3232 quinto,
974 3157 1069 3218 bonae

321 3253 490 3316 memoriae
519 3249 717 3314 Sebastianus
739 3250 904 3324 Antonius,
928 3251 1003 3312 dnm
1025 3249 1070 3310 vi·

321 3354 420 3419 veret,
437 3343 589 3424 praefatae
604 3344 732 3407 Sanctae
747 3343 902 3406 Romanae
919 3342 1069 3404 Ecclesiae

322 3440 492 3506 Cardinalis
514 3438 662 3500 lanarius
685 3446 893 3518 nuncupatus,
915 3447 987 3502 tnnc
1008 3438 1070 3500 dic-

320 3543 368 3596 tae
381 3534 468 3597 Sedis
481 3533 671 3610 Apostolicae
683 3532 822 3594 Nuncius
834 3531 972 3594 Viennae
987 3548 1068 3594 com·

322 3643 456 3700 morans,
480 3641 518 3687 ex
540 3626 629 3687 bonis
651 3643 666 3686 a
685 3625 819 3703 praefato
834 3626 915 3700 Vite,
933 3633 966 3688 ut
983 3643 1067 3704 prae-

321 3722 431 3795 fertur,
455 3719 580 3793 relictis,
602 3734 704 3779 unum
718 3719 862 3798 simplex,
880 3730 910 3782 et
925 3736 1068 3799 persona·

320 3814 383 3875 lem
405 3811 606 3873 residentiam
627 3827 689 3873 non
706 3814 869 3890 requirens
885 3813 1067 3875 beneficium

320 3908 557 3973 ecclesiasticum
580 3907 612 3969 in
635 3906 799 3984 parochiali
820 3923 874 3968 sen
896 3907 952 3968 alia
974 3907 1070 3969 eccle-

319 4005 362 4066 sia
384 4002 516 4065 civitatis
537 4000 720 4064 Goritiensis
739 3999 900 4077 praelatae,
917 4001 1069 4062 11116116-

320 4101 439 4157 cretum
469 4091 727 4168 congregauonis
759 4097 834 4153 tnnc
866 4089 1068 4152 existentium

321 4187 473 4266 praelatae
495 4186 527 4249 S.
542 4186 577 4247 ll.
592 4185 627 4245 E.
645 4183 857 4246 cardinalium
871 4181 1068 4246 decretorum

321 4281 393 4344 dicti
417 4279 545 4342 Consilii
568 4277 743 4340 Tridentini
767 4276 987 4353 interpretum,
1004 4293 1070 4338 616-

322 4375 366 4435 111
388 4380 417 4434 61
439 4373 595 4434 fundavit:
613 4387 669 4432 nos
684 4369 812 4449 provide
827 4369 1067 4446 considerantes,

320 4473 434 4528 attenta
458 4463 616 4525 erectione
640 4463 903 4541 archiepiscopalis
925 4463 1068 4525 ecclesiae

320 4557 502 4621 Goritiensis
525 4555 701 4620 uniusmodi
725 4571 779 4632 per
801 4571 867 4628 nos,
886 4561 919 4616 ut
934 4554 1069 4632 praefer·

322 4659 384 4726 tur,
407 4650 493 4724 facta,
517 4649 597 4726 piam
619 4646 746 4726 praefati
776 4645 840 4707 Viti
861 4647 1068 4709 intentionem

320 4749 351 4804 et
370 4742 585 4804 fundationem
606 4755 700 4802 suum
722 4739 896 4817 plenarium
923 4739 1068 4801 ellectum

320 4837 380 4898 iam
395 4841 618 4912 consequutam
635 4849 712 4906 esse,
726 4832 925 4906 beneficium,
938 4840 972 4893 ut
985 4848 1067 4909 prae-

319 4927 431 5002 fertur,
454 4929 489 4990 ad
514 4935 635 5004 tempus
657 4925 858 4998 destinatum,
882 4933 1023 4986 erectum
1038 4935 1068 4987 et

319 5021 483 5083 fundatum
506 5019 695 5092 huiusmodi,
713 5033 775 5079 non
797 5017 941 5079 obstante
959 5017 1069 5095 quovis

297 5114 459 5177 'dissensu
488 5129 543 5176 seu
571 5111 726 5174 obstaculo
759 5109 900 5172 moderni
927 5109 1069 5171 11111611-

320 5206 439 5282 tularis,
462 5203 691 5285 praevia'illius
715 5203 794 5264 tituli
820 5203 968 5279 collativi,
995 5221 1068 5284 quar

319 5305 411 5360 tenus
441 5314 517 5376 opus
543 5298 593 5373 sit,
617 5303 764 5375 perpetua
796 5297 1015 5373 suppressione
1037 5305 1068 5359 et

317 5391 521 5467 extinctione,
544 5407 607 5452 una
630 5406 701 5452 cnm
723 5389 869 5451 omnibus
890 5397 921 5450 et
936 5389 1069 5466 singulis

318 5483 401 5546 illius
423 5484 524 5557 bonis,
548 5483 708 5556 fructibus,
733 5480 915 5557 redditibus,
936 5497 1068 5560 proven·

319 5576 412 5650 tibus,
426 5575 557 5650 iuribus,
570 5575 811 5638 obventionibus
827 5581 857 5636 et
872 5574 1066 5635 emolumen-

319 5670 356 5732 tis
378 5669 543 5744 universis,
575 5676 673 5741 motu,
705 5668 834 5729 scientia
856 5677 887 5729 et
908 5667 1066 5744 potestatis

317 5763 514 5839 plenitudine
534 5761 699 5836 similibus,
723 5761 839 5822 mensis
867 5760 1066 5836 archiepisco·

318 5856 378 5933 pati
401 5861 432 5918 et
455 5856 626 5932 respective
647 5853 807 5932 capitulari
824 5853 979 5931 praefatis,
995 5870 1067 5933 sup·

318 5949 446 6027 portatis
465 5956 568 6010 tamen
583 5962 637 6025 per
656 5947 777 6009 futuros
793 5947 1064 6024 lrcuiepiscopum

1128 1667 1295 1728 unionibus
1316 1673 1346 1726 et
1377 1665 1642 1743 applicationibus,
1665 1681 1721 1743 per
1753 1681 1819 1739 nos,
1840 1672 1874 1726 ut
1892 1693 1932 1738 aa,

1127 1759 1312 1837 praefertur,
1335 1753 1431 1835 lactis,
1454 1768 1569 1824 certam
1589 1769 1621 1822 et
1644 1761 1735 1821 frxam
1757 1760 1872 1834 dotem,

1127 1863 1189 1916 tam
1211 1853 1484 1932 archiepiscopalis,
1506 1869 1599 1931 quam
1621 1853 1796 1930 capitularis
1818 1852 1875 1915 Go-

1126 1948 1231 2008 rltien.
1256 1961 1434 2008 mensarum
1456 1946 1631 2008 huiusmodi
1652 1946 1808 2008 destinare
1830 1946 1874 2008 in-

1128 2043 1302 2113 tendentes,
1326 2055 1380 2117 pro
1403 2048 1541 2118 tempore
1559 2040 1703 2102 existenti
1719 2040 1874 2118 archiepi-

1125 2150 1215 2211 scopo
1230 2134 1409 2208 Goritiensi,
1423 2134 1455 2194 in
1470 2141 1652 2212 computum
1667 2133 1870 2211 praefatorum

1125 2243 1179 2288 sex
1202 2225 1336 2292 millium
1362 2236 1582 2289 sexcentorum
1611 2229 1801 2291 florenorum
1823 2239 1874 2286 an-

1127 2336 1263 2383 nuorum
1285 2335 1340 2397 pro
1364 2320 1432 2382 eius
1461 2320 1710 2393 manutentione,
1734 2327 1767 2382 ut
1789 2335 1874 2398 prae-

1127 2414 1237 2487 fertur,
1260 2413 1499 2490 assignatorum,
1523 2413 1662 2476 redditus
1689 2413 1874 2493 patriarcba-

1127 2509 1163 2569 lis
1184 2507 1330 2568 ecclesiae
1352 2506 1503 2586 praefatae
1514 2505 1721 2585 Aquileiensis
1736 2523 1791 2585 per
1805 2521 1873 2580 nos,

1127 2609 1161 2664 ut
1182 2599 1368 2678 praefertur,
1389 2615 1569 2678 suppressae
1591 2606 1623 2661 et
1649 2600 1815 2674 extinctae,
1838 2601 1873 2662 ad

1126 2701 1290 2772 quatuorm
1305 2692 1356 2753 ille
1370 2701 1401 2754 et
1413 2691 1655 2770 quadringentos
1671 2695 1803 2755 florenos
1820 2692 1875 2754 bu·

1126 2786 1259 2848 iusmodi
1281 2785 1454 2858 annuatim,
1478 2791 1512 2846 nt
1527 2785 1672 2846 similiter
1689 2786 1873 2864 accepimus,

1126 2879 1345 2954 ascendentes;
1368 2894 1401 2940 ac
1423 2894 1461 2938 61
1484 2894 1568 2940 1116
1583 2887 1675 2956 prout
1689 2893 1728 2940 ex
1743 2884 1828 2952 tunc,
1846 2887 1876 2938 et

1125 2979 1281 3044 econtra,
1311 2978 1474 3049 postquam
1505 2971 1623 3034 dictum
1652 2971 1872 3032 monasterium

1126 3065 1228 3128 Sancti
1260 3064 1342 3126 Petri
1364 3065 1402 3126 de
1423 3063 1547 3126 llosacio
1569 3081 1608 3125 ex
1640 3079 1769 3142 persona
1791 3079 1877 3141 prae-

1126 3157 1178 3218 fati
1201 3156 1313 3232 angeli
1344 3157 1456 3218 llariae
1486 3156 1656 3218 Cardinalis
1681 3162 1713 3216 et
1737 3155 1874 3233 Episcopi

1125 3250 1234 3328 quovis
1257 3249 1359 3323 modo,
1383 3249 1467 3311 illius
1482 3250 1663 3310 commenda
1679 3248 1823 3327 praefata,
1841 3255 1875 3309 ut

1125 3343 1310 3420 praefertur,
1323 3349 1472 3416 cessante,
1485 3358 1592 3404 vacare
1603 3343 1783 3419 contigerit,
1796 3343 1875 3403 eius-

1125 3437 1195 3498 dem
1212 3425 1392 3498 monaste'rii
1409 3436 1439 3499 S.
1451 3435 1533 3498 Petri
1549 3435 1586 3498 de
1600 3436 1726 3498 Rosacio
1743 3436 1874 3512 fructus,

1126 3531 1263 3595 redditus
1284 3539 1316 3592 et
1331 3540 1502 3609 proventus
1517 3546 1555 3592 ex
1570 3530 1658 3592 bonis
1675 3531 1706 3592 iu
1720 3531 1873 3594 lustriaco

1124 3627 1244 3689 ditione
1277 3624 1482 3688 existentibus
1514 3625 1744 3704 provenientes,
1776 3633 1808 3687 et
1839 3627 1873 3688 ad

1124 3735 1279 3782 summam
1303 3718 1387 3780 mille
1409 3726 1538 3780 centum
1559 3719 1751 3780 florenorum
1769 3734 1875 3780 mone-

1126 3820 1172 3873 tae
1195 3812 1317 3873 illarnm
1350 3811 1485 3889 partium
1518 3811 1611 3872 etiam
1644 3810 1817 3885 annuatim,
1841 3819 1872 3873 ut

1125 3905 1240 3984 pariter
1271 3903 1456 3980 accepimus,
1487 3904 1705 3979 ascendentes;
1729 3905 1874 3965 ucetiam

1125 3999 1237 4076 quibus
1259 3996 1482 4076 patriarchatus
1504 3995 1712 4074 Aquileiensis
1733 4013 1788 4074 per
1807 4012 1873 4071 nos,

1127 4099 1160 4154 ut
1181 4090 1366 4170 praefertur,
1394 4105 1575 4167 suppressus
1597 4098 1628 4150 et
1650 4090 1817 4163 extinctus,
1841 4088 1875 4151 il·
1945 4134 1947 4138 .

1125 4186 1247 4263 liusque
1270 4183 1442 4244 Patriarclxa
1464 4198 1520 4259 pro
1542 4189 1682 4261 tempore
1704 4183 1838 4245 existens
1860 4200 1875 4244 a

1126 4286 1210 4357 parte
1241 4276 1363 4354 imperii
1393 4275 1565 4348 fruebatur,
1590 4275 1622 4336 in
1651 4292 1772 4337 summa
1802 4293 1875 4354 qua-

1124 4371 1365 4446 dringentorum
1395 4368 1555 4444 sexaginta
1587 4378 1723 4448 quatuor
1744 4371 1877 4432 floreno-

1126 4481 1195 4526 rum
1217 4463 1366 4525 similium
1388 4478 1582 4540 annuorum3
1600 4478 1721 4524 necnon
1738 4463 1891 4533 redditus,

1124 4556 1358 4619 secundodictae
1386 4555 1566 4632 parochialis
1595 4555 1739 4618 ecclesiae
1762 4557 1792 4619 S.
1817 4557 1876 4618 lla·

1125 4650 1187 4710 riae
1208 4649 1246 4710 de
1267 4645 1413 4721 Romana,
1438 4655 1472 4710 ut
1493 4646 1678 4726 praefertur,
1695 4665 1874 4726 suppressae

1124 4749 1154 4804 et
1176 4741 1344 4814 extinctae,
1366 4757 1399 4802 ac
1421 4741 1526 4814 etiarn,
1551 4749 1584 4802 ut
1605 4741 1789 4820 praefertur,
1806 4741 1877 4803 unl-

1125 4843 1182 4910 tae,
1207 4849 1349 4895 annexae
1370 4841 1402 4896 et
1425 4834 1647 4912 incorporatae,
1664 4835 1699 4896 ad
1715 4842 1875 4896 sexcentos

1124 4929 1258 4990 florenos
1278 4926 1424 4988 similiter
1445 4927 1620 5002 annuatim,
1635 4935 1669 4988 ut
1684 4928 1777 4989 etiam
1793 4943 1874 4989 acce-

1124 5020 1237 5096 pimus,
1254 5019 1464 5093 ascendentes,
1478 5020 1624 5081 similiter
1639 5029 1788 5097 perpetuo
1803 5035 1875 5081 con-

1118 5107 1261 5174 'cedimus
1273 5121 1303 5175 et
1315 5114 1516 5188 assignamus.
1532 5115 1570 5174 Et
1582 5115 1726 5190 quamvis
1741 5111 1776 5172 ad
1792 5129 1875 5174 com·

1125 5205 1267 5284 ptendam
1290 5206 1444 5281 integram
1465 5221 1623 5266 summam
1646 5206 1800 5268 dictorum
1821 5224 1873 5268 sex

1125 5299 1260 5362 millium
1279 5306 1309 5360 et
1323 5305 1542 5360 sexcentorum
1560 5299 1752 5362 florenorum
1768 5315 1874 5361 mone·

1125 5399 1172 5453 tae
1187 5391 1339 5470 praefatae
1354 5407 1409 5469 pro
1424 5407 1561 5468 congrua
1578 5391 1805 5470 archiepiscopi
1817 5393 1873 5456 Go-

1124 5484 1258 5545 rltieusis
1280 5501 1335 5562 pro
1357 5491 1497 5560 tempore
1512 5485 1671 5546 existentis
1687 5483 1814 5564 praefati
1828 5502 1873 5546 as-

1122 5577 1329 5653 signatorum,
1353 5576 1537 5652 trigintasex
1559 5577 1669 5638 floreni
1688 5577 1805 5638 similes
1821 5593 1875 5640 an·

1124 5669 1243 5730 unatim
1264 5668 1424 5745 16161111
1447 5668 1652 5731 nibilominus
1666 5671 1773 5733 eadem
1790 5687 1875 5732 sum-

1124 5779 1184 5837 ma,
1207 5769 1242 5822 ut
1264 5762 1449 5840 praefertur,
1472 5763 1635 5838 assignata,
1654 5771 1811 5843 tamquam
1828 5763 1874 5824 in·

1124 5862 1207 5931 tegra
1223 5856 1392 5932 computari
1408 5854 1543 5929 debebit,
1561 5862 1627 5917 tum
1643 5857 1713 5935 quia
1730 5857 1818 5932 bona,
1837 5866 1870 5920 ut

1123 5964 1177 6026 par
1205 5955 1269 6024 est,
1292 5946 1461 6024 diligenter
1488 5947 1717 6024 administrata,
1741 5950 1873 6011 maiores
