4856 6984
334 547 522 602 an.c.1vaa
574 552 633 616 50ss

332 1909 532 1965 Derogatiocon-

321 1963 463 2009 trariorum.

550 689 646 750 etiam
666 703 826 751 causarum
842 688 944 766 palatii
958 688 1114 766 apostolici
1129 690 1293 761 auditores,

551 782 690 844 eiusdem
713 781 840 846 Sanctae
866 781 1023 844 Romanae
1050 781 1202 844 Ecclesiae
1223 783 1295 846 Gar-

551 872 679 951 dinales,
701 875 795 937 etiam
810 875 846 936 de
866 875 961 937 latere
981 875 1121 953 Legatos,
1138 874 1294 953 llicelega·

552 975 609 1039 tos,
630 969 790 1047 dictaeque
810 967 896 1032 Sedis
921 965 1068 1044 Nuncios,
1090 977 1122 1030 et
1144 970 1294 1048 quoslibet

551 1059 624 1121 alios
646 1061 752 1139 quavis
772 1062 983 1141 praerogativa
1000 1071 1031 1123 et
1046 1061 1209 1138 privilegio
1224 1061 1295 1124 lun·

550 1161 670 1230 gentes,
686 1171 718 1216 ac
739 1155 857 1217 bonore
872 1163 902 1218 et
916 1156 1158 1234 praeeminentia
1173 1154 1294 1232 turgen-

550 1255 608 1322 tes,
630 1247 748 1310 sublata
775 1249 818 1310 eis
840 1256 1002 1311 eteorum
1033 1249 1160 1312 cuilibet
1187 1250 1293 1329 quavis

549 1341 638 1402 aliter
669 1341 822 1403 indicandi
844 1349 874 1402 et
897 1342 1121 1420 interpretandi
1151 1343 1294 1405 facultate

550 1441 581 1496 et
602 1435 796 1509 anctoritate,
818 1435 945 1497 iudicari
970 1442 1000 1497 et
1026 1435 1149 1498 definiri
1171 1437 1293 1510 debere,

550 1534 581 1588 et
601 1527 627 1588 si
648 1544 735 1590 secus
755 1544 849 1606 super
869 1529 916 1589 bls
937 1545 952 1590 a
973 1531 1106 1606 quodam
1121 1530 1228 1608 quavis
1243 1547 1294 1592 au-

549 1621 691 1682 ctoritate
709 1621 843 1684 scienter
856 1623 907 1684 vel
928 1623 1110 1699 ignoranter
1130 1624 1294 1700 contigerit

551 1715 707 1789 attentari,
730 1715 853 1777 irritum
874 1723 904 1776 et
920 1716 1014 1778 inane
1028 1724 1115 1778 motu
1131 1717 1194 1793 pari
1209 1717 1294 1778 simi·

550 1805 621 1869 liter
642 1807 838 1870 decernimus
859 1815 916 1870 etc.
940 1816 997 1871 etc.
1021 1818 1080 1872 etc.

590 1889 678 1976 §192
703 1900 772 1962 Non
798 1901 988 1962 obstantibus
1017 1903 1110 1980 priori
1134 1903 1293 1966 voluntate

550 2000 653 2055 nostra
674 1993 818 2073 praelata,
841 2009 874 2056 ac
894 1993 961 2072 piae
987 1999 1154 2060 memoriae
1175 1999 1293 2061 Bonita·

548 2088 587 2149 cii
605 2087 699 2166 Papae
714 2086 817 2151 Octavi
833 2088 926 2150 etiam
942 2089 1180 2168 praedecessoris
1196 2093 1291 2155 nostri

548 2181 586 2242 de
600 2195 673 2256 nna,
689 2188 720 2242 et
736 2181 866 2244 Concilii
881 2183 1033 2260 generalis
1048 2185 1085 2245 de
1100 2185 1218 2248 duabus
1231 2187 1293 2248 die·

549 2276 599 2346 tis,
622 2276 789 2338 dummodo
810 2276 890 2338 ultra
913 2285 975 2338 tres
999 2278 1093 2340 dietas
1116 2277 1226 2356 aliquis
1248 2281 1293 2340 vi-

548 2385 623 2446 gore
643 2370 852 2450 praesentium
874 2372 911 2434 ad
931 2371 1081 2433 iudicium
1108 2387 1172 2433 non
1195 2373 1294 2434 traba-

548 2471 612 2539 tur,
634 2480 667 2524 ac
688 2463 846 2542 quibusvis
871 2463 948 2539 aliis,
972 2465 1065 2526 etiam
1087 2465 1119 2526 in
1141 2465 1293 2542 synodali·

548 2556 614 2632 bns,
637 2555 878 2635 provincialibus
900 2558 1158 2636 generalibusque
1186 2560 1294 2622 Conci·

548 2648 597 2710 liis
618 2650 707 2712 editis
728 2650 778 2711 vel
808 2649 946 2724 edendis,
969 2651 1149 2728 specialibus
1171 2653 1222 2714 vel
1243 2669 1293 2728 ge-

548 2742 703 2804 neralibus
718 2743 988 2805 constitutionibus
1003 2752 1034 2805 et
1048 2745 1293 2808 ordinationibus

548 2835 731 2913 apostolicis,
754 2851 875 2898 necnon
904 2837 1067 2898 nostriset
1089 2838 1294 2901 cancellariae

547 2930 738 3008 apostolicae
759 2928 910 3007 praelatae
931 2930 1046 3006 regulis
1069 2932 1105 2992 de
1120 2931 1187 2993 iure
1202 2949 1292 3010 quae·

547 3021 605 3083 sito
628 3038 691 3084 non
724 3021 859 3084 tollendo
890 3039 922 3084 ac
943 3023 980 3083 de
1002 3025 1108 3098 gratiis
1130 3027 1164 3086 ad
1198 3025 1293 3087 instar

548 3131 611 3177 non
626 3115 839 3190 concedendis,
852 3131 974 3178 necnon
990 3117 1203 3180 Lateranensis
1215 3118 1294 3182 Gon·

547 3209 609 3270 cilii
631 3208 800 3270 novissime
822 3209 977 3285 celebrati,
1000 3211 1132 3274 uniones
1154 3221 1185 3276 et
1199 3215 1293 3292 appli-

547 3303 683 3365 cationes
712 3308 886 3380 perpetuas,
909 3303 967 3365 nisi
989 3304 1022 3366 in
1050 3308 1167 3369 casibus
1189 3325 1203 3368 a
1226 3309 1293 3370 iure

547 3395 704 3475 permissis
716 3395 783 3456 fieri
795 3395 1207 3478 prohibentis,ac,quatenus
1218 3417 1294 3479 opus

547 3491 598 3564 sit,
622 3488 796 3568 primodicti
817 3491 993 3553 monasterii
1016 3501 1047 3554 et
1069 3493 1189 3556 Ordinis
1209 3511 1293 3573 prae-

546 3581 613 3658 lati,
635 3583 728 3646 etiam
752 3583 939 3658 iuramento,
966 3586 1203 3649 confirmatione
1224 3605 1294 3668 apo·

546 3675 652 3738 stolica
678 3675 729 3737 vel
749 3675 857 3753 quavis
882 3675 1030 3738 firmitate
1058 3677 1115 3740 alia
1144 3680 1294 3743 roboratis

546 3770 680 3844 statutis,
702 3768 874 3847 privilegiis
896 3785 1030 3848 quoque,
1056 3771 1184 3835 indultis
1206 3783 1237 3835 et
1258 3773 1292 3835 li-

547 3863 621 3925 teris
642 3862 824 3942 apostolicis,
847 3862 1009 3941 quibusvis
1030 3865 1242 3944 superioribus
1264 3875 1291 3930 et

546 3955 698 4035 personb,
720 3955 777 4017 sub
804 3955 1052 4034 quibuscumque
1081 3959 1240 4021 tenoribus
1261 3968 1292 4021 et

546 4050 655 4112 lormis
676 4067 709 4112 ac
730 4065 802 4111 cum
823 4049 983 4127 quibusvis
1011 4051 1106 4113 etiam
1134 4053 1292 4130 derogato-

547 4144 663 4205 riarum
685 4144 900 4220 derogatoriis,
917 4142 1044 4223 aliisque
1058 4144 1292 4222 efficacioribus,

546 4235 762 4298 efficacissimis
783 4245 814 4298 et
835 4235 968 4298 insolitis
990 4238 1146 4312 clausulis,
1170 4239 1291 4301 irritan-

549 4329 690 4408 libusque
704 4335 735 4390 et
746 4328 812 4390 aliis
824 4330 963 4406 decretis,
977 4331 1071 4392 etiam
1084 4339 1182 4408 motu,
1194 4334 1293 4396 scien·

548 4421 588 4483 tia
609 4429 640 4484 et
668 4422 824 4499 potestatis
851 4421 1043 4499 plenitudine
1068 4423 1237 4501 similibus,
1261 4445 1293 4489 ac

545 4517 639 4577 etiam
660 4515 923 4590 consistorialiter,
939 4523 992 4579 ant
1013 4517 1084 4580 alias
1101 4519 1292 4597 quomodoli-

545 4609 608 4684 bet,
631 4609 723 4670 etiam
754 4606 869 4686 pluries
889 4616 921 4670 et
943 4611 1059 4673 iteratis
1082 4612 1200 4676 vicibus
1222 4630 1293 4676 con·

545 4701 648 4776 cessis,
671 4701 871 4774 confirmatis,
891 4703 1062 4780 approbatis
1077 4713 1108 4768 et
1124 4706 1291 4781 innovatis,

546 4809 667 4856 necnon
690 4792 822 4872 praelata
843 4793 953 4855 ultima
971 4796 1044 4857 dicti
1059 4796 1214 4875 quondam
1231 4800 1292 4861 bu-

546 4887 664 4964 gastini
695 4885 812 4949 Codelli
840 4887 1002 4951 voluntate
1029 4897 1060 4950 et
1081 4891 1290 4968 dispositione.

545 4980 662 5053 Quibus
680 4979 826 5042 omnibus
840 4988 872 5041 et
885 4981 1027 5058 singulis,
1044 4983 1165 5046 etiamsi
1187 5001 1241 5064 pro
1257 4986 1291 5047 il-

547 5073 648 5135 lorum
668 5071 833 5136 sufficienti
851 5074 1061 5152 derogatione,
1077 5077 1150 5138 alias
1171 5079 1209 5140 de
1232 5079 1291 5142 illis

545 5182 718 5246 eorumque
739 5168 810 5231 totis
833 5169 1002 5245 tenoribus,
1024 5170 1174 5248 specialis,
1195 5175 1294 5251 speci-

546 5261 600 5322 fica
623 5269 653 5322 et
675 5275 828 5338 expressa,
851 5279 884 5324 ac
905 5263 1075 5338 individua,
1091 5273 1123 5326 et
1145 5267 1183 5327 de
1198 5267 1293 5328 verbo

545 5353 747 5428 adverbum,
770 5371 834 5416 non
867 5363 971 5417 autem
993 5373 1048 5436 per
1068 5359 1218 5421 clausulas
1241 5375 1291 5437 ge·

546 5447 664 5509 nerales
680 5447 761 5509 idem
776 5449 989 5527 imponantes,
1002 5452 1120 5512 mentio
1132 5468 1187 5515 seu
1201 5469 1293 5530 quae-

545 5541 591 5602 vis
613 5541 670 5602 alia
690 5541 845 5619 expressio
867 5542 1016 5618 habenda,
1040 5551 1093 5605 aui
1114 5542 1214 5624 aliqua
1236 5546 1292 5606 alia

545 5635 640 5695 etiam
668 5634 819 5713 exquisita
851 5643 882 5699 et
914 5635 1077 5713 peculiaris
1105 5638 1202 5700 iorma
1230 5656 1293 5702 ser·

545 5729 643 5790 vanda
674 5727 765 5802 loret,
789 5736 913 5790 tenores
942 5729 1131 5807 huiusmodi,
1154 5733 1291 5794 aeside

544 5820 640 5882 verbo
661 5819 697 5880 ad
719 5821 862 5897 verbnm,
886 5822 964 5883 nibil
987 5824 1110 5900 penitus
1131 5827 1244 5888 omisso
1260 5834 1290 5888 et

544 5911 641 5978 iorma
663 5913 696 5976 in
718 5913 778 5976 illis
799 5916 909 5978 tradita
930 5917 1099 5996 observata,
1123 5919 1292 5998 insertilo-

1074 570 1136 614 littl-
1162 569 1252 614 Pontx.
1277 568 1317 612 ult
1340 567 1366 611 P·
1393 567 1420 612 l?-
1446 567 1527 613 PARS
1551 571 1569 614 l.
2131 553 2228 604 An.c.
2253 549 2335 600 1752

1351 692 1432 760 rent,
1457 688 1669 764 praesentibus
1690 704 1747 767 pro
1758 688 1850 767 plene
1865 695 1895 749 et
1908 687 2098 750 sufficienter

1350 780 1501 856 expressis
1522 798 1555 842 ac
1577 781 1699 844 insertis
1721 781 1880 856 babentes
1897 781 1957 843 illis
1978 781 2049 844 alias
2064 783 2096 844 in

1348 890 1405 934 suo
1426 875 1535 936 robore
1557 877 1781 953 permansuris,
1798 875 1834 937 ad
1855 875 2096 954 praemissorum

1350 968 1491 1031 omnium
1507 977 1537 1030 et
1548 969 1747 1046 singulorum
1760 969 1926 1031 validitatis
1937 969 2094 1043 ellectum,

1349 1060 1404 1121 bac
1425 1061 1491 1122 vice
1512 1060 1682 1138 dumtaxat,
1699 1062 1871 1140 specialiter
1891 1069 1921 1124 et
1938 1079 2093 1141 expresse,

1348 1171 1381 1214 ac
1402 1153 1549 1216 latissime
1570 1161 1602 1216 et
1624 1155 1804 1234 plenissime
1832 1157 1944 1218 barum
1973 1171 2097 1234 quoque

1347 1247 1438 1321 serie,
1462 1255 1561 1322 motu,
1584 1248 1711 1310 scientia
1732 1257 1763 1309 et
1784 1249 1941 1327 potestatis
1963 1248 2095 1326 plenitu-

1348 1339 1420 1401 dine
1442 1341 1566 1418 paribus
1587 1342 1782 1418 derogamus,
1795 1342 1955 1404 contrariis
1970 1342 2095 1420 quibas·

1349 1447 1482 1510 cumque
1504 1441 1563 1496 etc.

1389 1525 1476 1601 320.
1502 1526 1587 1588 Nulli
1608 1543 1683 1604 ergo
1714 1529 1844 1591 omnino
1872 1529 2037 1592 bominum
2058 1529 2096 1590 li·
2152 1541 2257 1604 sancito
2275 1549 2343 1596 poe-

1349 1625 1413 1680 ceat
1429 1620 1506 1681 banc
1517 1620 1661 1697 paginam
1674 1629 1795 1683 nostrae
1807 1621 2018 1696 absolutionis,
2029 1639 2096 1701 per·
2118 1595 2192 1640 “²¹¹²

1349 1719 1458 1788 petuae
1480 1713 1716 1792 suppressionis,
1738 1715 1949 1788 extinctionis,
1969 1717 2095 1778 erectio·

1348 1805 1406 1880 nis,
1430 1807 1646 1882 concessionis,
1669 1806 1962 1882 dismembrationis,
1978 1825 2097 1887 separa·

1349 1899 1452 1974 tionis,
1475 1900 1700 1978 assignationis,
1718 1901 1854 1975 unionis,
1870 1900 2096 1976 declarationis,

1348 1993 1570 2072 applicationis,
1603 1995 1798 2069 annexionis,
1829 1995 2095 2072 incorporationis,

1349 2085 1528 2148 facultatum
1551 2087 1781 2165 impartitionis,
1805 2087 1929 2162 indulti,
1946 2089 2021 2150 iuris
2043 2103 2098 2150 no·

1350 2180 1499 2256 minandi,
1523 2181 1741 2243 reservationis
1763 2189 1794 2243 et
1821 2182 2022 2256 extensionis,
2045 2181 2096 2244 de-

1349 2274 1437 2347 creti,
1460 2273 1596 2334 mandati
1612 2283 1642 2335 et
1658 2276 1894 2350 commissionis,
1911 2277 2094 2350 collationis,

1351 2366 1533 2446 provisionis
1555 2374 1586 2428 et
1606 2366 1816 2444 derogationis
1838 2369 2021 2445 intringere,
2047 2369 2095 2431 vel

1350 2463 1377 2524 ei
1398 2477 1474 2522 ansa
1507 2462 1672 2524 temerario
1703 2463 1876 2526 contraire:
1900 2462 1925 2523 si
1954 2463 2021 2541 quis
2044 2479 2096 2523 au-

1350 2563 1413 2616 tem
1433 2554 1492 2614 hoc
1513 2562 1666 2616 attentare
1686 2556 1940 2633 praesumpserit,
1957 2557 2096 2632 indigna-

1351 2648 1466 2708 tionem
1489 2646 1717 2724 Omnipotentis
1739 2649 1804 2722 Dei,
1822 2655 1852 2709 et
1867 2649 2027 2710 beatorum
2044 2648 2096 2711 Pe·

1350 2741 1388 2800 tri
1411 2749 1442 2802 et
1464 2740 1548 2802 Pauli
1571 2740 1789 2818 Apostolorum
1819 2742 1897 2817 eius,
1920 2742 2096 2804 sonaverit
2160 2759 2162 2765 ⁴

1351 2833 1561 2895 incursurum.

1389 2927 1500 2989 Datum
1529 2928 1658 3003 Romae,
1686 2928 1765 3006 apud
1793 2928 1823 2991 S.
1849 2929 1975 2992 llariam
2003 2929 2095 2991 blain-

1351 3035 1429 3094 rem,
1452 3035 1533 3082 anno
1556 3022 1776 3084 incarnationis
1798 3022 1975 3105 Dominicae
1996 3022 2094 3083 mille-

1348 3114 1427 3175 simo
1457 3115 1733 3192 septingentesimo
1766 3115 2025 3193 quinquagesimo
2051 3131 2097 3176 se·

1349 3207 1461 3283 cundo,
1485 3209 1715 3285 quartodecimo
1745 3207 1890 3271 kalendas
1912 3210 1996 3286 maii,
2019 3225 2095 3288 pon-

1350 3307 1480 3368 tificatus
1503 3303 1604 3366 nostri
1626 3319 1708 3366 anno
1731 3319 1788 3364 xrr.

1641 3589 1805 3653 CXXXVI.

1353 3774 1529 3853 Confirmat
1540 3779 1571 3835 ct
1583 3773 1720 3854 natplint
1733 3775 1944 3836 concessiones
1962 3775 2096 3837 Clemen-

1391 3869 1433 3930 tis
1450 3867 1477 3928 Χ
1480 3867 1519 3930 ll.
1541 3883 1597 3944 pro
1616 3867 1734 3931 Ordine
1747 3868 1969 3930 Eremitcrunt
1984 3867 2016 3930 S.
2031 3867 2096 3930 Aac·

1389 3961 1514 4040 pattici
1537 3960 1725 4022 Prouinciac
1747 3959 1944 4026 Mecicanae.

1518 4129 1761 4200 selecturus
1779 4131 1838 4200 ΡΡ.
1855 4129 1926 4200 ΧΝ.

1488 4253 1955 4322 mmmmmmm

1389 4430 1457 4505 §l
1482 4430 1587 4510 Nuper
1609 4447 1663 4510 pro
1693 4439 1778 4510 parte
1799 4433 1902 4496 dilecti
1927 4432 1983 4494 filii
2005 4432 2096 4493 Ema-
2142 4457 2282 4505 veirironrs
2297 4470 2338 4506 ea·
2423 4487 2424 4500 i

1349 4523 1450 4587 nuelis
1462 4525 1631 4600 Guticrres,
1643 4524 1744 4587 iratris
1756 4542 1899 4604 expresse
1911 4525 2050 4604 professi,
2063 4541 2096 4588 ac
2116 4512 2217 4567 ⁰⁰⁵¹‘¹⁰·

1349 4618 1558 4680 Procuratoris
1575 4619 1753 4696 provinciae
1772 4619 1947 4682 llexicanae
1967 4621 2024 4682 sub
2049 4619 2096 4682 in-

1350 4711 1512 4774 vocatione
1528 4711 1616 4776 SSmi
1638 4711 1780 4774 Nominis
1795 4713 1862 4776 lesa
1878 4711 2000 4776 Ordinis
2021 4713 2096 4776 Ere·

1349 4804 1496 4866 mirarum
1508 4802 1611 4867 Sancti
1622 4805 1802 4882 Augustini,
1814 4808 1941 4868 nomine
1956 4807 2095 4869 eiusdem

1349 4896 1525 4974 provinciae
1539 4897 1780 4974 congregationi
1796 4899 2023 4962 venerabilium
2038 4898 2096 4960 ira·

1348 4995 1434 5050 trum
1457 4997 1635 5052 nostrorum
1657 4991 1687 5055 S.
1707 4991 1743 5052 li.
1764 4993 1797 5053 E.
1817 4993 2027 5056 cardinalium
2041 5009 2096 5054 ne·

1348 5081 1440 5156 gotiis
1462 5087 1493 5142 et
1520 5083 1797 5148 consultationibus
1822 5085 2043 5164 Episcoporum
2065 5093 2095 5148 et

1348 5173 1551 5250 Regularium
1574 5176 1819 5254 praepositorum
1839 5178 1989 5255 exposito,
2012 5179 2094 5257 quod

1348 5266 1410 5344 ipsa
1433 5267 1589 5346 provincia
1617 5269 1720 5346 plures
1749 5269 1839 5332 babet
1867 5271 1924 5332 sibi
1945 5272 2094 5334 subiectas

1348 5360 1503 5438 parochias
1526 5361 1693 5435 ludorum,
1716 5378 1794 5440 qnae
1815 5363 1973 5425 doctrinae
1993 5365 2093 5443 appel-

1348 5455 1464 5530 lantur,
1488 5455 1520 5517 in
1544 5456 1655 5533 quibus
1677 5455 1798 5517 institui
1820 5457 1932 5518 debent
1954 5458 1987 5519 in
2008 5474 2093 5536 paro·

1347 5547 1419 5609 cbos
1441 5547 1461 5608 ii
1487 5547 1586 5610 dictae
1613 5549 1788 5626 provinciae
1816 5549 2013 5627 professores,
2036 5551 2094 5614 cal-

1348 5639 1446 5702 lentes
1479 5641 1599 5703 diversa
1632 5641 1792 5716 idiomata,
1821 5643 1932 5720 quibus
1961 5647 2095 5706 utuntur
2153 5644 2155 5648 '

1348 5733 1414 5797 lndi
1436 5734 1561 5796 illarum
1584 5735 1770 5814 parocbiani,
1784 5743 1819 5798 ut
1834 5736 1878 5797 eis
1892 5745 2093 5811 sacramenta,

1347 5826 1466 5906 aliaque
1481 5827 1660 5890 adsalutem
1677 5829 1846 5890 necessaria
1859 5829 2091 5891 administrent:

1347 5936 1441 6000 quam
1462 5921 1500 5982 ob
1523 5936 1589 5982 rem
1611 5921 1675 6000 ipsa
1700 5921 1870 6001 provincia,
1893 5923 1929 5985 ad
1950 5923 2094 5988 ellectum
