4732 7014
316 533 370 587 An.
384 535 415 588 0.
436 535 503 586 1742

329 1057 516 1114 Disciplinam-

302 1112 395 1158 clesiae
430 1111 514 1168 quoad

302 1165 469 1211 residentiam
485 1168 514 1210 E·

303 1220 473 1284 pisooporum,
491 1222 515 1263 et

302 1277 441 1328 gratuitam
466 1273 515 1317 Sa-

302 1337 403 1371 crorum
429 1325 515 1371 admi-

304 1381 488 1426 nistrationcm.

554 531 594 592 ts

700 711 942 784 scutulatus
960 715 1019 782 ΡΡ.
1038 715 1110 781 ttttl.

655 850 690 916 ad
713 855 886 934 perpetuam
909 851 951 917 rei
978 851 1157 917 memoriam.

574 1039 1281 1119 apostolicapraeuccessommnostrorumuo-

537 1123 700 1195 manorum
710 1132 896 1196 Pontificum
912 1133 979 1195 lesu
993 1133 1107 1196 Christi
1122 1139 1280 1212 pastorum

537 1226 694 1304 Principis,
718 1227 806 1288 cuius
827 1227 1089 1304 supremasvices
1111 1225 1201 1304 plane
1223 1227 1281 1288 im-

535 1325 692 1382 merentes
713 1320 863 1396 gerimus,
881 1321 912 1382 in
930 1321 1019 1381 terris
1033 1319 1218 1381 vicariorum
1234 1335 1282 1380 so-

535 1411 660 1475 licitudo
682 1427 716 1473 ac
737 1411 931 1492 providentia
952 1412 987 1473 ad
1016 1419 1175 1474 aeternam
1199 1413 1280 1474 cbri-

534 1505 715 1568 stifrdelium
742 1505 873 1566 salutem
905 1505 1130 1584 procurandam
1158 1519 1280 1584 semper

535 1599 664 1672 intenta,
688 1600 721 1660 in
742 1614 778 1659 eo
799 1599 1011 1679 maximopere
1032 1598 1277 1672 commendatur,

533 1693 613 1769 quod
636 1693 719 1754 inter
733 1699 833 1754 cetera
849 1691 884 1752 ad
900 1691 1007 1752 iisdem
1023 1690 1184 1753 animabus
1199 1689 1280 1752 eius-

532 1784 601 1846 dem
624 1785 692 1847 lesu
719 1785 836 1847 Christi
863 1785 1016 1860 sanguiue
1037 1785 1205 1862 redemptis
1227 1799 1279 1862 op·

533 1885 665 1956 portune
678 1894 711 1939 ac
726 1877 877 1954 frugifera
897 1877 1136 1952 consulendum,
1158 1877 1279 1954 sapien·

534 1971 651 2033 tissime
679 1972 820 2033 instituta
845 1979 936 2050 atque
964 1971 1156 2032 sanctissime
1177 1979 1278 2034 custo-

531 2065 603 2138 dita,
620 2065 705 2126 omni
721 2065 817 2127 etiam
839 2065 910 2126 cura
922 2081 953 2126 ac
966 2064 1068 2125 labore
1082 2063 1276 2139 confirmare,

531 2167 562 2220 et
582 2159 640 2220 suh
661 2158 815 2220 canonicis
830 2157 968 2220 censuris
983 2174 1015 2218 ac
1030 2158 1138 2235 poenis
1153 2158 1278 2233 exigere

530 2251 719 2326 studuerint,
734 2251 885 2312 nimirum
907 2259 941 2313 ut
963 2259 993 2313 et
1016 2251 1214 2312 ecclesiarum
1229 2265 1279 2329 pa-

532 2351 644 2417 stores,
667 2345 778 2422 quibus
800 2345 908 2407 ovium
929 2343 1010 2406 salus
1035 2345 1198 2406 commissa
1220 2351 1277 2418 est,

532 2453 595 2499 non
617 2437 882 2500 mercenariorum
904 2452 1003 2512 moro,
1016 2438 1068 2498 sed
1083 2436 1277 2499 attendentes

530 2531 588 2592 sibi
609 2537 701 2608 atquc
723 2529 870 2592 universo
892 2529 991 2608 gregi,
1008 2530 1041 2591 in
1062 2545 1124 2608 quo
1145 2529 1278 2607 Spiritus

532 2623 662 2687 Sanctus
684 2625 786 2702 posuit
808 2639 860 2686 eos
882 2638 991 2700 regere
1021 2622 1187 2686 Ecclesiam
1208 2622 1274 2695 Dei,

530 2718 755 2796 praesidentes,
767 2717 862 2796 inque
883 2714 945 2780 suis
958 2717 1128 2779 residentes
1143 2715 1277 2777 ecclesiis

530 2811 696 2886 vigilarent
717 2817 747 2873 et
769 2810 806 2871 ab
827 2809 1031 2872 ecclesiastico
1053 2808 1160 2870 ordine
1176 2808 1278 2870 omnis

530 2977 616 3022 latare
630 2989 734 3024 necesse
753 2977 854 3024 habuit.
876 2981 957 3024 omne
972 2978 1102 3034 siquidem
1117 2977 1236 3022 studium
1251 2987 1276 3022 a·
1302 3021 1303 3030 ,

530 3045 622 3101 gendis
636 3043 778 3101 pontificiis
792 3043 915 3100 comitiis,
931 3055 997 3102 quae
1012 3043 1057 3089 diu
1072 3045 1223 3099 tenuerunt,
1233 3043 1276 3089 ad·
1301 3077 1303 3107 ,

530 3111 674 3156 hibendum
690 3110 746 3156 fuit.
763 3111 811 3156 libi
824 3122 886 3156 vero
907 3113 1031 3170 aeternus
1052 3113 1189 3166 pastorum
1205 3111 1276 3154 Prin-

1054 548 1119 592 tuit.
1143 547 1233 593 PONT·
1259 549 1298 592 DE
1319 547 1348 594 P·
1372 548 1401 594 F·
1427 548 1508 594 PARS
1530 548 1551 593 1.

1336 664 1386 726 vel
1408 666 1539 728 minima
1560 667 1705 728 avaritiae
1715 668 1847 746 suspicio
1862 675 1914 730 aut
1934 667 2079 730 simonia-

1337 774 1388 820 cae
1410 759 1484 822 labis
1505 761 1632 840 species,
1649 762 1681 823 iu
1697 761 1734 822 iis
1748 761 1929 840 praesertim
1951 779 2028 842 quae
2043 763 2080 826 ad

1335 859 1600 914 sacramentorum
1615 854 1915 916 administrationem
1928 863 2079 932 spectant,

1337 945 1459 1024 penitus
1480 955 1690 1010 amoveretur.
1716 946 1784 1009 Non
1799 948 1856 1009 alii
1873 964 1948 1010 sane
1961 949 2081 1011 ratione

1337 1039 1522 1102 antistitum
1554 1039 1749 1118 inauguratio
1777 1039 1937 1119 spirituale
1967 1043 2082 1104 dicitur

1336 1130 1442 1195 foedus
1464 1134 1611 1210 coniugii,
1628 1136 1708 1212 quod
1730 1143 1776 1197 est
1790 1136 1874 1197 inter
1895 1137 2082 1215 Episcopum

1336 1233 1367 1287 et
1389 1225 1556 1288 Ecclesiam
1578 1227 1628 1289 cui
1656 1229 1845 1306 praeficitur,
1869 1229 1901 1290 in
1929 1228 2081 1292 electione

1337 1316 1504 1393 initiatum,
1521 1318 1553 1381 in
1575 1321 1811 1382 confirmatione
1832 1330 1947 1396 ratum,
1959 1324 1992 1383 iu
2005 1338 2081 1383 con·

1335 1411 1506 1474 secretione
1527 1421 1790 1488 consummatum,
1806 1414 1847 1476 ita
1868 1423 1904 1477 ut
1925 1422 2082 1478 transcur-

1334 1504 1435 1566 siones
1464 1507 1556 1567 etiam
1579 1507 1616 1569 de
1637 1507 1699 1568 una
1720 1506 1756 1568 ad
1781 1507 1873 1570 aliam
1900 1509 2079 1584 ecclesiam,

1335 1597 1421 1659 nulla
1443 1597 1657 1662 intercedente
1678 1600 1814 1677 legitimi
1837 1602 2080 1680 gravissimaque

1334 1691 1439 1766 causi,
1470 1692 1567 1755 veluti
1596 1693 1766 1771 spiritualis
1794 1694 1938 1757 adulterii
1965 1696 2080 1774 species

1335 1784 1529 1846 existimatae
1548 1785 1667 1849 luerint
1688 1803 1704 1846 a
1726 1786 1779 1851 SS.
1804 1787 1961 1864 Patribus,
1985 1797 2015 1852 et
2036 1806 2081 1850 sa-

1334 1893 1459 1940 crorum
1471 1894 1626 1942 canonum
1638 1881 1850 1942 sanctionibus
1861 1897 1916 1960 per
1932 1883 2081 1945 maximas

1334 1986 1446 2048 poenas
1467 1973 1628 2034 coercitae.
1653 1972 1769 2034 Eodem
1791 1989 1916 2052 prorsus
1930 1975 2032 2050 modo,
2046 1985 2081 2038 ut

1334 2079 1397 2125 non
1412 2063 1513 2126 solum
1528 2065 1595 2125 sine
1609 2065 1760 2128 simoniae
1771 2065 1848 2142 labe,
1862 2069 2080 2130 verumetiam

1332 2157 1400 2218 sine
1422 2157 1568 2220 avaritiae
1588 2159 1762 2237 suspicione
1780 2170 1970 2223 sacramenta
1986 2161 2082 2223 admi-

1335 2248 1561 2324 nistrarentur,
1585 2251 1754 2313 inhibitum
1783 2249 1853 2327 luit,
1883 2269 1923 2314 ne
1948 2270 2003 2333 pro
2031 2270 2080 2332 pa·

1334 2348 1384 2404 stu
1407 2340 1457 2402 vel
1480 2343 1608 2404 alicuius
1636 2345 1869 2408 consuetudinis
1896 2346 2025 2408 obtentu
2047 2347 2078 2408 in

1335 2435 1383 2510 iis,
1407 2449 1485 2512 quae
1514 2445 1705 2498 sacramenta
1735 2439 1915 2516 respiciunt,
1946 2439 2079 2522 etiamn

1334 2537 1444 2606 sponte
1464 2527 1619 2604 dantibus
1637 2544 1701 2590 uon
1723 2546 1810 2592 secus
1832 2549 1865 2592 ac
1880 2531 2080 2594 voluntariae

1334 2621 1506 2699 antiquitus
1537 2621 1652 2684 fiebant
1685 2622 1874 2699 oblationes,
1910 2625 2079 2703 quidquam

1334 2713 1450 2776 directe
1481 2714 1531 2775 vel
1563 2715 1713 2778 indirecte
1741 2717 1907 2796 accipiatur
1934 2726 1987 2779 aut
2015 2718 2079 2780 exi·

1334 2812 1435 2882 gatur.

1330 2977 1449 3032 exemplo
1463 2977 1579 3033 pertinet
1593 2977 1732 3023 sublevare
1746 2976 1896 3022 ministerio
1906 2979 1953 3022 tuo
1962 2977 2078 3022 solicitu-

1330 3043 1418 3088 dinem
1433 3047 1552 3089 nostram
1567 3055 1598 3089 ac
1612 3043 1675 3089 dare
1690 3043 1834 3101 diligenter
1848 3055 1964 3101 operam,
1975 3047 2004 3089 ut
2020 3041 2079 3100 sy'n·

1330 3111 1419 3158 odales
1429 3111 1576 3156 sanctiones
1586 3121 1602 3155 a
1612 3111 1687 3156 nobis
1697 3112 1869 3157 ootrdrmatae
1879 3111 1953 3156 nullo
1960 3122 2078 3168 nuquam

530 3190 588 3235 cepa
610 3189 657 3222 uos
677 3177 782 3234 penitus
803 3177 973 3223 immerentes
992 3181 1019 3223 et
1033 3177 1102 3223 nihil
1123 3177 1275 3224 huiusmodi
1302 3158 1303 3191 ¹
1329 3177 1439 3223 adverso
1461 3179 1562 3235 impetu
1581 3177 1778 3224 convellantur:
1801 3181 1883 3236 utque
1897 3190 1947 3236 pax
1962 3189 2038 3224 verae
2053 3191 2079 3224 a·

530 3245 677 3300 cogitantes
690 3244 723 3289 ad
737 3243 855 3288 universi
869 3245 958 3300 gregis
972 3245 1119 3290 custodiam
1135 3245 1276 3292 manifesto
1301 3231 1303 3277 l
1329 3243 1422 3290 lamna
1436 3245 1574 3301 religionis
1588 3245 1621 3291 ab
1635 3244 1676 3298 iis,
1692 3245 1737 3302 qui
1753 3245 1945 3292 ecclesiasticae
1957 3246 2078 3302 rnilitiae,

531 3311 884 3366 suinurninevocavit,nou
899 3311 937 3357 ita
953 3311 1037 3356 multo
1058 3315 1116 3368 post
1131 3313 1164 3358 ad
1179 3323 1221 3356 res
1236 3324 1276 3357 ve·
1301 3281 1304 3359 i
1329 3311 1509 3368 cuiuscunque
1530 3312 1584 3356 sint
1602 3312 1721 3367 Ordinis,
1745 3323 1839 3357 nomen
1861 3313 1998 3369 dederunt,
2015 3323 2080 3358 nun·

531 3381 600 3426 stras
624 3378 796 3436 expediendas
819 3378 964 3424 adiecimus
987 3379 1122 3433 animum,
1146 3378 1275 3424 admoniti

531 3446 635 3490 summa
649 3445 741 3491 nostrai
755 3457 819 3501 erga
833 3448 938 3502 gentem
954 3449 1070 3492 vestram
1084 3445 1274 3491 benevolentia.

532 3512 603 3557 racis
618 3512 688 3557 enim
704 3512 777 3558 illius
792 3512 820 3556 in
835 3513 964 3558 catholica
979 3513 1108 3570 religione
1118 3513 1276 3570 inexpugna-

530 3579 592 3626 bilis
606 3579 720 3625 firmitas
734 3582 761 3624 et
775 3579 802 3626 in
817 3579 976 3636 praestanda
990 3583 1124 3626 Romanae
1146 3580 1275 3626 Ecclesiae

530 3646 678 3692 obedientia
698 3646 835 3703 singulare
853 3647 979 3701 studium,
995 3649 1025 3691 ιιι
1039 3647 1114 3691 nobis
1128 3647 1274 3704 plurimum

530 3713 558 3758 in
572 3713 657 3770 pretio
676 3716 756 3771 atque
776 3723 867 3759 amore
881 3713 924 3758 sit.
947 3717 1047 3770 Itaque,
1062 3714 1180 3759 utnulla
1200 3715 1276 3758 iteret

530 3780 610 3825 huius
624 3781 706 3826 vestri
720 3779 866 3837 explicandi
880 3779 980 3836 negotii
995 3791 1078 3836 mora,
1092 3780 1124 3828 de
1139 3780 1196 3837 ipso
1206 3780 1275 3837 apud

530 3859 577 3894 nos
591 3849 688 3894 habere
708 3851 865 3894 conventum
887 3848 1015 3894 iussimus
1034 3853 1195 3906 purpuratos
1210 3849 1276 3893 eius·

529 3916 588 3960 dem
607 3915 823 3973 congregationis
843 3917 943 3970 Patres,
958 3927 989 3960 ex
1003 3926 1148 3972 eorumque
1165 3915 1275 3960 oonsilio

530 3984 664 4040 synodum
678 3983 752 4028 illam
768 3982 902 4040 pontificio
916 3993 1025 4028 assensu
1039 3985 1065 4027 et
1074 3981 1275 4028 confirmatione

529 4049 720 4104 roboravimus,
734 4053 765 4096 ut
779 4061 810 4094 ex
832 4049 893 4095 aliis
913 4049 1013 4095 nostris
1034 4049 1120 4094 literis
1142 4048 1169 4094 iu
1191 4048 1275 4094 torma

529 4118 619 4162 Brevis
633 4117 774 4174 intelliges,
795 4127 861 4174 quas
876 4117 928 4162 kal.
945 4117 1102 4172 septembris
1116 4116 1200 4172 datas,
1214 4126 1274 4160 cum

529 4184 588 4230 istis
601 4185 726 4242 alligatus
745 4183 862 4242 accipies.
878 4186 975 4229 Verum
990 4195 1049 4228 curn
1068 4181 1204 4240 quidpiam
1219 4194 1275 4240 pro-

529 4255 588 4308 pter
608 4252 647 4298 rei
668 4252 849 4297 difficultatem
870 4254 933 4296 tunc
954 4251 981 4295 in
1002 4251 1103 4295 incerto
1124 4250 1275 4307 relinquere

529 4331 593 4375 opus
607 4319 702 4374 fuerit;
717 4318 744 4363 id
758 4329 861 4376 quoque
874 4318 997 4364 celeriter
1007 4317 1196 4374 expediendum
1207 4317 1275 4363 dedi-

528 4397 587 4431 mus
602 4397 657 4431 vea.
673 4385 749 4432 tratri
765 4389 856 4432 nostro
871 4385 1004 4432 cardinali
1022 4388 1100 4430 Petra
1119 4384 1274 4432 enunciatae

528 4453 744 4510 congregationis
759 4452 897 4508 Praefecto,
912 4455 966 4508 qui,
982 4463 1034 4508 qua
1048 4452 1123 4507 solet,
1133 4452 1276 4497 accuratis-

528 4520 595 4565 sima
610 4519 728 4574 solertia,
742 4519 834 4566 audito
848 4519 974 4576 ablegato
990 4522 1036 4564 tuo
1046 4519 1104 4564 Elia
1114 4519 1207 4575 Felice,
1217 4531 1275 4564 con-

528 4587 657 4644 sultisque
678 4587 773 4643 cyprio
794 4586 985 4632 Maronitarum
1008 4586 1207 4644 archiepiscopo
1221 4589 1274 4632 ls'va

528 4664 618 4700 rerum
633 4656 782 4699 vostrarum
800 4652 992 4710 expertissimo,
1007 4655 1034 4698 et
1047 4653 1169 4698 Praelata
1183 4655 1274 4700 nostro

527 4719 670 4766 domestico
691 4720 799 4777 losepho
820 4719 936 4766 Simouio
950 4723 1092 4764 assemano
1106 4731 1122 4764 a
1137 4731 1155 4764 s.
1172 4730 1205 4764 m.
1222 4721 1274 4766 clo-

528 4790 615 4832 mente
625 4789 678 4831 xli.
691 4787 723 4832 ad
735 4787 802 4832 hano
811 4789 926 4832 vestram
937 4786 1129 4832 convocandam
1140 4787 1273 4842 synodum

528 4855 617 4899 recens
631 4853 720 4908 misso,
735 4852 928 4898 studiosissime
942 4852 1060 4909 digessit,
1070 4853 1132 4910 quid
1151 4863 1199 4911 pro
1208 4865 1274 4899 com·

528 4921 602 4966 muni
622 4923 725 4965 vestrae
749 4920 836 4976 gentis
860 4919 978 4966 utilitate
998 4931 1046 4976 pro
1067 4919 1273 4978 dirimendisque

528 4987 715 5034 controversiis
739 4987 825 5044 magis
848 4986 971 5031 idoneum
995 4979 1132 5044 magisq'ue
1153 4991 1273 5045 opportu-

528 5065 592 5100 num
613 5053 662 5100 sibi
682 5065 738 5100 esse
753 5053 893 5098 videretur.
917 5055 949 5097 ist
963 5064 1010 5098 nos
1029 5053 1135 5110 quidem
1154 5057 1273 5111 prompte

528 5122 693 5177 libenterque
714 5121 820 5178 sequuti
834 5120 891 5166 eius
910 5120 1078 5175 sententiam,
1097 5119 1273 5176 difficultates,

529 5201 595 5247 quae
609 5188 727 5244 reliquae
742 5190 826 5243 erant,
841 5199 872 5232 ex
886 5187 917 5232 eri
927 5187 1020 5232 norma
1030 5187 1184 5242 delevimus,
1194 5199 1273 5244 qnam

530 5257 636 5300 trustrae
651 5253 678 5298 in
691 5253 775 5300 format
789 5253 878 5298 Brevis
899 5252 993 5298 literae
1008 5252 1056 5297 tihi
1075 5253 1198 5309 referent,
1213 5253 1274 5299 huic

529 5320 631 5379 pariter
644 5319 767 5366 fasciculo
781 5319 903 5365 adnexae.
916 5321 956 5366 Ex
970 5319 1035 5376 ipsis
1048 5320 1192 5376 comperies
1203 5321 1274 5366 habi·

530 5393 585 5442 tam
599 5400 615 5434 a
629 5387 703 5433 nobis
717 5385 938 5433 fuisserationem
947 5385 1117 5432 auctoritatis
1127 5387 1275 5444 dignitatis-

530 5466 580 5511 que
594 5457 670 5499 tuae:
693 5453 773 5498 simul
788 5464 849 5497 vero
870 5452 1014 5510 providisse
1033 5453 1152 5510 publicae
1172 5457 1274 5500 vestrae

530 5520 645 5566 nationis
654 5517 854 5576 tranquillitati,
864 5519 1057 5565 ecclesiasticae
1067 5518 1228 5576 discipliuae,
1237 5531 1276 5566 re·

530 5586 637 5642 ligionis
658 5585 753 5640 decori,
774 5585 906 5642 praesidio
927 5588 1006 5641 atque
1025 5588 1187 5630 ornamento.
1205 5590 1274 5636 Quae

530 5653 619 5699 omnia
634 5655 663 5698 ut
678 5653 705 5698 in
715 5653 907 5698 Maronitarum
918 5651 1060 5708 provincia,
1071 5655 1205 5698 Romanae
1216 5653 1275 5698 Sedi

532 5719 659 5765 fidissima
669 5724 840 5777 nostramque
848 5719 944 5764 idcirco
952 5719 1048 5764 merita
1057 5719 1274 5776 benevolentiam,

530 5789 657 5844 perpetuo
670 5787 784 5844 vigeant,
797 5785 928 5842 singulari
938 5786 1026 5831 studio
1036 5796 1130 5831 curare
1140 5797 1274 5843 nunquam

530 5853 698 5900 cessabimus.
715 5855 751 5900 ad
772 5857 799 5900 te
813 5853 904 5908 modo,
930 5865 985 5898 ven.
1002 5852 1099 5908 haser,
1121 5852 1166 5910 qui
1180 5853 1274 5898 ceteris

508 5963 510 5966 .
531 5932 637 5980 praees,
659 5931 712 5968 ιιοιι
735 5921 821 5968 solum
845 5921 1005 5968 anctoritate
1028 5920 1073 5966 scd
1095 5924 1122 5966 et
1145 5921 1274 5967 virtutum

1330 3389 1409 3434 quam
1424 3379 1548 3424 discedat.
1564 3381 1704 3424 Praeterea
1719 3379 1791 3424 omni
1804 3379 1893 3424 studio
1903 3379 2039 3434 contende,
2049 3383 2079 3426 ιιι

1330 3445 1522 3490 Maronitarum
1531 3443 1650 3502 Episcopi
1660 3444 1835 3502 patriarchali
1844 3446 1956 3502 imperio
1964 3449 2011 3491 tuo
2021 3447 2079 3491 sub·

1330 3510 1400 3567 iecti,
1417 3511 1464 3557 abs
1479 3516 1505 3557 te
1519 3511 1677 3569 praesertim
1687 3511 1779 3567 illecti,
1789 3513 1916 3570 pastorali
1927 3517 2079 3558 mansuetu-

1329 3579 1390 3623 dine
1405 3579 1532 3635 suavique
1547 3579 1634 3624 indole
1649 3579 1695 3624 tua
1714 3579 1827 3635 deliniti,
1842 3579 1869 3624 in
1884 3579 1911 3624 id
1926 3580 2027 3636 pariter
2042 3591 2078 3625 sc·

1329 3645 1420 3691 dulam
1435 3649 1531 3690 navent
1545 3657 1659 3702 operam.
1676 3650 1730 3696 Qua
1745 3647 1776 3692 de
1791 3658 1819 3691 re
1836 3647 1896 3692 illos
1906 3648 2079 3692 admonemus

1330 3711 1461 3768 encyclica
1475 3712 1594 3770 epistola.
1610 3716 1681 3758 Hanc
1702 3715 1822 3758 autema
1838 3718 1864 3758 te
1879 3713 1972 3760 iisdem
1995 3719 2078 3760 trans-

1330 3777 1486 3824 mittendam
1502 3779 1560 3824 ideo
1575 3791 1626 3824 uon
1645 3779 1811 3836 obsignatam
1834 3779 1958 3838 reperies,
1973 3784 2003 3826 ut
2018 3781 2078 3826 hinc

1330 3856 1432 3903 quoque
1448 3845 1591 3902 intelligas,
1607 3857 1674 3904 quae
1689 3847 1724 3892 sit
1739 3846 1812 3892 nobis
1832 3847 1873 3892 tui
1888 3847 1983 3893 fiducia
1998 3859 2078 3905 quaa·

1330 3915 1408 3968 toque
1423 3911 1450 3956 in
1465 3911 1564 3957 honore
1584 3912 1715 3958 habearis.
1738 3914 1771 3957 nt
1786 3912 1853 3957 illud
1866 3925 1958 3959 caveas
1973 3917 2077 3972 oportet

1330 3977 1483 4034 discordias,
1498 3979 1639 4036 siquando
1654 3980 1724 4024 inter
1741 3983 1842 4024 vestros
1856 3991 1976 4038 proceres
1992 3979 2078 4027 orian-

1330 4047 1383 4099 tur,
1394 4047 1427 4091 ad
1437 4045 1564 4092 finitimos
1575 4050 1718 4092 Turcarum
1730 4047 1856 4103 dynastas
1867 4059 1918 4092 non
1929 4047 2033 4102 deferri,
2044 4048 2076 4092 ad

1330 4123 1394 4169 quos
1410 4113 1553 4158 identidem
1573 4113 1740 4170 interpellari
1761 4113 1922 4170 implorandi
1936 4115 2076 4172 patrocinii

1331 4181 1410 4224 causti
1425 4190 1476 4224 uon
1491 4179 1547 4224 sine
1562 4180 1672 4224 horrore
1686 4179 1865 4236 cognovimus,
1880 4181 1999 4237 neglecta
2013 4188 2078 4238 Apo·

1330 4245 1393 4291 stoli
1407 4246 1610 4292 cacuminatione
1625 4246 1775 4292 corinthios
1795 4248 1912 4304 graviter
1925 4249 1958 4294 ab
1973 4248 2021 4294 hac
2035 4260 2078 4294 ne-

1330 4312 1397 4359 faria
1416 4313 1606 4359 consuetudine
1621 4314 1648 4358 in
1663 4313 1749 4370 prima
1770 4315 1803 4360 ad
1818 4315 1888 4370 ipsos
1909 4314 2021 4372 epistola
2035 4316 2077 4360 de·

1330 4380 1462 4426 terrentis.
1479 4384 1547 4426 Haec
1560 4378 1725 4438 etquidquid
1735 4380 1808 4426 aliud
1818 4383 1850 4426 ad
1862 4381 2026 4426 retinendam
2037 4393 2076 4426 ve-

1329 4450 1401 4492 strae
1415 4448 1502 4503 gentis
1517 4447 1683 4504 disciplinam
1699 4459 1764 4504 opus
1778 4459 1835 4493 esse
1849 4449 1898 4493 tibi
1907 4449 2074 4505 videbuntur,

1328 4515 1485 4560 confidimus
1498 4515 1545 4560 abs
1560 4519 1586 4560 te
1601 4515 1804 4571 diligentissime
1825 4519 1948 4562 curatum
1963 4516 2004 4561 iri.
2021 4520 2075 4562 Non

1328 4581 1399 4626 enim
1409 4582 1501 4639 ignota
1511 4582 1586 4627 uobis
1596 4588 1636 4628 est
1646 4582 1743 4628 eximia
1754 4587 1802 4627 tua
1812 4584 1934 4640 pascendi
1940 4583 2075 4630 commissi

1328 4649 1417 4706 gregis
1432 4649 1580 4706 vigilantia,
1591 4649 1708 4695 suavitas
1719 4659 1832 4704 morum,
1843 4662 1894 4707 qua
1905 4650 1980 4696 facile
1992 4651 2076 4696 flecte-

1328 4719 1374 4774 ris,
1389 4717 1493 4776 generis
1514 4717 1686 4774 praestantia,
1701 4728 1753 4774 qua
1773 4717 1822 4762 tibi
1842 4719 1974 4773 concilias,
1989 4718 2074 4763 virtus

1328 4789 1355 4832 et
1369 4785 1464 4842 agendi
1483 4785 1698 4842 prudentiaque
1718 4785 1792 4830 ducis
1811 4785 1844 4830 ad
1858 4786 1954 4832 salutis
1976 4789 2075 4830 metam

1328 4854 1397 4899 cives
1412 4855 1438 4898 et
1453 4863 1513 4898 oves
1529 4855 1595 4898 tuas.
1612 4853 1737 4902 Quocirca
1751 4853 1819 4897 hauc
1838 4853 1970 4908 synodum
1985 4863 2075 4898 convo·

1328 4921 1438 4966 candem
1461 4917 1610 4976 postulasti,
1625 4918 1743 4963 studium
1764 4917 1910 4964 adhibuisti
1931 4921 1960 4964 ut
1975 4920 2075 4964 uberri-

1328 4999 1387 5033 mus
1402 4985 1495 5032 axilla
1508 4985 1610 5032 nactus
1625 4986 1789 5038 educeretur,
1803 4985 1912 5042 eiusque
1927 4987 2075 5032 sanctiones

1328 5059 1419 5100 nostro
1433 5057 1460 5099 et
1475 5063 1613 5110 supremae
1624 5053 1697 5098 Sedis
1707 5053 1811 5098 decreto
1821 5052 1910 5098 fulciri
1919 5053 2029 5111 supplici
2034 5057 2075 5098 ter

1328 5120 1449 5166 exorasti.
1469 5119 1514 5164 llis
1534 5121 1629 5165 auctus
1650 5119 1762 5174 meritis,
1778 5131 1810 5164 ne
1824 5119 1929 5164 dubites
1947 5119 2074 5176 quintini

1328 5187 1505 5233 cumulaveris
1520 5186 1728 5232 benevolentiam
1741 5191 1867 5241 nostram,
1877 5185 1952 5232 cuius
1962 5189 1992 5232 ul
2002 5199 2074 5244 expe-

1329 5253 1473 5298 rimentum
1494 5253 1591 5310 capias,
1606 5253 1687 5298 etlam
1708 5253 1787 5309 atque
1802 5252 1883 5298 etiam
1898 5255 2028 5309 optamus,
2044 5255 2073 5297 ut

1328 5320 1489 5366 luculentius
1504 5319 1637 5376 intelliges
1652 5330 1668 5365 a
1682 5319 1777 5364 dilecto
1792 5318 1846 5364 lilio
1860 5319 1918 5364 Elia
1933 5319 2014 5365 retici
2027 5320 2074 5365 Ab

1328 5387 1417 5444 legato
1431 5388 1484 5432 tuo.
1500 5389 1524 5431 ia
1538 5389 1628 5432 antem
1647 5389 1746 5432 Romae
1764 5388 1942 5432 commoratus
1957 5387 2031 5432 nohis
2046 5391 2072 5432 et

1328 5454 1483 5512 purpuratis
1505 5453 1627 5500 Patribus
1648 5452 1862 5510 congregationis
1877 5453 1910 5498 ad
1924 5453 2002 5499 fldem
2017 5466 2074 5512 pro-

1328 5521 1475 5578 pagandam
1498 5520 1634 5577 vigilantis
1654 5519 1801 5576 plurimum
1824 5518 1951 5565 satisfecit
1970 5531 2073 5566 morum

1328 5588 1468 5645 probitate,
1482 5587 1623 5644 religiosae
1637 5585 1707 5632 vitae
1724 5585 1866 5640 institutis,
1881 5590 1908 5631 et
1923 5586 1949 5630 ιιι
1964 5586 2018 5632 tuis
2033 5599 2074 5643 ge·

1329 5655 1417 5700 rendis
1437 5654 1550 5710 negotiis
1572 5652 1688 5698 modesta
1710 5652 1862 5709 sagacitate.
1884 5653 1994 5698 iuterim
2015 5656 2072 5708 tihi,

1329 5733 1384 5766 ven.
1400 5722 1492 5776 frater,
1507 5721 1668 5776 dilectaeque
1683 5719 1758 5765 uobis
1780 5719 1970 5765 Maronitarum
1991 5722 2074 5766 natio-

1330 5789 1357 5834 ni
1371 5788 1543 5845 apostolicam
1564 5785 1769 5832 benedictionem
1791 5790 1960 5843 peramanter
1980 5787 2073 5844 imper·

1330 5855 1420 5902 timnr.

1369 5925 1463 5969 batum
1479 5925 1584 5978 Romae,
1598 5921 1640 5966 die
1654 5932 1708 5967 xrx.
1724 5920 1851 5968 februarii
1866 5933 1997 5968 nuccxau.

2110 534 2163 586 An.
2177 533 2215 585 O.
2241 527 2333 580 1742*
