<?xml version="1.0" encoding="UTF-8"?>
<!DOCTYPE html PUBLIC "-//W3C//DTD XHTML 1.0 Transitional//EN"
    "http://www.w3.org/TR/xhtml1/DTD/xhtml1-transitional.dtd">
<html xmlns="http://www.w3.org/1999/xhtml" xml:lang="en" lang="en">
 <head>
  <title>
</title>
<meta http-equiv="Content-Type" content="text/html;charset=utf-8" />
  <meta name='ocr-system' content='tesseract 3.04.00' />
  <meta name='ocr-capabilities' content='ocr_page ocr_carea ocr_par ocr_line ocrx_word'/>
</head>
<body>
  <div class='ocr_page' id='page_1' title='image "./iurispontificii02martgoog_0635.png"; bbox 0 0 4838 6982; ppageno 0'>
   <div class='ocr_carea' id='block_1_1' title="bbox 112 591 312 650">
    <p class='ocr_par' dir='ltr' id='par_1_1' title="bbox 112 591 312 650">
     <span class='ocr_line' id='line_1_1' title="bbox 112 591 312 650; baseline 0.025 -6"><span class='ocrx_word' id='word_1_1' title='bbox 112 591 172 648; x_wconf 64' lang='grc'>14,</span> <span class='ocrx_word' id='word_1_2' title='bbox 189 597 219 648; x_wconf 78' lang='lat' dir='ltr'>(l.</span> <span class='ocrx_word' id='word_1_3' title='bbox 242 592 312 650; x_wconf 80' lang='lat'>1755</span> 
     </span>
    </p>
   </div>
   <div class='ocr_carea' id='block_1_2' title="bbox 95 731 1093 5489">
    <p class='ocr_par' dir='ltr' id='par_1_2' title="bbox 95 731 1092 3422">
     <span class='ocr_line' id='line_1_2' title="bbox 341 731 1087 814; baseline -0.004 -19"><span class='ocrx_word' id='word_1_4' title='bbox 341 735 416 810; x_wconf 91' lang='lat' dir='ltr'>siut,</span> <span class='ocrx_word' id='word_1_5' title='bbox 431 749 541 798; x_wconf 90' lang='lat' dir='ltr'>eorum</span> <span class='ocrx_word' id='word_1_6' title='bbox 563 733 703 814; x_wconf 79' lang='lat' dir='ltr'>plerique</span> <span class='ocrx_word' id='word_1_7' title='bbox 722 732 832 796; x_wconf 89' lang='lat' dir='ltr'>latinas</span> <span class='ocrx_word' id='word_1_8' title='bbox 847 731 989 796; x_wconf 89' lang='lat' dir='ltr'>ecclesias</span> <span class='ocrx_word' id='word_1_9' title='bbox 1003 731 1087 794; x_wconf 89' lang='lat' dir='ltr'>adire</span> 
     </span>
     <span class='ocr_line' id='line_1_3' title="bbox 342 827 577 908; baseline -0.004 -19"><span class='ocrx_word' id='word_1_10' title='bbox 342 827 577 908; x_wconf 80' lang='lat' dir='ltr'>compellantur.</span> 
     </span>
     <span class='ocr_line' id='line_1_4' title="bbox 110 921 1087 1000; baseline -0.013 -7"><span class='ocrx_word' id='word_1_11' title='bbox 110 927 323 992; x_wconf 69' lang='lat' dir='ltr'>nmcnqauoua-</span> <span class='ocrx_word' id='word_1_12' title='bbox 382 923 470 997; x_wconf 69' lang='lat' dir='ltr'>§lb</span> <span class='ocrx_word' id='word_1_13' title='bbox 497 922 664 986; x_wconf 85' lang='lat' dir='ltr'>Neminem</span> <span class='ocrx_word' id='word_1_14' title='bbox 691 922 802 998; x_wconf 89' lang='lat' dir='ltr'>latent,</span> <span class='ocrx_word' id='word_1_15' title='bbox 834 938 946 1000; x_wconf 90' lang='lat' dir='ltr'>qnaea</span> <span class='ocrx_word' id='word_1_16' title='bbox 974 921 1087 983; x_wconf 89' lang='lat' dir='ltr'>sanctis</span> 
     </span>
     <span class='ocr_line' id='line_1_5' title="bbox 95 978 1087 1098; baseline -0.002 -20"><span class='ocrx_word' id='word_1_17' title='bbox 95 978 241 1098; x_wconf 53' lang='grc' dir='ltr'><strong>14ῗὲὃέιῖιὴ</strong></span> <span class='ocrx_word' id='word_1_18' title='bbox 263 993 323 1084; x_wconf 55' lang='lat'>3:¹¹3</span> <span class='ocrx_word' id='word_1_19' title='bbox 342 1017 488 1078; x_wconf 85' lang='lat' dir='ltr'>Romanis</span> <span class='ocrx_word' id='word_1_20' title='bbox 509 1017 710 1079; x_wconf 86' lang='lat' dir='ltr'>Pontificibus</span> <span class='ocrx_word' id='word_1_21' title='bbox 732 1018 783 1077; x_wconf 89' lang='lat' dir='ltr'>Plo</span> <span class='ocrx_word' id='word_1_22' title='bbox 798 1021 829 1077; x_wconf 92' lang='lat' dir='ltr'>et</span> <span class='ocrx_word' id='word_1_23' title='bbox 845 1015 980 1090; x_wconf 80' lang='lat' dir='ltr'>Victore,</span> <span class='ocrx_word' id='word_1_24' title='bbox 995 1023 1087 1092; x_wconf 88' lang='lat' dir='ltr'>atque</span> 
     </span>
     <span class='ocr_line' id='line_1_6' title="bbox 95 1091 1087 1190; baseline -0.007 -15"><span class='ocrx_word' id='word_1_25' title='bbox 95 1091 324 1190; x_wconf 56' lang='lat' dir='ltr'>{33⁰1fflg90*</span> <span class='ocrx_word' id='word_1_26' title='bbox 342 1109 435 1172; x_wconf 90' lang='lat' dir='ltr'>etiarn</span> <span class='ocrx_word' id='word_1_27' title='bbox 457 1125 473 1169; x_wconf 90' lang='lat' dir='ltr'>a</span> <span class='ocrx_word' id='word_1_28' title='bbox 495 1109 625 1172; x_wconf 89' lang='lat' dir='ltr'>Nicaena</span> <span class='ocrx_word' id='word_1_29' title='bbox 641 1110 776 1188; x_wconf 81' lang='lat' dir='ltr'>Synodo,</span> <span class='ocrx_word' id='word_1_30' title='bbox 791 1111 828 1172; x_wconf 89' lang='lat' dir='ltr'>de</span> <span class='ocrx_word' id='word_1_31' title='bbox 843 1117 925 1172; x_wconf 89' lang='lat' dir='ltr'>recta</span> <span class='ocrx_word' id='word_1_32' title='bbox 937 1107 1087 1170; x_wconf 87' lang='lat' dir='ltr'>Paschatis</span> 
     </span>
     <span class='ocr_line' id='line_1_7' title="bbox 342 1200 1087 1278; baseline -0.008 -12"><span class='ocrx_word' id='word_1_33' title='bbox 342 1201 550 1266; x_wconf 79' lang='lat' dir='ltr'>celebratione</span> <span class='ocrx_word' id='word_1_34' title='bbox 577 1203 691 1265; x_wconf 90' lang='lat' dir='ltr'>sancita</span> <span class='ocrx_word' id='word_1_35' title='bbox 712 1201 851 1265; x_wconf 90' lang='lat' dir='ltr'>luerunt.</span> <span class='ocrx_word' id='word_1_36' title='bbox 875 1203 988 1266; x_wconf 87' lang='lat' dir='ltr'>Omnes</span> <span class='ocrx_word' id='word_1_37' title='bbox 1009 1200 1087 1278; x_wconf 91' lang='lat' dir='ltr'>pari-</span> 
     </span>
     <span class='ocr_line' id='line_1_8' title="bbox 344 1294 1088 1360; baseline -0.007 -1"><span class='ocrx_word' id='word_1_38' title='bbox 344 1306 390 1360; x_wconf 93' lang='lat' dir='ltr'>ter</span> <span class='ocrx_word' id='word_1_39' title='bbox 418 1303 537 1360; x_wconf 91' lang='lat' dir='ltr'>norunt</span> <span class='ocrx_word' id='word_1_40' title='bbox 567 1298 707 1359; x_wconf 83' lang='lat' dir='ltr'>Romano</span> <span class='ocrx_word' id='word_1_41' title='bbox 735 1297 877 1358; x_wconf 85' lang='lat' dir='ltr'>Pontifici</span> <span class='ocrx_word' id='word_1_42' title='bbox 903 1314 918 1358; x_wconf 93' lang='lat' dir='ltr'>a</span> <span class='ocrx_word' id='word_1_43' title='bbox 949 1294 1088 1357; x_wconf 81' lang='lat' dir='ltr'>Concilio</span> 
     </span>
     <span class='ocr_line' id='line_1_9' title="bbox 343 1387 1087 1468; baseline -0.009 -14"><span class='ocrx_word' id='word_1_44' title='bbox 343 1391 529 1454; x_wconf 80' lang='lat' dir='ltr'>Tridentino</span> <span class='ocrx_word' id='word_1_45' title='bbox 557 1395 744 1452; x_wconf 85' lang='lat' dir='ltr'>reservatam</span> <span class='ocrx_word' id='word_1_46' title='bbox 773 1389 867 1452; x_wconf 88' lang='lat' dir='ltr'>luisse</span> <span class='ocrx_word' id='word_1_47' title='bbox 896 1387 1087 1468; x_wconf 88' lang='lat' dir='ltr'>provinciam</span> 
     </span>
     <span class='ocr_line' id='line_1_10' title="bbox 343 1483 1088 1558; baseline -0.005 -12"><span class='ocrx_word' id='word_1_48' title='bbox 343 1487 542 1548; x_wconf 89' lang='lat' dir='ltr'>correctionis</span> <span class='ocrx_word' id='word_1_49' title='bbox 564 1484 746 1558; x_wconf 80' lang='lat' dir='ltr'>kalendarii,</span> <span class='ocrx_word' id='word_1_50' title='bbox 770 1502 803 1546; x_wconf 88' lang='lat' dir='ltr'>ac</span> <span class='ocrx_word' id='word_1_51' title='bbox 824 1485 962 1558; x_wconf 90' lang='lat' dir='ltr'>demum,</span> <span class='ocrx_word' id='word_1_52' title='bbox 975 1483 1088 1558; x_wconf 88' lang='lat' dir='ltr'>Grego-</span> 
     </span>
     <span class='ocr_line' id='line_1_11' title="bbox 343 1577 1086 1648; baseline -0.008 -8"><span class='ocrx_word' id='word_1_53' title='bbox 343 1579 390 1640; x_wconf 87' lang='lat' dir='ltr'>rio</span> <span class='ocrx_word' id='word_1_54' title='bbox 410 1580 488 1642; x_wconf 86' lang='grc'><strong>11111.</strong></span> <span class='ocrx_word' id='word_1_55' title='bbox 513 1579 672 1648; x_wconf 81' lang='lat' dir='ltr'>Pontifice,</span> <span class='ocrx_word' id='word_1_56' title='bbox 686 1577 780 1639; x_wconf 86' lang='lat' dir='ltr'>tuisse</span> <span class='ocrx_word' id='word_1_57' title='bbox 794 1593 861 1639; x_wconf 89' lang='lat' dir='ltr'>rem</span> <span class='ocrx_word' id='word_1_58' title='bbox 883 1577 962 1638; x_wconf 90' lang='lat' dir='ltr'>hanc</span> <span class='ocrx_word' id='word_1_59' title='bbox 977 1589 1086 1636; x_wconf 86' lang='lat' dir='ltr'>nurne-</span> 
     </span>
     <span class='ocr_line' id='line_1_12' title="bbox 273 1669 1087 1745; baseline -0.009 -11"><span class='ocrx_word' id='word_1_60' title='bbox 273 1687 274 1692; x_wconf 71' lang='grc'>’</span> <span class='ocrx_word' id='word_1_61' title='bbox 344 1674 384 1733; x_wconf 92' lang='grc'>446</span> <span class='ocrx_word' id='word_1_62' title='bbox 405 1673 468 1734; x_wconf 92' lang='grc'><strong>6446</strong></span> <span class='ocrx_word' id='word_1_63' title='bbox 498 1672 642 1735; x_wconf 93' lang='lat' dir='ltr'>omnibus</span> <span class='ocrx_word' id='word_1_64' title='bbox 669 1671 850 1733; x_wconf 88' lang='lat' dir='ltr'>absolutam.</span> <span class='ocrx_word' id='word_1_65' title='bbox 883 1669 1087 1745; x_wconf 81' lang='lat' dir='ltr'>Quamobrem</span> 
     </span>
     <span class='ocr_line' id='line_1_13' title="bbox 343 1761 1088 1828; baseline -0.009 0"><span class='ocrx_word' id='word_1_66' title='bbox 343 1766 513 1828; x_wconf 88' lang='lat' dir='ltr'>Bucherius</span> <span class='ocrx_word' id='word_1_67' title='bbox 544 1766 578 1826; x_wconf 83' lang='lat' dir='ltr'>io</span> <span class='ocrx_word' id='word_1_68' title='bbox 614 1765 842 1826; x_wconf 81' lang='lat' dir='ltr'>commentario</span> <span class='ocrx_word' id='word_1_69' title='bbox 870 1763 906 1824; x_wconf 89' lang='grc'>46</span> <span class='ocrx_word' id='word_1_70' title='bbox 938 1761 1088 1823; x_wconf 83' lang='grc'><strong>46664166</strong></span> 
     </span>
     <span class='ocr_line' id='line_1_14' title="bbox 345 1854 1088 1939; baseline -0.015 -15"><span class='ocrx_word' id='word_1_71' title='bbox 345 1870 533 1939; x_wconf 82' lang='lat' dir='ltr'>temporum,</span> <span class='ocrx_word' id='word_1_72' title='bbox 551 1861 583 1921; x_wconf 94' lang='lat' dir='ltr'>in</span> <span class='ocrx_word' id='word_1_73' title='bbox 606 1858 795 1937; x_wconf 89' lang='lat' dir='ltr'>praelatione</span> <span class='ocrx_word' id='word_1_74' title='bbox 816 1856 850 1917; x_wconf 91' lang='lat' dir='ltr'>ad</span> <span class='ocrx_word' id='word_1_75' title='bbox 872 1856 1031 1930; x_wconf 91' lang='lat' dir='ltr'>lectorem,</span> <span class='ocrx_word' id='word_1_76' title='bbox 1048 1854 1088 1914; x_wconf 90' lang='lat' dir='ltr'>ita</span> 
     </span>
     <span class='ocr_line' id='line_1_15' title="bbox 343 1949 1089 2033; baseline -0.013 -17"><span class='ocrx_word' id='word_1_77' title='bbox 343 1954 479 2033; x_wconf 84' lang='lat' dir='ltr'>scripsit:</span> <span class='ocrx_word' id='word_1_78' title='bbox 514 1953 661 2030; x_wconf 77' lang='lat' dir='ltr'>computi</span> <span class='ocrx_word' id='word_1_79' title='bbox 688 1951 849 2028; x_wconf 78' lang='lat' dir='ltr'>paschatis</span> <span class='ocrx_word' id='word_1_80' title='bbox 871 1949 906 2010; x_wconf 85' lang='lat' dir='ltr'>in</span> <span class='ocrx_word' id='word_1_81' title='bbox 934 1951 1089 2029; x_wconf 72' lang='grc'><strong>[4664466</strong></span> 
     </span>
     <span class='ocr_line' id='line_1_16' title="bbox 344 2041 1088 2124; baseline -0.009 -16"><span class='ocrx_word' id='word_1_82' title='bbox 344 2047 550 2118; x_wconf 82' lang='lat' dir='ltr'>certitudini,</span> <span class='ocrx_word' id='word_1_83' title='bbox 575 2044 703 2109; x_wconf 83' lang='grc'><strong>1646466</strong></span> <span class='ocrx_word' id='word_1_84' title='bbox 727 2047 820 2124; x_wconf 80' lang='lat' dir='ltr'>Grcp.</span> <span class='ocrx_word' id='word_1_85' title='bbox 845 2045 929 2106; x_wconf 88' lang='lat' dir='ltr'>Xlll.</span> <span class='ocrx_word' id='word_1_86' title='bbox 948 2041 1088 2118; x_wconf 67' lang='lat' dir='ltr'>Pontis„</span> 
     </span>
     <span class='ocr_line' id='line_1_17' title="bbox 344 2133 1089 2216; baseline -0.016 -12"><span class='ocrx_word' id='word_1_87' title='bbox 344 2149 453 2204; x_wconf 81' lang='lat' dir='ltr'>noster</span> <span class='ocrx_word' id='word_1_88' title='bbox 479 2138 604 2204; x_wconf 83' lang='grc'><strong>644646</strong></span> <span class='ocrx_word' id='word_1_89' title='bbox 631 2139 773 2216; x_wconf 85' lang='lat' dir='ltr'>providit</span> <span class='ocrx_word' id='word_1_90' title='bbox 805 2137 947 2200; x_wconf 84' lang='lat' dir='ltr'>Cluvius.</span> <span class='ocrx_word' id='word_1_91' title='bbox 983 2136 1009 2196; x_wconf 93' lang='lat' dir='ltr'>ls</span> <span class='ocrx_word' id='word_1_92' title='bbox 1031 2133 1089 2195; x_wconf 88' lang='lat' dir='ltr'>init</span> 
     </span>
     <span class='ocr_line' id='line_1_18' title="bbox 343 2226 1091 2306; baseline -0.012 -10"><span class='ocrx_word' id='word_1_93' title='bbox 343 2251 381 2296; x_wconf 82' lang='grc'>64</span> <span class='ocrx_word' id='word_1_94' title='bbox 403 2232 555 2296; x_wconf 89' lang='lat' dir='ltr'>Societate</span> <span class='ocrx_word' id='word_1_95' title='bbox 575 2233 644 2294; x_wconf 88' lang='grc'><strong>1664</strong></span> <span class='ocrx_word' id='word_1_96' title='bbox 664 2233 804 2294; x_wconf 86' lang='lat' dir='ltr'>sacerdos</span> <span class='ocrx_word' id='word_1_97' title='bbox 819 2231 989 2292; x_wconf 86' lang='lat' dir='ltr'>matheseos</span> <span class='ocrx_word' id='word_1_98' title='bbox 1011 2226 1091 2306; x_wconf 92' lang='lat' dir='ltr'>peri-</span> 
     </span>
     <span class='ocr_line' id='line_1_19' title="bbox 345 2324 1091 2406; baseline -0.012 -17"><span class='ocrx_word' id='word_1_99' title='bbox 345 2329 490 2402; x_wconf 88' lang='lat' dir='ltr'>tissimus,</span> <span class='ocrx_word' id='word_1_100' title='bbox 503 2327 600 2406; x_wconf 91' lang='lat' dir='ltr'>quiin</span> <span class='ocrx_word' id='word_1_101' title='bbox 616 2324 787 2388; x_wconf 84' lang='lat' dir='ltr'>kalendarii</span> <span class='ocrx_word' id='word_1_102' title='bbox 798 2325 990 2386; x_wconf 83' lang='lat' dir='ltr'>correctione</span> <span class='ocrx_word' id='word_1_103' title='bbox 1004 2335 1091 2398; x_wconf 90' lang='lat' dir='ltr'>egre-</span> 
     </span>
     <span class='ocr_line' id='line_1_20' title="bbox 344 2414 1092 2503; baseline -0.011 -21"><span class='ocrx_word' id='word_1_104' title='bbox 344 2423 426 2499; x_wconf 82' lang='lat' dir='ltr'>giam</span> <span class='ocrx_word' id='word_1_105' title='bbox 441 2420 579 2500; x_wconf 86' lang='lat' dir='ltr'>pontihci</span> <span class='ocrx_word' id='word_1_106' title='bbox 595 2419 720 2482; x_wconf 83' lang='lat' dir='ltr'>navavit</span> <span class='ocrx_word' id='word_1_107' title='bbox 731 2433 865 2496; x_wconf 90' lang='lat' dir='ltr'>operam.</span> <span class='ocrx_word' id='word_1_108' title='bbox 889 2415 1027 2503; x_wconf 76' lang='grc'><strong>1141446464</strong></span> <span class='ocrx_word' id='word_1_109' title='bbox 1042 2414 1092 2475; x_wconf 93' lang='lat' dir='ltr'>iti·</span> 
     </span>
     <span class='ocr_line' id='line_1_21' title="bbox 345 2511 1090 2579; baseline -0.013 0"><span class='ocrx_word' id='word_1_110' title='bbox 345 2518 413 2579; x_wconf 87' lang='lat' dir='ltr'>dem</span> <span class='ocrx_word' id='word_1_111' title='bbox 438 2513 578 2578; x_wconf 78' lang='lat' dir='ltr'>Pontifici</span> <span class='ocrx_word' id='word_1_112' title='bbox 600 2513 727 2576; x_wconf 92' lang='lat' dir='ltr'>luerunt</span> <span class='ocrx_word' id='word_1_113' title='bbox 749 2511 858 2574; x_wconf 90' lang='lat' dir='ltr'>calculi</span> <span class='ocrx_word' id='word_1_114' title='bbox 878 2511 1036 2573; x_wconf 88' lang='lat' dir='ltr'>cuiusdam</span> <span class='ocrx_word' id='word_1_115' title='bbox 1052 2511 1090 2570; x_wconf 87' lang='grc' dir='ltr'>Α-</span> 
     </span>
     <span class='ocr_line' id='line_1_22' title="bbox 347 2604 1092 2687; baseline -0.011 -16"><span class='ocrx_word' id='word_1_116' title='bbox 347 2610 434 2687; x_wconf 85' lang='lat' dir='ltr'>loysii</span> <span class='ocrx_word' id='word_1_117' title='bbox 457 2608 539 2682; x_wconf 86' lang='lat' dir='ltr'>Lilii,</span> <span class='ocrx_word' id='word_1_118' title='bbox 556 2609 608 2687; x_wconf 92' lang='lat' dir='ltr'>qui</span> <span class='ocrx_word' id='word_1_119' title='bbox 631 2608 736 2686; x_wconf 90' lang='lat' dir='ltr'>plures</span> <span class='ocrx_word' id='word_1_120' title='bbox 757 2621 855 2667; x_wconf 91' lang='lat' dir='ltr'>annos</span> <span class='ocrx_word' id='word_1_121' title='bbox 877 2604 987 2666; x_wconf 90' lang='lat' dir='ltr'>inillis</span> <span class='ocrx_word' id='word_1_122' title='bbox 1008 2617 1092 2665; x_wconf 89' lang='lat' dir='ltr'>com-</span> 
     </span>
     <span class='ocr_line' id='line_1_23' title="bbox 291 2695 1091 2784; baseline -0.013 -18"><span class='ocrx_word' id='word_1_123' title='bbox 291 2725 292 2728; x_wconf 44' lang='lat'><em>*</em></span> <span class='ocrx_word' id='word_1_124' title='bbox 346 2703 497 2784; x_wconf 90' lang='lat' dir='ltr'>ponendis</span> <span class='ocrx_word' id='word_1_125' title='bbox 528 2703 744 2779; x_wconf 85' lang='lat' dir='ltr'>insumpserat.</span> <span class='ocrx_word' id='word_1_126' title='bbox 775 2699 936 2776; x_wconf 90' lang='lat' dir='ltr'>Perpensis</span> <span class='ocrx_word' id='word_1_127' title='bbox 957 2695 1091 2774; x_wconf 88' lang='lat' dir='ltr'>denique</span> 
     </span>
     <span class='ocr_line' id='line_1_24' title="bbox 346 2791 1091 2876; baseline -0.016 -15"><span class='ocrx_word' id='word_1_128' title='bbox 346 2797 526 2876; x_wconf 89' lang='lat' dir='ltr'>libratisque</span> <span class='ocrx_word' id='word_1_129' title='bbox 548 2795 709 2870; x_wconf 91' lang='lat' dir='ltr'>omnibus,</span> <span class='ocrx_word' id='word_1_130' title='bbox 736 2795 769 2856; x_wconf 92' lang='grc'>44</span> <span class='ocrx_word' id='word_1_131' title='bbox 792 2793 932 2870; x_wconf 90' lang='lat' dir='ltr'>pluribus</span> <span class='ocrx_word' id='word_1_132' title='bbox 954 2791 1091 2866; x_wconf 88' lang='lat' dir='ltr'>Congre-</span> 
     </span>
     <span class='ocr_line' id='line_1_25' title="bbox 347 2885 1090 2969; baseline -0.009 -17"><span class='ocrx_word' id='word_1_133' title='bbox 347 2891 535 2969; x_wconf 91' lang='lat' dir='ltr'>gationibus,</span> <span class='ocrx_word' id='word_1_134' title='bbox 550 2888 739 2954; x_wconf 90' lang='lat' dir='ltr'>adstantibus</span> <span class='ocrx_word' id='word_1_135' title='bbox 755 2885 958 2964; x_wconf 85' lang='lat' dir='ltr'>adhibitisque</span> <span class='ocrx_word' id='word_1_136' title='bbox 975 2885 1006 2946; x_wconf 95' lang='lat' dir='ltr'>in</span> <span class='ocrx_word' id='word_1_137' title='bbox 1018 2900 1090 2946; x_wconf 93' lang='grc'><strong>664-</strong></span> 
     </span>
     <span class='ocr_line' id='line_1_26' title="bbox 345 2977 1090 3061; baseline -0.013 -14"><span class='ocrx_word' id='word_1_138' title='bbox 345 2986 448 3048; x_wconf 89' lang='lat' dir='ltr'>silium</span> <span class='ocrx_word' id='word_1_139' title='bbox 470 2983 665 3061; x_wconf 89' lang='lat' dir='ltr'>peritissimis</span> <span class='ocrx_word' id='word_1_140' title='bbox 686 2981 859 3059; x_wconf 85' lang='lat' dir='ltr'>quibusque</span> <span class='ocrx_word' id='word_1_141' title='bbox 874 2979 960 3052; x_wconf 86' lang='lat' dir='ltr'>uiris,</span> <span class='ocrx_word' id='word_1_142' title='bbox 977 2977 1090 3057; x_wconf 90' lang='lat' dir='ltr'>prodiit</span> 
     </span>
     <span class='ocr_line' id='line_1_27' title="bbox 347 3070 1090 3150; baseline -0.013 -10"><span class='ocrx_word' id='word_1_143' title='bbox 347 3095 429 3142; x_wconf 90' lang='lat' dir='ltr'>anno</span> <span class='ocrx_word' id='word_1_144' title='bbox 462 3091 629 3140; x_wconf 83' lang='lat' dir='ltr'>unnunxrr.</span> <span class='ocrx_word' id='word_1_145' title='bbox 663 3073 844 3136; x_wconf 89' lang='lat' dir='ltr'>constitutio</span> <span class='ocrx_word' id='word_1_146' title='bbox 880 3070 1090 3150; x_wconf 89' lang='lat' dir='ltr'>praescribens</span> 
     </span>
     <span class='ocr_line' id='line_1_28' title="bbox 346 3165 1091 3245; baseline -0.015 -11"><span class='ocrx_word' id='word_1_147' title='bbox 346 3170 518 3235; x_wconf 84' lang='lat' dir='ltr'>kalendarii</span> <span class='ocrx_word' id='word_1_148' title='bbox 550 3184 708 3242; x_wconf 89' lang='lat' dir='ltr'>normam,</span> <span class='ocrx_word' id='word_1_149' title='bbox 737 3182 816 3245; x_wconf 92' lang='lat' dir='ltr'>quae</span> <span class='ocrx_word' id='word_1_150' title='bbox 847 3165 969 3242; x_wconf 88' lang='lat' dir='ltr'>incipit:</span> <span class='ocrx_word' id='word_1_151' title='bbox 1000 3165 1091 3227; x_wconf 84' lang='lat' dir='ltr'>Inter·</span> 
     </span>
     <span class='ocr_line' id='line_1_29' title="bbox 346 3257 1090 3345; baseline -0.009 -20"><span class='ocrx_word' id='word_1_152' title='bbox 346 3264 567 3345; x_wconf 81' lang='lat' dir='ltr'>pravissimos,</span> <span class='ocrx_word' id='word_1_153' title='bbox 592 3262 623 3324; x_wconf 95' lang='lat' dir='ltr'>in</span> <span class='ocrx_word' id='word_1_154' title='bbox 646 3260 755 3322; x_wconf 90' lang='lat' dir='ltr'>ordine</span> <span class='ocrx_word' id='word_1_155' title='bbox 777 3260 827 3335; x_wconf 83' lang='grc'>14,</span> <span class='ocrx_word' id='word_1_156' title='bbox 844 3259 875 3320; x_wconf 89' lang='grc'>44</span> <span class='ocrx_word' id='word_1_157' title='bbox 898 3259 996 3320; x_wconf 86' lang='lat' dir='ltr'>veteri</span> <span class='ocrx_word' id='word_1_158' title='bbox 1020 3257 1090 3319; x_wconf 89' lang='grc'><strong>1141-</strong></span> 
     </span>
     <span class='ocr_line' id='line_1_30' title="bbox 346 3358 574 3422; baseline -0.026 0"><span class='ocrx_word' id='word_1_159' title='bbox 346 3359 422 3422; x_wconf 93' lang='lat' dir='ltr'>lario</span> <span class='ocrx_word' id='word_1_160' title='bbox 445 3367 520 3420; x_wconf 91' lang='lat' dir='ltr'>torn.</span> <span class='ocrx_word' id='word_1_161' title='bbox 544 3358 574 3419; x_wconf 74' lang='grc'>2.</span> 
     </span>
    </p>

    <p class='ocr_par' dir='ltr' id='par_1_3' title="bbox 106 3447 1092 3809">
     <span class='ocr_line' id='line_1_31' title="bbox 139 3447 1089 3527; baseline 0.002 -21"><span class='ocrx_word' id='word_1_162' title='bbox 139 3463 263 3526; x_wconf 69' lang='grc'><strong>446464</strong></span> <span class='ocrx_word' id='word_1_163' title='bbox 285 3461 328 3524; x_wconf 71' lang='lat' dir='ltr'>aa·</span> <span class='ocrx_word' id='word_1_164' title='bbox 386 3454 405 3527; x_wconf 63' lang='lat'>5</span> <span class='ocrx_word' id='word_1_165' title='bbox 426 3452 475 3514; x_wconf 86' lang='grc'>44.</span> <span class='ocrx_word' id='word_1_166' title='bbox 499 3451 605 3514; x_wconf 87' lang='lat' dir='ltr'>licteri</span> <span class='ocrx_word' id='word_1_167' title='bbox 628 3447 916 3526; x_wconf 89' lang='lat' dir='ltr'>igiturkalendario</span> <span class='ocrx_word' id='word_1_168' title='bbox 939 3447 993 3508; x_wconf 89' lang='lat' dir='ltr'>hac</span> <span class='ocrx_word' id='word_1_169' title='bbox 1015 3461 1089 3525; x_wconf 91' lang='lat' dir='ltr'>pon·</span> 
     </span>
     <span class='ocr_line' id='line_1_32' title="bbox 106 3514 1090 3623; baseline -0.016 -7"><span class='ocrx_word' id='word_1_170' title='bbox 106 3514 226 3623; x_wconf 51' lang='grc' dir='ltr'><strong>161ῗὲ3ῗᾶ</strong></span> <span class='ocrx_word' id='word_1_171' title='bbox 241 3516 328 3614; x_wconf 59' lang='grc' dir='ltr'><strong>411131ιῖ</strong></span> <span class='ocrx_word' id='word_1_172' title='bbox 348 3546 440 3609; x_wconf 87' lang='lat' dir='ltr'>tilicia</span> <span class='ocrx_word' id='word_1_173' title='bbox 466 3545 688 3608; x_wconf 91' lang='lat' dir='ltr'>constitutione</span> <span class='ocrx_word' id='word_1_174' title='bbox 708 3543 869 3618; x_wconf 89' lang='lat' dir='ltr'>abrogato,</span> <span class='ocrx_word' id='word_1_175' title='bbox 896 3540 1090 3612; x_wconf 76' lang='lat' dir='ltr'>PatriarchiS,</span> 
     </span>
     <span class='ocr_line' id='line_1_33' title="bbox 107 3621 1092 3730; baseline -0.013 -25"><span class='ocrx_word' id='word_1_176' title='bbox 107 3621 329 3730; x_wconf 48' lang='grc' dir='ltr'>ξῗξῗθθξζῑξζῖξζ</span> <span class='ocrx_word' id='word_1_177' title='bbox 346 3639 542 3712; x_wconf 86' lang='lat' dir='ltr'>Primatibus,</span> <span class='ocrx_word' id='word_1_178' title='bbox 564 3636 819 3714; x_wconf 67' lang='lat' dir='ltr'>archiepiscopis,</span> <span class='ocrx_word' id='word_1_179' title='bbox 842 3633 1009 3713; x_wconf 84' lang='lat' dir='ltr'>Episcopis,</span> <span class='ocrx_word' id='word_1_180' title='bbox 1032 3632 1092 3693; x_wconf 84' lang='lat' dir='ltr'>hb-</span> 
     </span>
     <span class='ocr_line' id='line_1_34' title="bbox 110 3687 1091 3809; baseline -0.011 -10"><span class='ocrx_word' id='word_1_181' title='bbox 110 3687 254 3776; x_wconf 55' lang='grc'><strong>1101110116·</strong></span> <span class='ocrx_word' id='word_1_182' title='bbox 346 3734 478 3808; x_wconf 91' lang='lat' dir='ltr'>batibus,</span> <span class='ocrx_word' id='word_1_183' title='bbox 501 3731 630 3809; x_wconf 87' lang='lat' dir='ltr'>aliisque</span> <span class='ocrx_word' id='word_1_184' title='bbox 648 3729 789 3809; x_wconf 90' lang='lat' dir='ltr'>praelatis</span> <span class='ocrx_word' id='word_1_185' title='bbox 811 3730 998 3806; x_wconf 87' lang='lat' dir='ltr'>imperatum</span> <span class='ocrx_word' id='word_1_186' title='bbox 1019 3726 1091 3801; x_wconf 86' lang='lat' dir='ltr'>luit,</span> 
     </span>
    </p>

    <p class='ocr_par' dir='ltr' id='par_1_4' title="bbox 334 3821 1093 5489">
     <span class='ocr_line' id='line_1_35' title="bbox 347 3821 1092 3901; baseline -0.012 -11"><span class='ocrx_word' id='word_1_187' title='bbox 347 3835 382 3890; x_wconf 93' lang='lat' dir='ltr'>ut</span> <span class='ocrx_word' id='word_1_188' title='bbox 402 3842 485 3890; x_wconf 83' lang='lat' dir='ltr'>noro</span> <span class='ocrx_word' id='word_1_189' title='bbox 511 3823 739 3901; x_wconf 88' lang='lat' dir='ltr'>emendataque</span> <span class='ocrx_word' id='word_1_190' title='bbox 758 3821 938 3884; x_wconf 89' lang='lat' dir='ltr'>kalendario</span> <span class='ocrx_word' id='word_1_191' title='bbox 967 3826 1092 3882; x_wconf 88' lang='lat' dir='ltr'>uteren-</span> 
     </span>
     <span class='ocr_line' id='line_1_36' title="bbox 347 3913 1093 3998; baseline -0.012 -16"><span class='ocrx_word' id='word_1_192' title='bbox 347 3931 411 3996; x_wconf 86' lang='lat' dir='ltr'>tur,</span> <span class='ocrx_word' id='word_1_193' title='bbox 427 3918 689 3998; x_wconf 90' lang='lat' dir='ltr'>quemadmodum</span> <span class='ocrx_word' id='word_1_194' title='bbox 704 3917 736 3977; x_wconf 97' lang='grc'>44</span> <span class='ocrx_word' id='word_1_195' title='bbox 749 3914 855 3978; x_wconf 87' lang='lat' dir='ltr'>eadem</span> <span class='ocrx_word' id='word_1_196' title='bbox 870 3913 1093 3978; x_wconf 90' lang='lat' dir='ltr'>constitutione</span> 
     </span>
     <span class='ocr_line' id='line_1_37' title="bbox 347 4005 1091 4091; baseline -0.013 -15"><span class='ocrx_word' id='word_1_197' title='bbox 347 4015 450 4091; x_wconf 86' lang='lat' dir='ltr'>legere</span> <span class='ocrx_word' id='word_1_198' title='bbox 480 4019 537 4087; x_wconf 90' lang='grc'><strong>666,</strong></span> <span class='ocrx_word' id='word_1_199' title='bbox 560 4010 721 4088; x_wconf 79' lang='lat' dir='ltr'>fusiusque</span> <span class='ocrx_word' id='word_1_200' title='bbox 746 4009 869 4071; x_wconf 91' lang='lat' dir='ltr'>eruitur</span> <span class='ocrx_word' id='word_1_201' title='bbox 889 4024 928 4069; x_wconf 84' lang='grc'>64</span> <span class='ocrx_word' id='word_1_202' title='bbox 954 4005 1091 4069; x_wconf 88' lang='lat' dir='ltr'>eiusdem</span> 
     </span>
     <span class='ocr_line' id='line_1_38' title="bbox 347 4101 1092 4178; baseline -0.012 -10"><span class='ocrx_word' id='word_1_203' title='bbox 347 4105 503 4169; x_wconf 83' lang='lat' dir='ltr'>Pontidcis</span> <span class='ocrx_word' id='word_1_204' title='bbox 524 4102 684 4165; x_wconf 85' lang='lat' dir='ltr'>annalibus</span> <span class='ocrx_word' id='word_1_205' title='bbox 716 4102 830 4164; x_wconf 85' lang='lat' dir='ltr'>Romae</span> <span class='ocrx_word' id='word_1_206' title='bbox 853 4101 1009 4178; x_wconf 88' lang='lat' dir='ltr'>impressis</span> <span class='ocrx_word' id='word_1_207' title='bbox 1036 4115 1092 4162; x_wconf 87' lang='lat' dir='ltr'>on-</span> 
     </span>
     <span class='ocr_line' id='line_1_39' title="bbox 347 4193 1091 4274; baseline -0.011 -12"><span class='ocrx_word' id='word_1_208' title='bbox 347 4218 388 4262; x_wconf 87' lang='grc'>46</span> <span class='ocrx_word' id='word_1_209' title='bbox 410 4214 589 4271; x_wconf 74' lang='lat' dir='ltr'>uncorum,</span> <span class='ocrx_word' id='word_1_210' title='bbox 613 4203 687 4257; x_wconf 84' lang='lat' dir='ltr'>tom.</span> <span class='ocrx_word' id='word_1_211' title='bbox 709 4195 743 4267; x_wconf 82' lang='lat'>2,</span> <span class='ocrx_word' id='word_1_212' title='bbox 762 4210 834 4274; x_wconf 77' lang='lat' dir='ltr'>pop.</span> <span class='ocrx_word' id='word_1_213' title='bbox 856 4193 936 4256; x_wconf 85' lang='lat'>271.</span> <span class='ocrx_word' id='word_1_214' title='bbox 961 4193 1091 4267; x_wconf 84' lang='lat' dir='ltr'>Verum,</span> 
     </span>
     <span class='ocr_line' id='line_1_40' title="bbox 347 4286 1092 4356; baseline -0.013 0"><span class='ocrx_word' id='word_1_215' title='bbox 347 4309 418 4356; x_wconf 91' lang='lat' dir='ltr'>curn</span> <span class='ocrx_word' id='word_1_216' title='bbox 441 4293 473 4354; x_wconf 93' lang='lat' dir='ltr'>in</span> <span class='ocrx_word' id='word_1_217' title='bbox 494 4290 717 4354; x_wconf 88' lang='lat' dir='ltr'>constitutione</span> <span class='ocrx_word' id='word_1_218' title='bbox 733 4289 857 4352; x_wconf 90' lang='lat' dir='ltr'>nullum</span> <span class='ocrx_word' id='word_1_219' title='bbox 878 4289 916 4350; x_wconf 93' lang='grc'>46</span> <span class='ocrx_word' id='word_1_220' title='bbox 930 4286 1092 4351; x_wconf 87' lang='grc'><strong>044646414-</strong></span> 
     </span>
     <span class='ocr_line' id='line_1_41' title="bbox 348 4379 1093 4458; baseline -0.012 -8"><span class='ocrx_word' id='word_1_221' title='bbox 348 4388 404 4450; x_wconf 82' lang='grc'>446</span> <span class='ocrx_word' id='word_1_222' title='bbox 432 4383 660 4448; x_wconf 88' lang='grc'><strong>1466444146446</strong></span> <span class='ocrx_word' id='word_1_223' title='bbox 689 4383 840 4454; x_wconf 90' lang='lat' dir='ltr'>verbum,</span> <span class='ocrx_word' id='word_1_224' title='bbox 869 4381 993 4458; x_wconf 81' lang='lat' dir='ltr'>exurgit</span> <span class='ocrx_word' id='word_1_225' title='bbox 1020 4379 1093 4441; x_wconf 90' lang='lat' dir='ltr'>hino</span> 
     </span>
     <span class='ocr_line' id='line_1_42' title="bbox 348 4473 1091 4560; baseline -0.012 -17"><span class='ocrx_word' id='word_1_226' title='bbox 348 4479 504 4560; x_wconf 87' lang='lat' dir='ltr'>quaestio,</span> <span class='ocrx_word' id='word_1_227' title='bbox 533 4493 611 4539; x_wconf 88' lang='lat' dir='ltr'>num</span> <span class='ocrx_word' id='word_1_228' title='bbox 639 4478 747 4540; x_wconf 90' lang='lat' dir='ltr'>eadem</span> <span class='ocrx_word' id='word_1_229' title='bbox 771 4475 942 4540; x_wconf 86' lang='grc'><strong>0446464166</strong></span> <span class='ocrx_word' id='word_1_230' title='bbox 964 4473 1091 4549; x_wconf 59' lang='lat' dir='ltr'>alliciam</span> 
     </span>
     <span class='ocr_line' id='line_1_43' title="bbox 348 4567 1093 4652; baseline -0.009 -18"><span class='ocrx_word' id='word_1_231' title='bbox 348 4589 426 4652; x_wconf 89' lang='lat' dir='ltr'>quae</span> <span class='ocrx_word' id='word_1_232' title='bbox 457 4571 584 4650; x_wconf 86' lang='lat' dir='ltr'>quidem</span> <span class='ocrx_word' id='word_1_233' title='bbox 612 4570 751 4649; x_wconf 89' lang='lat' dir='ltr'>quaestio</span> <span class='ocrx_word' id='word_1_234' title='bbox 783 4585 847 4632; x_wconf 92' lang='lat' dir='ltr'>non</span> <span class='ocrx_word' id='word_1_235' title='bbox 874 4585 890 4629; x_wconf 91' lang='lat' dir='ltr'>a</span> <span class='ocrx_word' id='word_1_236' title='bbox 917 4567 1093 4631; x_wconf 90' lang='lat' dir='ltr'>doctoribus</span> 
     </span>
     <span class='ocr_line' id='line_1_44' title="bbox 348 4662 1092 4740; baseline -0.011 -11"><span class='ocrx_word' id='word_1_237' title='bbox 348 4669 440 4729; x_wconf 91' lang='lat' dir='ltr'>modo</span> <span class='ocrx_word' id='word_1_238' title='bbox 461 4664 648 4739; x_wconf 92' lang='lat' dir='ltr'>instituitur,</span> <span class='ocrx_word' id='word_1_239' title='bbox 665 4673 700 4728; x_wconf 92' lang='lat' dir='ltr'>ut</span> <span class='ocrx_word' id='word_1_240' title='bbox 721 4663 827 4726; x_wconf 85' lang='lat' dir='ltr'>ridere</span> <span class='ocrx_word' id='word_1_241' title='bbox 848 4669 893 4724; x_wconf 89' lang='lat' dir='ltr'>est</span> <span class='ocrx_word' id='word_1_242' title='bbox 915 4663 995 4740; x_wconf 92' lang='lat' dir='ltr'>apud</span> <span class='ocrx_word' id='word_1_243' title='bbox 1015 4662 1092 4722; x_wconf 82' lang='lat' dir='ltr'>hco-</span> 
     </span>
     <span class='ocr_line' id='line_1_45' title="bbox 348 4753 1091 4830; baseline -0.012 -8"><span class='ocrx_word' id='word_1_244' title='bbox 348 4761 431 4822; x_wconf 92' lang='lat' dir='ltr'>rium</span> <span class='ocrx_word' id='word_1_245' title='bbox 450 4758 596 4823; x_wconf 82' lang='lat' dir='ltr'>institut.</span> <span class='ocrx_word' id='word_1_246' title='bbox 611 4757 724 4822; x_wconf 84' lang='lat' dir='ltr'>Marci.</span> <span class='ocrx_word' id='word_1_247' title='bbox 737 4762 811 4817; x_wconf 86' lang='lat' dir='ltr'>tom.</span> <span class='ocrx_word' id='word_1_248' title='bbox 827 4759 859 4827; x_wconf 91' lang='lat'>1,</span> <span class='ocrx_word' id='word_1_249' title='bbox 873 4755 893 4816; x_wconf 88' lang='lat' dir='ltr'>l.</span> <span class='ocrx_word' id='word_1_250' title='bbox 906 4757 940 4826; x_wconf 87' lang='lat'>5,</span> <span class='ocrx_word' id='word_1_251' title='bbox 957 4767 1024 4830; x_wconf 84' lang='lat' dir='ltr'>cop.</span> <span class='ocrx_word' id='word_1_252' title='bbox 1038 4753 1091 4824; x_wconf 88' lang='grc'>11,</span> 
     </span>
     <span class='ocr_line' id='line_1_46' title="bbox 348 4845 1093 4932; baseline -0.012 -18"><span class='ocrx_word' id='word_1_253' title='bbox 348 4861 470 4932; x_wconf 81' lang='lat' dir='ltr'>quaest.</span> <span class='ocrx_word' id='word_1_254' title='bbox 487 4852 522 4924; x_wconf 83' lang='lat'>7,</span> <span class='ocrx_word' id='word_1_255' title='bbox 539 4856 569 4914; x_wconf 90' lang='lat' dir='ltr'>et</span> <span class='ocrx_word' id='word_1_256' title='bbox 584 4853 663 4929; x_wconf 92' lang='lat' dir='ltr'>apud</span> <span class='ocrx_word' id='word_1_257' title='bbox 685 4849 855 4911; x_wconf 85' lang='lat' dir='ltr'>Baldellum</span> <span class='ocrx_word' id='word_1_258' title='bbox 871 4848 982 4910; x_wconf 82' lang='grc'><strong>16666</strong></span> <span class='ocrx_word' id='word_1_259' title='bbox 1001 4845 1093 4908; x_wconf 82' lang='lat' dir='ltr'>ibeo·</span> 
     </span>
     <span class='ocr_line' id='line_1_47' title="bbox 349 4939 1092 5026; baseline -0.012 -19"><span class='ocrx_word' id='word_1_260' title='bbox 349 4946 434 5026; x_wconf 79' lang='lat' dir='ltr'>logio</span> <span class='ocrx_word' id='word_1_261' title='bbox 456 4943 584 5015; x_wconf 78' lang='lat' dir='ltr'>Murali,</span> <span class='ocrx_word' id='word_1_262' title='bbox 608 4950 681 5004; x_wconf 84' lang='lat' dir='ltr'>tom.</span> <span class='ocrx_word' id='word_1_263' title='bbox 700 4944 729 5015; x_wconf 88' lang='lat'>1,</span> <span class='ocrx_word' id='word_1_264' title='bbox 755 4939 810 5004; x_wconf 81' lang='lat' dir='ltr'>ttb.</span> <span class='ocrx_word' id='word_1_265' title='bbox 833 4942 864 5013; x_wconf 80' lang='lat'>5,</span> <span class='ocrx_word' id='word_1_266' title='bbox 889 4941 1009 5018; x_wconf 79' lang='lat' dir='ltr'>disput.</span> <span class='ocrx_word' id='word_1_267' title='bbox 1029 4939 1070 4999; x_wconf 84' lang='grc'>41</span> <span class='ocrx_word' id='word_1_268' title='bbox 1078 4960 1092 5012; x_wconf 88' lang='grc'>,·</span> 
     </span>
     <span class='ocr_line' id='line_1_48' title="bbox 334 5035 1092 5118; baseline -0.012 -15"><span class='ocrx_word' id='word_1_269' title='bbox 334 5043 399 5103; x_wconf 83' lang='lat' dir='ltr'>&#39;sed</span> <span class='ocrx_word' id='word_1_270' title='bbox 415 5041 508 5102; x_wconf 89' lang='lat' dir='ltr'>etiarn</span> <span class='ocrx_word' id='word_1_271' title='bbox 520 5038 672 5118; x_wconf 91' lang='lat' dir='ltr'>proposita</span> <span class='ocrx_word' id='word_1_272' title='bbox 684 5037 879 5115; x_wconf 87' lang='lat' dir='ltr'>discussaque</span> <span class='ocrx_word' id='word_1_273' title='bbox 889 5035 947 5096; x_wconf 88' lang='lat' dir='ltr'>luit</span> <span class='ocrx_word' id='word_1_274' title='bbox 958 5035 991 5096; x_wconf 97' lang='lat' dir='ltr'>in</span> <span class='ocrx_word' id='word_1_275' title='bbox 1007 5050 1092 5112; x_wconf 91' lang='lat' dir='ltr'>prae·</span> 
     </span>
     <span class='ocr_line' id='line_1_49' title="bbox 346 5127 1090 5196; baseline -0.012 0"><span class='ocrx_word' id='word_1_276' title='bbox 346 5134 496 5196; x_wconf 91' lang='lat' dir='ltr'>stantium</span> <span class='ocrx_word' id='word_1_277' title='bbox 519 5133 660 5194; x_wconf 89' lang='lat' dir='ltr'>virorum</span> <span class='ocrx_word' id='word_1_278' title='bbox 681 5138 837 5194; x_wconf 83' lang='lat' dir='ltr'>conuentu</span> <span class='ocrx_word' id='word_1_279' title='bbox 859 5129 964 5191; x_wconf 89' lang='lat' dir='ltr'>habito</span> <span class='ocrx_word' id='word_1_280' title='bbox 978 5127 1027 5190; x_wconf 90' lang='lat' dir='ltr'>die</span> <span class='ocrx_word' id='word_1_281' title='bbox 1048 5144 1090 5188; x_wconf 89' lang='lat' dir='ltr'>rr.</span> 
     </span>
     <span class='ocr_line' id='line_1_50' title="bbox 348 5220 1092 5299; baseline -0.009 -10"><span class='ocrx_word' id='word_1_282' title='bbox 348 5227 415 5290; x_wconf 94' lang='lat' dir='ltr'>iulii</span> <span class='ocrx_word' id='word_1_283' title='bbox 437 5243 518 5288; x_wconf 90' lang='lat' dir='ltr'>anno</span> <span class='ocrx_word' id='word_1_284' title='bbox 540 5239 712 5299; x_wconf 82' lang='grc'><strong>4464444,</strong></span> <span class='ocrx_word' id='word_1_285' title='bbox 726 5225 759 5286; x_wconf 94' lang='grc'>44</span> <span class='ocrx_word' id='word_1_286' title='bbox 775 5223 900 5285; x_wconf 88' lang='lat' dir='ltr'>aedibus</span> <span class='ocrx_word' id='word_1_287' title='bbox 922 5220 1092 5284; x_wconf 82' lang='lat' dir='ltr'>dardinalts</span> 
     </span>
     <span class='ocr_line' id='line_1_51' title="bbox 348 5315 1092 5400; baseline -0.009 -18"><span class='ocrx_word' id='word_1_288' title='bbox 348 5320 522 5400; x_wconf 89' lang='lat' dir='ltr'>Pamphilii,</span> <span class='ocrx_word' id='word_1_289' title='bbox 545 5319 599 5396; x_wconf 91' lang='lat' dir='ltr'>qui</span> <span class='ocrx_word' id='word_1_290' title='bbox 625 5317 660 5378; x_wconf 90' lang='grc'>64</span> <span class='ocrx_word' id='word_1_291' title='bbox 689 5331 850 5378; x_wconf 90' lang='lat' dir='ltr'>summum</span> <span class='ocrx_word' id='word_1_292' title='bbox 877 5315 1092 5394; x_wconf 86' lang='lat' dir='ltr'>pontificatum</span> 
     </span>
     <span class='ocr_line' id='line_1_52' title="bbox 349 5408 1090 5489; baseline -0.011 -13"><span class='ocrx_word' id='word_1_293' title='bbox 349 5423 484 5489; x_wconf 86' lang='lat' dir='ltr'>evectus,</span> <span class='ocrx_word' id='word_1_294' title='bbox 508 5411 681 5476; x_wconf 89' lang='lat' dir='ltr'>innocentii</span> <span class='ocrx_word' id='word_1_295' title='bbox 710 5412 748 5473; x_wconf 88' lang='lat' dir='ltr'>x.</span> <span class='ocrx_word' id='word_1_296' title='bbox 772 5425 888 5472; x_wconf 88' lang='lat' dir='ltr'>nomen</span> <span class='ocrx_word' id='word_1_297' title='bbox 916 5408 1090 5487; x_wconf 90' lang='lat' dir='ltr'>assumpsit.</span> 
     </span>
    </p>
   </div>
   <div class='ocr_carea' id='block_1_3' title="bbox 349 5501 1094 6042">
    <p class='ocr_par' dir='ltr' id='par_1_5' title="bbox 349 5501 1094 6042">
     <span class='ocr_line' id='line_1_53' title="bbox 349 5501 1092 5583; baseline -0.008 -14"><span class='ocrx_word' id='word_1_298' title='bbox 349 5507 429 5570; x_wconf 88' lang='grc'><strong>11466</strong></span> <span class='ocrx_word' id='word_1_299' title='bbox 448 5514 554 5569; x_wconf 90' lang='lat' dir='ltr'>autem</span> <span class='ocrx_word' id='word_1_300' title='bbox 570 5514 645 5568; x_wconf 92' lang='lat' dir='ltr'>tunc</span> <span class='ocrx_word' id='word_1_301' title='bbox 658 5505 771 5583; x_wconf 90' lang='lat' dir='ltr'>prodiit</span> <span class='ocrx_word' id='word_1_302' title='bbox 791 5502 957 5566; x_wconf 84' lang='lat' dir='ltr'>resolutio:</span> <span class='ocrx_word' id='word_1_303' title='bbox 981 5501 1092 5565; x_wconf 73' lang='lat' dir='ltr'>‹Sub-</span> 
     </span>
     <span class='ocr_line' id='line_1_54' title="bbox 349 5594 1094 5681; baseline -0.012 -17"><span class='ocrx_word' id='word_1_304' title='bbox 349 5601 406 5664; x_wconf 91' lang='lat' dir='ltr'>diti</span> <span class='ocrx_word' id='word_1_305' title='bbox 427 5609 559 5681; x_wconf 89' lang='lat' dir='ltr'>quatuor</span> <span class='ocrx_word' id='word_1_306' title='bbox 574 5598 819 5661; x_wconf 87' lang='lat' dir='ltr'>Patriarcharum</span> <span class='ocrx_word' id='word_1_307' title='bbox 833 5596 967 5660; x_wconf 88' lang='lat' dir='ltr'>Orientis</span> <span class='ocrx_word' id='word_1_308' title='bbox 979 5611 1043 5658; x_wconf 93' lang='grc'>464</span> <span class='ocrx_word' id='word_1_309' title='bbox 1058 5594 1094 5656; x_wconf 93' lang='grc'>14-</span> 
     </span>
     <span class='ocr_line' id='line_1_55' title="bbox 350 5690 1091 5774; baseline -0.007 -18"><span class='ocrx_word' id='word_1_310' title='bbox 350 5703 464 5774; x_wconf 85' lang='lat' dir='ltr'>gantur</span> <span class='ocrx_word' id='word_1_311' title='bbox 491 5695 581 5756; x_wconf 85' lang='lat' dir='ltr'>noris</span> <span class='ocrx_word' id='word_1_312' title='bbox 607 5692 771 5772; x_wconf 86' lang='lat' dir='ltr'>pontificiis</span> <span class='ocrx_word' id='word_1_313' title='bbox 803 5690 1091 5766; x_wconf 88' lang='lat' dir='ltr'>constitutionibus,</span> 
     </span>
     <span class='ocr_line' id='line_1_56' title="bbox 349 5784 1091 5865; baseline -0.007 -15"><span class='ocrx_word' id='word_1_314' title='bbox 349 5789 410 5851; x_wconf 92' lang='lat' dir='ltr'>nisi</span> <span class='ocrx_word' id='word_1_315' title='bbox 430 5790 463 5851; x_wconf 95' lang='lat' dir='ltr'>in</span> <span class='ocrx_word' id='word_1_316' title='bbox 486 5787 585 5850; x_wconf 88' lang='lat' dir='ltr'>tribus</span> <span class='ocrx_word' id='word_1_317' title='bbox 615 5786 746 5849; x_wconf 91' lang='lat' dir='ltr'>casibus:</span> <span class='ocrx_word' id='word_1_318' title='bbox 777 5785 877 5865; x_wconf 89' lang='lat' dir='ltr'>primo</span> <span class='ocrx_word' id='word_1_319' title='bbox 904 5785 941 5846; x_wconf 91' lang='lat' dir='ltr'>in</span> <span class='ocrx_word' id='word_1_320' title='bbox 963 5784 1091 5846; x_wconf 87' lang='lat' dir='ltr'>materia</span> 
     </span>
     <span class='ocr_line' id='line_1_57' title="bbox 349 5877 1092 5958; baseline -0.004 -15"><span class='ocrx_word' id='word_1_321' title='bbox 349 5881 529 5958; x_wconf 88' lang='lat' dir='ltr'>dogmatum</span> <span class='ocrx_word' id='word_1_322' title='bbox 558 5879 646 5958; x_wconf 83' lang='lat' dir='ltr'>fidei3</span> <span class='ocrx_word' id='word_1_323' title='bbox 671 5881 825 5955; x_wconf 90' lang='grc'><strong>6664446,</strong></span> <span class='ocrx_word' id='word_1_324' title='bbox 847 5880 873 5940; x_wconf 85' lang='grc'>61</span> <span class='ocrx_word' id='word_1_325' title='bbox 894 5878 971 5958; x_wconf 85' lang='lat' dir='ltr'>Papa</span> <span class='ocrx_word' id='word_1_326' title='bbox 997 5877 1092 5957; x_wconf 83' lang='lat' dir='ltr'>eupli·</span> 
     </span>
     <span class='ocr_line' id='line_1_58' title="bbox 349 5971 1093 6042; baseline -0.012 0"><span class='ocrx_word' id='word_1_327' title='bbox 349 5978 409 6042; x_wconf 82' lang='lat' dir='ltr'>tite</span> <span class='ocrx_word' id='word_1_328' title='bbox 431 5975 464 6038; x_wconf 93' lang='lat' dir='ltr'>in</span> <span class='ocrx_word' id='word_1_329' title='bbox 484 5974 547 6036; x_wconf 92' lang='lat' dir='ltr'>suis</span> <span class='ocrx_word' id='word_1_330' title='bbox 567 5973 839 6036; x_wconf 89' lang='lat' dir='ltr'>constitutionibus</span> <span class='ocrx_word' id='word_1_331' title='bbox 860 5971 1093 6034; x_wconf 89' lang='lat' dir='ltr'>laciatmentio-</span> 
     </span>
    </p>
   </div>
   <div class='ocr_carea' id='block_1_4' title="bbox 973 603 1257 660">
    <p class='ocr_par' dir='ltr' id='par_1_6' title="bbox 973 603 1257 660">
     <span class='ocr_line' id='line_1_59' title="bbox 973 603 1257 660; baseline -0.004 -1"><span class='ocrx_word' id='word_1_332' title='bbox 973 603 1171 660; x_wconf 76' lang='lat' dir='ltr'>dndhbtcrtls</span> <span class='ocrx_word' id='word_1_333' title='bbox 1191 603 1257 659; x_wconf 75' lang='lat' dir='ltr'>XIV.</span> 
     </span>
    </p>
   </div>
   <div class='ocr_carea' id='block_1_5' title="bbox 1808 587 2107 664">
    <p class='ocr_par' dir='ltr' id='par_1_7' title="bbox 1808 587 2107 664">
     <span class='ocr_line' id='line_1_60' title="bbox 1808 587 2107 664; baseline -0.04 0"><span class='ocrx_word' id='word_1_334' title='bbox 1808 591 1868 664; x_wconf 76' lang='grc'><strong>619</strong></span> <span class='ocrx_word' id='word_1_335' title='bbox 1917 587 1971 650; x_wconf 70' lang='lat' dir='ltr'>An.</span> <span class='ocrx_word' id='word_1_336' title='bbox 1986 600 2016 651; x_wconf 82' lang='lat' dir='ltr'>G.</span> <span class='ocrx_word' id='word_1_337' title='bbox 2038 587 2107 652; x_wconf 79' lang='lat' dir='ltr'>rtet</span> 
     </span>
    </p>
   </div>
   <div class='ocr_carea' id='block_1_6' title="bbox 1142 733 2120 1564">
    <p class='ocr_par' dir='ltr' id='par_1_8' title="bbox 1142 733 1984 902">
     <span class='ocr_line' id='line_1_61' title="bbox 1142 733 1984 815; baseline 0.018 -24"><span class='ocrx_word' id='word_1_338' title='bbox 1142 745 1216 792; x_wconf 89' lang='lat' dir='ltr'>nem</span> <span class='ocrx_word' id='word_1_339' title='bbox 1238 739 1269 794; x_wconf 91' lang='grc'>66</span> <span class='ocrx_word' id='word_1_340' title='bbox 1289 733 1430 812; x_wconf 92' lang='lat' dir='ltr'>disponat</span> <span class='ocrx_word' id='word_1_341' title='bbox 1457 735 1494 798; x_wconf 89' lang='lat' dir='ltr'>de</span> <span class='ocrx_word' id='word_1_342' title='bbox 1521 735 1698 815; x_wconf 88' lang='lat' dir='ltr'>praedictis;</span> <span class='ocrx_word' id='word_1_343' title='bbox 1729 737 1840 812; x_wconf 89' lang='lat' dir='ltr'>tertio,</span> <span class='ocrx_word' id='word_1_344' title='bbox 1862 737 1888 799; x_wconf 87' lang='grc'>64</span> <span class='ocrx_word' id='word_1_345' title='bbox 1978 799 1984 806; x_wconf 93' lang='lat'>.</span> 
     </span>
     <span class='ocr_line' id='line_1_62' title="bbox 1144 824 1888 902; baseline 0.009 -17"><span class='ocrx_word' id='word_1_346' title='bbox 1144 824 1292 902; x_wconf 84' lang='lat' dir='ltr'>implicite</span> <span class='ocrx_word' id='word_1_347' title='bbox 1313 827 1344 889; x_wconf 93' lang='lat' dir='ltr'>in</span> <span class='ocrx_word' id='word_1_348' title='bbox 1366 827 1476 896; x_wconf 81' lang='lat' dir='ltr'>iisdem</span> <span class='ocrx_word' id='word_1_349' title='bbox 1498 831 1773 895; x_wconf 90' lang='lat' dir='ltr'>constitutionibus</span> <span class='ocrx_word' id='word_1_350' title='bbox 1793 833 1888 894; x_wconf 91' lang='grc'><strong>46646</strong></span> 
     </span>
    </p>

    <p class='ocr_par' dir='ltr' id='par_1_9' title="bbox 1142 917 1889 1004">
     <span class='ocr_line' id='line_1_63' title="bbox 1142 917 1889 1004; baseline 0.008 -26"><span class='ocrx_word' id='word_1_351' title='bbox 1142 917 1298 997; x_wconf 88' lang='lat' dir='ltr'>disponat,</span> <span class='ocrx_word' id='word_1_352' title='bbox 1322 927 1356 982; x_wconf 92' lang='lat' dir='ltr'>ut</span> <span class='ocrx_word' id='word_1_353' title='bbox 1383 922 1415 983; x_wconf 91' lang='lat' dir='ltr'>iu</span> <span class='ocrx_word' id='word_1_354' title='bbox 1444 924 1561 986; x_wconf 90' lang='lat' dir='ltr'>casibus</span> <span class='ocrx_word' id='word_1_355' title='bbox 1589 925 1830 1004; x_wconf 90' lang='lat' dir='ltr'>appellationum</span> <span class='ocrx_word' id='word_1_356' title='bbox 1852 924 1889 984; x_wconf 91' lang='lat' dir='ltr'>ad</span> 
     </span>
    </p>

    <p class='ocr_par' dir='ltr' id='par_1_10' title="bbox 1144 1012 1891 1082">
     <span class='ocr_line' id='line_1_64' title="bbox 1144 1012 1891 1082; baseline 0.011 -9"><span class='ocrx_word' id='word_1_357' title='bbox 1144 1012 1283 1074; x_wconf 75' lang='lat' dir='ltr'>futurum</span> <span class='ocrx_word' id='word_1_358' title='bbox 1304 1015 1519 1078; x_wconf 78' lang='lat' dir='ltr'>concilium.»</span> <span class='ocrx_word' id='word_1_359' title='bbox 1546 1017 1692 1081; x_wconf 79' lang='lat' dir='ltr'>Refertur</span> <span class='ocrx_word' id='word_1_360' title='bbox 1713 1020 1786 1082; x_wconf 91' lang='lat' dir='ltr'>haec</span> <span class='ocrx_word' id='word_1_361' title='bbox 1807 1035 1891 1081; x_wconf 91' lang='lat' dir='ltr'>reso-</span> 
     </span>
    </p>

    <p class='ocr_par' dir='ltr' id='par_1_11' title="bbox 1144 1106 1889 1190">
     <span class='ocr_line' id='line_1_65' title="bbox 1144 1106 1889 1190; baseline 0.007 -23"><span class='ocrx_word' id='word_1_362' title='bbox 1144 1106 1222 1168; x_wconf 92' lang='lat' dir='ltr'>lutio</span> <span class='ocrx_word' id='word_1_363' title='bbox 1242 1113 1311 1169; x_wconf 90' lang='lat' dir='ltr'>turn</span> <span class='ocrx_word' id='word_1_364' title='bbox 1333 1126 1347 1168; x_wconf 90' lang='grc'>6</span> <span class='ocrx_word' id='word_1_365' title='bbox 1370 1109 1537 1173; x_wconf 86' lang='lat' dir='ltr'>Verricello</span> <span class='ocrx_word' id='word_1_366' title='bbox 1559 1112 1595 1172; x_wconf 88' lang='grc'>46</span> <span class='ocrx_word' id='word_1_367' title='bbox 1609 1112 1792 1190; x_wconf 84' lang='lat' dir='ltr'>apostolicis</span> <span class='ocrx_word' id='word_1_368' title='bbox 1813 1113 1889 1174; x_wconf 83' lang='lat' dir='ltr'>anis-</span> 
     </span>
    </p>

    <p class='ocr_par' dir='ltr' id='par_1_12' title="bbox 1143 1198 1888 1283">
     <span class='ocr_line' id='line_1_66' title="bbox 1143 1198 1888 1283; baseline 0.013 -23"><span class='ocrx_word' id='word_1_369' title='bbox 1143 1198 1299 1277; x_wconf 80' lang='lat' dir='ltr'>stoctbus,</span> <span class='ocrx_word' id='word_1_370' title='bbox 1318 1200 1372 1264; x_wconf 83' lang='lat' dir='ltr'>lib.</span> <span class='ocrx_word' id='word_1_371' title='bbox 1384 1208 1418 1278; x_wconf 89' lang='lat'>3,</span> <span class='ocrx_word' id='word_1_372' title='bbox 1442 1210 1563 1283; x_wconf 79' lang='grc'><strong>4666666.</strong></span> <span class='ocrx_word' id='word_1_373' title='bbox 1580 1208 1639 1278; x_wconf 89' lang='lat'>83,</span> <span class='ocrx_word' id='word_1_374' title='bbox 1657 1208 1798 1278; x_wconf 62' lang='lat' dir='ltr'>numan,-</span> <span class='ocrx_word' id='word_1_375' title='bbox 1820 1214 1888 1270; x_wconf 89' lang='lat' dir='ltr'>tum</span> 
     </span>
    </p>

    <p class='ocr_par' dir='ltr' id='par_1_13' title="bbox 1144 1295 1889 1377">
     <span class='ocr_line' id='line_1_67' title="bbox 1144 1295 1889 1377; baseline 0.011 -23"><span class='ocrx_word' id='word_1_376' title='bbox 1144 1310 1159 1354; x_wconf 92' lang='lat' dir='ltr'>a</span> <span class='ocrx_word' id='word_1_377' title='bbox 1181 1295 1269 1356; x_wconf 93' lang='lat' dir='ltr'>nobis</span> <span class='ocrx_word' id='word_1_378' title='bbox 1291 1297 1324 1359; x_wconf 94' lang='lat' dir='ltr'>in</span> <span class='ocrx_word' id='word_1_379' title='bbox 1346 1307 1452 1361; x_wconf 90' lang='lat' dir='ltr'>nostro</span> <span class='ocrx_word' id='word_1_380' title='bbox 1474 1315 1568 1377; x_wconf 90' lang='lat' dir='ltr'>opere</span> <span class='ocrx_word' id='word_1_381' title='bbox 1590 1301 1627 1362; x_wconf 89' lang='lat' dir='ltr'>de</span> <span class='ocrx_word' id='word_1_382' title='bbox 1659 1300 1889 1364; x_wconf 75' lang='grc' dir='ltr'><strong>114464146ιὶ6-</strong></span> 
     </span>
    </p>

    <p class='ocr_par' dir='ltr' id='par_1_14' title="bbox 1144 1387 1839 1472">
     <span class='ocr_line' id='line_1_68' title="bbox 1144 1387 1839 1472; baseline 0.014 -25"><span class='ocrx_word' id='word_1_383' title='bbox 1144 1403 1182 1447; x_wconf 87' lang='grc'>46</span> <span class='ocrx_word' id='word_1_384' title='bbox 1205 1387 1411 1464; x_wconf 83' lang='lat' dir='ltr'>Sanctorum,</span> <span class='ocrx_word' id='word_1_385' title='bbox 1435 1391 1489 1454; x_wconf 88' lang='lat' dir='ltr'>ttb.</span> <span class='ocrx_word' id='word_1_386' title='bbox 1512 1394 1551 1465; x_wconf 72' lang='lat'>2,</span> <span class='ocrx_word' id='word_1_387' title='bbox 1571 1411 1639 1472; x_wconf 86' lang='lat' dir='ltr'>cop.</span> <span class='ocrx_word' id='word_1_388' title='bbox 1661 1395 1717 1467; x_wconf 83' lang='lat'>38,</span> <span class='ocrx_word' id='word_1_389' title='bbox 1740 1394 1839 1458; x_wconf 81' lang='lat' dir='ltr'>a.15.</span> 
     </span>
    </p>

    <p class='ocr_par' dir='ltr' id='par_1_15' title="bbox 1184 1483 2120 1564">
     <span class='ocr_line' id='line_1_69' title="bbox 1184 1483 2120 1564; baseline 0.006 -20"><span class='ocrx_word' id='word_1_390' title='bbox 1184 1483 1272 1558; x_wconf 73' lang='lat' dir='ltr'>§ab</span> <span class='ocrx_word' id='word_1_391' title='bbox 1297 1485 1379 1547; x_wconf 90' lang='lat' dir='ltr'>Hanc</span> <span class='ocrx_word' id='word_1_392' title='bbox 1400 1489 1615 1564; x_wconf 89' lang='lat' dir='ltr'>quaestionem</span> <span class='ocrx_word' id='word_1_393' title='bbox 1630 1506 1686 1552; x_wconf 87' lang='lat' dir='ltr'>nos</span> <span class='ocrx_word' id='word_1_394' title='bbox 1708 1491 1831 1551; x_wconf 91' lang='lat' dir='ltr'>missam</span> <span class='ocrx_word' id='word_1_395' title='bbox 1847 1490 1889 1552; x_wconf 86' lang='lat' dir='ltr'>la·</span> <span class='ocrx_word' id='word_1_396' title='bbox 1929 1494 1998 1540; x_wconf 81' lang='lat' dir='ltr'>rrrua</span> <span class='ocrx_word' id='word_1_397' title='bbox 2013 1498 2120 1550; x_wconf 75' lang='lat' dir='ltr'>certum,</span> 
     </span>
    </p>
   </div>
   <div class='ocr_carea' id='block_1_7' title="bbox 1144 1547 2120 1659">
    <p class='ocr_par' dir='ltr' id='par_1_16' title="bbox 1144 1547 2120 1659">
     <span class='ocr_line' id='line_1_70' title="bbox 1144 1547 2120 1659; baseline 0.01 -22"><span class='ocrx_word' id='word_1_398' title='bbox 1144 1577 1260 1652; x_wconf 92' lang='lat' dir='ltr'>cimus,</span> <span class='ocrx_word' id='word_1_399' title='bbox 1283 1594 1354 1639; x_wconf 91' lang='lat' dir='ltr'>curn</span> <span class='ocrx_word' id='word_1_400' title='bbox 1376 1580 1413 1641; x_wconf 92' lang='lat' dir='ltr'>de</span> <span class='ocrx_word' id='word_1_401' title='bbox 1435 1581 1485 1642; x_wconf 91' lang='lat' dir='ltr'>illa</span> <span class='ocrx_word' id='word_1_402' title='bbox 1514 1581 1671 1659; x_wconf 90' lang='lat' dir='ltr'>disputare</span> <span class='ocrx_word' id='word_1_403' title='bbox 1699 1547 2120 1647; x_wconf 43' lang='grc' dir='ltr'>441144446111136411ιῖ1111ἓ</span> 
     </span>
    </p>
   </div>
   <div class='ocr_carea' id='block_1_8' title="bbox 1144 1653 2155 5957">
    <p class='ocr_par' dir='ltr' id='par_1_17' title="bbox 1144 1653 2155 2206">
     <span class='ocr_line' id='line_1_71' title="bbox 1145 1653 2122 1764; baseline 0.009 -34"><span class='ocrx_word' id='word_1_404' title='bbox 1145 1671 1307 1738; x_wconf 88' lang='lat' dir='ltr'>necessitas</span> <span class='ocrx_word' id='word_1_405' title='bbox 1330 1681 1453 1749; x_wconf 82' lang='lat' dir='ltr'>urgeat3</span> <span class='ocrx_word' id='word_1_406' title='bbox 1476 1675 1548 1736; x_wconf 87' lang='lat' dir='ltr'>satis</span> <span class='ocrx_word' id='word_1_407' title='bbox 1563 1677 1649 1738; x_wconf 91' lang='lat' dir='ltr'>enim</span> <span class='ocrx_word' id='word_1_408' title='bbox 1664 1676 1752 1739; x_wconf 90' lang='lat' dir='ltr'>nobis</span> <span class='ocrx_word' id='word_1_409' title='bbox 1767 1678 1828 1738; x_wconf 91' lang='lat' dir='ltr'>erit</span> <span class='ocrx_word' id='word_1_410' title='bbox 1843 1677 1890 1738; x_wconf 92' lang='lat' dir='ltr'>in·</span> <span class='ocrx_word' id='word_1_411' title='bbox 1908 1653 2122 1764; x_wconf 59' lang='lat' dir='ltr'>{?,‚¹“{,¹{³¹¹,‘{·’1,⁵ssss</span> 
     </span>
     <span class='ocr_line' id='line_1_72' title="bbox 1144 1761 2120 1862; baseline 0.011 -40"><span class='ocrx_word' id='word_1_412' title='bbox 1144 1761 1255 1838; x_wconf 90' lang='lat' dir='ltr'>dicare,</span> <span class='ocrx_word' id='word_1_413' title='bbox 1272 1765 1344 1842; x_wconf 93' lang='lat' dir='ltr'>quid</span> <span class='ocrx_word' id='word_1_414' title='bbox 1367 1767 1404 1828; x_wconf 90' lang='lat' dir='ltr'>ad</span> <span class='ocrx_word' id='word_1_415' title='bbox 1418 1783 1486 1828; x_wconf 89' lang='lat' dir='ltr'>rem</span> <span class='ocrx_word' id='word_1_416' title='bbox 1497 1767 1576 1831; x_wconf 87' lang='lat' dir='ltr'>hanc</span> <span class='ocrx_word' id='word_1_417' title='bbox 1598 1776 1737 1832; x_wconf 89' lang='lat' dir='ltr'>nostram</span> <span class='ocrx_word' id='word_1_418' title='bbox 1760 1771 1889 1846; x_wconf 80' lang='lat' dir='ltr'>gesserit</span> <span class='ocrx_word' id='word_1_419' title='bbox 1907 1767 2026 1862; x_wconf 40' lang='lat' dir='ltr'>2⁰:211?ssOE</span> <span class='ocrx_word' id='word_1_420' title='bbox 2040 1762 2072 1808; x_wconf 65' lang='lat'>¹³⁵</span> <span class='ocrx_word' id='word_1_421' title='bbox 2087 1761 2120 1808; x_wconf 76' lang='lat'>⁵¹²</span> 
     </span>
     <span class='ocr_line' id='line_1_73' title="bbox 1145 1850 2155 1943; baseline 0.01 -23"><span class='ocrx_word' id='word_1_422' title='bbox 1145 1856 1239 1920; x_wconf 88' lang='lat' dir='ltr'>Sedes</span> <span class='ocrx_word' id='word_1_423' title='bbox 1259 1859 1444 1937; x_wconf 83' lang='lat' dir='ltr'>Apostolica,</span> <span class='ocrx_word' id='word_1_424' title='bbox 1457 1864 1707 1942; x_wconf 90' lang='lat' dir='ltr'>quandoquidem</span> <span class='ocrx_word' id='word_1_425' title='bbox 1729 1866 1790 1943; x_wconf 88' lang='lat' dir='ltr'>ipsa</span> <span class='ocrx_word' id='word_1_426' title='bbox 1805 1881 1892 1943; x_wconf 88' lang='lat' dir='ltr'>prae·</span> <span class='ocrx_word' id='word_1_427' title='bbox 1997 1850 2002 1861; x_wconf 75' lang='lat'>&#39;</span> <span class='ocrx_word' id='word_1_428' title='bbox 2146 1861 2155 1878; x_wconf 74' lang='lat'><em>⁶</em></span> 
     </span>
     <span class='ocr_line' id='line_1_74' title="bbox 1146 1951 1889 2030; baseline 0.012 -19"><span class='ocrx_word' id='word_1_429' title='bbox 1146 1951 1284 2012; x_wconf 90' lang='lat' dir='ltr'>cedentia</span> <span class='ocrx_word' id='word_1_430' title='bbox 1316 1951 1392 2015; x_wconf 87' lang='lat' dir='ltr'>lacta</span> <span class='ocrx_word' id='word_1_431' title='bbox 1424 1954 1592 2030; x_wconf 90' lang='lat' dir='ltr'>evincunt,</span> <span class='ocrx_word' id='word_1_432' title='bbox 1622 1957 1889 2021; x_wconf 89' lang='lat' dir='ltr'>consultissimum</span> 
     </span>
     <span class='ocr_line' id='line_1_75' title="bbox 1145 2049 1891 2125; baseline 0.012 -20"><span class='ocrx_word' id='word_1_433' title='bbox 1145 2059 1211 2106; x_wconf 89' lang='grc'><strong>6666</strong></span> <span class='ocrx_word' id='word_1_434' title='bbox 1232 2060 1417 2124; x_wconf 84' lang='lat' dir='ltr'>responsum</span> <span class='ocrx_word' id='word_1_435' title='bbox 1443 2049 1581 2125; x_wconf 90' lang='lat' dir='ltr'>quaesito</span> <span class='ocrx_word' id='word_1_436' title='bbox 1608 2050 1775 2125; x_wconf 91' lang='lat' dir='ltr'>redditum,</span> <span class='ocrx_word' id='word_1_437' title='bbox 1798 2052 1891 2114; x_wconf 89' lang='lat' dir='ltr'>nimi-</span> 
     </span>
     <span class='ocr_line' id='line_1_76' title="bbox 1145 2136 1890 2206; baseline 0.009 -8"><span class='ocrx_word' id='word_1_438' title='bbox 1145 2153 1233 2199; x_wconf 91' lang='lat' dir='ltr'>rum:</span> <span class='ocrx_word' id='word_1_439' title='bbox 1258 2136 1350 2202; x_wconf 83' lang='lat' dir='ltr'>Nihil</span> <span class='ocrx_word' id='word_1_440' title='bbox 1371 2155 1435 2200; x_wconf 89' lang='grc'><strong>6666</strong></span> <span class='ocrx_word' id='word_1_441' title='bbox 1456 2140 1890 2206; x_wconf 75' lang='lat' dir='ltr'>innovandumitalo-Grae·</span> 
     </span>
    </p>

    <p class='ocr_par' dir='ltr' id='par_1_18' title="bbox 1146 2231 1892 2592">
     <span class='ocr_line' id='line_1_77' title="bbox 1146 2231 1892 2314; baseline 0.009 -22"><span class='ocrx_word' id='word_1_442' title='bbox 1146 2231 1199 2306; x_wconf 91' lang='lat' dir='ltr'>cis,</span> <span class='ocrx_word' id='word_1_443' title='bbox 1222 2233 1275 2310; x_wconf 95' lang='lat' dir='ltr'>qui</span> <span class='ocrx_word' id='word_1_444' title='bbox 1297 2233 1381 2295; x_wconf 89' lang='lat' dir='ltr'>inter</span> <span class='ocrx_word' id='word_1_445' title='bbox 1402 2250 1457 2296; x_wconf 93' lang='lat' dir='ltr'>nos</span> <span class='ocrx_word' id='word_1_446' title='bbox 1479 2238 1592 2298; x_wconf 85' lang='lat' dir='ltr'>vivunt</span> <span class='ocrx_word' id='word_1_447' title='bbox 1607 2244 1638 2297; x_wconf 90' lang='grc'>66</span> <span class='ocrx_word' id='word_1_448' title='bbox 1652 2238 1797 2314; x_wconf 88' lang='lat' dir='ltr'>regimini</span> <span class='ocrx_word' id='word_1_449' title='bbox 1819 2239 1892 2300; x_wconf 93' lang='lat' dir='ltr'>sub·</span> 
     </span>
     <span class='ocr_line' id='line_1_78' title="bbox 1146 2324 1892 2409; baseline 0.009 -23"><span class='ocrx_word' id='word_1_450' title='bbox 1146 2324 1296 2387; x_wconf 91' lang='lat' dir='ltr'>iiciuntur</span> <span class='ocrx_word' id='word_1_451' title='bbox 1318 2325 1485 2389; x_wconf 92' lang='lat' dir='ltr'>latinorum</span> <span class='ocrx_word' id='word_1_452' title='bbox 1509 2329 1740 2409; x_wconf 82' lang='lat' dir='ltr'>Episcoporum,</span> <span class='ocrx_word' id='word_1_453' title='bbox 1763 2332 1794 2392; x_wconf 95' lang='lat' dir='ltr'>in</span> <span class='ocrx_word' id='word_1_454' title='bbox 1817 2347 1892 2409; x_wconf 92' lang='lat' dir='ltr'>quo·</span> 
     </span>
     <span class='ocr_line' id='line_1_79' title="bbox 1146 2417 1892 2488; baseline 0.011 -11"><span class='ocrx_word' id='word_1_455' title='bbox 1146 2434 1218 2480; x_wconf 89' lang='lat' dir='ltr'>rum</span> <span class='ocrx_word' id='word_1_456' title='bbox 1240 2417 1428 2482; x_wconf 88' lang='lat' dir='ltr'>dioecesibus</span> <span class='ocrx_word' id='word_1_457' title='bbox 1444 2422 1649 2486; x_wconf 89' lang='lat' dir='ltr'>constitutum</span> <span class='ocrx_word' id='word_1_458' title='bbox 1664 2424 1778 2486; x_wconf 91' lang='lat' dir='ltr'>habent</span> <span class='ocrx_word' id='word_1_459' title='bbox 1793 2425 1892 2488; x_wconf 90' lang='lat' dir='ltr'>domi-</span> 
     </span>
     <span class='ocr_line' id='line_1_80' title="bbox 1147 2510 1890 2592; baseline 0.009 -21"><span class='ocrx_word' id='word_1_460' title='bbox 1147 2510 1265 2586; x_wconf 91' lang='lat' dir='ltr'>cilium,</span> <span class='ocrx_word' id='word_1_461' title='bbox 1281 2513 1317 2574; x_wconf 93' lang='lat' dir='ltr'>ab</span> <span class='ocrx_word' id='word_1_462' title='bbox 1333 2513 1503 2590; x_wconf 72' lang='lat' dir='ltr'>apostolica</span> <span class='ocrx_word' id='word_1_463' title='bbox 1525 2514 1604 2578; x_wconf 88' lang='lat' dir='ltr'>Sede</span> <span class='ocrx_word' id='word_1_464' title='bbox 1625 2518 1804 2579; x_wconf 88' lang='lat' dir='ltr'>mandatum</span> <span class='ocrx_word' id='word_1_465' title='bbox 1820 2516 1890 2592; x_wconf 89' lang='lat' dir='ltr'>luit,</span> 
     </span>
    </p>

    <p class='ocr_par' dir='ltr' id='par_1_19' title="bbox 1147 2607 1890 2686">
     <span class='ocr_line' id='line_1_81' title="bbox 1147 2607 1890 2686; baseline 0.007 -20"><span class='ocrx_word' id='word_1_466' title='bbox 1147 2611 1180 2666; x_wconf 92' lang='lat' dir='ltr'>ut</span> <span class='ocrx_word' id='word_1_467' title='bbox 1195 2621 1227 2666; x_wconf 91' lang='lat' dir='ltr'>se</span> <span class='ocrx_word' id='word_1_468' title='bbox 1238 2607 1273 2668; x_wconf 87' lang='grc'>64</span> <span class='ocrx_word' id='word_1_469' title='bbox 1286 2621 1403 2668; x_wconf 89' lang='lat' dir='ltr'>norum</span> <span class='ocrx_word' id='word_1_470' title='bbox 1415 2607 1633 2670; x_wconf 89' lang='lat' dir='ltr'>kalendarium</span> <span class='ocrx_word' id='word_1_471' title='bbox 1648 2609 1890 2686; x_wconf 77' lang='lat' dir='ltr'>conformarent,</span> 
     </span>
    </p>

    <p class='ocr_par' dir='ltr' id='par_1_20' title="bbox 1147 2699 1892 2872">
     <span class='ocr_line' id='line_1_82' title="bbox 1147 2699 1892 2779; baseline 0.004 -18"><span class='ocrx_word' id='word_1_472' title='bbox 1147 2699 1192 2761; x_wconf 92' lang='lat' dir='ltr'>uti</span> <span class='ocrx_word' id='word_1_473' title='bbox 1214 2699 1346 2777; x_wconf 90' lang='lat' dir='ltr'>perspici</span> <span class='ocrx_word' id='word_1_474' title='bbox 1371 2709 1470 2779; x_wconf 90' lang='lat' dir='ltr'>potest</span> <span class='ocrx_word' id='word_1_475' title='bbox 1492 2702 1524 2762; x_wconf 93' lang='lat' dir='ltr'>iu</span> <span class='ocrx_word' id='word_1_476' title='bbox 1550 2702 1638 2764; x_wconf 88' lang='lat' dir='ltr'>citata</span> <span class='ocrx_word' id='word_1_477' title='bbox 1667 2703 1892 2766; x_wconf 91' lang='lat' dir='ltr'>constitutione</span> 
     </span>
     <span class='ocr_line' id='line_1_83' title="bbox 1147 2794 1892 2872; baseline 0.005 -18"><span class='ocrx_word' id='word_1_478' title='bbox 1147 2802 1267 2855; x_wconf 89' lang='lat' dir='ltr'>nostra:</span> <span class='ocrx_word' id='word_1_479' title='bbox 1293 2794 1364 2855; x_wconf 82' lang='grc'><strong>11661</strong></span> <span class='ocrx_word' id='word_1_480' title='bbox 1386 2796 1569 2872; x_wconf 76' lang='lat' dir='ltr'>pastoralis,</span> <span class='ocrx_word' id='word_1_481' title='bbox 1593 2796 1649 2870; x_wconf 84' lang='lat'>57,</span> <span class='ocrx_word' id='word_1_482' title='bbox 1672 2798 1691 2871; x_wconf 62' lang='grc' dir='ltr'>ὅ</span> <span class='ocrx_word' id='word_1_483' title='bbox 1714 2799 1747 2871; x_wconf 87' lang='grc'>9,</span> <span class='ocrx_word' id='word_1_484' title='bbox 1771 2797 1892 2860; x_wconf 71' lang='lat' dir='ltr'>nome</span> 
     </span>
    </p>

    <p class='ocr_par' dir='ltr' id='par_1_21' title="bbox 1146 2887 1894 3436">
     <span class='ocr_line' id='line_1_84' title="bbox 1146 2887 1892 2964; baseline 0.008 -18"><span class='ocrx_word' id='word_1_485' title='bbox 1146 2891 1177 2946; x_wconf 88' lang='lat' dir='ltr'>et</span> <span class='ocrx_word' id='word_1_486' title='bbox 1191 2903 1264 2964; x_wconf 78' lang='lat' dir='ltr'>seq,</span> <span class='ocrx_word' id='word_1_487' title='bbox 1282 2887 1427 2949; x_wconf 84' lang='lat' dir='ltr'>Bullort&#39;t&#39;</span> <span class='ocrx_word' id='word_1_488' title='bbox 1448 2892 1552 2952; x_wconf 81' lang='lat' dir='ltr'>nostra·</span> <span class='ocrx_word' id='word_1_489' title='bbox 1576 2897 1649 2952; x_wconf 85' lang='lat' dir='ltr'>torn.</span> <span class='ocrx_word' id='word_1_490' title='bbox 1675 2892 1704 2952; x_wconf 88' lang='lat'>1.</span> <span class='ocrx_word' id='word_1_491' title='bbox 1730 2892 1769 2954; x_wconf 83' lang='lat' dir='ltr'>Et</span> <span class='ocrx_word' id='word_1_492' title='bbox 1790 2893 1892 2954; x_wconf 92' lang='lat' dir='ltr'>clerus</span> 
     </span>
     <span class='ocr_line' id='line_1_85' title="bbox 1146 2980 1893 3061; baseline 0.004 -18"><span class='ocrx_word' id='word_1_493' title='bbox 1146 2982 1273 3058; x_wconf 91' lang='lat' dir='ltr'>quidem</span> <span class='ocrx_word' id='word_1_494' title='bbox 1297 2980 1443 3044; x_wconf 88' lang='lat' dir='ltr'>ecclesiae</span> <span class='ocrx_word' id='word_1_495' title='bbox 1466 2983 1645 3061; x_wconf 88' lang='lat' dir='ltr'>collegiatae</span> <span class='ocrx_word' id='word_1_496' title='bbox 1669 2986 1700 3048; x_wconf 90' lang='lat' dir='ltr'>S.</span> <span class='ocrx_word' id='word_1_497' title='bbox 1723 2985 1833 3046; x_wconf 88' lang='lat' dir='ltr'>llariae</span> <span class='ocrx_word' id='word_1_498' title='bbox 1857 2985 1893 3048; x_wconf 86' lang='grc'>46</span> 
     </span>
     <span class='ocr_line' id='line_1_86' title="bbox 1149 3075 1891 3158; baseline 0.007 -21"><span class='ocrx_word' id='word_1_499' title='bbox 1149 3075 1291 3153; x_wconf 83' lang='lat' dir='ltr'>Grcpbeo</span> <span class='ocrx_word' id='word_1_500' title='bbox 1306 3076 1439 3138; x_wconf 88' lang='lat' dir='ltr'>civitatis</span> <span class='ocrx_word' id='word_1_501' title='bbox 1454 3077 1666 3154; x_wconf 86' lang='lat' dir='ltr'>Messanensis,</span> <span class='ocrx_word' id='word_1_502' title='bbox 1679 3079 1732 3158; x_wconf 92' lang='lat' dir='ltr'>qui</span> <span class='ocrx_word' id='word_1_503' title='bbox 1748 3095 1891 3157; x_wconf 88' lang='lat' dir='ltr'>graecum</span> 
     </span>
     <span class='ocr_line' id='line_1_87' title="bbox 1146 3169 1892 3245; baseline 0.005 -15"><span class='ocrx_word' id='word_1_504' title='bbox 1146 3169 1242 3230; x_wconf 91' lang='lat' dir='ltr'>ritum</span> <span class='ocrx_word' id='word_1_505' title='bbox 1262 3169 1390 3245; x_wconf 90' lang='lat' dir='ltr'>retinet,</span> <span class='ocrx_word' id='word_1_506' title='bbox 1406 3173 1632 3233; x_wconf 86' lang='lat' dir='ltr'>accuratissime</span> <span class='ocrx_word' id='word_1_507' title='bbox 1646 3188 1763 3236; x_wconf 90' lang='lat' dir='ltr'>norum</span> <span class='ocrx_word' id='word_1_508' title='bbox 1785 3173 1892 3235; x_wconf 89' lang='lat' dir='ltr'>kalen-</span> 
     </span>
     <span class='ocr_line' id='line_1_88' title="bbox 1147 3262 1894 3338; baseline 0.004 -14"><span class='ocrx_word' id='word_1_509' title='bbox 1147 3262 1266 3324; x_wconf 91' lang='lat' dir='ltr'>darium</span> <span class='ocrx_word' id='word_1_510' title='bbox 1287 3269 1400 3338; x_wconf 87' lang='lat' dir='ltr'>serrat,</span> <span class='ocrx_word' id='word_1_511' title='bbox 1418 3264 1464 3326; x_wconf 91' lang='lat' dir='ltr'>uti</span> <span class='ocrx_word' id='word_1_512' title='bbox 1479 3265 1585 3328; x_wconf 85' lang='lat' dir='ltr'>uidere</span> <span class='ocrx_word' id='word_1_513' title='bbox 1596 3275 1642 3327; x_wconf 90' lang='grc'>666</span> <span class='ocrx_word' id='word_1_514' title='bbox 1663 3267 1695 3326; x_wconf 88' lang='grc'>44</span> <span class='ocrx_word' id='word_1_515' title='bbox 1711 3267 1805 3328; x_wconf 88' lang='grc'><strong>416644</strong></span> <span class='ocrx_word' id='word_1_516' title='bbox 1820 3282 1894 3327; x_wconf 91' lang='lat' dir='ltr'>con-</span> 
     </span>
     <span class='ocr_line' id='line_1_89' title="bbox 1146 3355 1894 3436; baseline 0.008 -21"><span class='ocrx_word' id='word_1_517' title='bbox 1146 3355 1310 3417; x_wconf 90' lang='lat' dir='ltr'>stitutione</span> <span class='ocrx_word' id='word_1_518' title='bbox 1330 3363 1452 3418; x_wconf 92' lang='lat' dir='ltr'>nostra:</span> <span class='ocrx_word' id='word_1_519' title='bbox 1477 3357 1621 3421; x_wconf 83' lang='grc'><strong>11646666</strong></span> <span class='ocrx_word' id='word_1_520' title='bbox 1645 3359 1799 3431; x_wconf 82' lang='lat' dir='ltr'>Ecclesia,</span> <span class='ocrx_word' id='word_1_521' title='bbox 1816 3375 1894 3436; x_wconf 90' lang='lat' dir='ltr'>quae</span> 
     </span>
    </p>

    <p class='ocr_par' dir='ltr' id='par_1_22' title="bbox 1147 3447 1996 4090">
     <span class='ocr_line' id='line_1_90' title="bbox 1147 3447 1890 3523; baseline -0.001 -13"><span class='ocrx_word' id='word_1_522' title='bbox 1147 3456 1192 3510; x_wconf 92' lang='lat' dir='ltr'>est</span> <span class='ocrx_word' id='word_1_523' title='bbox 1212 3447 1262 3522; x_wconf 90' lang='lat' dir='ltr'>8l,</span> <span class='ocrx_word' id='word_1_524' title='bbox 1284 3449 1303 3523; x_wconf 67' lang='grc' dir='ltr'><strong>ἓ</strong></span> <span class='ocrx_word' id='word_1_525' title='bbox 1327 3447 1353 3523; x_wconf 91' lang='grc'><strong>1,</strong></span> <span class='ocrx_word' id='word_1_526' title='bbox 1375 3449 1485 3512; x_wconf 88' lang='lat' dir='ltr'>eodem</span> <span class='ocrx_word' id='word_1_527' title='bbox 1517 3459 1592 3514; x_wconf 89' lang='lat' dir='ltr'>tom.</span> <span class='ocrx_word' id='word_1_528' title='bbox 1619 3453 1717 3514; x_wconf 91' lang='lat' dir='ltr'>nostri</span> <span class='ocrx_word' id='word_1_529' title='bbox 1750 3452 1890 3514; x_wconf 84' lang='lat' dir='ltr'>bullarii.</span> 
     </span>
     <span class='ocr_line' id='line_1_91' title="bbox 1148 3542 1891 3619; baseline 0.005 -17"><span class='ocrx_word' id='word_1_530' title='bbox 1148 3543 1292 3602; x_wconf 80' lang='lat' dir='ltr'>Attamen</span> <span class='ocrx_word' id='word_1_531' title='bbox 1305 3557 1368 3603; x_wconf 92' lang='lat' dir='ltr'>non</span> <span class='ocrx_word' id='word_1_532' title='bbox 1385 3542 1459 3604; x_wconf 92' lang='lat' dir='ltr'>illud</span> <span class='ocrx_word' id='word_1_533' title='bbox 1476 3544 1517 3604; x_wconf 88' lang='lat' dir='ltr'>ita</span> <span class='ocrx_word' id='word_1_534' title='bbox 1531 3559 1640 3606; x_wconf 90' lang='lat' dir='ltr'>severe</span> <span class='ocrx_word' id='word_1_535' title='bbox 1654 3544 1714 3605; x_wconf 90' lang='lat' dir='ltr'>luit</span> <span class='ocrx_word' id='word_1_536' title='bbox 1728 3543 1891 3619; x_wconf 89' lang='lat' dir='ltr'>indictum,</span> 
     </span>
     <span class='ocr_line' id='line_1_92' title="bbox 1147 3637 1894 3716; baseline 0.001 -19"><span class='ocrx_word' id='word_1_537' title='bbox 1147 3637 1222 3714; x_wconf 94' lang='lat' dir='ltr'>quin</span> <span class='ocrx_word' id='word_1_538' title='bbox 1253 3651 1493 3714; x_wconf 91' lang='lat' dir='ltr'>nonnunquam,</span> <span class='ocrx_word' id='word_1_539' title='bbox 1524 3638 1716 3714; x_wconf 86' lang='lat' dir='ltr'>gravioribus</span> <span class='ocrx_word' id='word_1_540' title='bbox 1738 3639 1767 3700; x_wconf 96' lang='lat' dir='ltr'>id</span> <span class='ocrx_word' id='word_1_541' title='bbox 1790 3638 1894 3716; x_wconf 90' lang='lat' dir='ltr'>requi·</span> 
     </span>
     <span class='ocr_line' id='line_1_93' title="bbox 1147 3726 1891 3808; baseline 0.003 -18"><span class='ocrx_word' id='word_1_542' title='bbox 1147 3726 1290 3791; x_wconf 89' lang='lat' dir='ltr'>rentibus</span> <span class='ocrx_word' id='word_1_543' title='bbox 1312 3729 1421 3800; x_wconf 87' lang='lat' dir='ltr'>causis,</span> <span class='ocrx_word' id='word_1_544' title='bbox 1435 3729 1590 3808; x_wconf 88' lang='lat' dir='ltr'>epicheiae</span> <span class='ocrx_word' id='word_1_545' title='bbox 1606 3731 1687 3792; x_wconf 88' lang='grc'><strong>16646</strong></span> <span class='ocrx_word' id='word_1_546' title='bbox 1701 3731 1741 3792; x_wconf 89' lang='grc'>646</span> <span class='ocrx_word' id='word_1_547' title='bbox 1754 3729 1891 3792; x_wconf 90' lang='grc'><strong>46146646.</strong></span> 
     </span>
     <span class='ocr_line' id='line_1_94' title="bbox 1147 3820 1894 3887; baseline 0.003 -5"><span class='ocrx_word' id='word_1_548' title='bbox 1147 3820 1331 3884; x_wconf 86' lang='lat' dir='ltr'>Renuebant</span> <span class='ocrx_word' id='word_1_549' title='bbox 1358 3823 1488 3885; x_wconf 79' lang='lat' dir='ltr'>Armeni</span> <span class='ocrx_word' id='word_1_550' title='bbox 1520 3823 1661 3887; x_wconf 86' lang='lat' dir='ltr'>catholici</span> <span class='ocrx_word' id='word_1_551' title='bbox 1686 3823 1817 3886; x_wconf 86' lang='lat' dir='ltr'>Liburni</span> <span class='ocrx_word' id='word_1_552' title='bbox 1842 3823 1894 3885; x_wconf 92' lang='grc'>46-</span> 
     </span>
     <span class='ocr_line' id='line_1_95' title="bbox 1149 3911 1996 3993; baseline 0.002 -17"><span class='ocrx_word' id='word_1_553' title='bbox 1149 3921 1256 3992; x_wconf 85' lang='lat' dir='ltr'>gentes</span> <span class='ocrx_word' id='word_1_554' title='bbox 1276 3931 1343 3977; x_wconf 90' lang='lat' dir='ltr'>sese</span> <span class='ocrx_word' id='word_1_555' title='bbox 1365 3914 1545 3978; x_wconf 84' lang='lat' dir='ltr'>kalendario</span> <span class='ocrx_word' id='word_1_556' title='bbox 1566 3915 1750 3993; x_wconf 90' lang='lat' dir='ltr'>gregoriano</span> <span class='ocrx_word' id='word_1_557' title='bbox 1763 3917 1894 3979; x_wconf 82' lang='grc'><strong>6464466-</strong></span> <span class='ocrx_word' id='word_1_558' title='bbox 1994 3911 1996 3914; x_wconf 77' lang='grc'><strong>’</strong></span> 
     </span>
     <span class='ocr_line' id='line_1_96' title="bbox 1148 4007 1892 4090; baseline 0.003 -21"><span class='ocrx_word' id='word_1_559' title='bbox 1148 4023 1193 4083; x_wconf 91' lang='grc'>46,</span> <span class='ocrx_word' id='word_1_560' title='bbox 1216 4023 1384 4087; x_wconf 90' lang='lat' dir='ltr'>precesque</span> <span class='ocrx_word' id='word_1_561' title='bbox 1403 4007 1587 4090; x_wconf 88' lang='lat' dir='ltr'>Innocentio</span> <span class='ocrx_word' id='word_1_562' title='bbox 1610 4007 1673 4072; x_wconf 90' lang='lat' dir='ltr'>llll.</span> <span class='ocrx_word' id='word_1_563' title='bbox 1699 4009 1892 4084; x_wconf 91' lang='lat' dir='ltr'>obtulerunt,</span> 
     </span>
    </p>

    <p class='ocr_par' dir='ltr' id='par_1_23' title="bbox 1149 4100 1894 4272">
     <span class='ocr_line' id='line_1_97' title="bbox 1149 4100 1890 4181; baseline -0.003 -18"><span class='ocrx_word' id='word_1_564' title='bbox 1149 4109 1183 4163; x_wconf 93' lang='lat' dir='ltr'>ut</span> <span class='ocrx_word' id='word_1_565' title='bbox 1205 4117 1255 4162; x_wconf 93' lang='grc'>666</span> <span class='ocrx_word' id='word_1_566' title='bbox 1276 4101 1377 4162; x_wconf 82' lang='grc'><strong>466644</strong></span> <span class='ocrx_word' id='word_1_567' title='bbox 1406 4100 1586 4164; x_wconf 89' lang='lat' dir='ltr'>kelcndario</span> <span class='ocrx_word' id='word_1_568' title='bbox 1610 4103 1658 4164; x_wconf 91' lang='lat' dir='ltr'>uti</span> <span class='ocrx_word' id='word_1_569' title='bbox 1685 4103 1890 4181; x_wconf 90' lang='lat' dir='ltr'>permitteret.</span> 
     </span>
     <span class='ocr_line' id='line_1_98' title="bbox 1149 4193 1894 4272; baseline 0.003 -16"><span class='ocrx_word' id='word_1_570' title='bbox 1149 4193 1273 4256; x_wconf 83' lang='lat' dir='ltr'>Etenim</span> <span class='ocrx_word' id='word_1_571' title='bbox 1296 4195 1328 4256; x_wconf 93' lang='lat' dir='ltr'>in</span> <span class='ocrx_word' id='word_1_572' title='bbox 1351 4195 1600 4272; x_wconf 78' lang='lat' dir='ltr'>congregatione</span> <span class='ocrx_word' id='word_1_573' title='bbox 1621 4195 1652 4259; x_wconf 88' lang='lat' dir='ltr'>S.</span> <span class='ocrx_word' id='word_1_574' title='bbox 1666 4195 1762 4259; x_wconf 87' lang='lat' dir='ltr'>Officii</span> <span class='ocrx_word' id='word_1_575' title='bbox 1784 4194 1894 4258; x_wconf 89' lang='grc'><strong>164444</strong></span> 
     </span>
    </p>

    <p class='ocr_par' dir='ltr' id='par_1_24' title="bbox 1148 4286 1972 4647">
     <span class='ocr_line' id='line_1_99' title="bbox 1148 4286 1895 4352; baseline 0.003 -4"><span class='ocrx_word' id='word_1_576' title='bbox 1148 4286 1198 4348; x_wconf 91' lang='grc'>446</span> <span class='ocrx_word' id='word_1_577' title='bbox 1219 4303 1273 4348; x_wconf 82' lang='lat' dir='ltr'>xx.</span> <span class='ocrx_word' id='word_1_578' title='bbox 1298 4287 1375 4350; x_wconf 94' lang='lat' dir='ltr'>iunii</span> <span class='ocrx_word' id='word_1_579' title='bbox 1398 4303 1572 4351; x_wconf 80' lang='grc'><strong>46644444.</strong></span> <span class='ocrx_word' id='word_1_580' title='bbox 1601 4289 1759 4352; x_wconf 88' lang='lat' dir='ltr'>decretum</span> <span class='ocrx_word' id='word_1_581' title='bbox 1788 4289 1895 4352; x_wconf 89' lang='lat' dir='ltr'>huius·</span> 
     </span>
     <span class='ocr_line' id='line_1_100' title="bbox 1149 4380 1972 4460; baseline 0 -18"><span class='ocrx_word' id='word_1_582' title='bbox 1149 4381 1232 4443; x_wconf 92' lang='lat' dir='ltr'>modi</span> <span class='ocrx_word' id='word_1_583' title='bbox 1254 4389 1468 4443; x_wconf 90' lang='lat' dir='ltr'>emanaverat:</span> <span class='ocrx_word' id='word_1_584' title='bbox 1493 4380 1636 4444; x_wconf 70' lang='lat' dir='ltr'>«Nuntii</span> <span class='ocrx_word' id='word_1_585' title='bbox 1651 4381 1809 4460; x_wconf 89' lang='lat' dir='ltr'>apostolici</span> <span class='ocrx_word' id='word_1_586' title='bbox 1825 4382 1893 4444; x_wconf 82' lang='lat' dir='ltr'>Flo·</span> <span class='ocrx_word' id='word_1_587' title='bbox 1971 4407 1972 4412; x_wconf 42' lang='lat'>¹</span> 
     </span>
     <span class='ocr_line' id='line_1_101' title="bbox 1149 4473 1891 4539; baseline 0.003 -5"><span class='ocrx_word' id='word_1_588' title='bbox 1149 4474 1267 4537; x_wconf 91' lang='lat' dir='ltr'>rentiae</span> <span class='ocrx_word' id='word_1_589' title='bbox 1289 4473 1393 4538; x_wconf 91' lang='lat' dir='ltr'>relatis</span> <span class='ocrx_word' id='word_1_590' title='bbox 1414 4476 1532 4537; x_wconf 90' lang='lat' dir='ltr'>iterum</span> <span class='ocrx_word' id='word_1_591' title='bbox 1554 4475 1665 4538; x_wconf 89' lang='lat' dir='ltr'>litteris</span> <span class='ocrx_word' id='word_1_592' title='bbox 1690 4475 1767 4538; x_wconf 87' lang='lat' dir='ltr'>datis</span> <span class='ocrx_word' id='word_1_593' title='bbox 1788 4477 1838 4539; x_wconf 90' lang='grc'>446</span> <span class='ocrx_word' id='word_1_594' title='bbox 1861 4492 1891 4536; x_wconf 89' lang='lat' dir='ltr'>x.</span> 
     </span>
     <span class='ocr_line' id='line_1_102' title="bbox 1148 4568 1893 4647; baseline 0.001 -18"><span class='ocrx_word' id='word_1_595' title='bbox 1148 4568 1264 4647; x_wconf 90' lang='lat' dir='ltr'>aprilis,</span> <span class='ocrx_word' id='word_1_596' title='bbox 1286 4569 1366 4630; x_wconf 91' lang='lat' dir='ltr'>circa</span> <span class='ocrx_word' id='word_1_597' title='bbox 1387 4569 1552 4647; x_wconf 91' lang='lat' dir='ltr'>petitiones</span> <span class='ocrx_word' id='word_1_598' title='bbox 1574 4569 1707 4631; x_wconf 87' lang='grc'><strong>64146666</strong></span> <span class='ocrx_word' id='word_1_599' title='bbox 1728 4569 1765 4632; x_wconf 88' lang='lat' dir='ltr'>ab</span> <span class='ocrx_word' id='word_1_600' title='bbox 1785 4570 1893 4631; x_wconf 77' lang='grc'><strong>14446-</strong></span> 
     </span>
    </p>

    <p class='ocr_par' dir='ltr' id='par_1_25' title="bbox 1148 4661 1896 5957">
     <span class='ocr_line' id='line_1_103' title="bbox 1149 4661 1895 4741; baseline 0.003 -19"><span class='ocrx_word' id='word_1_601' title='bbox 1149 4661 1197 4722; x_wconf 92' lang='grc'>446</span> <span class='ocrx_word' id='word_1_602' title='bbox 1218 4662 1327 4723; x_wconf 89' lang='grc'><strong>644444</strong></span> <span class='ocrx_word' id='word_1_603' title='bbox 1346 4662 1380 4722; x_wconf 93' lang='grc'>44</span> <span class='ocrx_word' id='word_1_604' title='bbox 1401 4661 1494 4722; x_wconf 89' lang='lat' dir='ltr'>missa</span> <span class='ocrx_word' id='word_1_605' title='bbox 1516 4677 1571 4741; x_wconf 93' lang='lat' dir='ltr'>pro</span> <span class='ocrx_word' id='word_1_606' title='bbox 1592 4661 1764 4724; x_wconf 88' lang='lat' dir='ltr'>Patriarcha</span> <span class='ocrx_word' id='word_1_607' title='bbox 1786 4666 1895 4724; x_wconf 78' lang='lat' dir='ltr'>Arme-</span> 
     </span>
     <span class='ocr_line' id='line_1_104' title="bbox 1149 4754 1894 4833; baseline -0.003 -15"><span class='ocrx_word' id='word_1_608' title='bbox 1149 4772 1274 4830; x_wconf 92' lang='lat' dir='ltr'>uorum,</span> <span class='ocrx_word' id='word_1_609' title='bbox 1290 4762 1322 4816; x_wconf 90' lang='lat' dir='ltr'>et</span> <span class='ocrx_word' id='word_1_610' title='bbox 1336 4756 1415 4818; x_wconf 87' lang='lat' dir='ltr'>circa</span> <span class='ocrx_word' id='word_1_611' title='bbox 1436 4754 1678 4818; x_wconf 89' lang='lat' dir='ltr'>celebrationem</span> <span class='ocrx_word' id='word_1_612' title='bbox 1698 4756 1847 4833; x_wconf 89' lang='lat' dir='ltr'>paschatis</span> <span class='ocrx_word' id='word_1_613' title='bbox 1862 4763 1894 4816; x_wconf 92' lang='lat' dir='ltr'>et</span> 
     </span>
     <span class='ocr_line' id='line_1_105' title="bbox 1148 4848 1892 4924; baseline -0.003 -14"><span class='ocrx_word' id='word_1_614' title='bbox 1148 4850 1279 4913; x_wconf 89' lang='lat' dir='ltr'>aliorum</span> <span class='ocrx_word' id='word_1_615' title='bbox 1297 4849 1447 4911; x_wconf 88' lang='lat' dir='ltr'>iestorurn</span> <span class='ocrx_word' id='word_1_616' title='bbox 1464 4849 1637 4912; x_wconf 87' lang='lat' dir='ltr'>secuudum</span> <span class='ocrx_word' id='word_1_617' title='bbox 1651 4863 1762 4912; x_wconf 87' lang='lat' dir='ltr'>eorum</span> <span class='ocrx_word' id='word_1_618' title='bbox 1783 4848 1892 4924; x_wconf 90' lang='lat' dir='ltr'>ritum,</span> 
     </span>
     <span class='ocr_line' id='line_1_106' title="bbox 1149 4941 1892 5021; baseline -0.003 -17"><span class='ocrx_word' id='word_1_619' title='bbox 1149 4943 1226 5005; x_wconf 90' lang='lat' dir='ltr'>idest</span> <span class='ocrx_word' id='word_1_620' title='bbox 1250 4941 1422 5006; x_wconf 90' lang='lat' dir='ltr'>secuudum</span> <span class='ocrx_word' id='word_1_621' title='bbox 1451 4942 1685 5006; x_wconf 89' lang='lat' dir='ltr'>calculationem</span> <span class='ocrx_word' id='word_1_622' title='bbox 1711 4945 1892 5021; x_wconf 89' lang='lat' dir='ltr'>antiquam,</span> 
     </span>
     <span class='ocr_line' id='line_1_107' title="bbox 1148 5035 1893 5114; baseline -0.003 -16"><span class='ocrx_word' id='word_1_623' title='bbox 1148 5053 1227 5114; x_wconf 89' lang='lat' dir='ltr'>quae</span> <span class='ocrx_word' id='word_1_624' title='bbox 1247 5045 1312 5099; x_wconf 88' lang='lat' dir='ltr'>erat</span> <span class='ocrx_word' id='word_1_625' title='bbox 1333 5045 1405 5098; x_wconf 93' lang='lat' dir='ltr'>ante</span> <span class='ocrx_word' id='word_1_626' title='bbox 1426 5036 1650 5098; x_wconf 89' lang='lat' dir='ltr'>correctionem</span> <span class='ocrx_word' id='word_1_627' title='bbox 1669 5035 1841 5099; x_wconf 84' lang='lat' dir='ltr'>kalendarii</span> <span class='ocrx_word' id='word_1_628' title='bbox 1862 5042 1893 5097; x_wconf 92' lang='lat' dir='ltr'>et</span> 
     </span>
     <span class='ocr_line' id='line_1_108' title="bbox 1148 5128 1892 5208; baseline -0.001 -17"><span class='ocrx_word' id='word_1_629' title='bbox 1148 5131 1226 5192; x_wconf 91' lang='lat' dir='ltr'>eirca</span> <span class='ocrx_word' id='word_1_630' title='bbox 1247 5130 1486 5194; x_wconf 88' lang='lat' dir='ltr'>celebrationem</span> <span class='ocrx_word' id='word_1_631' title='bbox 1507 5129 1668 5208; x_wconf 89' lang='lat' dir='ltr'>paschatis,</span> <span class='ocrx_word' id='word_1_632' title='bbox 1683 5137 1742 5191; x_wconf 92' lang='lat' dir='ltr'>etc.</span> <span class='ocrx_word' id='word_1_633' title='bbox 1766 5128 1892 5191; x_wconf 89' lang='lat' dir='ltr'>Necnon</span> 
     </span>
     <span class='ocr_line' id='line_1_109' title="bbox 1148 5223 1895 5302; baseline -0.003 -16"><span class='ocrx_word' id='word_1_634' title='bbox 1148 5223 1242 5286; x_wconf 87' lang='lat' dir='ltr'>relata</span> <span class='ocrx_word' id='word_1_635' title='bbox 1262 5224 1413 5302; x_wconf 86' lang='lat' dir='ltr'>scriptura</span> <span class='ocrx_word' id='word_1_636' title='bbox 1435 5223 1561 5285; x_wconf 90' lang='lat' dir='ltr'>remissa</span> <span class='ocrx_word' id='word_1_637' title='bbox 1581 5239 1598 5284; x_wconf 91' lang='lat' dir='ltr'>a</span> <span class='ocrx_word' id='word_1_638' title='bbox 1618 5238 1700 5285; x_wconf 90' lang='lat' dir='ltr'>sacra</span> <span class='ocrx_word' id='word_1_639' title='bbox 1721 5223 1895 5300; x_wconf 81' lang='lat' dir='ltr'>Congrege-</span> 
     </span>
     <span class='ocr_line' id='line_1_110' title="bbox 1150 5314 1893 5395; baseline -0.005 -14"><span class='ocrx_word' id='word_1_640' title='bbox 1150 5320 1234 5382; x_wconf 89' lang='lat' dir='ltr'>tione</span> <span class='ocrx_word' id='word_1_641' title='bbox 1265 5319 1303 5380; x_wconf 93' lang='lat' dir='ltr'>de</span> <span class='ocrx_word' id='word_1_642' title='bbox 1331 5317 1525 5395; x_wconf 88' lang='lat' dir='ltr'>Propaganda</span> <span class='ocrx_word' id='word_1_643' title='bbox 1551 5317 1626 5378; x_wconf 86' lang='lat' dir='ltr'>Fide</span> <span class='ocrx_word' id='word_1_644' title='bbox 1652 5316 1731 5378; x_wconf 86' lang='lat' dir='ltr'>circa</span> <span class='ocrx_word' id='word_1_645' title='bbox 1764 5314 1893 5377; x_wconf 89' lang='lat' dir='ltr'>modum</span> 
     </span>
     <span class='ocr_line' id='line_1_111' title="bbox 1148 5409 1890 5488; baseline -0.008 -13"><span class='ocrx_word' id='word_1_646' title='bbox 1148 5412 1256 5475; x_wconf 91' lang='lat' dir='ltr'>orandi</span> <span class='ocrx_word' id='word_1_647' title='bbox 1278 5412 1309 5473; x_wconf 91' lang='lat' dir='ltr'>in</span> <span class='ocrx_word' id='word_1_648' title='bbox 1337 5411 1427 5472; x_wconf 87' lang='lat' dir='ltr'>missa</span> <span class='ocrx_word' id='word_1_649' title='bbox 1449 5425 1505 5488; x_wconf 90' lang='lat' dir='ltr'>pro</span> <span class='ocrx_word' id='word_1_650' title='bbox 1531 5409 1704 5471; x_wconf 84' lang='lat' dir='ltr'>Patriarcha</span> <span class='ocrx_word' id='word_1_651' title='bbox 1735 5409 1890 5470; x_wconf 89' lang='lat' dir='ltr'>llruteno:</span> 
     </span>
     <span class='ocr_line' id='line_1_112' title="bbox 1149 5503 1893 5582; baseline -0.005 -14"><span class='ocrx_word' id='word_1_652' title='bbox 1149 5505 1345 5568; x_wconf 83' lang='lat' dir='ltr'>Rescribatur</span> <span class='ocrx_word' id='word_1_653' title='bbox 1372 5503 1508 5579; x_wconf 93' lang='lat' dir='ltr'>Nuntio,</span> <span class='ocrx_word' id='word_1_654' title='bbox 1530 5504 1630 5582; x_wconf 88' lang='lat' dir='ltr'>quoad</span> <span class='ocrx_word' id='word_1_655' title='bbox 1655 5503 1893 5582; x_wconf 89' lang='lat' dir='ltr'>permissionem</span> 
     </span>
     <span class='ocr_line' id='line_1_113' title="bbox 1149 5598 1896 5678; baseline -0.007 -16"><span class='ocrx_word' id='word_1_656' title='bbox 1149 5599 1256 5662; x_wconf 90' lang='lat' dir='ltr'>orandi</span> <span class='ocrx_word' id='word_1_657' title='bbox 1277 5599 1310 5661; x_wconf 94' lang='lat' dir='ltr'>in</span> <span class='ocrx_word' id='word_1_658' title='bbox 1333 5599 1469 5677; x_wconf 83' lang='lat' dir='ltr'>lyturgia</span> <span class='ocrx_word' id='word_1_659' title='bbox 1483 5598 1721 5678; x_wconf 87' lang='lat' dir='ltr'>proPatriarcha</span> <span class='ocrx_word' id='word_1_660' title='bbox 1743 5599 1896 5660; x_wconf 81' lang='lat' dir='ltr'>Armeno·</span> 
     </span>
     <span class='ocr_line' id='line_1_114' title="bbox 1149 5690 1894 5771; baseline -0.007 -17"><span class='ocrx_word' id='word_1_661' title='bbox 1149 5709 1232 5768; x_wconf 91' lang='lat' dir='ltr'>rum,</span> <span class='ocrx_word' id='word_1_662' title='bbox 1256 5692 1336 5771; x_wconf 89' lang='lat' dir='ltr'>quod</span> <span class='ocrx_word' id='word_1_663' title='bbox 1358 5708 1441 5754; x_wconf 90' lang='grc'><strong>64644</strong></span> <span class='ocrx_word' id='word_1_664' title='bbox 1462 5692 1670 5769; x_wconf 77' lang='lat' dir='ltr'>congregatio</span> <span class='ocrx_word' id='word_1_665' title='bbox 1688 5691 1775 5752; x_wconf 90' lang='lat' dir='ltr'>stetit</span> <span class='ocrx_word' id='word_1_666' title='bbox 1796 5690 1830 5750; x_wconf 94' lang='lat' dir='ltr'>in</span> <span class='ocrx_word' id='word_1_667' title='bbox 1844 5691 1894 5750; x_wconf 90' lang='grc'>46-</span> 
     </span>
     <span class='ocr_line' id='line_1_115' title="bbox 1149 5784 1893 5857; baseline -0.008 -9"><span class='ocrx_word' id='word_1_668' title='bbox 1149 5786 1241 5848; x_wconf 91' lang='grc'><strong>646646</strong></span> <span class='ocrx_word' id='word_1_669' title='bbox 1262 5787 1411 5848; x_wconf 91' lang='lat' dir='ltr'>emanatis</span> <span class='ocrx_word' id='word_1_670' title='bbox 1440 5784 1489 5847; x_wconf 90' lang='lat' dir='ltr'>die</span> <span class='ocrx_word' id='word_1_671' title='bbox 1510 5801 1566 5846; x_wconf 86' lang='lat' dir='ltr'>vn.</span> <span class='ocrx_word' id='word_1_672' title='bbox 1596 5785 1676 5847; x_wconf 92' lang='lat' dir='ltr'>iunii</span> <span class='ocrx_word' id='word_1_673' title='bbox 1698 5797 1893 5857; x_wconf 80' lang='grc'><strong>44644444,</strong></span> 
     </span>
     <span class='ocr_line' id='line_1_116' title="bbox 1149 5876 1895 5957; baseline -0.001 -19"><span class='ocrx_word' id='word_1_674' title='bbox 1149 5877 1304 5953; x_wconf 85' lang='lat' dir='ltr'>videlicet,</span> <span class='ocrx_word' id='word_1_675' title='bbox 1327 5895 1390 5940; x_wconf 84' lang='grc'>664</span> <span class='ocrx_word' id='word_1_676' title='bbox 1410 5893 1515 5956; x_wconf 60' lang='lat' dir='ltr'>possm</span> <span class='ocrx_word' id='word_1_677' title='bbox 1535 5885 1566 5940; x_wconf 91' lang='lat' dir='ltr'>ct</span> <span class='ocrx_word' id='word_1_678' title='bbox 1588 5879 1721 5940; x_wconf 90' lang='lat' dir='ltr'>omnino.</span> <span class='ocrx_word' id='word_1_679' title='bbox 1736 5876 1895 5957; x_wconf 88' lang='lat' dir='ltr'>prohibea-</span> 
     </span>
    </p>
   </div>
   <div class='ocr_carea' id='block_1_9' title="bbox 1150 5970 1896 6048">
    <p class='ocr_par' dir='ltr' id='par_1_26' title="bbox 1150 5970 1896 6048">
     <span class='ocr_line' id='line_1_117' title="bbox 1150 5970 1896 6048; baseline -0.004 -13"><span class='ocrx_word' id='word_1_680' title='bbox 1150 5980 1212 6036; x_wconf 89' lang='lat' dir='ltr'>tur.</span> <span class='ocrx_word' id='word_1_681' title='bbox 1246 5973 1312 6048; x_wconf 84' lang='lat' dir='ltr'>Quo</span> <span class='ocrx_word' id='word_1_682' title='bbox 1341 5989 1416 6036; x_wconf 87' lang='lat' dir='ltr'>vero</span> <span class='ocrx_word' id='word_1_683' title='bbox 1437 5973 1473 6034; x_wconf 90' lang='lat' dir='ltr'>ad</span> <span class='ocrx_word' id='word_1_684' title='bbox 1498 5972 1739 6036; x_wconf 88' lang='lat' dir='ltr'>celebrationem</span> <span class='ocrx_word' id='word_1_685' title='bbox 1770 5970 1896 6034; x_wconf 90' lang='lat' dir='ltr'>Pascha-</span> 
     </span>
    </p>
   </div>
   <div class='ocr_carea' id='block_1_10' title="bbox 0 0 2432 6980">
    <p class='ocr_par' dir='ltr' id='par_1_27' title="bbox 0 0 2432 6980">
     <span class='ocr_line' id='line_1_118' title="bbox 0 0 2432 6980; baseline 0 0"><span class='ocrx_word' id='word_1_686' title='bbox 0 0 2432 6980; x_wconf 95' lang='lat' dir='ltr'> </span> 
     </span>
    </p>
   </div>
  </div>
 </body>
</html>
