4764 6972
328 489 665 588 mmmmm

345 675 531 738 cqnormarnc-
589 667 658 741 §2
681 668 778 742 Quam
806 665 932 744 quidem
960 663 1235 742 tranquillitatem,
1264 669 1296 724 te

318 728 531 838 fslssss'sffpfflssl
549 758 705 838 praeside,
733 758 872 837 quotidie
893 757 990 834 magis
1020 757 1218 820 invalituram
1240 771 1295 834 pro

318 845 387 882 Μ·
550 861 634 916 certo
661 859 852 931 reputamus.
886 849 932 912 Ne
953 867 1029 912 vero
1051 849 1112 912 ulla
1134 867 1167 912 se
1189 849 1295 911 oilerat

550 944 777 1024 perturbandae
798 945 924 1019 occasio,
938 944 1095 1022 pontificia
1106 960 1230 1022 quoque
1244 959 1295 1004 au-

550 1040 693 1101 ctoritate
714 1046 818 1101 ratum
845 1038 995 1101 habemus
1017 1046 1048 1100 et
1072 1037 1296 1100 confirmamus

550 1131 711 1194 decretum
723 1131 819 1193 vestri
833 1131 1018 1193 antistitum
1033 1136 1218 1203 conventus,
1235 1145 1297 1207 quo

549 1224 680 1304 provide
694 1225 844 1300 assignata
861 1231 907 1285 est
921 1223 1090 1286 venerabili
1106 1222 1193 1283 tratri
1208 1221 1297 1298 lgna-

550 1317 605 1392 tio,
629 1317 864 1396 archiepiscopo
893 1317 981 1395 Tyri,
1005 1315 1151 1378 dioecesis
1172 1315 1297 1392 Agelto-

551 1411 658 1472 nensis
679 1426 749 1472 cum
773 1410 859 1472 omni
880 1427 934 1472 sua
955 1410 1084 1483 ditione,
1110 1409 1160 1472 cui
1181 1408 1295 1486 episco-

551 1503 612 1581 pali
634 1503 702 1564 iure
724 1503 913 1566 moderetur.
1261 1563 1262 1568 ,

318 1594 531 1696 crrffliiffip*
591 1597 653 1672 §3-
684 1597 932 1659 Ecclesiasticom
963 1596 1089 1674 pallium
1119 1612 1136 1658 e
1167 1611 1296 1674 corpore

319 1703 407 1749 mittit
476 1661 533 1696 ⁸¹¹*
552 1691 621 1752 nrvr
642 1691 726 1752 netu
748 1691 946 1770 resumptum
965 1689 1018 1751 ou
1034 1688 1295 1767 nemissepetenu

551 1782 689 1845 libenter
717 1783 919 1858 indulsimus,
943 1782 1099 1859 illudque,
1123 1780 1296 1859 praemissis

552 1876 754 1939 iureiurando
783 1877 974 1953 caeterisque
1001 1874 1198 1948 ceremoniis,
1221 1873 1296 1936 acci-

552 1971 616 2049 pies
638 1987 653 2029 a
676 1969 847 2030 venerabili
868 1969 963 2030 iratre
985 1968 1219 2046 brebiepiscopo
1240 1965 1296 2028 tr-

552 2079 622 2140 cae;
644 2061 794 2123 retinebis
809 2070 915 2123 autem
929 2060 1028 2122 veluti
1049 2061 1161 2140 pignus
1183 2060 1296 2122 amoris

552 2171 624 2231 erga
647 2163 676 2215 te
698 2154 812 2227 nostri,
846 2161 981 2233 tuaeque
1004 2169 1076 2230 erga
1099 2169 1155 2214 nos
1187 2153 1297 2214 Roma-

552 2262 688 2324 namque
709 2244 820 2308 Sedem
843 2246 1009 2308 fidelitatis.

347 2337 431 2384 ntoam
447 2349 534 2385 ⁰⁰⁰⁶&
591 2339 660 2415 54.
684 2340 844 2401 Praeterea
869 2338 1048 2401 facultatem
1073 2338 1129 2400 tibi
1157 2339 1298 2417 imperti·

320 2391 543 2446 ditutbenedle‘
1036 2431 1041 2442 .
1174 2432 1179 2444 .
1288 2433 1293 2444 .

319 2447 418 2492 taonem
441 2448 466 2492 at
490 2447 533 2491 tn·
552 2449 635 2511 mur,
659 2441 693 2495 ut
714 2448 769 2511 per
790 2439 831 2507 te,
854 2439 907 2493 aut
928 2448 982 2510 per
1004 2431 1100 2493 altum
1131 2433 1295 2510 episcopali

320 2497 435 2616 ἓὲὲῗιῖἶῑ“
454 2498 532 2600 ssslrgssl
552 2528 703 2605 dignitate
724 2525 911 2601 fulgentem,
934 2525 1046 2586 dilecto
1066 2525 1162 2600 clero,
1190 2542 1223 2587 ac
1244 2541 1296 2604 po·

320 2605 468 2663 mmm·
551 2622 625 2700 pulo
657 2620 897 2694 Maronitarum,
931 2634 1102 2696 eorumque
1134 2618 1294 2692 domibus,

551 2715 643 2791 agris,
667 2713 797 2792 praediis
819 2719 849 2772 et
871 2710 959 2772 bonis
973 2710 1234 2789 quibuscumque,
1249 2727 1297 2772 so·

551 2808 648 2870 lemni
661 2807 724 2869 ritu
735 2804 831 2867 semel
843 2804 1036 2868 benedicere:
1047 2806 1084 2864 iis
1095 2821 1170 2866 vero
1182 2805 1298 2867 utrius·

551 2918 611 2981 que
626 2917 731 2975 serus,
744 2902 809 2979 qui,
825 2916 879 2978 per
893 2898 1104 2960 Poenitentiae
1118 2895 1297 2962 Sacramen-

551 3005 618 3058 tum
642 3013 657 3056 a
678 2995 809 3074 peccatis
829 2994 944 3073 expiati
966 3004 997 3054 et
1021 2993 1213 3054 sanctissima
1236 2994 1297 3056 Eu-

554 3090 695 3153 charistia
727 3087 849 3162 reiecti,
878 3085 1086 3148 benedictioni
1120 3087 1297 3150 huiusmodi

551 3188 727 3262 praesentes
744 3177 955 3252 interfuerint,
968 3178 1137 3254 plenariam
1153 3179 1296 3242 omniurn

552 3282 747 3352 peccatorum
769 3285 899 3334 suorum
921 3269 1162 3347 indulgentiam,
1179 3281 1298 3350 aposto-

552 3366 610 3428 lica
631 3365 814 3427 auctoritate
835 3370 951 3438 nostra,
969 3362 1076 3439 largiri
1090 3365 1186 3442 possis
1201 3373 1231 3427 et
1247 3381 1299 3426 va-

552 3459 624 3520 leas.

349 3554 470 3618 seliquas
485 3553 536 3653 ‹ffi-
593 3552 662 3628 §ia
684 3551 743 3627 Qui
771 3550 823 3611 abs
849 3558 877 3613 te
906 3550 1094 3612 constitutus
1120 3557 1166 3612 est
1190 3567 1296 3614 rerum

322 3619 536 3726 ἶῖἓὲἷοῗξῖσῗωῖ
553 3654 678 3709 tuarum
700 3653 825 3707 curator
845 3643 976 3706 dilectus
987 3643 1070 3705 iilius
1092 3643 1237 3722 losepbus
1252 3644 1298 3707 Si-

321 3718 366 3771 ⁹¹²'
554 3757 667 3804 monus
689 3739 875 3800 Assemanus
895 3737 1049 3814 praelatus
1071 3745 1177 3800 noster
1195 3737 1298 3802 dome·

553 3835 659 3908 sticus,
682 3831 785 3894 faciles
799 3839 834 3892 ut
849 3829 959 3893 babeat
980 3829 1016 3890 ad
1037 3847 1093 3892 nos
1114 3831 1224 3908 aditus,
1241 3834 1298 3894 im·

553 3926 741 4005 perabimus,
764 3939 906 4002 quaeque
927 3924 961 3984 ad
986 3939 1034 3985 res
1055 3929 1173 3985 vestras
1201 3942 1299 3988 sacras

552 4019 695 4082 salutaria
710 4024 873 4095 proponet,
891 4015 1042 4077 benevole
1057 4015 1298 4094 impetraturum

553 4129 594 4174 ne
614 4113 745 4174 dubites.
769 4111 936 4188 Reliquum
957 4115 1014 4184 est,
1036 4117 1072 4171 ut
1093 4111 1129 4172 ad
1151 4126 1196 4185 ea,
1220 4127 1297 4189 quae

552 4204 589 4266 de
611 4205 734 4267 turbato
756 4205 873 4266 dudum
895 4203 963 4264 istic
985 4217 1093 4263 rerum
1118 4201 1298 4264 eeclesiasti-

552 4313 658 4360 carum
680 4303 773 4371 statu,
797 4311 829 4356 ac
851 4293 888 4354 de
910 4293 1092 4355 immodesta
1113 4296 1298 4374 quandoque

477 4453 480 4472 Ι
551 4391 635 4453 inter
650 4388 832 4452 dissidentes
847 4386 1046 4448 altercatione
1061 4402 1297 4463 commemoras,

552 4500 645 4563 pauca
667 4482 920 4559 respondeamus.
944 4479 1006 4541 Nos
1032 4480 1142 4557 utique
1170 4480 1297 4542 moleste

552 4577 681 4640 tulimus
702 4573 848 4651 quicquid
871 4572 1045 4634 acerbitatis
1066 4572 1098 4633 in
1122 4573 1298 4634 huiusmodi

552 4669 679 4746 negotio
701 4675 856 4746 patratum
878 4664 949 4740 luit,
965 4673 996 4726 et
1011 4681 1073 4730 non
1096 4681 1204 4743 parum
1227 4685 1298 4729 con-

553 4763 626 4825 tulit
658 4757 890 4832 ad,irrltandos
919 4759 1037 4818 animos
1068 4758 1298 4836 exagitandam-

552 4871 613 4934 que
634 4862 770 4914 vestram
786 4851 928 4913 Gentem.
954 4851 998 4912 bd
1014 4867 1081 4913 rem
1097 4861 1201 4914 autem
1216 4871 1298 4916 com·

552 4945 728 5027 ponendam
749 4961 806 5022 pro
827 4951 931 5006 nostra
953 4953 1081 5022 paterna
1102 4946 1298 5010 solicitudine

551 5048 672 5120 praesto
684 5039 813 5112 iuimuS,
827 5039 997 5118 ignemque
1013 5039 1215 5102 restinximus
1226 5043 1299 5102 dua·

552 5134 609 5195 bus
630 5132 722 5194 editis
744 5132 841 5193 literis
863 5132 897 5193 in
918 5131 1016 5194 lorma
1039 5131 1157 5207 Brevis,
1185 5132 1298 5210 quibus

552 5226 831 5304 utriusquepartis
854 5227 945 5288 decus
967 5226 999 5286 in
1023 5231 1089 5285 tuto
1111 5223 1181 5286 luit.

355 5334 413 5398 apa
427 5345 535 5382 munera
570 5317 573 5324 ’
593 5321 611 5395 5
632 5319 661 5382 6.
686 5320 783 5381 llabes
806 5319 944 5394 undique
961 5324 1085 5379 nostrae
1101 5334 1175 5396 erga
1190 5317 1298 5380 fidissi-

321 5387 439 5445 ΜΨ·
552 5431 619 5476 mos
630 5414 785 5475 Romanae
800 5411 871 5474 Sedi
885 5411 1047 5472 Maronitas
1063 5410 1298 5473 benevolentiae

552 5506 787 5568 documentum.
813 5505 856 5566 Te
876 5519 952 5565 vero
966 5504 1054 5566 nobis
1069 5503 1217 5566 dilectum
1233 5520 1297 5565 esse

552 5599 626 5659 inde
646 5613 770 5676 quoque
791 5599 975 5674 comperies,
991 5595 1072 5673 quod
1095 5596 1297 5660 ecclesiastico

552 5690 697 5768 quopiam
727 5705 860 5751 munere
885 5706 969 5752 nunc
996 5689 1089 5750 etiam
1115 5705 1187 5750 cum
1213 5706 1298 5751 sacro

552 5782 647 5844 Pallio
668 5784 802 5859 donaris,
826 5782 968 5862 quamvis
984 5798 1048 5844 non
1070 5783 1111 5842 ita
1128 5782 1247 5860 pridem
1263 5799 1297 5844 ea

552 5876 710 5938 voluimus
731 5879 766 5939 ad
782 5885 812 5939 te
829 5876 954 5952 delerri,
977 5892 1055 5956 quae
1076 5875 1228 5938 decessori
1244 5883 1298 5939 tuo

1070 545 1135 590 IUR·
1158 543 1250 589 PONT.
1273 542 1315 590 DE
1335 543 1365 588 P·
1389 543 1419 588 1¹¹·
1443 543 1526 588 PARS
1547 544 1570 588 1.

2126 532 2179 584 An.
2194 533 2228 584 G.
2253 531 2326 584 1744

1351 661 1501 722 destinata
1529 660 1664 723 inerant.
1696 663 1749 724 Mis
1781 663 1927 726 omnibus
1957 663 2095 726 addimus

1350 754 1548 832 apostolicam
1569 754 1828 831 benedictionem,
1840 773 1934 836 quam
1956 756 2022 831 tibi,
2044 774 2096 820 ve·

1352 846 1498 908 nerabilis
1519 846 1629 920 irater,
1656 857 1853 925 peramanter
1877 849 2087 928 impertimur.

1391 939 1503 1000 Datum
1525 939 1656 1014 Romae,
1686 943 1765 1018 apud
1799 941 1829 1004 S.
1854 942 1988 1028 Mariam·
2005 943 2096 1005 Maio

1351 1046 1419 1092 rem
1434 1031 1491 1094 snb
1506 1031 1622 1094 annulo
1643 1033 1804 1095 Piscatoris
1829 1035 1877 1097 die
1902 1050 1947 1096 nr.
1973 1037 2096 1112 augusti

1352 1140 1540 1199 uncorum„
1563 1123 1759 1202 pontificatus
1781 1128 1879 1189 nostri
1901 1145 1983 1190 anno
2005 1146 2047 1190 rr.

1698 1505 1747 1568 Ll.

1352 1693 1528 1756 Antistites
1557 1689 1591 1754 ob
1621 1691 1779 1769 duplicem
1804 1691 2019 1754 Potriorcboe
2039 1693 2097 1754 els-

1392 1787 1529 1847 ctiooem
1551 1792 1646 1847 anteo
1669 1783 1872 1856 dissidentes,
1894 1785 1987 1862 qood,
2007 1800 2098 1860 proe-

1391 1880 1474 1940 stito
1499 1878 1664 1940 mundetis
1692 1877 1877 1955 apostolicis
1904 1875 2096 1950 obedientia,

1392 1971 1615 2036 edacitatem
1638 1970 1808 2042 redierint,
1835 1968 2011 2042 collaudat,
2035 1978 2094 2034 ete.

1373 2153 2078 2238 Mwfflmwmmmmmm

1552 2246 1710 2330 Episcopis
1733 2246 1905 2328 Maronitis,

1511 2431 1755 2501 ΒΕΝΕὓΙΰῘυὸ
1781 2433 1841 2500 ΡΡ.
1867 2433 1938 2501 ΧΝ.

1551 2622 1899 2702 mmmm&

1384 2713 2063 2800 mmmmmmmmmm.

1393 2906 1505 2968 Erimii
1521 2921 1593 2982 erga
1606 2905 1810 2985 apostolicam
1829 2903 1940 2967 Sedem
1958 2905 2096 2983 obsequii
2161 2931 2242 2978 verus
2267 2932 2339 2978 rnre,

1352 2998 1570 3077 eubibitaeque
1591 2999 1785 3060 obedientiae
1805 2997 1891 3076 plura
1907 3013 2031 3075 semper
2044 2997 2098 3060 do·
2116 2982 2338 3085 {3{?⁶,⁰,¹;¹,·ig‘„¹gffi
2368 2987 2369 2992 ἵ

1352 3097 1497 3153 eumenia
1523 3091 1676 3154 dederunt
1698 3090 1918 3152 Maronitarum
1945 3091 2097 3154 antistites
2116 3093 2338 3192 fflncorortacom-
2368 3159 2369 3162 Ἴ

1352 3185 1511 3261 vestrique
1532 3184 1674 3245 omnium
1690 3183 1837 3244 ordinum
1849 3183 1930 3245 cives
1945 3198 2037 3245 verae
2052 3191 2096 3246 te·
2144 3154 2232 3192 amora
2246 3157 2288 3193 Μ’

1353 3293 1444 3339 naoes
1466 3277 1635 3353 religionis.
1658 3276 1865 3350 Quamobrem
1882 3276 2022 3338 Pontifici
2037 3276 2098 3339 Ma-

1353 3371 1437 3432 ximo
1469 3369 1635 3448 praecipuo
1655 3369 1688 3430 in
1716 3384 1821 3430 amore
1849 3368 1949 3431 inistis
1976 3377 2007 3431 et
2033 3385 2097 3433 non

1353 3465 1453 3524 unum
1483 3461 1634 3523 retulistis
1662 3463 1698 3523 ab
1726 3461 1781 3523 bac
1806 3462 1997 3524 sanctissima
2028 3464 2097 3524 Ilivi

1351 3555 1434 3617 Petri
1449 3555 1599 3616 Gatbedrn
1611 3554 1846 3628 beneticentiae,
1862 3555 1966 3629 studii,
1984 3557 2097 3618 amoris

1353 3655 1587 3725 argumentum.
1605 3647 1790 3709 Huiusmodi
1802 3647 1941 3724 vestigiis
1956 3664 2011 3710 nos
2023 3664 2097 3727 quo·
2124 3680 2337 3735 mmmmm.

1353 3755 1414 3819 que
1435 3739 1604 3814 instetisse,
1629 3755 1693 3801 non
1714 3755 1787 3800 sane
1809 3739 1895 3800 vobis
1924 3740 2096 3820 incomper·
2116 3733 2337 3832 {gffifflhtffj

1353 3841 1421 3895 tum
1441 3832 1501 3894 luit
1513 3833 1556 3893 in
1577 3838 1731 3894 commota
1746 3831 1813 3893 istic
1828 3830 1947 3896 dudum
1968 3835 2098 3912 duplicis
2116 3849 2158 3884 ms
2172 3850 2262 3886 reeens
2275 3851 2336 3886 con-

1353 3926 1561 4004 patriarcbalis
1582 3925 1741 3988 electionis
1762 3925 1981 4004 procellaque
2003 3929 2098 3990 ecclc·
2117 3892 2214 3940 natum.

1352 4019 1395 4080 sia
1417 4027 1530 4094 vestra,
1553 4017 1683 4080 funestis
1698 4019 1782 4080 bisce
1796 4018 1953 4080 discordiis
1970 4036 2032 4082 non
2045 4038 2098 4082 an·

1353 4118 1402 4173 tea
1432 4113 1604 4190 exagitata,
1637 4127 1780 4189 praeceps
1812 4112 1892 4173 itura
1923 4113 2096 4176 videbatur.

1354 4205 1505 4284 Suprema
1526 4205 1680 4284 siquidem
1696 4212 1799 4266 nostra
1814 4206 1997 4268 auctoritate
2011 4206 2096 4269 illam

1353 4297 1584 4376 dissipavimus,
1607 4297 1792 4376 cognitaque
1817 4313 1920 4372 causa,
1944 4313 2038 4375 quam
2059 4315 2098 4362 ex

1353 4389 1564 4451 ecclesiasticis
1585 4389 1704 4466 legibus
1715 4391 1751 4451 ad
1773 4405 1830 4453 nos
1844 4389 2037 4468 detulerntis,
2054 4393 2098 4456 le·

1353 4482 1500 4560 gitimnm
1526 4482 1613 4543 vobis
1644 4482 1848 4559 patriarcham
1880 4483 2098 4549 constituimus

1353 4575 1567 4637 venerabilem
1589 4573 1716 4636 fratrem
1739 4574 1899 4637 Simonem
1922 4577 2093 4640 Euodium:

1353 4668 1606 4730 confirmavimus
1628 4683 1751 4744 quoque
1763 4677 1930 4730 recentem
1949 4668 2097 4733 Libaniti-

1353 4777 1419 4824 cam
1438 4761 1610 4839 Synodom,
1630 4759 1780 4838 pluraque
1800 4775 1903 4822 sacrae
1918 4763 2097 4841 disciplinae

1353 4855 1552 4932 ecclesiisque
1577 4853 1690 4916 vestris
1718 4853 1860 4914 salutaria
1889 4856 2094 4932 decrevimus,

1353 4963 1431 5025 quae
1464 4948 1577 5008 nostris
1604 4945 1703 5007 literis
1724 4946 1757 5007 in
1788 4945 1886 5006 torma
1918 4947 2024 5008 Brevis
2045 4965 2096 5010 ex·

1353 5055 1466 5118 pressa,
1483 5041 1518 5102 ad
1535 5057 1588 5100 vos
1598 5040 1703 5102 attulit
1718 5038 1848 5100 dilectus
1870 5039 1952 5101 iilius
1972 5040 2097 5102 lacobus

1352 5132 1464 5194 aLuca
1478 5133 1696 5194 Franciscanae
1711 5132 1949 5195 observantium
1963 5131 2098 5196 familiae

1352 5224 1510 5286 alumnus.

1392 5317 1461 5395 gl.
1486 5318 1517 5378 ld
1546 5333 1653 5378 omnes
1680 5323 1804 5395 gratum
1833 5315 1995 5396 debitaque
2024 5319 2095 5381 obe·
2141 5351 2331 5402 mmm„

1353 5411 1469 5473 dientia
1491 5419 1649 5490 acceptum
1675 5425 1730 5470 vos
1753 5409 1897 5472 babuisse
1922 5419 1954 5472 et
1974 5428 2095 5474 arcura·
2114 5405 2330 5508 ldlffiilffigbr

1352 5504 1471 5565 tissime
1491 5504 1723 5578 observaturos,
1753 5519 1768 5562 a
1798 5505 1910 5565 vestris
1934 5504 2032 5566 literis
2053 5513 2097 5567 at·
2115 5513 2259 5562 mandatur.
2287 5474 2329 5510 m-

1352 5613 1413 5674 que
1434 5613 1473 5657 ex
1494 5597 1679 5658 authenticis
1700 5595 1774 5658 actis
1787 5595 1823 5656 ad
1839 5611 1894 5656 nos
1909 5597 2096 5660 transmissis

1353 5689 1487 5751 libenter
1504 5689 1717 5764 cognovimus,
1734 5688 1956 5766 laetamurque,
1973 5689 2027 5751 bac
2043 5690 2097 5752 ob-

1352 5781 1589 5861 sequentissima
1601 5782 1744 5842 omnium
1765 5789 1904 5843 vestrum
1921 5781 2094 5860 voluntate,

1353 5891 1407 5936 vos
1429 5875 1582 5938 maiorum
1604 5874 1783 5952 exemplum
1810 5881 1970 5954 sequutos,
1993 5875 2093 5938 vicem
