4856 6984
10 10 370 150 ''⁷''

82 509 130 562 Au.
145 511 176 563 C.
200 511 272 564 1751

70 657 185 720 cranous,
226 662 286 715 post
304 648 468 728 apostolica
489 650 684 728 auctoritate,
707 651 832 715 iuturus
854 649 1052 714 illisArclrie·

71 710 286 818 itis-‘hffliiffissss
305 743 445 820 piscopus
474 744 687 822 praeficietur,
716 744 862 824 praedicti
887 743 1052 823 Apostolici

70 821 286 916 &optigt-'esseron
304 834 418 896 Vicarii
441 836 643 912 gubernium,
664 851 786 900 necnon
808 853 916 900 omnes
938 843 969 898 et
990 836 1052 898 siu·

304 928 396 1005 gulae
417 929 632 1008 providentiae
653 937 684 992 et
705 930 927 1005 ordinationes,
949 931 1016 991 sive
1036 947 1051 990 a

304 1023 589 1103 praedecessoribus
616 1024 730 1086 nostris
752 1024 898 1086 Romanis
925 1023 1053 1085 Pontib-

303 1118 399 1193 cibus,
415 1118 482 1180 sive
504 1117 622 1178 anobis
642 1116 726 1194 ipsis,
744 1134 798 1196 pro
813 1117 988 1179 animarum
1005 1133 1051 1177 re-

304 1211 423 1287 gimine
440 1211 473 1271 in
496 1209 574 1272 dicta
590 1209 781 1288 Aquileiensi
798 1209 954 1287 quondam
969 1209 1051 1271 dioe

303 1304 380 1365 cesis
400 1309 486 1380 parte
507 1303 686 1364 Austriacae
707 1301 819 1365 ditioni
840 1302 986 1376 subiecta,
1006 1318 1052 1362 ca·

305 1405 383 1474 piae,
398 1396 510 1468 editae,
527 1404 620 1474 atque
640 1401 784 1470 statutae,
808 1395 922 1457 exinde
945 1395 976 1455 in
998 1409 1051 1472 po·

302 1499 420 1550 sterum
442 1504 496 1567 pro
523 1488 664 1562 sublatis,
688 1488 805 1563 irritis,
835 1488 1051 1565 abrogatisqoe

303 1597 340 1644 eo
355 1583 419 1660 ipso
432 1581 620 1658 babeantnr;
637 1581 804 1659 eidemque
819 1580 986 1643 Goritiensi
1003 1596 1051 1640 ar·

303 1675 541 1753 chlepiscopatui
562 1675 595 1736 in
616 1674 846 1752 sullraganeos,
869 1691 920 1736 eos
942 1689 1050 1735 omnes

305 1775 335 1830 et
355 1767 493 1846 singulos
512 1769 679 1848 episcopos,
696 1783 832 1846 quorum
847 1767 993 1830 ecclesiae
1004 1783 1050 1829 ca-

305 1858 458 1924 thedrales
484 1861 515 1921 in
548 1860 710 1938 temporali
742 1860 899 1923 Austriaca
933 1859 1049 1923 ditione

304 1953 489 2028 consistunt,
519 1954 635 2032 quique
656 1954 692 2015 ad
713 1954 798 2016 bunc
819 1951 902 2014 diem
923 1955 1051 2032 patriar-

304 2046 380 2107 chali
395 2046 543 2108 ecclesiae
559 2045 750 2124 Aquileiensi
762 2062 818 2126 per
833 2063 900 2123 nos,
914 2053 948 2108 ut
964 2061 1050 2124 prae-

304 2138 413 2214 lertur,
435 2156 616 2219 suppressae
637 2148 668 2202 et
690 2142 856 2216 extinctae,
871 2141 965 2204 simili
981 2143 1051 2205 iure

304 2233 458 2296 subiectae
471 2233 612 2309 fuerunt,
624 2235 827 2314 supponimus
844 2243 938 2314 atque
956 2237 1050 2298 subii-

303 2325 417 2401 cimus3
443 2334 536 2404 prout
556 2327 649 2389 etiam
666 2329 777 2390 inaliis
799 2331 912 2392 nostris
933 2340 1050 2408 aposto·

304 2419 368 2482 licis
389 2420 489 2482 literis
508 2437 602 2500 super
624 2423 781 2486 erectione
802 2423 979 2486 huiusmodi
993 2426 1049 2488 Go-

305 2513 440 2576 ritiensis
465 2514 610 2577 ecclesiae
632 2515 910 2594 archiepiscopalis,
940 2534 1049 2596 aequa·

304 2609 384 2670 libus
405 2608 522 2686 pariter
543 2608 662 2670 iuribus
685 2617 715 2670 et
737 2611 957 2688 praerogativis
978 2628 1048 2673 cum

304 2702 475 2780 supradicta
495 2702 639 2764 Utinensi
659 2703 907 2782 archiepiscopali
925 2706 1050 2768 ecclesia

304 2793 531 2870 insigniendae,
547 2795 744 2874 peculiariter
760 2798 970 2874 expediendis,
986 2797 1051 2876 ple-

304 2886 374 2948 nius
396 2893 487 2965 atque
508 2886 684 2951 distinctius
709 2894 880 2952 statuemus
901 2897 933 2951 et
954 2891 1050 2969 expli-

304 2978 452 3040 cabimus.
950 2999 954 3006 ·

91 3087 286 3150 ¹instructiusq-
344 3072 363 3145 5
386 3071 433 3132 li.
460 3073 498 3134 Et
520 3076 665 3152 quoniam
688 3073 817 3138 illustria
838 3075 996 3152 religionis
1017 3094 1050 3138 ac

74 3141 285 3258 ῗὲῧξᾞὲξῖξξῑᾞςζ
304 3166 427 3244 pietatis
441 3172 637 3244 argumenta,
653 3185 730 3246 quae
746 3169 777 3230 in
794 3169 977 3232 tractatione
994 3171 1049 3234 bu·

74 3252 287 3356 ffifflffssel'itgj
305 3260 352 3321 ius
374 3260 547 3336 gravissimi
570 3262 699 3336 negotii,
712 3277 750 3322 ex
771 3279 832 3340 quo
847 3262 979 3325 Ecclesia
996 3264 1049 3326 liei

74 3355 287 3465 {¹3³⁰,ffs‘ssssgq'fflss
306 3361 351 3415 tot
365 3353 614 3430 perturbationes
629 3362 660 3416 et
674 3355 843 3417 anxietates
858 3358 974 3435 aliquot
989 3359 1049 3418 iam

76 3463 171 3508 tribuit
304 3446 497 3508 saeculorum
519 3447 648 3509 decursu
676 3449 841 3525 sustinuit,
870 3467 993 3513 necnon
1015 3452 1048 3512 in

304 3545 447 3623 superius
468 3545 563 3606 relata
585 3545 794 3606 conventione
817 3545 900 3607 inter
914 3546 1050 3624 praedic·

305 3643 349 3698 tas
381 3643 482 3717 partes
515 3637 641 3716 provide
673 3639 760 3713 inita,
786 3646 818 3700 et
838 3655 854 3699 a
875 3639 963 3700 nobis
995 3655 1050 3717 per

305 3737 482 3809 praesentes
504 3731 678 3810 approbata,
701 3746 738 3792 ex
760 3740 845 3810 parte
867 3737 929 3792 tam
952 3733 1050 3795 dictae

305 3825 416 3887 blaciae
437 3825 604 3886 Tberesiae
625 3825 751 3901 reginae
772 3824 804 3886 in
820 3824 1050 3903 imperatricem

304 3917 431 3991 electae,
454 3933 546 3994 quarn
579 3917 805 3994 praedictorum
832 3918 916 3980 ducis
939 3925 970 3979 et
990 3917 1049 3980 rei·

305 4011 443 4090 publicae
463 4010 667 4072 venetiarum
689 4009 769 4073 edita
790 4010 930 4087 fuerunt,
955 4012 1051 4073 maxi-

306 4121 393 4167 mum
408 4103 550 4165 utilitatis
565 4104 700 4165 lructum
716 4105 813 4166 eidem
829 4104 980 4166 Ecclesiae
997 4105 1049 4167 liei

305 4199 336 4260 in
365 4197 518 4277 praesenti
550 4197 743 4271 attulerunt,
774 4203 866 4276 atque
897 4198 991 4259 etiarn
1017 4199 1050 4260 in

304 4297 462 4368 posterum
476 4289 603 4351 allatura
619 4288 685 4350 tore
700 4290 915 4368 prospicimus;
938 4290 1050 4352 idcirco

305 4399 371 4459 nos,
394 4390 500 4458 motu,
529 4383 657 4444 scientia
679 4389 710 4444 et
738 4389 889 4462 potestate
914 4384 1049 4460 paribus,

305 4478 438 4554 ipsarum
453 4483 563 4538 tenore
578 4475 980 4554 praesentium,praedictae
991 4477 1050 4538 bla-

305 4569 368 4631 riae
399 4570 561 4632 Therasiae
593 4569 720 4645 reginae
755 4570 786 4630 in
821 4569 1049 4648 imperatricem

305 4661 437 4735 electae,
470 4663 599 4742 eiusque
630 4662 856 4724 successoribus
882 4661 915 4724 in
944 4676 1051 4739 perpe-

306 4764 405 4833 tuum,
422 4757 457 4820 ad
479 4757 650 4836 praelatum
672 4755 879 4818 Goritiensem
902 4755 1051 4834 archiepi-

304 4857 460 4929 scopatum
477 4865 531 4928 per
551 4865 619 4924 noS,
635 4857 670 4912 ut
690 4847 875 4927 praefertur,
899 4855 1050 4923 erectum,

306 4950 366 5005 tam
388 4959 444 5022 pro
459 4941 558 5020 prima
571 4943 627 5004 bac
643 4943 721 5018 vice,
738 4959 832 5021 quam
848 4942 968 5021 quoties
982 4958 1051 5022 per·

304 5035 405 5114 petuis
435 5033 550 5096 suturis
584 5037 774 5113 temporibus
805 5036 906 5115 ipsum
942 5052 1050 5098 vacare

305 5129 482 5205 contigerit,
507 5129 554 5188 ius
576 5129 758 5190 nominandi
782 5129 882 5204 nobis,
899 5130 1050 5191 etRoma·

306 5237 346 5282 no
367 5221 515 5283 Pontifici
533 5236 589 5299 pro
610 5227 752 5300 tempore
774 5221 930 5297 existenti,
947 5237 1050 5300 perso·

305 5329 377 5376 nam
399 5314 553 5390 idoneam,
579 5327 633 5392 per
654 5331 710 5376 nos
731 5319 763 5376 et
784 5330 976 5378 successores
997 5332 1051 5377 no-

305 5413 384 5468 stros
405 5407 440 5470 ad
469 5409 614 5470 eumdem
647 5407 944 5486 archiepiscopatum
966 5409 1052 5471 Gori-

305 5500 437 5561 tiensem
459 5515 513 5578 pro
534 5507 675 5579 tempore
689 5500 945 5579 promovendam,
961 5501 1052 5581 eique

305 5593 556 5670 praeficiendam
588 5609 711 5655 necnon
738 5593 899 5671 praedictis
925 5593 999 5655 lluci
1021 5601 1052 5656 et

305 5683 501 5763 Reipublicae
522 5683 736 5761 venetiarum,
750 5688 784 5749 ad
801 5685 896 5748 aliurn
920 5685 1050 5748 Utinen-

304 5792 372 5838 sem
393 5777 701 5855 archiepiscopatum,
733 5779 824 5840 etiam
848 5794 904 5857 per
924 5795 992 5854 nos,
1015 5788 1051 5842 ut

306 5868 481 5950 praefertur
512 5877 670 5947 erectum,
698 5871 819 5951 quoties
840 5887 896 5951 per
922 5871 1050 5934 liberam

938 532 1133 578 basturcius
1157 532 1219 578 XIV.

1776 513 1835 574 455
1886 511 1938 564 An.
1954 514 1984 566 0.
2006 513 2073 564 1ἳὸ1

1110 649 1236 728 praefati
1264 647 1399 712 Danielis
1429 648 1599 714 cardinalis
1627 648 1853 724 dimissionem,

1109 744 1175 804 sive
1196 759 1251 822 per
1273 741 1338 804 eius
1359 743 1531 818 decessum,
1547 759 1580 804 ac
1595 742 1689 804 etiam
1710 741 1855 818 deinceps

1108 835 1168 898 alio
1189 835 1299 915 quovis
1320 837 1423 912 modo,
1437 836 1595 914 perpetuis
1608 833 1722 896 tuturis
1737 842 1855 912 tempo·

1110 929 1194 992 ribus
1225 944 1335 991 vacare
1360 929 1538 1006 contigerit,
1561 928 1664 990 simile
1686 927 1733 988 ius
1755 925 1856 989 nomi-

1108 1023 1203 1084 nandi
1225 1021 1314 1085 nobis
1335 1029 1365 1084 et
1388 1021 1525 1084 Romano
1541 1021 1682 1083 Pontifici
1699 1036 1754 1098 pro
1776 1027 1854 1082 tem·

1108 1132 1182 1194 pore
1208 1115 1354 1178 existenti
1381 1131 1543 1194 personam
1572 1115 1732 1189 idoneam,
1761 1113 1855 1175 etiarn

1108 1224 1163 1286 per
1184 1225 1240 1271 nos
1261 1215 1292 1272 et
1314 1209 1467 1271 Romanos
1481 1208 1646 1270 Pontifices
1666 1223 1856 1269 successores

1108 1308 1230 1364 nostros
1251 1318 1306 1380 pro
1336 1307 1477 1381 tempore
1507 1303 1543 1366 ad
1565 1302 1712 1364 eumdem
1738 1300 1855 1362 archie-

1109 1396 1298 1474 piscopatum
1320 1396 1506 1459 Utinensem
1532 1396 1788 1473 promovendam,
1813 1394 1856 1455 ei·

1108 1505 1168 1566 que
1189 1489 1437 1567 praeficiendam,
1452 1489 1545 1551 etiam
1566 1495 1716 1567 perpetuo
1738 1502 1855 1565 respec-

1109 1581 1172 1643 tive
1193 1581 1391 1645 concedimus
1405 1589 1437 1644 et
1453 1581 1671 1660 impertimur3
1694 1587 1786 1656 prout
1801 1594 1856 1657 per

1107 1674 1178 1735 alias
1210 1689 1334 1752 quoque
1366 1674 1469 1736 literas
1492 1675 1524 1735 in
1555 1673 1652 1734 torma
1674 1671 1781 1734 Brevis
1805 1688 1856 1733 su-

1109 1781 1161 1844 per
1182 1767 1346 1844 utriusque
1367 1765 1444 1828 iuris
1470 1764 1654 1827 nominandi
1676 1762 1855 1825 huiusmodi

1107 1858 1306 1920 concessione
1337 1857 1534 1936 peculiariter
1566 1857 1737 1936 respective
1764 1869 1857 1934 expe·

1107 1952 1232 2013 dieudas
1254 1952 1282 2012 id
1312 1951 1415 2028 ipsum
1442 1958 1627 2026 statuemus,
1653 1966 1686 2011 ac
1712 1947 1855 2024 indulge-

1107 2042 1219 2104 bimus

1146 2137 1165 2211 5
1192 2136 1237 2198 13.
1262 2137 1399 2199 Praelata
1419 2144 1522 2200 autem
1542 2137 1653 2200 dilecto
1669 2135 1734 2198 lilio
1748 2140 1853 2196 nostro
1886 2210 1891 2220 1
1925 2157 2087 2204 patriarcnae

1108 2230 1223 2291 Danieli
1251 2230 1433 2306 Presbytero
1462 2230 1552 2292 Carti.
1586 2229 1705 2292 Deldno
1873 2210 1979 2256 ²¹²⁰¹⁰¹¹¹
1998 2221 2015 2257 ²
2036 2223 2077 2262 ¹³¹⁰

1732 2243 1853 2290 nuncu·
1873 2236 2088 2312 dernocardbel·

1107 2331 1187 2402 pato,
1199 2323 1238 2383 ob
1254 2323 1461 2401 personalium
1477 2323 1573 2401 ipsius
1588 2321 1776 2384 meritorum
1791 2335 1849 2381 ma·
1873 2317 2085 2419 ¹c¹i¹ffcafaitf¹⁰⁶¹³

1108 2419 1319 2498 gnitudinem,
1342 2423 1389 2495 ut,
1412 2433 1476 2480 non
1501 2419 1642 2481 obstante
1669 2415 1854 2494 patriarcha·

1109 2521 1157 2575 tus
1178 2515 1385 2595 Aquileiensis
1405 2511 1624 2594 suppressione
1638 2519 1669 2572 et
1691 2510 1854 2572 extinctio-

1108 2629 1159 2683 ne,
1190 2627 1246 2689 per
1279 2623 1344 2684 noS,
1369 2616 1403 2672 ut
1436 2606 1632 2687 praefertur,
1661 2606 1758 2680 iactis,
1789 2605 1854 2682 ipse

1108 2703 1326 2777 nibilominus,
1348 2703 1446 2780 quoad
1470 2700 1600 2772 vixerit,
1623 2697 1800 2761 absolutum
1822 2703 1854 2758 et

1107 2798 1280 2878 simplicem
1302 2795 1491 2858 Patriarcbae
1515 2794 1641 2855 titulum
1663 2801 1694 2854 et
1712 2791 1853 2854 denomi-

1108 2894 1264 2955 nationem
1287 2890 1426 2952 retinere
1446 2895 1477 2949 et
1499 2903 1608 2964 gerere
1630 2886 1725 2964 possit
1749 2893 1781 2946 et
1803 2901 1855 2945 va-

1108 2986 1182 3062 leat;
1200 2985 1241 3046 ita
1257 2991 1371 3057 tamen,
1385 2987 1431 3058 ut,
1444 2979 1583 3043 eiusdem
1599 2980 1632 3040 in
1647 2979 1727 3041 dicto
1737 2978 1854 3039 arcbie·

1107 3080 1264 3156 piscopatu
1296 3077 1440 3140 Utinensi
1468 3089 1673 3147 successores,
1697 3088 1759 3134 non
1781 3071 1853 3146 alio,

1106 3187 1199 3250 quarn
1210 3170 1410 3232 Utinensium
1422 3167 1733 3245 Arcbiepiscoparum
1748 3164 1853 3238 titulo,

1107 3265 1302 3328 denominari
1314 3264 1432 3343 possint
1446 3268 1500 3324 aut
1515 3261 1657 3334 debeant,
1674 3257 1852 3319 earumdem

1108 3360 1316 3440 praesentium
1344 3364 1453 3420 tenore
1481 3355 1677 3419 concedimus
1698 3363 1730 3416 et
1752 3353 1854 3416 indul·

1108 3470 1228 3532 gemus.

1146 3550 1164 3622 5
1189 3548 1236 3610 lla.
1260 3547 1469 3627 Aquileiensis
1490 3564 1582 3627 porro
1604 3547 1713 3610 civitas
1734 3545 1855 3626 magni·
1900 3561 1929 3606 tn
1944 3561 2088 3626 arvipen-

1108 3644 1213 3706 tudine
1236 3642 1392 3720 quondam
1406 3649 1437 3704 et
1451 3642 1558 3720 populi
1581 3641 1757 3719 frequentia
1780 3641 1855 3702 insi·
1873 3615 2088 3725 ῧῗῗξξὲᾛξξέζ

1108 3738 1187 3815 gnis,
1210 3744 1362 3816 quantum
1383 3737 1421 3798 ab
1442 3736 1571 3813 antiquo
1599 3735 1763 3812 splendore
1783 3749 1854 3812 pro·
1874 3719 2089 3832 {ffg'fflgffissffi

1107 3832 1198 3909 lapsa,
1221 3845 1376 3909 quamque
1391 3830 1425 3891 ad
1438 3829 1625 3890 deteriorem
1641 3826 1854 3890 conditionem
1873 3826 2088 3927 gffffilbtussssm

1108 3924 1226 3984 redacta
1248 3923 1299 3996 sit,
1315 3921 1460 3983 omnibus
1478 3927 1588 3982 notum
1603 3928 1649 3981 est
1664 3926 1756 3997 atque
1770 3935 1854 3982 com-
1874 3892 2087 3998 marufflepi'a'ffi

1107 4022 1243 4093 pertum.
1268 4014 1353 4076 lllius
1367 4022 1470 4076 autem
1487 4013 1658 4075 incolarum
1673 4029 1745 4076 cura
1767 4027 1854 4090 paro·
1873 3987 1926 4032 ¹⁰³⁰
1942 3991 2041 4035 sumn·

1107 4108 1211 4170 chialis
1240 4109 1321 4169 inter
1341 4107 1415 4168 duas
1445 4107 1584 4169 ecclesias
1610 4106 1706 4168 divisa
1731 4113 1794 4180 est,
1817 4105 1855 4166 ab

1106 4201 1213 4280 eisque
1245 4202 1414 4278 dependet,
1447 4215 1580 4278 quarum
1610 4215 1671 4260 una
1702 4205 1749 4260 est
1768 4199 1852 4276 ipsa,

1107 4309 1184 4374 quae
1206 4298 1355 4356 hactenus
1381 4292 1590 4372 patriarchalis
1621 4293 1713 4353 etiam
1735 4292 1851 4362 extitit,

1107 4388 1245 4461 ecclesia,
1268 4388 1299 4448 in
1331 4387 1483 4448 bonorem
1512 4387 1632 4447 Beatae'
1652 4384 1771 4451 Mariae.
1785 4384 1855 4447 Vir·

1108 4480 1188 4556 ginis
1209 4479 1241 4541 in
1258 4478 1387 4542 Caelum
1403 4481 1597 4556 Assumptae,
1608 4493 1662 4539 seu
1678 4477 1780 4539 lorsan
1797 4477 1854 4539 Na·

1109 4573 1237 4635 tivitatis
1259 4572 1399 4634 eiusdem
1430 4571 1539 4632 Beatae
1563 4570 1675 4633 Aleriae
1703 4569 1852 4646 Virginis,

1107 4665 1320 4745 Omnipotenti
1342 4664 1404 4725 Deo
1420 4661 1527 4739 dicata,
1544 4663 1632 4726 cuius
1647 4663 1774 4742 quidem
1788 4664 1855 4725 ani-

1108 4774 1230 4821 marum
1252 4755 1507 4836 parochianorum
1528 4773 1601 4818 cura
1623 4771 1678 4834 per
1698 4756 1792 4835 ipsius
1807 4772 1855 4818 ec·

1108 4851 1214 4914 clesiae
1241 4849 1396 4912 sacristam
1419 4866 1475 4929 pro
1496 4857 1636 4928 tempore
1667 4850 1855 4911 existentem

1107 4943 1244 5006 exerceri
1273 4943 1452 5020 consuevit,
1482 4943 1578 5005 altera
1600 4958 1674 5004 vero
1700 4949 1746 5004 est
1768 4959 1854 5022 paro·

1106 5037 1213 5101 chialis
1236 5036 1361 5099 ecclesia
1387 5033 1418 5097 S.
1443 5036 1564 5098 loannis
1585 5035 1618 5096 in
1644 5034 1721 5110 loro,
1744 5051 1798 5096 seu
1821 5035 1854 5097 iu

1107 5131 1204 5210 platea
1234 5133 1420 5208 nuncupata,
1444 5129 1532 5191 cuius
1560 5135 1672 5205 rector,
1695 5144 1750 5190 seu
1772 5145 1856 5208 pres-

1108 5225 1197 5303 byter
1226 5231 1362 5299 curatus,
1385 5239 1400 5282 a
1422 5221 1645 5284 communitate
1667 5229 1697 5283 et
1718 5221 1856 5282 bomini-

1108 5317 1164 5378 bus
1191 5317 1288 5379 dictae
1315 5315 1458 5391 civitatis,
1483 5324 1528 5391 ut,
1552 5315 1737 5393 accepimus,
1768 5315 1854 5391 eligi,

1107 5408 1276 5484 nominari,
1292 5424 1325 5468 ac
1339 5407 1500 5470 Ordiuario
1523 5407 1578 5469 loci
1602 5409 1793 5486 praesentari
1807 5424 1856 5471 so·

1108 5501 1192 5578 litus,
1209 5515 1280 5577 erga
1302 5500 1503 5578 parochianos
1518 5500 1662 5563 ecclesiae
1677 5501 1854 5564 huiusmodi

1108 5594 1174 5655 iura
1202 5593 1386 5671 parochialia
1408 5599 1542 5655 exercet.
1565 5593 1666 5667 Quum
1689 5595 1793 5673 itaque
1814 5594 1856 5656 ci·

1107 5687 1186 5748 vitas
1207 5686 1415 5765 Aquileiensis
1435 5685 1666 5764 subtemporali
1681 5689 1855 5752 Austriaco-

1108 5796 1178 5842 rum
1194 5779 1372 5858 principum
1387 5778 1506 5841 ditione
1520 5779 1686 5841 constituta
1700 5782 1751 5858 sit,
1772 5780 1855 5844 ideo·

1108 5887 1168 5951 que
1190 5872 1274 5935 illius
1294 5871 1456 5950 spirituale
1476 5871 1639 5950 regimen,
1663 5873 1746 5936 iuxta
1768 5889 1853 5957 prae·
