4732 7014
476 10 477 13 ’
511 10 561 30 ΙἾ

31 133 46 149 Ιι

897 629 1094 676 ΒΕΝΕΒΙΟἹἭὸ
1116 628 1178 674 xlv.

261 748 302 810 de
325 749 469 813 omnibus
490 751 639 813 tractandi
660 750 801 815 Christus
823 751 856 812 in
878 748 910 812 S.
923 749 1012 810 Petro

263 845 428 923 apostolo,
458 863 532 910 cum
552 846 598 908 illi
619 847 719 908 claves
747 844 905 925 aperiendi
932 841 1013 904 clau·

262 940 421 1019 dendique
442 941 539 1015 daret,
553 939 692 1002 indulsit.
712 939 872 1018 Siquidem
893 938 925 998 in
946 949 1013 1013 spe-

261 1033 344 1095 culis
357 1050 373 1094 a
389 1033 451 1094 beo
467 1033 684 1108 consiliumet
698 1033 877 1110 vigilantiae
891 1037 1013 1092 nostrae

261 1126 460 1204 diligentiam
492 1143 547 1206 pro
576 1127 732 1189 commissi
759 1125 852 1188 officii
879 1137 1030 1187 munere.

261 1237 369 1282 coram
380 1236 417 1282 eo
429 1221 627 1300 comprobare
639 1219 924 1298 cupientes,noctes
936 1218 1012 1280 dies-

261 1321 327 1392 que
348 1313 479 1378 solliciti·
493 1330 613 1390 sumus,
629 1321 665 1377 ut
685 1315 764 1378 circa
784 1312 925 1392 quamvis
946 1310 1012 1372 lon-

262 1411 383 1490 ginqua
404 1411 573 1490 spiritualis
593 1426 665 1474 cura
688 1426 752 1472 uon
768 1407 899 1482 deficiat,
913 1405 965 1468 sed
981 1420 1013 1466 se

261 1504 466 1584 peremnia,
495 1521 554 1582 qua
582 1519 699 1566 nomen
727 1504 780 1565 liei
807 1501 1011 1581 praedicatur,

260 1599 426 1674 extendat,
447 1613 601 1660 memores
623 1596 705 1659 illius
719 1593 942 1672 obiurgatiouis
956 1593 1014 1654 Do-

262 1692 415 1755 minicae:
439 1692 520 1770 qood
542 1691 707 1769 infirmum
729 1691 808 1772 fuit,
826 1705 889 1750 oea
909 1702 1013 1749 conso-

264 1785 420 1861 fidustis;
441 1793 472 1849 et
494 1785 575 1866 qood
590 1793 770 1866 aegrotum,
783 1799 847 1845 troo
858 1781 1013 1852 sebastia·

261 1881 350 1958 quod
372 1883 575 1962 confractum
601 1885 660 1953 est,
689 1895 753 1941 troo
780 1877 964 1958 alligastis,-
983 1879 1012 1935 et

262 1975 351 2052 quod
382 1973 542 2036 obiectum
571 1981 637 2043 est,
668 1989 731 2033 aera
763 1971 962 2043 redemtum
983 1977 1013 2032 et

262 2067 351 2146 quod
362 2068 514 2152 perierat,
532 2081 595 2128 oon
608 2067 796 2146 quaesistis;
808 2072 837 2127 et
854 2063 1014 2142 dispersae

260 2169 348 2223 sunt
371 2179 439 2223 oves
461 2177 558 2234 meae,
575 2179 608 2222 co
629 2161 786 2240 eaodnoo
802 2166 879 2221 esset
891 2165 1015 2237 peston·

261 2264 296 2318 et
323 2258 530 2338 [ιι-1111111111
553 2256 588 2316 io
610 2255 843 2317 decorationem
871 2251 1014 2314 omnium

263 2347 449 2413 bestiarum
471 2349 556 2429 egri,
578 2356 609 2411 et
632 2349 792 2426 dispersae
809 2354 904 2419 sorti,
927 2361 1016 2407 erro-

262 2451 390 2506 veroot
421 2460 528 2524 propes
549 2444 611 2505 mei
633 2445 668 2504 ira
690 2441 817 2504 crunctis
838 2437 1014 2510 montibus,

262 2544 295 2599 ct
324 2553 388 2598 ooo
409 2543 479 2598 eret
502 2536 556 2615 qui
579 2536 767 2615 requirerer,
790 2549 856 2594 ecco
877 2549 931 2612 ego
950 2532 1015 2608 ipsc

262 2647 368 2708 super
388 2635 541 2708 pastores,
572 2629 735 2709 requiram
757 2643 881 2708 gregem
910 2641 1015 2687 mcum

261 2724 303 2786 de
328 2739 428 2787 mono
449 2739 569 2784 corum.
596 2724 675 2787 Cum
692 2737 767 2798 ergo
788 2720 959 2800 pastoribus
973 2726 1016 2780 ta-

262 2816 363 2892 libus,
386 2833 441 2896 per
461 2833 537 2895 quos
558 2816 737 2880 dominicae
753 2831 827 2878 oves
848 2813 1016 2898 negligun-

263 2919 335 2985 tur,
358 2919 390 2973 et
410 2918 555 2990 percunt,
571 2911 615 2972 sic
632 2910 783 2974 Dominus
794 2908 1015 2982 comminetur,

263 3003 345 3082 quid
367 3003 430 3065 Nos
450 3004 532 3066 aliud
561 3003 659 3066 facere
681 3009 813 3081 oportet,
843 3000 1017 3078 1111111111-

262 3096 406 3172 ligendis
433 3105 462 3160 et
492 3096 668 3159 refovendis
696 3096 808 3159 Christi
835 3095 945 3157 ovibus
965 3109 1017 3156 eu-

262 3189 381 3252 bibere
403 3189 597 3268 diligentiam
609 3189 744 3267 plenam,
758 3197 788 3250 et
800 3187 942 3250 curandis
957 3187 1018 3265 lap-

262 3299 378 3346 sorum
406 3283 591 3345 vulneribus
616 3289 761 3361 paternae
790 3281 911 3360 pietatis
934 3281 1018 3343 adbi-

264 3375 346 3438 bere
369 3375 582 3438 medicinamt
612 3375 702 3438 Nulla
735 3381 780 3438 est
807 3375 892 3437 enim
920 3375 1019 3436 maior

264 3480 327 3533 aut
347 3470 459 3533 melior
479 3487 552 3533 cura
573 3470 838 3548 Praepositorum,
860 3483 952 3547 quam
974 3467 1019 3529 di-

263 3563 383 3641 ligenti
403 3564 622 3638 sollicitudine,
646 3573 675 3628 et
697 3562 815 3626 medela
835 3563 963 3636 salubri,
976 3562 1018 3623 fo-

265 3658 385 3719 vendis
406 3665 436 3719 et
458 3657 677 3720 conservandis
705 3657 814 3719 ovibus
842 3656 1016 3734 providere.

1070 763 1143 824 gere
1164 754 1296 826 oportet,
1315 745 1429 826 partim
1449 741 1616 806 bominum
1629 735 1730 816 culpa,
1746 751 1813 814 par·

1070 845 1126 907 tim
1147 844 1266 922 antiqui
1279 843 1407 906 bumani
1429 839 1552 920 generis
1573 836 1669 898 bostis
1690 833 1812 909 astutia,

1069 939 1162 1000 variis
1187 938 1283 1000 etiam
1308 935 1542 1013 insurgentibus
1566 938 1746 1010 temporum
1767 943 1812 990 ca-

1070 1034 1258 1097 lamitatibus
1274 1051 1290 1094 a
1307 1031 1461 1113 plurimis,
1479 1030 1518 1092 in
1530 1043 1624 1106 grave
1636 1026 1812 1088 animarum

1069 1143 1196 1190 suarum
1225 1126 1410 1206 periculum,
1434 1131 1477 1198 et,
1500 1121 1612 1201 ouibus
1639 1123 1812 1198 praeerant,

1070 1222 1269 1284 ecclesiarum
1291 1219 1528 1292 detrimentum,
1545 1214 1741 1291 negligenter
1762 1210 1813 1272 ob·

1070 1317 1204 1392 servari3
1227 1331 1266 1378 eu
1288 1313 1406 1376 intimis
1420 1310 1532 1373 animis
1553 1307 1697 1380 indoluit,
1711 1311 1741 1366 et
1756 1311 1815 1366 sta-

1071 1409 1127 1472 tim
1140 1409 1225 1484 gravi
1237 1407 1318 1468 malo
1329 1405 1466 1484 quotidie
1479 1403 1576 1479 magis
1587 1395 1814 1478 ingravescenti

1071 1517 1250 1576 occurrere,
1280 1507 1311 1562 et
1339 1514 1475 1576 congrua
1503 1495 1646 1560 adbibere
1679 1491 1813 1554 remedia
1846 1545 1851 1559 ,

1070 1595 1226 1672 cogitavit.

1111 1690 1178 1764 52.
1202 1689 1309 1768 ltaque
1330 1704 1384 1768 per
1405 1705 1474 1750 suas
1498 1683 1676 1764 apostolicas
1697 1682 1813 1756 literas,
1834 1740 1874 1788 ὥς

1071 1800 1203 1862 quarum
1225 1783 1350 1845 initium
1372 1789 1432 1844 est:
1457 1780 1620 1843 Romanos
1642 1776 1812 1852 Pontifoor,
1862 1773 1868 1785 “

1071 1877 1243 1951 constitnit,
1260 1885 1295 1940 ut
1310 1892 1418 1938 omnes
1435 1875 1638 1946 Patriarcbae‚
1653 1870 1814 1942 Primates,

1071 1971 1311 2049 ilrcbiepiscopi,
1333 1969 1472 2050 Episcopi
1487 1983 1542 2048 per
1556 1967 1739 2030 universum
1754 1970 1815 2024 ter-

1071 2081 1176 2126 rarum
1198 2064 1310 2128 Orbem
1332 2063 1504 2137 constituti,
1517 2068 1548 2124 et
1569 2061 1716 2136 deinceps
1736 2056 1818 2119 ordi-

1072 2159 1176 2232 nandi,
1200 2159 1319 2220 etiamsi
1341 2157 1555 2220 cardinalatus
1569 2153 1818 2231 diguitateprae-

1072 2251 1244 2328 fulgerent,
1267 2267 1321 2314 seu
1343 2252 1387 2313 eis
1415 2249 1599 2312 consecratis
1627 2246 1759 2308 Pallium
1779 2242 1816 2304 de

1072 2347 1155 2408 Beati
1177 2346 1259 2408 Petri
1284 2361 1412 2424 corpore
1440 2350 1602 2422 sumptum
1631 2342 1815 2412 traderetur,

1072 2445 1124 2500 aut
1145 2440 1182 2502 ad
1203 2439 1292 2501 aliam
1314 2437 1473 2500 ecclesiam
1496 2433 1751 2504 transferrentur,
1764 2445 1819 2490 an·

1073 2540 1198 2610 tequam
1227 2533 1310 2594 illius
1337 2530 1483 2608 regimini
1505 2537 1537 2592 et
1557 2525 1816 2591 administrationi

1072 2641 1105 2687 se
1127 2625 1351 2700 immiscerent,
1374 2626 1400 2686 si
1428 2624 1555 2702 quidem
1582 2626 1759 2700 praesentes
1784 2618 1817 2680 in

1073 2719 1177 2795 Curia,
1200 2719 1397 2782 inmanibus
1429 2718 1557 2781 Sanctae
1584 2716 1740 2777 Romanae
1762 2711 1819 2774 lic-

1072 2812 1181 2875 clesiae
1209 2813 1334 2875 iliaconi
1362 2811 1531 2877 cardinalis
1557 2809 1665 2872 ordine
1693 2806 1816 2879 Prioris,

1073 2912 1098 2972 si
1120 2927 1195 2973 vero
1216 2911 1368 2986 absentes,
1393 2908 1589 2972 inmanibus
1611 2902 1767 2968 lintistitis
1781 2899 1818 2960 ad

1074 3005 1318 3084 impendendum
1339 3021 1456 3067 munus
1483 3002 1686 3082 praedictum,
1709 2995 1817 3058 autad

1075 3099 1258 3163 tradendum
1273 3099 1405 3162 Pallium
1424 3096 1601 3161 huiusmodi
1616 3113 1632 3156 a
1647 3093 1725 3156 Sede
1739 3090 1821 3166 Apo-

1073 3193 1177 3256 stolica
1189 3192 1333 3270 delegati,
1346 3193 1521 3256 iuramento
1532 3205 1565 3252 so
1576 3187 1817 3262 obstringerent,

1073 3305 1107 3348 se
1128 3288 1293 3349 Beatorum
1321 3286 1539 3365 apostolorum
1567 3282 1650 3344 Petri
1682 3287 1713 3342 et
1733 3275 1819 3338 Pauli

1075 3380 1207 3455 Limina,
1223 3381 1346 3442 statutis
1368 3380 1400 3441 in
1422 3379 1530 3442 iisdem
1552 3375 1650 3438 literis
1673 3367 1819 3449 tempori-

1074 3473 1142 3548 bus,
1164 3472 1368 3551 personaliter
1396 3490 1428 3534 ac
1449 3486 1558 3550 perse
1579 3469 1659 3548 ipsos
1678 3464 1819 3528 visitatu-

1074 3583 1124 3629 ros
1145 3585 1178 3630 ao
1199 3567 1344 3630 Romanis
1372 3564 1572 3628 Pontificibus
1600 3578 1656 3640 pro
1677 3568 1818 3639 tempore

1076 3661 1280 3723 existentibus
1309 3659 1461 3723 rationem
1488 3650 1663 3720 reddituros
1690 3655 1728 3716 de
1757 3659 1819 3714 toto

1773 595 1793 659 9
1843 590 1942 644 1110.
1964 589 2033 644 1740

1882 1688 1909 1731 ut
1930 1683 2046 1730 eiusdem

1877 1739 2006 1796 positivae.

84 3761 246 3858 tillidi&
313 3751 333 3826 ἓ
357 3750 383 3811 l.
406 3751 530 3814 Dudum
551 3751 676 3830 quidem
698 3751 749 3813 iel.
766 3767 827 3813 rec.
846 3749 951 3812 Siutus
967 3750 1018 3810 Pa·

87 3867 247 3934 1111111151.
266 3862 310 3923 pa
326 3844 365 3906 11.
381 3845 460 3906 sorio
475 3845 727 3908 animadvertens
743 3851 881 3906 veterem
904 3851 934 3906 et
956 3842 1019 3902 lau-

90 3923 226 3966 ¹²³*·²‘¹¹¹³⁰·
266 3937 407 4000 debilem
439 3953 577 4012 morem,
614 3937 801 4014 gravissimis
833 3953 872 3999 eu
902 3935 1017 4008 causis,

267 4039 304 4094 et
333 4047 397 4092 non
428 4032 496 4092 siue
524 4031 657 4110 Spiritus
687 4029 790 4095 Sancti
813 4031 975 4104 instinctu,
1003 4046 1019 4088 a

93 4165 96 4170 -
166 4149 176 4174 ·
205 4169 216 4202 ,
268 4127 413 4190 Summis
434 4126 634 4188 Pontificibus
660 4125 943 4203 praedecessoribus
965 4141 1021 4186 no·

164 4261 172 4284 .
267 4221 347 4282 stris
367 4219 538 4298 antiquitus
560 4220 751 4294 institutum,
776 4225 809 4280 ct
829 4235 885 4297 per
907 4217 1019 4280 multas

268 4321 388 4375 aetates
409 4329 521 4390 magno
542 4313 687 4375 ecclesiae
707 4312 761 4373 liei
782 4313 944 4374 commodo
970 4311 1020 4373 ob·

266 4412 444 4480 seruatum,
462 4415 497 4468 ut
510 4405 627 4482 singuli
642 4404 844 4480 Patriarcitae,
858 4405 1018 4478 Primates,

268 4500 503 4578 Arcblepiscopi
518 4506 549 4561 et
561 4499 700 4576 Episcopi
715 4499 807 4559 certis
824 4498 1020 4576 praescriptis

1074 3771 1185 3817 eorum
1206 3754 1350 3816 Pastorali
1372 3753 1483 3828 ofllcio,
1499 3751 1600 3829 deque
1614 3749 1705 3811 rebus
1719 3745 1822 3808 omni-

1075 3847 1132 3909 bus
1146 3849 1181 3910 ad
1198 3847 1345 3926 ipsarum,
1357 3863 1432 3925 quas
1447 3851 1604 3923 regerent,
1621 3840 1821 3906 ecclesiarum

1075 3947 1203 4015 statum,
1219 3943 1254 4004 ad
1276 3940 1350 4002 cleri
1371 3947 1402 4002 et
1420 3939 1524 4019 populi
1539 3936 1744 4016 disciplinam,
1757 3933 1821 3995 ani·

1075 4049 1200 4096 marum
1221 4033 1367 4112 denique,
1383 4047 1461 4112 quiae
1483 4031 1609 4094 illorum
1632 4029 1703 4092 ndei
1724 4027 1822 4090 credi·

1077 4137 1123 4192 tae
1145 4138 1230 4206 sunt,
1251 4130 1385 4191 salutem
1407 4128 1517 4206 quovis
1531 4127 1623 4189 modo
1637 4124 1821 4202 pertinenti-

1076 4225 1144 4300 bns,
1168 4231 1199 4287 et
1220 4225 1356 4312 vicissim
1377 4223 1518 4284 mandata
1533 4219 1695 4300 apostolica
1717 4233 1822 4296 recep·

1078 4326 1174 4393 turos,
1197 4325 1228 4380 et
1250 4333 1343 4395 quam
1364 4314 1603 4392 diligentissime
1624 4319 1819 4384 executuros,

1077 4419 1169 4492 prout
1190 4411 1280 4473 latius
1302 4411 1334 4472 in
1357 4410 1467 4473 iisdem
1489 4408 1585 4469 literis
1610 4404 1799 4469 continetur.

1117 4505 1135 4580 5
1156 4505 1184 4567 3.
1210 4507 1289 4570 Cum
1310 4513 1415 4568 autem
1438 4501 1603 4575 Abbatum,
1621 4499 1775 4570 Priorum,
1792 4513 1821 4556 a·
1841 4497 2053 4599 mssssfflgfflp‘ffl'gff

1077 4602 1266 4678 liorumque,
1279 4597 1494 4677 quispirituali
1508 4593 1722 4658 iurisdictione
1737 4591 1822 4670 quasi
1841 4612 1912 4662 tum,
1937 4607 2052 4652 Priorum

269 4591 469 4673 temporibus
481 4609 535 4672 per
548 4607 580 4654 se
597 4593 687 4670 ipsos,
702 4591 750 4652 vel
765 4606 820 4669 per
834 4597 955 4653 certum
970 4606 1020 4651 eo·

1078 4694 1247 4773 Episcopali
1276 4694 1308 4754 in
1329 4691 1392 4754 suis
1420 4690 1615 4753 monasteriis
1637 4697 1667 4751 et
1688 4686 1822 4750 ecclesiis
1841 4667 1887 4707 ⁰¹⁰·

269 4703 349 4751 rum
360 4685 790 4760 Nuntium,Beatissimorum
802 4684 1020 4764 Apostolorum

270 4781 360 4844 Petri
376 4787 406 4842 et
421 4781 518 4856 Piuli,
534 4780 587 4858 qui
602 4779 682 4842 hanc
694 4780 816 4840 Almam
832 4779 949 4842 Urbem
964 4794 1021 4840 suo

268 4875 429 4952 sanguine
456 4880 693 4948 consecrarunt,
721 4873 843 4935 Limina
864 4887 897 4934 se
918 4873 1022 4934 visita-

270 4979 364 5032 turos
383 4967 583 5030 iureiurando
598 4968 834 5046 pollicerentur,
852 4975 886 5030 ut
899 4969 1021 5046 Episco-

270 5077 389 5141 porum
414 5062 544 5124 Romam
571 5061 768 5124 venientium
795 5078 885 5142 opera
913 5071 944 5125 et
971 5064 1021 5125 ad·

272 5156 419 5218 iumento
447 5153 603 5216 Romanus
625 5155 783 5230 Pontifex,
807 5157 855 5218 cui
878 5157 1020 5219 omnium

272 5248 483 5312 Ecclesiarum
504 5247 678 5310 sollicitudo
693 5250 867 5311 concredita
882 5257 940 5323 est,
956 5249 1022 5311 ubi-

274 5358 339 5420 que
360 5341 500 5403 locorum
522 5342 626 5418 gregis
647 5341 704 5402 sibi
719 5343 876 5404 commissi
896 5342 1022 5405 vultum

273 5441 467 5512 agnosceret,
490 5441 520 5496 et
539 5435 749 5514 spiritualium
770 5435 876 5497 ovium
900 5436 1023 5498 morbos

275 5529 480 5606 intelligeret,
492 5531 727 5608 curationesque
742 5537 927 5609 opportunas
939 5531 1025 5592 adhi-

276 5628 377 5700 berct,
400 5641 457 5688 nec
478 5626 642 5704 quicquam
658 5626 787 5687 omnino
809 5626 899 5687 illum
912 5625 1023 5687 lateret

278 5735 387 5781 earum
409 5735 526 5793 rerum,
539 5735 613 5798 quas
634 5721 668 5781 ad
687 5719 741 5780 liei
757 5719 887 5795 gloriam
908 5735 1024 5796 augen-

279 5813 360 5886 dam,
376 5813 411 5875 ad
426 5811 624 5874 christianam
636 5813 832 5890 Religionem
854 5827 1023 5893 propagan-

280 5909 361 5982 dam,
384 5908 420 5969 ad
435 5908 610 5969 animarum
631 5909 856 5986 procurandam
876 5909 1020 5985 salutem,

280 6001 451 6064 necessario
483 6003 628 6064 eumdem
653 6001 750 6077 scire,
782 6009 876 6082 atque
905 6003 1022 6066 intelli-

387 6147 438 6193 lar.
456 6147 524 6194 Porti.
540 6145 570 6193 de
587 6147 659 6206 l'rop.
676 6146 737 6194 Pide
751 6147 833 6194 Partis
848 6150 867 6195 1.
882 6149 934 6196 Vol.
950 6149 992 6195 111.

1078 4803 1249 4867 eorumque
1265 4785 1426 4849 territoriis
1438 4786 1474 4848 ab
1486 4783 1572 4846 omni
1589 4783 1821 4861 11111ρί11ορ1-

1078 4899 1149 4944 rum
1161 4881 1292 4944 dioecesi
1303 4879 1481 4942 omnimode
1491 4879 1635 4955 separatis
1647 4877 1820 4956 potiuntur,

1079 4976 1164 5038 nulla
1187 4975 1304 5037 mentio
1327 4975 1360 5034 in
1375 4972 1517 5051 praefatis
1540 4972 1635 5034 literis
1651 4971 1728 5034 Sinti
1745 4970 1822 5032 facta

1078 5070 1183 5144 fuerit,
1206 5069 1280 5130 binc
1300 5074 1346 5128 est
1367 5065 1449 5143 quod
1471 5065 1602 5128 nbbates
1623 5065 1747 5142 aliique,
1769 5065 1823 5141 qui

1079 5160 1255 5226 huiusmodi
1283 5159 1417 5221 ecclesiis
1445 5166 1475 5220 et
1504 5157 1698 5220 monasteriis
1719 5171 1824 5234 praee-

1078 5263 1149 5318 rant
1169 5269 1241 5318 cum
1271 5253 1482 5316 iurisdictione
1508 5250 1662 5329 spirituali
1683 5258 1713 5312 et
1735 5250 1823 5312 terri-

1078 5349 1158 5412 torio
1179 5355 1328 5426 separato,
1359 5361 1532 5424 nunquam,
1556 5344 1721 5406 Beatorum
1743 5347 1822 5423 Apo·

1077 5443 1228 5505 stolorum
1249 5441 1372 5502 Limina
1394 5440 1566 5512 visitantes,
1589 5439 1625 5501 de
1647 5437 1754 5500 iisdem
1776 5452 1825 5498 eo

1079 5536 1177 5599 clesiis
1199 5541 1229 5597 et
1250 5533 1447 5596 monasteriis
1469 5539 1499 5594 et
1520 5548 1616 5608 grege
1639 5547 1731 5593 curae
1752 5548 1825 5593 suae

1079 5629 1241 5692 commisso
1262 5627 1297 5688 ad
1313 5628 1466 5689 Romanos
1482 5628 1643 5689 Pontifices
1658 5627 1823 5703 referrent,

1079 5722 1152 5783 adeo
1169 5730 1202 5784 ut
1218 5721 1393 5784 huiusmodi
1409 5721 1668 5784 monasteriorum
1684 5729 1715 5784 et
1730 5723 1824 5786 eccle-

1077 5817 1211 5891 siarum,
1241 5831 1319 5894 quae
1348 5815 1463 5878 nullius
1487 5817 1646 5890 dicuutur,
1675 5825 1772 5880 status
1794 5825 1825 5880 et

1079 5909 1214 5972 conditio
1230 5909 1300 5974 Sedi
1311 5909 1502 5987 Apostolicae
1519 5910 1675 5987 incognita
1691 5920 1781 5986 esset,
1794 5920 1825 5973 et

1078 6019 1167 6083 saepe
1195 6003 1416 6081 ignorarentur
1437 6004 1533 6080 mala,
1563 6005 1675 6082 quibus
1697 6006 1824 6068 meden-
