4820 6980
361 540 416 597 Διι.
430 543 460 596 0.
482 541 551 595 1742
600 542 658 606 714

386 689 561 736 rraaanaum
619 680 689 756 §lc
713 679 866 746 Volumus
895 691 1019 762 autem,
1051 694 1086 749 ut
1112 687 1322 766 praesentium

349 743 563 846 iiifflffdfiiss'
581 778 795 856 transumptis,
817 779 883 841 sive
904 781 1065 859 exemplis,
1080 784 1175 846 etiam
1198 783 1326 862 impres-

580 869 632 946 sis,
656 885 750 933 manu
772 872 902 935 alicuius
922 875 1035 938 notarii
1057 877 1172 955 publici
1193 877 1325 940 subscri-

580 962 641 1039 ptis
662 970 692 1024 et
713 963 816 1040 sigillo
836 981 983 1043 personae
1006 969 1037 1031 in
1060 969 1261 1032 ecclesiastica
1283 969 1326 1033 di·

581 1055 698 1131 gnitate
714 1057 900 1122 constitutae
914 1061 1056 1137 munitis,
1073 1063 1180 1124 eadem
1200 1077 1327 1142 prorsus

581 1149 697 1227 ubique
717 1151 792 1214 fides
813 1153 1005 1231 adhibeatur,
1019 1171 1096 1234 quae
1113 1157 1326 1235 praesentibus

580 1242 744 1306 adhibetur
765 1253 796 1306 et
818 1245 956 1311 adhiberi
979 1257 1089 1326 posset,
1106 1249 1130 1310 si
1152 1249 1254 1313 iorent
1276 1267 1328 1312 ex-

580 1335 694 1398 hibitae
715 1338 766 1399 vel
787 1347 938 1402 ostensae.
1033 1362 1035 1367 ·

620 1429 733 1492 Datum
747 1432 874 1506 Romae,
887 1435 965 1511 apud
981 1433 1014 1496 S.
1028 1435 1153 1498 llariam
1168 1437 1326 1513 Maiorem,

581 1521 638 1584 sub
662 1522 779 1584 annulo
809 1523 986 1600 Piscatoris,
1017 1525 1067 1588 die
1094 1541 1175 1588 xxti.
1204 1529 1326 1605 augusti

582 1629 751 1690 uocaset,
773 1615 971 1694 pontificatus
993 1619 1091 1680 nostri
1114 1635 1196 1684 anno
1213 1637 1250 1684 ιι.

931 1902 979 1966 til.

586 2086 840 2151 Constitutioaes
870 2089 905 2152 de
929 2089 1050 2152 ieiunio
1076 2088 1116 2153 ab
1138 2091 1205 2168 ipsa
1227 2089 1331 2153 editae

622 2182 773 2260 quomode
794 2183 863 2246 siat
884 2183 1110 2262 iutelliqeadae
1132 2183 1275 2262 espault.

603 2364 776 2434 venerabili
799 2366 887 2434 fratri
910 2366 1050 2435 andreae
1073 2368 1311 2452 trchicpissopo

873 2458 1039 2540 valentiae,

745 2629 990 2702 nthtntctus
1018 2635 1078 2703 ΡΡ.
1103 2633 1171 2703 xlv.

798 2808 987 2878 Venerabilis
1009 2812 1116 2892 irater,

624 2931 804 3000 salutemet
824 2932 1021 3016 apostolicam
1042 2932 1291 3006 benedictionem.

385 3142 510 3204 pausus
524 3143 566 3189 ar·
626 3133 837 3210 eognovimus
858 3133 891 3194 in
911 3129 1113 3194 fraternitatis
1140 3138 1211 3192 tuae
1235 3129 1333 3192 literis

353 3193 567 3295 {fflffioffl
585 3230 796 3291 inveteratum
818 3226 980 3304 Hispaniae
994 3225 1113 3303 pietatis
1135 3239 1266 3298 rnorem,
1283 3223 1331 3286 cui

354 3299 455 3347 'mmm'
585 3335 707 3398 semper
735 3319 875 3381 solemne
904 3325 936 3380 et
957 3318 1117 3396 proprium
1142 3316 1212 3392 fuit,
1235 3317 1332 3395 expli-

585 3413 718 3476 candum
740 3428 913 3490 proponere
938 3411 1129 3489 apostolicae
1152 3409 1223 3474 Sedi
1246 3411 1332 3489 qnie-

585 3507 658 3584 quid
687 3506 880 3568 obscuritatis
912 3506 978 3566 eius
1009 3504 1129 3567 decreta
1151 3503 1264 3566 habere
1285 3503 1330 3565 vi·

585 3601 728 3662 deantur.
745 3599 952 3662 Laudavimus
967 3607 1071 3662 autem
1086 3598 1270 3675 pastoralem
1285 3615 1333 3661 so·

586 3693 799 3767 licitudinem‚
828 3709 888 3771 qua
917 3693 1022 3755 sedare
1043 3692 1170 3754 voluisti
1193 3692 1331 3753 obortam

586 3785 668 3847 inter
689 3785 808 3862 aliquos
827 3793 899 3848 tuae
924 3785 1070 3849 dioecesis
1091 3785 1332 3866 disputationem

585 3883 623 3943 de
643 3895 737 3941 sensu
758 3878 920 3942 literarum
940 3877 1128 3954 nostrarum,
1144 3879 1332 3958 quibusque

585 3980 673 4052 pacto
693 3970 888 4036 ecelesiastici
919 3973 1027 4036 ieiunii
1053 3973 1103 4035 lex
1130 3973 1331 4046 observanda,

379 4078 568 4142 outouaestio·
586 4074 639 4130 aut
659 4068 805 4130 solvenda
827 4069 878 4142 sit,
902 4068 1129 4130 constituimus.
1159 4069 1334 4145 Responde·

354 4131 567 4232 gionitfflnffi'ssssari
587 4177 656 4224 mas
688 4161 784 4236 igitur
815 4161 968 4239 postulato
992 4169 1057 4235 tuo,
1087 4175 1143 4222 nos
1165 4161 1196 4222 in
1224 4160 1332 4222 iisdem

355 4239 475 4286 mmm·
587 4257 687 4320 literis
707 4255 921 4318 deliniendum
943 4269 1006 4315 non
1028 4255 1209 4332 suscepisse,
1225 4271 1263 4314 an
1278 4255 1332 4331 qui

587 4350 787 4414 ecclesiastica
802 4347 984 4409 auctoritate
1005 4345 1042 4408 ab
1057 4347 1174 4408 ieiunio
1188 4363 1334 4410 excusan-

589 4449 652 4517 tur,
674 4459 738 4505 non
760 4441 862 4502 solum
890 4440 996 4502 vetitis
1018 4439 1092 4502 cibis
1114 4441 1172 4514 uti,
1201 4440 1250 4502 sed
1274 4441 1334 4504 ius·

588 4553 639 4597 see
659 4537 773 4612 pariter
794 4532 990 4610 vespertinae
1021 4533 1225 4596 abstinentiae
1258 4535 1335 4595 fines

359 4633 433 4732 bsai}
452 4635 570 4690 praeseri·
589 4629 695 4708 egredi
717 4637 841 4707 queant.
866 4626 1074 4705 Praecipimns
1089 4635 1192 4688 autem
1215 4627 1338 4706 Episco-

343 4698 571 4804 ,ogigneffiii'l
589 4726 635 4805 pis
653 4737 825 4799 eorumque
845 4721 1009 4798 Dalmatis,
1025 4728 1059 4784 nt
1075 4721 1194 4784 nemini
1210 4737 1336 4784 vescen-

358 4794 522 4850 ¹³⁰¹¹³³²¹⁰¹¹¹³·
589 4816 619 4877 di
652 4815 794 4878 carnibus
825 4814 955 4892 aliisque
980 4815 1057 4877 ribis
1078 4817 1184 4877 vetitis
1211 4817 1336 4879 veniam

591 4907 748 4981 tribuant,
779 4907 839 4969 nisi
860 4908 918 4969 sub
942 4907 1213 4986 gravilmpereta
1243 4909 1335 4970 simul

590 5000 699 5061 unicae
720 4999 918 5062 comestionis
943 5015 1063 5062 norme.
1095 5003 1138 5064 lta
1160 5001 1337 5063 universale

589 5094 670 5156 istud
693 5105 890 5171 praeceptum
906 5109 962 5172 pre
984 5103 1035 5156 tua
1057 5095 1278 5172 spectatissima
1292 5095 1336 5155 vi·

590 5189 719 5268 qllantis
741 5190 829 5266 gregi
851 5195 906 5252 tuo
927 5187 1127 5251 indicendum
1149 5188 1265 5250 iubeto.
1289 5187 1339 5249 ln-

590 5291 674 5345 terea
704 5282 907 5345 fraternitatis
928 5287 1016 5355 tuae,
1039 5282 1119 5344 haud
1142 5280 1256 5358 ignari,
1279 5297 1338 5360 qua

590 5376 655 5453 ipse
669 5375 799 5437 enrellas
815 5374 977 5451 religione,
989 5374 1120 5448 virtute,
1130 5382 1222 5451 atque
1234 5375 1265 5436 in
1283 5389 1339 5436 nos

591 5469 823 5547 Romanamque
849 5467 961 5530 Sedena
990 5467 1102 5528 eximia
1131 5467 1338 5541 observantia,

590 5560 787 5638 apostolicam
809 5559 1057 5624 benedictionem
1073 5567 1267 5637 peramanter
1282 5559 1340 5619 im·

590 5654 755 5732 partimur.

630 5749 744 5810 Datum
763 5747 889 5821 Romae,
923 5746 1001 5824 apnd
1031 5745 1062 5809 S.
1090 5744 1215 5807 Mariam
1248 5744 1341 5806 llaio-

591 5857 671 5915 rem,
697 5841 756 5902 sub
783 5839 900 5902 annulo
925 5839 1087 5901 Piscatoris
1110 5837 1160 5900 die
1184 5853 1242 5900 xri.
1267 5839 1339 5900 maii

591 5947 757 5998 unccxnn.
782 5932 977 6011 pontificatus
999 5930 1099 5994 nostri
1118 5946 1200 5993 anno
1222 5947 1258 5993 ιι.

1103 569 1167 615 ltin.
1192 569 1283 616 ΡΟΝΤ.
1306 571 1347 616 nti
1368 570 1398 616 P.
1421 571 1450 617 F·
1474 571 1556 617 PARS
1578 572 1599 616 l.

2157 557 2207 609 An.
2219 559 2246 610 c.
2265 563 2321 618 itta

1726 691 1779 754 lV.

1380 877 1425 942 Ab
1440 877 1683 957 archiepiscopo
1702 845 1929 956 compostellae
1948 877 2129 956 propositas

1421 972 1619 1053 quaestiones
1641 972 1731 1034 circa
1753 971 1872 1033 ieiaaii
1894 971 1973 1053 laqes
2001 973 2131 1033 iustae·

1421 1076 1513 1130 ratas
1536 1065 1675 1127 dirimit.

1403 1253 1478 1321 len.
1500 1249 1588 1318 fratri
1614 1248 1851 1334 ambteptseopo
1876 1247 2112 1334 compostellae,

1553 1419 1799 1488 cistercius
1815 1421 1874 1488 ΡΡ.
1890 1419 1960 1490 lllll.

1596 1595 1787 1666 Venerabilis
1808 1595 1918 1677 trater,

1418 1721 1546 1790 salutem
1570 1723 1602 1786 et
1623 1717 1822 1801 apostolicam
1846 1717 2099 1787 benedictionem.

1426 1911 1456 1975 Si
1479 1907 1657 1972 fraternitas
1678 1915 1730 1970 tua
1750 1923 1856 1971 seeum
1883 1908 2036 1988 reputabit
2058 1913 2137 1986 quot
2181 1928 2306 1974 exoratum.

1386 2003 1574 2081 gravissimis
1596 2008 1627 2064 et
1649 2001 1791 2063 maximis
1812 2000 1894 2062 curis
1909 2001 2138 2080 propemodum

1386 2097 1572 2171 obruamur,
1603 2101 1835 2173 quantumque,
1861 2096 1920 2155 hoc
1950 2093 2137 2173 praesertim

1386 2188 1568 2251 difficillimo
1585 2194 1736 2266 tempore,
1753 2202 1878 2265 prorsus
1892 2202 1948 2248 nos
1963 2191 2067 2248 teneat
2080 2185 2139 2246 im-

1387 2281 1482 2358 posita
1505 2281 1649 2344 tenuitati
1672 2290 1796 2343 nostrae
1813 2278 1975 2340 solicitudo
1990 2279 2139 2340 omnium

1387 2377 1603 2450 ecclesiarum,
1631 2389 1695 2436 non
1721 2388 1793 2435 sane
1824 2371 1989 2434 mirabitur
2016 2370 2139 2434 tamdiu

1385 2470 1443 2532 sibi
1456 2468 1714 2548 procrastinatum
1727 2465 1824 2528 fuisse
1839 2480 2022 2543 responsum
2034 2463 2073 2526 ad
2087 2481 2142 2526 eas

1388 2564 1502 2638 literas,
1519 2561 1632 2640 quibus
1653 2558 1818 2639 apostolica
1833 2557 2017 2620 anctoritate
2031 2557 2139 2619 dissol-

1387 2657 1501 2718 vendas
1523 2654 1637 2730 rogasti
1666 2652 1787 2714 obortas
1809 2651 1842 2713 in
1863 2650 2008 2728 Hispania
2033 2651 2140 2728 dispu-

1390 2749 1519 2811 tationes
1540 2747 1665 2825 allquas,
1688 2746 1841 2808 eduabus
1862 2744 1977 2808 nostris
1999 2743 2139 2822 epistolis

1387 2844 1422 2904 ad
1439 2857 1548 2903 omnes
1560 2839 1724 2918 Episcopus
1735 2838 1902 2917 superioris
1914 2852 1964 2898 an.
1979 2851 2136 2899 anccxnr.

1388 2950 1464 2997 xxx.
1482 2933 1554 2996 maii
1571 2939 1602 2994 et
1624 2947 1704 2994 xxn.
1718 2934 1854 3007 augusti,
1870 2929 1983 3007 quibus
1998 2930 2079 2992 intra
2097 2929 2140 2991 le·

1388 3029 1514 3106 gitimos
1530 3029 1606 3090 fines
1622 3026 1815 3088 coercuimus
1829 3022 2074 3086 invalescentem
2091 3039 2141 3084 ec·

1388 3120 1549 3184 clesiastici
1569 3119 1679 3181 ieiunii
1699 3117 1934 3180 relaxationem.
1959 3117 2065 3176 Potius
2082 3115 2140 3177 tibi

1388 3215 1421 3276 in
1440 3222 1580 3275 mentem
1596 3212 1701 3274 veniet
1715 3211 1851 3286 cogitare
1866 3209 1903 3272 de
1916 3207 2068 3285 singulari
2083 3223 2141 3270 no-

1387 3317 1451 3370 stro
1468 3307 1499 3368 in
1515 3305 1779 3382 religiosissimam
1800 3304 1961 3381 hispanam
1976 3301 2140 3364 ecclesiam

1387 3415 1504 3475 amore,
1519 3401 1601 3462 unde
1612 3415 1668 3462 nos
1683 3399 1834 3458 immensa
1848 3396 1919 3458 licet
1931 3410 2038 3458 rerum
2055 3392 2139 3456 mole

1388 3494 1528 3570 fatigatos
1542 3492 1579 3554 ad
1593 3492 1822 3570 expediendam
1843 3489 1901 3550 sihi
1923 3489 1957 3551 in
1980 3487 2068 3550 omni
2083 3504 2139 3550 sua

1388 3587 1591 3667 perplexitate
1602 3583 1708 3646 salutis
1721 3583 1781 3644 iter
1792 3597 1884 3660 opem
1895 3589 2034 3643 nostram
2049 3595 2139 3659 prae·

1387 3689 1434 3742 sto
1454 3681 1557 3742 habet.

1427 3773 1497 3850 §l-
1521 3773 1713 3850 Quamquam
1742 3770 1855 3847 igitur,
1877 3768 1953 3829 dum
1979 3781 2140 3846 praenun-
2179 3788 2330 3850 ‚ennarrans

1388 3871 1475 3932 fialas
1502 3865 1740 3931 constitutiones
1766 3861 1938 3937 edidimus,
1966 3876 2030 3922 non
2051 3860 2139 3923 aliud
2158 3841 2330 3895 ⁶¹⁵⁰⁰⁰¹³¹¹¹¹¹¹l

2247 3895 2249 3904 '
2282 3895 2331 3940 ibus.

1389 3963 1580 4042 propositum
1593 3958 1681 4022 nobis
1702 3956 1807 4032 fuerit,
1824 3973 1857 4018 ac
1870 3955 2046 4016 refraenare
2063 3969 2138 4031 pau·
2157 3901 2331 4008 gaudaedsirggssfim

1389 4071 1498 4119 corum
1520 4054 1614 4117 nimis
1635 4051 1763 4128 ingenio
1789 4049 1954 4112 fidentium
1976 4047 2140 4124 theologo-
2157 4000 2331 4156 Ξῗὲῗῃιῗὲῗῖηὲιιῖ

1388 4147 1640 4221 rumficentiam,
1651 4146 1705 4224 qui
1716 4145 1900 4224 opinionum
1912 4143 2051 4206 novitate
2063 4156 2139 4218 gau·
2174 4113 2201 4158 ¹¹*

1388 4245 1480 4321 dent3
1504 4259 1561 4305 neo
1581 4242 1692 4316 otium,
1715 4255 1773 4301 nec
1793 4236 1916 4300 animus
1937 4237 2027 4298 nobis
2041 4235 2139 4298 fuerit

1389 4337 1520 4404 definire
1535 4332 1679 4412 quicquid
1695 4331 1802 4394 subtili
1817 4329 2014 4406 indagatione
2027 4327 2141 4392 deduci

1390 4432 1484 4509 possit
1512 4445 1551 4490 en
1578 4427 1733 4506 proposita
1755 4443 1770 4486 a
1793 4424 1881 4487 nobis
1909 4421 2068 4485 ieiunandi
2091 4437 2142 4482 re-

1391 4524 1479 4600 gula,
1504 4529 1606 4584 tamen
1627 4519 1742 4583 eximia
1763 4525 1890 4596 paterna
1911 4517 2034 4578 caritate
2055 4529 2141 4576 com·

1390 4617 1557 4694 plectimur
1577 4616 1653 4677 adeo
1674 4611 1961 4675 observantissimos
1981 4609 2141 4672 Romanae
2179 4625 2333 4688 eropostqsu·

1391 4711 1478 4775 Sedis
1500 4711 1664 4786 Hispanos,
1688 4707 1828 4784 tantique
1849 4703 1979 4767 iacimus
2001 4704 2140 4789 obsecra·
2157 4679 2333 4794 32¹3&an

1393 4807 1492 4868 tiones
1515 4811 1593 4876 tuas,
1615 4810 1650 4863 ut
1671 4813 1835 4861 occurrere
1848 4795 1995 4858 anxietati
2018 4804 2140 4858 vestrae

1392 4899 1528 4961 libenter
1548 4893 1752 4957 adiecerimus
1776 4891 1928 4966 animum,
1951 4896 1983 4951 et
2004 4903 2061 4950 nos
2082 4888 2140 4966 ipsi

1392 4991 1588 5071 quaestiones
1615 4987 1667 5049 abs
1698 4994 1729 5048 te
1757 4983 1926 5064 propositas
1953 4980 2141 5046 dirimendas

1392 5083 1657 5148 constituerimus.
1682 5079 1732 5144 Sic
1752 5087 1857 5140 autem
1878 5094 1912 5138 se
1933 5076 2059 5138 habent.

1433 5196 1456 5240 1.
1483 5178 1607 5249 Utrum,
1626 5189 1705 5252 quae
1720 5175 1756 5234 ia
1770 5170 1945 5234 antedictis
1967 5169 2088 5232 uostris
2104 5167 2142 5230 li·

1395 5272 1473 5335 teris
1496 5273 1531 5332 ia
1553 5273 1658 5350 [orma
1674 5266 1786 5330 Brevis
1808 5263 1844 5325 de
1859 5263 1958 5326 amica
1980 5263 2142 5324 comestio-

1394 5385 1441 5439 ιιι,
1467 5373 1496 5428 et
1519 5364 1555 5426 de
1577 5360 1680 5442 apalis
1702 5373 1766 5419 mort
1787 5355 2030 5434 permisceadis,
2053 5371 2142 5432 prae-

1394 5459 1604 5530 scribantur,
1633 5453 1691 5518 sab
1719 5453 1812 5535 praei
1845 5452 1944 5514 etiam
1973 5458 2142 5529 praecepto

1394 5552 1648 5632 protibeaacarr
2143 5606 2145 5610 y

1434 5647 1688 5724 Respondemus:
1724 5641 1936 5705 concedentes
1967 5637 2143 5701 facultatem

1396 5740 1540 5803 vescendi
1554 5737 1699 5800 carnibus
1715 5744 1856 5814 tempore
1867 5731 1976 5808 vetito,
1989 5730 2047 5794 sub
2057 5730 2143 5808 gravi

1395 5833 1497 5897 teneri
1524 5834 1647 5894 easdem
1675 5829 1832 5891 facultates
1858 5841 1922 5888 non
1948 5824 2038 5887 aliter
2059 5823 2141 5898 dare,

1396 5941 1490 6007 quam
1511 5924 1645 6003 geminis
1660 5923 1743 5986 hisce
1763 5919 1888 5983 adiectis
1903 5917 2142 5990 conditionibus,
