4856 6984
335 517 389 571 An.
405 522 434 572 O.
457 521 523 572 1751
579 519 638 581 470

555 670 666 717 eorum
688 654 785 717 vitam
806 662 836 718 et
852 671 954 718 mores
969 651 1140 735 pertinent,
1156 673 1213 718 nos
1228 657 1307 734 ipsa-

555 765 628 810 rum
650 751 859 828 praesentium
888 761 996 813 tenore
1018 751 1219 825 declaramus,
1241 765 1306 811 eos-

555 843 626 904 dem
651 843 808 918 regulares
830 843 925 905 etiam
948 844 1249 923 Episcopisaliisqne
1263 843 1306 905 lo-

554 950 664 996 corum
683 927 857 998 ‘Ordinnriis
887 937 1154 1013 subiectos1esse3
1178 930 1306 1015 ideoque

555 1028 591 1088 ab
612 1029 732 1090 eisdem
752 1029 907 1108 Episcopis
928 1036 960 1090 et
981 1029 1161 1104 ordinariis,
1183 1046 1306 1092 eorum-

555 1138 617 1198 que
638 1121 858 1200 visitatoribus,
889 1138 986 1202 aeque
1008 1139 1042 1183 ac
1062 1139 1077 1183 a
1100 1120 1163 1186 suis
1185 1125 1307 1200 regula·

554 1215 641 1277 ribus
662 1217 885 1294 superioribus,
910 1219 941 1279 in
963 1219 1011 1278 bis
1033 1217 1178 1279 omnibus
1192 1218 1304 1294 corrigi

556 1314 694 1386 possunt:
718 1309 873 1388 siquidem
895 1311 1083 1388 impossibile
1105 1327 1168 1372 non
1191 1320 1248 1384 est,
1272 1317 1306 1372 ut

555 1400 684 1464 alicuius
706 1419 744 1463 ex
760 1403 830 1482 ipsis
846 1405 927 1466 vitae
941 1409 1018 1467 ratio
1035 1405 1102 1468 talis
1117 1421 1183 1466 esse
1199 1405 1307 1481 digno·

555 1501 669 1570 scatur,
693 1512 771 1574 quae
793 1513 865 1558 cum
887 1498 1064 1560 animorum
1081 1499 1235 1574 regimine
1251 1499 1306 1559 mi-

556 1589 642 1650 nime
663 1591 841 1664 conveniat,
858 1597 888 1652 et
904 1591 1045 1654 tidelibus
1062 1591 1224 1670 parochiae
1238 1592 1308 1654 sub·

557 1683 627 1744 ditis
648 1683 808 1761 spirituale
828 1685 1052 1747 detrimentum
1075 1693 1106 1746 et
1127 1684 1304 1746 scandalum

338 1783 374 1829 td
392 1783 497 1830 tormen
510 1783 538 1828 tt·
557 1777 663 1852 pariat.
689 1778 751 1839 lloc
770 1779 863 1852 idem,
881 1779 1036 1842 canonicis
1051 1777 1262 1840 sanctionibus
1276 1783 1305 1836 ut

326 1841 451 1888 terarum.
473 1849 538 1894 quas

325 1886 535 1947 tiuesupiarom.
558 1870 687 1933 Consilii
720 1869 895 1933 Tridentini
928 1871 1058 1934 decretis
1091 1871 1305 1942 inhaerentes,

325 1945 352 1998 l.‚
368 1955 437 1990 nuru.
454 1949 500 1992 iuti.

557 1962 739 2024 iamdudum
753 1965 918 2024 statuimus
930 1969 1021 2041 atque
1033 1963 1239 2036 decrevimus,
1253 1977 1308 2039 per

557 2063 676 2118 nostras
697 2057 755 2118 sub
777 2057 903 2136 plumbo
934 2058 1035 2118 literas
1061 2055 1143 2117 alatas
1166 2056 1307 2117 duodeci-

556 2166 608 2210 mo
630 2149 692 2210 lxal.
717 2148 889 2210 decembris
918 2150 992 2210 anni
1024 2165 1211 2218 uncorum..
1234 2165 1308 2225 qua-

557 2258 627 2304 rum
651 2243 778 2305 initium
806 2251 867 2304 est:
893 2242 1080 2304 Firmundis
1108 2249 1204 2318 atquo
1225 2256 1308 2304 osso·

558 2335 677 2408 randis,
702 2343 733 2396 et
759 2335 925 2414 impressae
946 2342 1019 2397 sunt
1042 2336 1074 2397 in
1100 2333 1231 2396 bullario
1254 2350 1309 2395 no·

504 2411 511 2433 ⁸
556 2436 620 2488 stro
650 2432 724 2488 tom.
750 2428 787 2498 l.,
811 2443 899 2488 nom.
927 2427 1020 2497 CIX„
1056 2443 1145 2505 quae,
1178 2441 1251 2488 cum
1272 2425 1306 2486 ad

555 2521 656 2582 indias
674 2521 770 2582 etiam
785 2519 994 2582 occidentales
1008 2537 1041 2581 se
1055 2519 1236 2594 extendant,
1253 2519 1304 2580 ibi-

556 2613 626 2674 dem
648 2628 772 2690 quoque
787 2612 963 2674 executioni
982 2610 1118 2672 mandari
1135 2611 1260 2684 debent,
1277 2617 1308 2670 et

557 2704 780 2768 inviolabiliter
802 2705 974 2766 observari:
999 2705 1080 2784 quod
1103 2705 1185 2767 ideiu
1205 2705 1309 2766 decer-

556 2796 661 2859 nimus
682 2796 720 2858 de
741 2797 858 2858 duabus
881 2797 998 2874 regulis
1021 2797 1053 2858 in
1068 2797 1177 2858 eadem
1193 2793 1309 2862 consti-

557 2889 678 2950 tutione
701 2897 818 2964 nostra,
842 2905 880 2951 ex
895 2889 1086 2967 spostolicae
1103 2888 1189 2951 Sedis
1205 2889 1307 2954 decre·

556 2989 661 3045 torum
676 2982 868 3054 auctoritate,
886 2983 1080 3058 constitutis;
1098 2997 1232 3060 quarum
1248 2997 1308 3041 una

556 3083 613 3148 est,
637 3077 718 3153 qnod
741 3075 773 3137 in
795 3077 942 3140 omnibus
964 3076 1067 3149 rebus,
1085 3076 1117 3137 in
1134 3075 1246 3155 quibus
1262 3090 1307 3136 re-

557 3169 869 3244 gularesanimarurn
885 3185 977 3232 corae
993 3171 1168 3250 praepositi,
1186 3169 1308 3247 Episco-

556 3277 669 3339 porum
689 3264 784 3325 simul
813 3273 844 3327 et
873 3265 1066 3341 regularium
1097 3263 1307 3341 praelatorum
1348 3317 1350 3324 .

556 3355 760 3418 iurisdictioni
782 3358 972 3422 cumulatlve
1003 3357 1148 3431 subsunt,
1171 3357 1197 3416 si
1218 3355 1308 3416 aliter

556 3449 593 3509 ab
616 3466 690 3524 unc,
723 3451 813 3512 aliter
834 3451 871 3512 ab
897 3451 956 3512 alio
981 3451 1147 3528 superiore
1179 3449 1306 3512 iudicari

556 3541 729 3618 contingat,
751 3543 891 3620 Episcopi
915 3541 1065 3606 iudicium
1088 3541 1240 3618 regularis
1256 3557 1306 3602 su-

557 3635 685 3713 perioris
707 3637 820 3699 iudicio
841 3653 965 3714 semper
981 3635 1129 3714 praeferri
1145 3637 1249 3698 debet:
1268 3635 1309 3696 al-

558 3738 622 3792 tera
644 3744 719 3791 vero
740 3737 797 3804 est,
820 3731 914 3808 quod,
937 3747 1036 3809 quum
1056 3730 1214 3806 regulares
1230 3745 1308 3790 non-

557 3823 616 3886 nisi
637 3839 707 3886 oum
724 3824 953 3886 amoribilitatis
968 3823 1117 3902 qualitate
1132 3823 1308 3884 animarum

556 3934 664 3980 curam
696 3933 842 3980 exercere
874 3917 1008 3992 valeant,
1034 3922 1095 3976 tam
1130 3915 1307 3994 Episcopus,

556 4027 649 4090 quam
682 4011 834 4088 regularis
865 4009 1030 4087 praelatae,
1064 4008 1184 4087 quoties
1207 4009 1253 4076 ,ita
1276 4009 1307 4070 in

557 4105 688 4166 Domino
708 4103 854 4184 expedire
886 4101 1103 4175 iudicaverint,
1133 4102 1305 4178 regularem

558 4201 725 4278 parocbum
748 4199 784 4258 ab
806 4196 983 4260 huiusmodi
1000 4212 1072 4258 cura
1089 4196 1194 4258 valent
1210 4212 1310 4258 remo·

558 4307 647 4369 vere3
671 4293 711 4353 ita
734 4300 767 4354 ut
785 4307 888 4368 neque
904 4288 1055 4364 regularis
1070 4290 1212 4366 superior
1227 4303 1309 4366 com·

558 4386 631 4464 pelli
659 4385 751 4464 possit
782 4383 961 4446 huiusmodi
993 4382 1176 4444 remotionis
1207 4398 1309 4458 causas

559 4479 706 4557 Episcopo
738 4477 940 4556 signiticare,
955 4491 1056 4553 neque
1085 4474 1252 4554 Episcopus
1274 4477 1307 4536 ad

558 4572 694 4634 similem
726 4573 932 4634 remotionem
964 4567 1146 4647 precedens,
1175 4568 1308 4645 regulari

558 4665 693 4744 praelato
715 4674 802 4727 notas
825 4663 922 4725 lacere
946 4670 1090 4734 teneatur
1110 4677 1225 4736 causas,
1242 4661 1310 4740 qui·

559 4757 615 4820 bus
637 4757 671 4818 ad
697 4757 724 4819 id
747 4756 896 4837 adductus
918 4755 1022 4818 luerit.

340 4857 465 4904 ordinarii
480 4868 539 4912 nuo·
598 4853 617 4927 ὅ
638 4853 666 4914 6.
690 4851 842 4925 Quoniam
866 4866 943 4922 ,vero
966 4850 1034 4911 lieri
1063 4848 1174 4911 alicubi
1199 4854 1309 4927 potest,

327 4911 538 4967 modopiaessntt

327 4964 540 5010 concessionem
560 4946 695 5006 maxime
715 4955 821 5016 autem
844 4945 875 5006 in
899 4945 988 5006 novis
1010 4943 1196 5023 populorum
1220 4943 1258 5016 ad¹
1279 4942 1310 5002 li-

327 5017 446 5064 debeant.

560 5038 630 5101 dem
653 5039 896 5109 reductionibus,
922 5048 954 5100 ut
983 5038 1142 5115 regulares
1163 5034 1310 5114 parochos

560 5138 694 5206 mutare,
718 5133 810 5212 etiarn
843 5147 915 5194 cum
939 5131 1109 5194 saeculares
1139 5131 1311 5202 sacerdotes

560 5244 624 5291 non
646 5227 764 5301 desint,
781 5227 912 5288 minime
937 5226 1095 5304 expediat3
1121 5223 1233 5294 idcirco
1255 5239 1311 5284 nos

559 5322 742 5390 eorumdem
765 5320 985 5398 Episcopurum
1008 5319 1205 5395 aliorumque
1225 5315 1311 5379 Ordi-

561 5415 724 5477 nariorum
747 5413 923 5492 praesulum
952 5410 1150 5490 prudentiam
1170 5410 1311 5472 admone·

561 5525 641 5582 mus,
665 5515 699 5569 ut
731 5507 763 5568 in
795 5505 973 5572 huiusmodi
1004 5503 1257 5578 circumstantiis,
1281 5509 1311 5566 et

562 5601 750 5679 ubicumque
772 5617 821 5662 res
842 5599 960 5678 optime
982 5599 1165 5668 constitutas
1182 5599 1311 5660 invene-

561 5697 637 5770 rint,
661 5710 718 5756 nec
739 5694 834 5756 ullam
857 5709 906 5754 eas
938 5693 1125 5757 immutandi
1148 5693 1311 5754 necessita-

562 5793 627 5852 tem
648 5803 754 5848 revera
775 5787 877 5848 adesse
893 5786 1115 5864 compererint,
1131 5786 1168 5847 ab
1183 5787 1311 5848 innova·

562 5880 697 5943 tionibus
719 5879 908 5958 abstineant,
932 5889 963 5942 et
984 5888 1046 5944 tam
1061 5880 1119 5941 boc
1134 5880 1213 5956 iure,
1230 5879 1312 5958 quod

1080 539 1143 584 ltttt·
1170 539 1260 583 PON'l'.
1286 539 1325 582 DE
1347 541 1375 583 Ρ.
1401 541 1429 584 F.
1455 541 1536 586 PARS
1561 543 1580 586 l.

1365 656 1437 735 ipsis
1458 667 1635 737 competere
1650 659 1849 732 asseruimus,
1866 673 1960 736 quana
1975 673 2008 718 ea
2023 657 2117 720 lacul-

1366 756 1437 826 tate,
1461 767 1552 830 quain
1577 768 1632 814 nos
1653 755 1768 816 eisdem
1792 767 1846 830 per
1867 755 1920 812 lias
1942 758 2062 812 nostras
2082 750 2116 813 li-

1366 851 1445 905 teras
1467 844 1617 922 impertiti
1638 862 1759 919 sumus,
1783 846 1824 906 ita
1846 849 1988 916 utantur,
2009 860 2116 922 quem·

1364 939 1531 1000 admodum
1545 939 1708 1016 aequitatis
1724 937 1802 1000 ratio
1817 945 1848 999 et
1863 938 2040 999 animarum
2054 939 2117 998 uti-

1365 1032 1444 1106 litas,
1467 1034 1502 1095 ad
1525 1049 1617 1110 quam
1653 1033 1743 1094 unice
1774 1031 1926 1109 respicere
1954 1029 2115 1104 debemus,

1364 1126 1527 1204 requirent
1555 1143 1588 1188 ac
1619 1126 1811 1201 suadebunt3
1844 1138 1938 1201 super
1970 1139 2031 1200 quo
2060 1140 2116 1184 nos

1364 1221 1547 1282 eorumdem
1576 1218 1798 1297 Episcoporuin
1827 1223 1858 1278 et
1884 1217 2115 1278 ordinariorum

1365 1311 1546 1392 praesulum
1567 1311 1787 1372 conscientiam
1809 1325 1986 1371 oneramus.

1405 1409 1423 1482 ἓ
1446 1405 1473 1467 7.
1499 1404 1649 1482 Denique,
1667 1402 1791 1481 nequis
1812 1417 1974 1480 umquam,
1995 1409 2046 1463 aut
2071 1402 2116 1463 ul·
2135 1406 2359 1516 essgffipffrgprglm

1366 1500 1430 1574 libi,
1453 1500 1617 1564 cuiuslibet
1638 1496 1760 1562 Ordinis
1782 1505 1835 1560 alil
1864 1497 2003 1559 lnstituti
2025 1510 2116 1571 legil-
2135 1513 2252 1575 probatio
2265 1526 2359 1560 neces-

1366 1595 1448 1668 laris,
1461 1596 1496 1656 ad
1509 1595 1687 1655 animarum
1702 1606 1808 1652 curam
1820 1591 2036 1664 exercendam,
2048 1590 2115 1650 sine
2135 1567 2360 1676 ffiffiffffi

1365 1699 1490 1764 praevio
1518 1701 1661 1746 examine
1682 1691 1713 1746 et
1735 1684 1954 1761 approbatione
1976 1683 2113 1759 Episcopi
2136 1674 2357 1773 33³2qu-

1364 1777 1589 1842 seu-Ordinarii
1613 1777 1715 1840 localis
1736 1778 1850 1838 assumi
1872 1777 1977 1854 possit,
1994 1791 2116 1838 earum-

1364 1873 1436 1933 dem
1459 1873 1669 1950 praesentinm
1684 1868 1765 1931 serie
1778 1869 1943 1931 statuimus
1958 1875 2050 1946 atque
2065 1865 2116 1928 de-

1365 1965 1540 2040 cernimus3
1567 1972 1658 2041 prout
1680 1962 1752 2023 alias
1773 1961 2116 2024 statutumdecretum·

1365 2074 1426 2137 que
1447 2074 1502 2137 per
1525 2073 1580 2118 nos
1599 2056 1668 2130 luit,
1688 2064 1748 2117 tam
1765 2055 1796 2116 in
1813 2056 1987 2134 praecitatis
2003 2055 2117 2118 nostris

1366 2153 1475 2226 literis,
1498 2166 1591 2229 quain
1613 2151 1645 2211 in
1667 2148 1733 2210 aliis
1748 2149 1859 2228 quinto
1874 2149 2020 2210 kalendas
2036 2164 2115 2209 mar-

1367 2245 1400 2308 tii
1422 2245 1496 2306 anni
1520 2245 1556 2305 ab
1579 2243 1792 2305 incarnatione
1814 2241 1936 2303 bomini
1953 2257 2112 2303 unccxxv.

1366 2338 1468 2413 editis,
1491 2345 1522 2398 et
1544 2336 1577 2396 in
1601 2334 1721 2397 bullarii
1746 2334 1842 2395 nostri
1867 2342 1941 2394 tom.
1967 2335 2114 2405 rl.,n.1.

1368 2431 1535 2509 impressis,
1558 2442 1690 2506 quarum
1718 2427 1846 2488 initium
1874 2433 1934 2487 est:
1962 2424 2114 2500 Quamvis

1366 2523 1407 2586 od
1430 2519 1703 2600 complacandum·
1725 2533 1867 2596 quaeque
1888 2527 1919 2580 ct
1940 2518 2049 2580 iisdem
2071 2535 2115 2580 sa-

1365 2630 1492 2678 crorum
1523 2627 1680 2676 canonum
1702 2627 1734 2674 nc
1756 2611 1956 2673 Tridentinae
1975 2611 2113 2688 synodi,

1367 2725 1488 2771 necnon
1510 2705 1749 2786 provincialium
1770 2711 1801 2766 et
1823 2703 2019 2782 synodalium
2036 2705 2114 2767 Con·

1366 2801 1508 2864 ciliorum
1537 2801 1569 2862 in
1593 2799 1730 2876 ipsismet
1755 2799 1916 2866 indiarum
1939 2798 2117 2873 regionibus

1365 2895 1556 2968 habitorum,
1581 2893 1792 2955 sanctionibus
1818 2893 1941 2954 innixae
1971 2899 2057 2966 sunt,
2086 2897 2117 2952 et

1366 2995 1429 3049 ‘tam
1449 2989 1484 3049 ad
1499 2986 1707 3050 Occidentales
1723 2987 1867 3064 quemad
1883 2985 2055 3049 Orientales
2071 2986 2117 3046 ln·

1365 3080 1428 3141 dias
1448 3097 1480 3142 se
1502 3079 1705 3157 protendunt,
1722 3096 1754 3140 ac
1776 3078 1941 3156 utrubique
1957 3077 2117 3139 inviolabi-

1366 3172 1403 3234 lis
1425 3172 1500 3248 legis
1523 3173 1588 3232 vim
1609 3172 1750 3232 obtinere
1773 3171 1898 3234 debent.

1404 3267 1423 3340 ἓ
1444 3265 1472 3326 8.
1499 3265 1678 3327 Praesentes
1700 3279 1824 3342 quoque
1847 3264 1962 3339 literas,
1978 3271 2009 3326 et
2026 3264 2057 3324 in
2073 3264 2116 3324 eis
2138 3271 2358 3370 1,‘,},¹,l,¹,¹,⁵¹¹,{{¹⁹p⁵,;²j
2423 3261 2424 3348 l

1365 3365 1510 3421 contenta
1543 3353 1770 3435 quaecumque,
1794 3355 1880 3419 nulla
1909 3371 2058 3435 umquam
2079 3373 2117 3418 ex
2137 3384 2207 3424 arsia
2227 3384 2357 3435 opponi·
2423 3373 2424 3394 ¹

1366 3467 1465 3526 caiisa,
1489 3449 1590 3512 colore
1613 3456 1644 3510 et
1675 3448 1784 3527 capite,
1818 3451 1911 3510 etiam
1937 3443 2179 3526 incorporali·

1368 3544 1442 3605 iuris
1465 3543 1578 3617 clauso,
1601 3541 1696 3603 etiam
1713 3557 1752 3602 ex
1766 3557 1814 3616 eo,
1831 3543 1912 3620 quod
1928 3543 2119 3620 quicumque

1367 3637 1398 3698 in
1422 3635 1597 3714 praemissis
1628 3637 1676 3696 ius
1698 3634 1748 3695 vel
1777 3634 1926 3696 interesse
1956 3635 2118 3707 babentes,

1366 3741 1418 3792 aut
1440 3730 1552 3791 babere
1583 3729 1833 3806 praetendentes,
1856 3727 1992 3788 cuiusvis
2019 3735 2117 3788 status

1366 3830 1419 3886 aut
1450 3823 1584 3898 Ordinis,
1619 3821 1877 3898 congregationis
1908 3834 1939 3882 et
1969 3820 2118 3896 instituti,

1367 3917 1459 3978 etiarn
1481 3917 1531 3977 bio
1553 3917 1590 3978 de
1612 3915 1793 3976 necessitate
1824 3914 1997 3992 specialiter
2018 3917 2119 3992 expri-

1367 4009 1485 4084 mendi,
1508 4011 1652 4083 existant,
1676 4008 1784 4070 iisdem
1807 4023 1872 4069 non
1890 4009 2117 4083 consenserint,

1367 4121 1424 4165 nec
1446 4106 1480 4166 ad
1504 4119 1537 4164 ea
1560 4103 1659 4164 vocati
1681 4110 1711 4163 et
1741 4101 1849 4176 auditi,
1873 4117 1974 4179 neque
2001 4117 2118 4175 causae,

1368 4205 1493 4275 propter
1514 4211 1589 4274 quas
1611 4202 1787 4273 praesentes
1803 4194 2032 4274 emanaverint,
2047 4195 2119 4256 satis

1367 4291 1524 4363 adductae,
1548 4289 1693 4366 probatae
1714 4296 1767 4348 aut
1791 4287 1966 4350 verilimtae
1987 4287 2116 4362 luerint,

1367 4384 1405 4445 de
1425 4383 1644 4463 subreptionis,
1673 4381 1864 4459 obreptionis
1886 4389 1938 4442 aut
1968 4382 2120 4445 nullitatis

1369 4481 1455 4556 vitio,
1479 4495 1533 4541 seu
1556 4477 1741 4548 intentionis
1773 4483 1897 4540 nostrae
1918 4485 1971 4538 aut
1992 4491 2120 4538 consen-

1367 4581 1419 4636 sus
1448 4574 1597 4634 interesse
1625 4573 1819 4641 habentium,
1853 4571 1952 4632 aliove
1982 4569 2120 4647 quolibet

1368 4669 1490 4732 deiectu
1513 4667 1624 4741 notari,
1648 4665 1839 4744 impugnari,
1862 4671 1915 4725 aut
1944 4663 1976 4724 in
1998 4669 2118 4725 contro·

1369 4761 1502 4822 versiam
1523 4768 1554 4821 et
1576 4759 1726 4822 iudicium
1756 4758 1871 4832 vocari,
1903 4757 2055 4818 etiamad
2078 4754 2120 4816 el·
2169 4781 2171 4784 ·

1369 4855 1483 4916 lectum
1506 4852 1693 4914 obtinendae
1715 4851 1895 4929 aperitionis
1916 4851 1989 4924 oris,
2005 4857 2059 4912 aut
2074 4866 2120 4911 re-

1367 4945 1538 5009 stitutionis
1563 4945 1593 5006 in
1616 4945 1789 5020 integrum,
1812 4945 1919 5006 adduci
1943 4961 2049 5024 pesse;
2067 4946 2118 5006 sed

1368 5054 1489 5117 semper
1503 5047 1541 5110 ,et
1564 5046 1714 5117 perpetuo
1737 5036 1851 5110 firmas,
1876 5036 1989 5097 validas
2011 5045 2041 5098 et
2056 5037 2120 5098 elli·

1368 5149 1451 5198 caces
1473 5133 1606 5194 existere
1620 5139 1651 5192 et
1667 5129 1743 5204 lore,
1759 5145 1893 5208 suosque
1908 5129 2061 5208 plenarios
2075 5128 2115 5189 el·

1368 5225 1465 5290 lectus
1486 5225 1590 5286 sortiri
1613 5231 1643 5286 et
1665 5224 1818 5299 obtinere,
1839 5241 1872 5284 ac
1895 5223 1967 5298 illis,
1984 5238 2117 5300 quorum

1369 5319 1507 5381 livorem
1527 5325 1734 5392 concernunt,
1753 5316 1931 5395 plenissime
1945 5315 2117 5392 sutiragari,

1369 5422 1462 5491 atque
1491 5413 1585 5476 etiam
1606 5413 1643 5474 ab
1671 5411 1827 5484 omnibus,
1852 5411 1886 5471 ad
1909 5425 1986 5488 quos
2018 5423 2119 5488 respe-

1368 5507 1450 5572 olive
1482 5507 1619 5584 pertinet
1641 5513 1672 5566 et
1693 5504 1862 5582 pertinebit
1892 5504 1923 5565 in
1945 5511 2117 5581 posterum,

1369 5599 1591 5662 inviolabiliter
1613 5599 1780 5673 observari,
1804 5596 1950 5660 volumus
1971 5603 2002 5658 et
2017 5598 2121 5660 decer·
2154 5629 2156 5634 ·

1370 5694 1489 5755 nimus:
1513 5693 1629 5770 sicque,
1645 5700 1677 5753 et
1700 5706 1763 5752 non
1779 5689 1879 5765 aliter,
1897 5691 1928 5752 in
1946 5690 2119 5767 praemissis

1370 5786 1496 5850 iudicari
1518 5791 1550 5847 et
1576 5784 1694 5847 censeri
1722 5800 1777 5862 per
1802 5797 2015 5862 quoscumque
2039 5783 2120 5844 ordi·

1369 5879 1472 5940 uarios
1490 5885 1521 5940 et
1536 5875 1692 5953 delegatos
1708 5875 1834 5951 iudices,
1851 5875 1944 5938 etiam
1958 5891 2117 5938 causarum

2149 525 2202 576 An.
2216 529 2245 576 ll.
2268 528 2342 578 1751
