4820 6980
353 547 407 604 Διι.
422 547 452 602 U.
473 547 542 602 1748
591 546 651 612 740

573 684 610 745 de
631 682 745 758 Paulis,
760 682 873 746 Fidelis
888 697 903 742 a
919 678 1126 758 Sigmaringa,
1143 686 1173 742 et
1189 677 1320 741 aliarum

572 777 605 840 in
627 778 835 842 anterioribus
856 775 1060 852 editionibus,
1084 774 1221 854 apposito
1243 776 1321 838 Baa-

575 876 682 933 taram
700 870 802 946 titulo,
815 871 1029 934 continentur.
1047 867 1321 947 supervacaneum

572 965 684 1028 idcirco
713 964 860 1028 duximus
886 979 921 1026 ea
948 962 1021 1026 hinc
1047 970 1199 1041 repetere.
1231 961 1320 1035 ilinc,

572 1057 731 1137 supposito
746 1057 906 1120 dumtaxat
923 1055 1036 1120 Sancti
1050 1054 1209 1130 vocabulo,
1224 1060 1254 1116 et
1270 1067 1321 1114 ve·

573 1151 632 1212 teri
649 1151 824 1213 Beataram
846 1149 939 1212 titulo
959 1150 1122 1225 abras0,ea
1144 1150 1257 1210 intacta
1273 1162 1322 1210 re·

573 1242 732 1320 liquimus.
749 1244 834 1319 Quod
850 1242 874 1304 si
890 1242 947 1304 alia
959 1241 1058 1304 adbuc
1071 1241 1230 1320 supersint
1246 1240 1321 1305 San·

573 1343 696 1398 ctorum
712 1335 851 1410 nomina,
868 1351 946 1413 quae
962 1335 993 1396 in
1009 1333 1162 1412 superiori
1183 1334 1321 1410 catalago

573 1428 667 1491 missa
693 1420 839 1504 ¹lecimus,
870 1427 949 1490 nibil
972 1426 1046 1490 inde
1074 1431 1180 1489 contra
1206 1441 1321 1488 novam

574 1525 653 1586 banc
674 1524 843 1586 editionem
866 1523 939 1586 licet
959 1537 1125 1601 opponere.
1150 1522 1211 1583 lam
1236 1521 1320 1582 enirn

574 1617 842 1697 praemonuimus,
854 1616 916 1680 sola
927 1631 1037 1677 eorum
1049 1614 1185 1688 nomina,
1198 1614 1235 1675 de
1246 1628 1321 1691 quo·

575 1727 647 1774 rom
667 1709 798 1772 solemni
820 1708 1056 1772 canonizatione
1080 1706 1167 1770 nulla
1189 1706 1322 1768 suboriri

575 1811 675 1883 potest
686 1803 848 1876 dubitatio,
865 1801 984 1862 anobis
1005 1799 1099 1863 luisse
1114 1799 1319 1877 superaddita.

574 1897 731 1976 Quotquot
746 1896 844 1974 igitur
859 1893 990 1974 prolerri
1006 1899 1134 1972 possunt
1146 1907 1163 1954 e
1175 1892 1234 1954 ΒΒ.
1247 1889 1323 1954 Sau-

576 1997 737 2052 ctorumve
751 2004 858 2063 ceusu,
875 1987 928 2067 qui
944 1985 1094 2049 eiusmodi
1110 1985 1323 2065 praerogativa

576 2089 693 2157 carent,
709 2087 762 2144 aut
776 2081 915 2144 Romano
927 2079 1145 2159 blartyrologio
1157 2077 1243 2141 nullo
1255 2094 1324 2140 um-

577 2191 670 2254 quam
700 2180 841 2254 tempore
869 2172 999 2236 luerunt
1020 2171 1174 2251 adscripti,
1197 2187 1212 2230 a
1236 2171 1325 2233 nobis

578 2269 778 2342 omittuntur,
792 2266 863 2346 quia
874 2265 910 2327 ab
925 2281 973 2340 eo,
986 2265 1069 2343 quod
1081 2265 1168 2326 nobis
1178 2263 1324 2342 praescri·

577 2361 708 2440 psimus,
731 2360 858 2422 deviant
879 2358 1035 2421 instituto.

343 2457 559 2559 fflffi'fflff
618 2471 662 2516 ιι.
687 2453 752 2516 Huc
780 2467 879 2530 usque
900 2451 981 2513 lucili
1008 2449 1152 2524 tramite,
1177 2449 1325 2530 nullaque

345 2565 457 2676 pgfflraqg
470 2566 560 2666 aligios-
578 2547 748 2611 obsistente
768 2544 990 2618 controversia,
1014 2559 1173 2622 progressa
1195 2559 1244 2606 res
1266 2549 1322 2605 est.

345 2676 444 2722 tantm.

578 2646 617 2705 At
638 2657 714 2701 vero
729 2637 836 2702 dillusa
858 2653 912 2717 per
932 2636 1011 2699 hanc
1025 2636 1141 2698 Urbem
1163 2635 1254 2712 lama,
1271 2652 1327 2699 no-

578 2751 650 2796 vam
670 2730 883 2810 Martyrotogii
904 2728 1037 2791 Romani
1055 2729 1223 2791 editionem
1239 2729 1326 2791 ador·

579 2829 659 2904 nari,
672 2826 920 2902 sanctorumque
931 2823 1060 2884 nomina
1075 2823 1108 2883 in
1120 2823 1325 2886 anterioribus

579 2919 767 2984 editionibus
789 2915 1047 2996 praetermissae
1069 2914 1157 2976 nobis
1178 2915 1210 2976 in
1231 2931 1326 2978 novas

577 3010 788 3092 llartprologii
804 3008 934 3072 Tabulas
949 3005 1069 3069 referri:
1087 3006 1257 3070 multarum
1274 3023 1327 3070 ex-

579 3111 668 3172 citata
696 3111 770 3167 sunt
791 3102 910 3176 studia,
933 3101 1093 3180 scripturis
1119 3109 1211 3178 atque
1240 3101 1326 3163 lucu·

580 3200 771 3266 brationibus
792 3197 912 3259 admota
934 3209 1056 3269 manus,
1069 3209 1174 3271 preces
1194 3193 1325 3270 additae,

580 3303 615 3358 ut
629 3291 857 3373 quamplurima
873 3289 1057 3352 Sanctorum
1073 3287 1202 3350 uomina
1224 3287 1256 3349 in
1272 3305 1328 3350 no-

580 3404 657 3450 vum
672 3386 755 3448 hunc
771 3385 914 3447 Corticem
929 3381 1196 3456 conveherentur,
1219 3396 1329 3460 quam-

581 3482 628 3543 vis
650 3481 687 3542 de
708 3479 835 3540 illorum
855 3474 1090 3538 canonizatione
1112 3473 1238 3536 nullum
1258 3489 1327 3553 pro·

582 3575 669 3637 batae
690 3571 761 3634 fidei
782 3575 961 3648 suppeteret
982 3577 1236 3630 monumentum.
1267 3565 1328 3628 atii

582 3679 747 3729 servorum
771 3661 836 3737 llei,
864 3659 1029 3724 beatorum
1054 3660 1105 3722 alii
1126 3661 1328 3723 ostendebant

582 3761 721 3834 nomina,
747 3770 883 3836 quorum
904 3753 1057 3817 nonnulla
1084 3753 1270 3816 Sanctorum
1291 3755 1328 3817 ti·

582 3853 649 3916 tulo
671 3853 811 3914 decorata
826 3855 900 3910 sunt
921 3855 952 3910 et
973 3846 1059 3910 cultu
1075 3847 1328 3924 immemorabili,

581 3947 639 4008 hoc
660 3953 705 4007 est
726 3941 824 4024 spatio
852 3956 1009 4002 annorum
1028 3947 1159 4003 centum
1179 3951 1251 4003 ante
1273 3941 1330 4003 Ur-

582 4040 654 4102 bani
676 4037 754 4100 Vlll.
782 4033 1022 4116 praedecessoris
1044 4033 1141 4094 nostri
1158 4035 1278 4096 decreta
1294 4034 1331 4096 il·

584 4133 621 4196 lis
635 4131 784 4206 exhibita,
801 4127 971 4191 nobilitata.
986 4127 1030 4190 Aa
1045 4126 1131 4202 haec,
1147 4127 1329 4191 eorumdem

584 4227 705 4290 cultum
726 4241 741 4284 a
763 4240 845 4284 sacra
859 4221 990 4283 Rituum
1006 4221 1252 4297 Congregatione
1268 4238 1331 4282 ma·

585 4328 657 4382 turo
679 4316 792 4380 iudicio
819 4329 993 4393 expensum
1024 4320 1114 4391 atque
1147 4314 1329 4393 probatum3

584 4412 687 4476 cultus
706 4411 785 4472 item
806 4407 1032 4483 extensionem,
1054 4407 1145 4468 missa
1166 4414 1197 4469 et
1219 4407 1329 4484 allicio,

586 4521 643 4568 nec
664 4520 729 4566 non
750 4501 933 4564 lectionibus
955 4499 1006 4561 vel
1028 4501 1065 4562 de
1086 4501 1257 4577 communi,
1280 4502 1330 4564 vel

586 4598 680 4660 etiam
701 4595 833 4676 propriis
853 4609 909 4674 pro
929 4593 1078 4674 peculiari
1099 4595 1230 4672 quadam
1244 4595 1333 4656 lami-

585 4689 625 4751 lia
645 4690 694 4753 vel
710 4689 840 4753 dioecesi
861 4687 1023 4763 concessis,
1044 4689 1270 4762 confirmatam,
1287 4695 1332 4750 to·

587 4785 627 4847 tis
649 4784 802 4862 urgebant
833 4781 962 4844 viribus.
988 4781 1054 4856 Quo
1072 4790 1332 4858 argumentorum

587 4893 704 4956 genere
728 4892 762 4938 ea
790 4875 957 4951 attingitur
988 4875 1216 4936 controversiae
1244 4891 1331 4952 pars,

587 4987 666 5052 quae
694 4971 809 5033 dicitur
830 4969 867 5030 de
896 4983 967 5029 casu
999 4971 1165 5044 exceptae
1193 4967 1333 5030 Decretis

587 5065 711 5129 Summi
732 5060 890 5124 Pontificis
910 5059 1024 5123 Urbani
1049 5057 1137 5134 vlit,
1154 5060 1191 5120 de
1212 5075 1270 5138 qua
1285 5059 1334 5123 lu-

586 5159 668 5220 siore
694 5156 776 5235 stylo
797 5173 813 5216 a
834 5152 923 5216 nobis
944 5161 1044 5216 actum
1068 5161 1115 5214 est
1145 5156 1219 5212 tom.
1239 5153 1274 5224 2,
1297 5152 1333 5213 da

591 5248 846 5320 canonizatione
879 5245 1084 5316 Sanctarum,
1120 5259 1187 5322 cap.
1218 5245 1276 5318 19,
1303 5251 1333 5306 at

588 5359 657 5423 cap.
679 5343 739 5406 24.

357 5459 519 5558 raffin‘r‘vfrm
534 5465 571 5504 re
628 5455 686 5500 xri.
709 5437 756 5500 Ab
781 5435 865 5500 bisce
890 5441 994 5496 tamen
1022 5433 1226 5512 petitionibus
1253 5431 1334 5494 lacili

589 5532 716 5610 negotio
738 5547 794 5593 nos
816 5528 1041 5608 expedivimus.
1066 5526 1147 5589 Cum
1169 5526 1267 5602 enim,
1289 5527 1335 5588 iu·

589 5633 641 5690 xta
656 5624 854 5705 praestitutos
871 5639 887 5682 a
904 5620 992 5684 nabis
1007 5636 1152 5695 canones,
1168 5636 1231 5682 non
1248 5619 1335 5682 liceat

590 5720 623 5783 in
644 5718 900 5798 blartprologium
914 5714 1031 5776 reterre
1046 5714 1172 5776 uomina
1195 5711 1334 5788 illorum,

590 5814 645 5892 qui
666 5820 735 5892 post
756 5811 899 5874 sedulum
926 5823 1020 5886 super
1047 5808 1217 5870 virtutibus
1243 5813 1336 5884 atque

589 5906 747 5970 miraculis
768 5921 910 5982 ammeu,
933 5901 1066 5966 solemni
1088 5902 1152 5966 ritu
1173 5902 1205 5963 in
1227 5901 1335 5962 Beato-

1091 561 1156 607 ltttt.
1180 560 1272 607 PONT·
1296 559 1337 604 bit
1358 558 1388 604 1³.
1412 559 1441 604 tt.
1467 559 1549 604 PARS
1571 560 1593 605 1.

1378 691 1447 738 rom
1477 677 1637 740 dumtaxat
1664 693 1797 740 numero
1825 684 2047 756 recensentur;
2076 695 2131 758 pa-

1377 769 1448 833 tiori
1471 771 1539 832 iure
1560 770 1645 833 nolas
1666 772 1725 834 erit
1752 771 1970 848 llartprologia
1993 771 2062 833 illos
2083 790 2131 836 ac·

1377 877 1515 937 censere,
1538 863 1602 940 qui,
1620 879 1657 925 es
1674 863 1756 926 nuda
1773 865 1876 925 cultus
1897 861 2133 926 immemorabi-

1376 955 1413 1016 lis
1442 955 1671 1033 approbatione,
1703 957 1871 1020 Beatillcati
1901 957 2051 1020 dicuutur
2073 973 2130 1035 per

1376 1049 1605 1128 aequipollens3
1637 1065 1747 1112 eorum
1776 1056 1882 1112 tamen
1909 1051 2045 1113 virtutes
2072 1065 2132 1112 nec

1376 1142 1540 1218 discussae,
1564 1158 1621 1205 nec
1643 1142 1786 1222 probatae
1807 1142 1947 1217 luerunt,
1960 1151 2131 1221 antequam

1377 1251 1432 1315 pro
1445 1235 1531 1300 cultu
1546 1236 1786 1299 immemorabili
1803 1237 1954 1299 iudicium
1969 1237 2129 1315 prodiret3

1378 1328 1509 1408 ideoque
1530 1331 1565 1394 ad
1590 1331 1741 1394 trutinam
1763 1331 1954 1392 revocandae
1974 1339 2071 1405 sunt,
2096 1337 2131 1393 ut

1377 1439 1487 1486 eoram
1507 1441 1596 1486 causa
1615 1425 1650 1486 ad
1666 1424 1934 1487 canonizationem
1949 1423 2131 1502 progredia-

1379 1525 1438 1578 tur.
1474 1517 1558 1580 llaud
1583 1519 1740 1582 immerito
1770 1517 1867 1594 igitur
1893 1517 2009 1580 oblatas
2038 1517 2132 1580 nobis

1378 1612 1542 1690 petitiones
1558 1612 1741 1690 reieoimus;
1757 1619 1896 1691 aequent
1907 1611 2048 1690 aequiori
2064 1611 2133 1674 ani·

1378 1719 1429 1766 mo
1450 1704 1659 1766 Postulatores
1673 1705 1915 1783 acquiescerent,
1932 1719 1966 1765 ea
1985 1705 2063 1767 item
2079 1706 2131 1766 ad·

1377 1799 1530 1873 didimus,
1551 1813 1630 1877 quae
1658 1807 1835 1876 opportune
1857 1797 1891 1858 ad
1921 1813 1989 1860 rem
2010 1798 2094 1860 hanc
2115 1813 2133 1858 a

1379 1891 1467 1954 nobis
1489 1891 1617 1954 luerunt
1638 1891 1774 1968 exposita
1797 1889 1852 1953 tab.
1870 1892 1906 1962 4,
1929 1889 1966 1952 dc
1989 1890 2133 1953 Camoni·

1379 1985 1510 2046 zoticae
1527 1983 1732 2056 Saactoram,
1755 1987 1889 2060 parta,
1903 1986 2042 2063 cap.18,
2059 1986 2132 2045 a.2

1378 2083 1409 2140 ct
1430 2095 1505 2156 seq„
1519 2079 1571 2141 ubi
1584 2079 1620 2140 de
1632 2076 1734 2139 cultus
1748 2085 1929 2155 augmento,
1946 2093 2018 2142 oum
2034 2078 2132 2139 missa

1379 2171 1410 2234 in
1434 2171 1544 2245 allicio,
1569 2169 1694 2234 uberius
1717 2171 1931 2234 tractavimus.

1418 2281 1490 2326 xvir.
1508 2265 1560 2328 Sat
1572 2265 1728 2339 novimus,
1742 2265 1988 2343 praedecessores
2004 2273 2131 2328 nostros
2152 2281 2256 2344 ‚aaran
2268 2285 2331 2334 arara

1382 2359 1412 2420 in
1428 2357 1567 2420 Romano
1582 2357 1800 2436 Martyrologio
1811 2358 1975 2436 aliquando
1990 2359 2132 2438 scripsis·
2150 2341 2331 2446 &efflatam

1380 2467 1412 2514 se
1433 2451 1560 2514 nomina
1591 2465 1712 2522 eorum,
1743 2451 1796 2528 qui
1817 2450 2002 2514 solemniter
2023 2459 2131 2530 atque,

1381 2552 1415 2607 ut
1436 2545 1537 2616 aiunt,
1567 2542 1739 2608 formaliter
1761 2544 1793 2604 in
1821 2542 1986 2606 beatorum
2016 2561 2134 2608 nume-

1381 2653 1453 2701 rum
1474 2636 1563 2699 relati
1586 2653 1649 2700 non
1672 2636 1812 2712 luerunt,
1835 2639 1887 2700 sed
1911 2643 2133 2702 tantummodo

1381 2747 1435 2808 per
1450 2730 1673 2809 aequipollens,
1690 2731 1825 2794 discusso
1840 2731 1983 2794 videlicet
2004 2750 2134 2812 acpro-

1381 2823 1449 2884 bato
1463 2838 1574 2884 eorum
1595 2825 1754 2886 dumtaxat
1769 2824 1855 2886 cultu
1877 2825 2132 2902 immemorabili,

1380 2916 1464 2978 iaxta
1476 2916 1702 2994 praescriptum
1713 2918 1909 2980 decretorum
1922 2918 2037 2980 Urbani
2050 2917 2131 2982 Vlll.

1382 3009 1651 3088 praedecessorum
1684 3017 1862 3072 nostrorum
1892 3011 1968 3075 lacta
1999 3028 2134 3076 venera·

1382 3118 1468 3164 mur:
1492 3103 1661 3180 quominus
1683 3119 1758 3166 vero
1778 3103 1835 3164 hac
1857 3103 1889 3166 in
1911 3113 1998 3182 parte
2020 3121 2133 3168 eorum

1382 3197 1523 3274 vestigiis
1543 3196 1755 3271 inhaeremus,
1779 3213 1825 3273 ea,
1848 3213 1940 3275 quam
1966 3215 2058 3278 supra
2081 3199 2134 3261 de·

1382 3291 1494 3364 dimus,
1518 3293 1625 3351 monet
1650 3289 1744 3364 ratio;
1768 3306 1808 3350 ne
1833 3291 1987 3354 sciliceta
2008 3299 2134 3356 statutis

1382 3383 1510 3462 regulis,
1526 3397 1600 3460 quas
1614 3390 1753 3444 accurate
1774 3383 1937 3446 servandas
1953 3385 2040 3448 nobis
2062 3403 2134 3465 pro·

1383 3478 1552 3555 posuimus,
1571 3475 1679 3554 pedem
1702 3490 1891 3539 moveamus.
1915 3477 2090 3556 Praeterea,
2106 3481 2132 3542 si

1382 3570 1598 3649 llartyrologia
1614 3569 1717 3632 omnia
1731 3571 1913 3633 adiiciuntur
1933 3573 2059 3634 nomina
2082 3589 2134 3634 eo·

1382 3681 1466 3740 rum,
1488 3679 1623 3743 quorum
1644 3663 1765 3726 cultum
1787 3664 2067 3731 immemorabilem
2088 3684 2137 3728 sa·

1383 3775 1431 3821 cra
1453 3757 1583 3820 Rituum
1609 3749 1818 3832 congregatio
1839 3758 1996 3834 probavit,
2021 3761 2135 3836 ingens

1385 3851 1549 3914 nominum
1578 3848 1698 3912 accedet
1726 3849 1913 3925 multitudo,
1935 3856 2135 3929 quemadmo-

1385 3945 1460 4006 dum
1481 3960 1519 4005 ex
1539 3950 1645 4004 nostro
1676 3939 1729 4004 ttb.
1752 3944 1788 4013 2,
1810 3941 1847 4004 de
1877 3943 2135 4009 canonizatione

1387 4036 1591 4106 Saactorara,
1606 4035 1676 4096 licet
1690 4034 1846 4112 colligere.
1862 4037 2003 4116 Cumque
2018 4037 2135 4101 horum

1370 4146 1536 4192 *numerus
1558 4130 1590 4190 in
1612 4128 1676 4190 dies
1699 4129 1795 4204 magis
1818 4129 2022 4208 adaugeatur,
2046 4131 2135 4194 brevi

1387 4223 1451 4297 liet,
1476 4229 1510 4284 ut
1537 4221 1712 4284 Romanum
1735 4219 1989 4299 llartyrologium
2011 4230 2058 4286 tot
2078 4241 2133 4288 aa·

1385 4325 1471 4378 ctum
1493 4313 1672 4377 nominibus
1687 4314 1719 4376 in
1735 4315 1907 4376 maximum
1921 4315 2068 4379 volumen
2081 4334 2135 4379 eu-

1385 4419 1511 4472 crescat.

1427 4518 1492 4563 xvv.
1517 4501 1557 4564 Ut
1578 4517 1680 4564 sacrae
1710 4500 1894 4562 eruditionis
1921 4517 1954 4564 ac
1982 4502 2135 4580 theologi·
2176 4517 2326 4582 argumetum

1385 4611 1438 4658 cae
1458 4593 1612 4656 facultatis
1633 4593 1734 4654 studio
1756 4595 1853 4669 magis
1869 4593 2063 4669 excolantur,
2085 4596 2134 4657 in·
2151 4569 2328 4671 ξξῃῖῗξὲἳὶέξιζ

1386 4688 1544 4749 stituimus
1565 4686 1752 4748 academiam
1777 4686 1883 4764 quavis
1905 4685 1977 4749 leria
1999 4690 2133 4752 secunda
2150 4678 2326 4780 ffifidfffffl

1386 4781 1537 4858 cuiusque
1559 4779 1758 4841 hebdomadis
1785 4795 1887 4840 coram
1909 4780 1997 4842 nobis
2019 4781 2135 4845 haben·

1386 4872 1468 4947 dam,
1490 4879 1525 4934 ut
1547 4879 1700 4951 quotquot
1720 4873 1756 4934 ad
1779 4888 1846 4934 eam
1868 4873 2063 4936 conveniunt
2082 4877 2136 4938 do-

1387 4965 1429 5030 cti
1450 4982 1483 5028 ac
1512 4972 1703 5044 praestantes
1731 4964 1811 5041 Uiri,
1843 4973 1918 5027 stata
1947 4967 2016 5028 vice
2044 4973 2136 5046 atque

1388 5061 1509 5137 ordine,
1532 5076 1601 5122 suas
1622 5059 1688 5122 sive
1709 5059 1748 5122 de
1767 5059 1967 5122 ecclesiastica
1993 5060 2134 5137 historia,

1387 5155 1454 5216 sive
1474 5155 1512 5217 de
1533 5169 1567 5216 re
1597 5153 1752 5231 liturgica,
1774 5153 1839 5214 sive
1868 5153 1962 5214 etiam
1983 5155 2021 5216 de
2045 5156 2136 5216 sacris

1388 5247 1557 5310 canonibus
1578 5262 1610 5308 ac
1632 5245 1811 5322 theologicis
1830 5247 2049 5310 controversiis
2068 5263 2136 5326 pro·

1389 5337 1489 5402 lerant
1509 5337 1755 5402 lucubrationes.
1771 5337 1817 5399 Ει
1832 5337 1880 5400 bis
1896 5339 2055 5415 nonnulli,
2071 5340 2135 5418 qui,

1389 5433 1491 5496 soluto
1512 5439 1683 5506 conventu,
1699 5431 1735 5493 ad
1751 5431 1868 5509 privata
1884 5433 2037 5512 colloquia
2052 5448 2068 5494 a
2083 5447 2138 5494 no

1390 5525 1436 5588 bis
1456 5524 1673 5599 admittuntur,
1696 5523 1784 5586 nobis
1805 5524 2032 5601 significarunt,
2056 5526 2138 5588 inter

1390 5626 1506 5680 caetera
1523 5617 1741 5695 manuscripta,
1754 5633 1832 5695 quae
1847 5618 1879 5679 in
1896 5618 2011 5694 insigni
2027 5618 2138 5680 Biblio·
2173 5611 2175 5614 ’

1392 5721 1457 5776 teca
1468 5710 1674 5774 vallicelliana
1684 5720 1860 5786 servantur,
1870 5711 1957 5789 plura
1968 5727 2033 5774 esse
2042 5711 2137 5790 splen·

1392 5805 1460 5868 dida
1482 5803 1606 5883 quidem
1634 5815 1838 5866 monumenta
1864 5805 1901 5866 ad
1929 5805 2137 5867 venerabitem

1392 5901 1497 5964 virum
1525 5896 1720 5962 cardinalem
1749 5897 1918 5962 Baronium
1944 5899 2135 5974 transmissa,
