4764 6972
330 587 384 642 An.
399 589 428 644 d.
450 590 519 644 1743
572 589 629 656 106

549 729 640 792 licam
660 729 922 805 benedictionem,
938 746 1031 808 quarn
1046 737 1152 794 nostro
1167 731 1297 795 nomine

549 823 714 884 universae
736 822 854 886 nationi
875 822 1028 885 mandatis
1056 824 1118 886 tuis
1139 824 1296 901 obtempe

549 915 642 990 ranti,
667 921 780 993 tuaque
800 913 931 978 salubria
955 915 1084 980 monita.
1100 916 1295 994 adimplenti,

549 1009 675 1086 elargiri
696 1009 823 1088 poteris,
847 1019 1045 1089 peramanter
1065 1011 1273 1091 impertimur.

589 1103 699 1164 Datum
728 1103 853 1179 Romae,
883 1105 962 1182 apud
991 1103 1023 1166 S.
1049 1104 1177 1166 Mariam
1206 1105 1299 1167 blaio·

550 1211 629 1270 reru,
651 1196 710 1257 sub
731 1196 847 1258 annulo
863 1197 1033 1273 Piscatoris,
1050 1198 1100 1261 die
1113 1213 1179 1261 xvr.
1193 1198 1298 1261 martii

550 1303 742 1364 unecxuun,
758 1288 868 1368 pontii.
881 1291 979 1350 nostri
995 1307 1076 1353 anno
1091 1307 1139 1354 ur.

807 1448 1047 1460 ——n———nn—

871 1571 998 1636 XXXV.

554 1757 755 1840 Dignitatem
776 1761 976 1839 Protopopuc
998 1760 1034 1823 iu
1058 1761 1189 1825 ccclesia
1211 1759 1300 1822 colle·

592 1853 685 1932 picto
708 1852 738 1916 S.
765 1853 889 1917 Murice
914 1853 964 1915 del
984 1853 1094 1916 Graico
1120 1854 1303 1935 gracco-lo-

596 1945 661 2007 tioi
682 1947 770 2008 ritus
793 1947 827 2008 iu
850 1945 990 2008 Dloeccst'
1011 1947 1205 2013 Messoocosc'
1229 1964 1300 2009 cum

595 2039 664 2102 cios
690 2038 870 2119 privilegiis
897 2042 1081 2119 coufirmat,
1109 2040 1191 2102 clero
1217 2041 1301 2102 cios-

595 2133 663 2194 dcm
685 2132 832 2196 ccclesiae
853 2132 905 2194 ios
926 2132 1090 2195 electionis
1102 2133 1302 2214 Protopopoe

595 2230 749 2296 reservat,
761 2242 799 2286 oc
810 2225 945 2288 maudut
961 2228 1101 2289 cumdem
1116 2228 1220 2290 ritulo
1230 2243 1302 2305 pcr-

593 2323 691 2396 pctuo
713 2317 750 2379 io
771 2315 807 2380 ed
829 2319 960 2382 ecclesio
981 2321 1106 2384 servari
1121 2319 1230 2384 debere
1244 2320 1299 2402 (l).

725 2487 970 2556 Benedictus
987 2489 1045 2559 ΡΡ.
1062 2489 1131 2559 lllll.

677 2610 713 2678 ad
736 2615 907 2694 perpetuata
931 2612 974 2678 rei
998 2613 1181 2680 memoriam.

326 2853 331 2862 ,
370 2797 538 2844 ecclesiarum
597 2791 733 2852 llomana
750 2790 894 2866 Ecclesia,
911 2792 1052 2854 omnium
1067 2789 1207 2853 catholici
1221 2788 1304 2850 orbis

325 2852 539 2968 lssffilnfflri'a‘ffi
558 2883 756 2946 ecclesiarum
788 2893 886 2945 mater
915 2892 948 2946 et
983 2885 1141 2961 blagistra,
1175 2881 1304 2944 assiduis

325 2964 457 3058 {gfflgffgg
476 2971 539 3005 ⁰⁰¹¹·
558 2977 732 3055 pontificiae
752 2977 974 3053 solicitudinis,
996 2977 1176 3058 apostolicae
1197 2976 1306 3039 carita-

559 3071 608 3146 tis,
631 3088 665 3134 ac
685 3087 848 3150 supremae
869 3072 1059 3135 auctoritatis
1086 3072 1194 3133 studiis
1214 3068 1304 3131 sedu-

558 3163 618 3225 lam
640 3165 832 3243 vigilemque
853 3165 883 3227 in
907 3181 944 3226 eo
964 3165 1159 3243 potissimum
1181 3176 1304 3243 operam

558 3258 672 3336 posuit,
695 3266 730 3320 ut
752 3258 855 3320 omnia
882 3267 913 3320 et
940 3257 1062 3334 singula
1092 3256 1302 3331 ecclesiarum,

557 3351 740 3429 praesertim
771 3349 837 3412 aliis
865 3351 1047 3413 Patriarchis
1078 3350 1303 3424 subiectarum,

557 3441 752 3520 diversisque
774 3444 805 3504 in
828 3445 1007 3506 divinorum
1028 3443 1201 3506 ciliciorum
1216 3450 1247 3505 et
1260 3459 1306 3503 sa·

557 3537 708 3598 crosancti
734 3537 845 3598 missae
869 3537 1008 3600 sacrilicii
1037 3536 1244 3600 celebratione
1265 3536 1307 3596 ri·

559 3627 652 3702 tibus,
675 3628 790 3705 linguis
804 3639 836 3692 et
850 3630 1046 3704 ceremoniis,
1070 3647 1125 3708 per
1144 3644 1245 3690 sacros
1260 3643 1307 3689 ca-

559 3738 657 3784 nones
689 3730 721 3784 et
743 3723 977 3786 ecclesiasticam
1004 3724 1198 3802 disciplinam
1224 3739 1306 3785 com-

559 3814 693 3893 probatis
722 3821 752 3876 et
780 3816 989 3892 confirmatis,
1020 3817 1197 3890 utentium,
1225 3817 1304 3891 iura,

559 3907 739 3984 privilegia,
768 3907 899 3982 indulta,
922 3909 1041 3984 decora,
1068 3908 1305 3986 praerogativas,

560 3999 737 4076 dignitates,
760 4003 874 4078 gradus
895 4008 926 4064 et
947 4001 1098 4077 honores,
1122 4005 1220 4081 quoad
1249 4002 1307 4063 sibi

560 4095 722 4171 integrum
741 4095 860 4173 luisset,
884 4097 976 4169 tueri,
1000 4098 1185 4160 consumare
1206 4104 1237 4158 et
1258 4094 1307 4156 ad-

523 4271 525 4275 ,
560 4203 675 4264 augere
685 4188 889 4252 adniteretur.
913 4191 1119 4265 Quamobrem
1130 4191 1203 4252 adeo
1219 4195 1308 4250 vetu-

560 4287 623 4341 stae
645 4282 838 4359 antiquitatis
848 4291 879 4345 ct
895 4283 1115 4360 integerrimae
1137 4283 1308 4344 traditionis

562 4380 656 4438 tenax
671 4375 741 4451 luit,
758 4383 792 4437 ut
814 4393 859 4451 ea,
883 4393 960 4455 quae
983 4377 1014 4438 in
1032 4376 1192 4455 quibusvis
1214 4376 1308 4438 eccle-

561 4469 614 4529 siis
635 4469 791 4547 sapienter
809 4479 924 4532 statuta
946 4477 977 4531 et
997 4470 1189 4532 sanctissime
1210 4477 1308 4532 custo-

562 4559 623 4622 dita
656 4564 889 4640 reperirentur,
919 4580 983 4626 non
1008 4562 1110 4626 solum
1139 4563 1309 4625 inviolabili

562 4655 656 4715 etiam
677 4671 839 4733 supremae
860 4656 1042 4734 apostolicae
1064 4656 1252 4719 auctoritatis
1276 4673 1310 4719 ac

563 4747 718 4809 firmitatis
739 4749 849 4811 robore
863 4749 1060 4813 communire
1073 4749 1240 4824 studuerit,
1258 4766 1309 4811 ve·

562 4857 635 4902 rum
657 4843 750 4904 etiam
772 4844 944 4921 apostolicis
966 4843 1127 4919 mandatis,
1145 4853 1176 4906 et
1190 4844 1249 4905 sub
1263 4861 1310 4907 ec·

563 4933 738 4997 clesiasticis
759 4937 901 4998 censuris
915 4952 948 4999 ac
967 4939 1084 5016 poenis,
1101 4937 1133 5000 in
1149 4945 1307 5016 posterum

563 5029 713 5090 servanda
735 5031 940 5093 mandaverit.
1040 5023 1043 5030 ’

359 5133 546 5198 nignitagrro
605 5122 624 5197 ἓ
647 5120 673 5181 1.
697 5120 849 5196 Quoniam
878 5131 995 5199 autern,
1023 5125 1103 5186 sicut
1125 5124 1309 5203 accepimus,

332 5187 546 5290 ξῗέἒβὲῗῆῗὲξῐ
565 5230 681 5276 munus
712 5215 778 5276 sive
810 5215 945 5294 dignitas
976 5217 1192 5294 Protopopuc,
1224 5218 1311 5279 cuius

334 5291 430 5348 crofeo.
564 5307 728 5369 auctoritas
749 5324 782 5369 ac
803 5311 1014 5387 praerogativa
1035 5309 1162 5388 plurimi
1190 5325 1312 5387 semper

564 5400 597 5461 in
610 5401 754 5464 omnibus
765 5401 829 5465 lere
841 5403 1174 5481 constantinopolitani
1185 5403 1313 5482 patriar-

564 5494 671 5556 chatus
693 5497 916 5560 cathedralibus
926 5497 1061 5560 ecclesiis
1082 5496 1182 5558 habita
1197 5495 1309 5571 iuerat,

565 5585 730 5662 Messanae,
743 5589 1005 5666 quemadmodum
1021 5590 1054 5652 in
1070 5587 1232 5650 nonnullis
1246 5588 1312 5649 aliis

565 5680 741 5742 civitatibus
763 5687 794 5744 et
815 5681 1003 5743 dioecesibus
1024 5683 1190 5761 reperitur,
1213 5679 1311 5742 adhuc

471 5823 474 5828 .
566 5778 649 5834 extat
670 5773 702 5834 in
723 5774 883 5851 collegiata
904 5775 1031 5837 ecclesia
1045 5775 1103 5838 suh
1117 5773 1311 5836 invocatione

1069 613 1135 660 tutu·
1158 613 1250 660 Ponr.
1274 613 1315 660 DE
1335 613 1366 658 P·
1389 615 1525 670 lustaus
1545 616 1567 662 1.

1351 731 1480 794 Sanctae
1500 732 1611 796 lllariae
1629 732 1678 796 dcl
1695 733 1823 814 Grofco,
1835 729 1908 793 inde
1932 728 2097 793 catholico

1350 824 1441 900 dicta,
1454 827 1535 904 quod
1550 827 1675 890 ecclesia
1689 825 1877 900 huiusmodi,
1891 832 1926 886 ut
1937 824 2096 898 asseritur,

1351 918 1409 979 sub
1423 918 1611 981 Graecorum
1634 919 1775 998 imperio,
1788 919 1819 980 in
1842 917 1978 996 Spiritus
1993 915 2098 978 Sancti
2172 908 2175 914 ’

1351 1024 1391 1071 ex
1412 1011 1501 1073 Patre
1521 1011 1661 1091 Filioque
1683 1012 1876 1090 procedentis
1893 1009 2097 1083 contessione,

1352 1119 1425 1166 curn
1446 1103 1582 1167 Romana
1605 1104 1740 1168 Ecclesia
1765 1104 1901 1166 invicem
1922 1102 2010 1165 unita
2031 1116 2099 1179 per-

1353 1198 1520 1274 manserit;
1543 1205 1574 1260 et
1600 1198 1634 1260 in
1655 1199 1762 1260 eadem
1788 1197 1913 1260 ecclesia
1941 1209 2063 1273 semper
2083 1211 2098 1256 a

1353 1297 1430 1354 tunc
1460 1293 1611 1369 temporis
1641 1293 1745 1356 divina
1773 1291 1868 1356 oliicia
1890 1298 1923 1354 et
1946 1301 2100 1352 sacrosan·
2131 1312 2208 1374 nauus
2225 1311 2339 1372 craeco-

1353 1390 1440 1446 ctum
1455 1385 1564 1448 missae
1578 1387 1762 1449 sacrificium
1777 1401 1883 1463 graeca
1899 1384 2027 1463 quidem
2041 1382 2101 1443 lin·
2117 1369 2339 1465 ggssnffiggssiffi'

1355 1492 1425 1554 gua,
1447 1477 1500 1539 sed
1521 1479 1618 1541 latino
1643 1495 1771 1542 romano
1793 1481 1856 1541 ritu
1884 1477 2098 1552 celebrantur3

1355 1585 1427 1631 nam
1442 1569 1679 1635 Sanctissimum
1695 1571 1904 1634 Eucharistiae
1919 1570 2101 1633 Sacramen-

1356 1670 1424 1726 tum
1445 1665 1478 1726 in
1500 1679 1609 1744 azymo
1631 1665 1805 1740 conficitur,
1826 1679 1930 1726 sacrae
1949 1669 2051 1724 vestes
2070 1666 2103 1722 et

1354 1757 1550 1820 sacerdotalia
1561 1759 1744 1821 indumenta
1759 1758 1793 1820 ad
1810 1758 1907 1820 instar
1918 1755 2102 1818 Latinorum

1355 1850 1552 1926 adhibentur,
1569 1859 1600 1914 et
1614 1851 1678 1913 dies
1692 1851 1762 1915 lesti
1781 1851 1867 1912 iuxta
1882 1849 2101 1912 Kalendarium

1355 1945 1583 2022 Gregorianum
1597 1954 1782 2021 servantur3
1805 1951 1927 2025 praeter
1941 1943 2010 2017 alia,
2023 1957 2101 2020 quae

1355 2038 1453 2100 adhuc
1475 2038 1619 2116 religioso
1640 2040 1726 2102 cultu
1749 2045 1952 2118 peraguntur.

1396 2133 1466 2206 52.
1490 2133 1569 2195 llinc
1590 2140 1647 2209 cst,
1670 2133 1750 2211 quod
1776 2149 1844 2209 nos,
1867 2133 1979 2210 quibus
2001 2129 2101 2192 omni·
2128 2142 2338 2208 qoncrraxpraeu.

1357 2226 1447 2288 moda
1469 2227 1653 2289 universalis
1674 2227 1819 2290 ecclesiae
1832 2227 1986 2300 servitus,
2009 2232 2101 2302 atque
2120 2197 2341 2314 fflfffflssmssl-'gtfssl

1357 2321 1431 2381 adeo
1452 2319 1595 2382 omnium
1617 2319 1816 2382 ecclesiarum
1838 2319 2030 2381 solicitudoa
2050 2317 2103 2378 Pa·
2120 2309 2221 2404 ¹⁸53&
2247 2303 2339 2348 ⁰⁰⁰⁰*

1357 2420 1477 2475 storum
1498 2413 1641 2492 Principe
1661 2413 1728 2475 lesu
1744 2413 1867 2477 Christo
1889 2411 2029 2474 iniuncta
2043 2417 2101 2484 est,

1358 2505 1496 2568 eamdem
1518 2507 1679 2570 ecclesiam
1702 2507 1734 2568 in
1756 2523 1792 2568 eo
1813 2506 1893 2568 hene
1920 2504 2101 2578 constituto,

1358 2615 1449 2678 quem
1471 2599 1620 2662 hactenus
1642 2601 1768 2676 egregie
1788 2605 1994 2661 servaverunt
2016 2605 2046 2658 et
2065 2595 2105 2657 de

1358 2695 1511 2774 praesenti
1533 2693 1728 2756 laudabiliter
1751 2701 1886 2766 servant,
1910 2697 1991 2754 statu
2018 2689 2105 2750 dein·

1359 2803 1429 2864 ceps
1450 2787 1572 2849 firmius
1592 2802 1776 2864 permanere
1790 2793 1821 2848 et
1842 2783 2031 2848 constabiliri
2052 2798 2106 2843 cu-

1359 2882 1494 2959 pientes;
1512 2889 1599 2942 motu
1614 2881 1749 2958 proprio,
1773 2889 1803 2942 et
1815 2895 1856 2941 ex
1870 2886 1952 2940 certa
1967 2875 2104 2948 scientia,

1359 2990 1392 3035 ac
1413 2980 1533 3035 matura
1553 2973 1776 3036 deliberatione
1797 2973 1912 3036 nostris
1926 2973 2106 3051 dequeapo·

1358 3067 1482 3130 stolicae
1509 3070 1668 3146 potestatis
1695 3069 1907 3148 plenitudine,
1933 3083 1967 3128 ac
1995 3065 2032 3127 de
2054 3079 2106 3126 ve-

1360 3161 1546 3224 nerabilium
1557 3163 1690 3225 fratrum
1701 3169 1881 3224 nostrorum
1894 3163 1924 3224 S.
1934 3162 1970 3224 lt.
1986 3162 2020 3224 E.
2035 3162 2107 3225 Gar-

1360 3255 1510 3318 dinalium
1543 3257 1675 3333 negotiis
1706 3256 1964 3334 Congregationis
1996 3257 2105 3333 Propa-

1361 3350 1477 3426 gandae
1491 3349 1577 3411 Fidei
1592 3351 1836 3428 praepositorum
1851 3349 1990 3423 consilio,
2006 3348 2106 3424 digni-

1360 3451 1456 3505 tatem
1477 3444 1625 3507 antedicti
1645 3443 1858 3522 Protopupuc,
1874 3459 1947 3505 cum
1962 3443 2107 3506 omnibus

1361 3535 1515 3612 insigniis,
1538 3537 1770 3614 praerogativis,
1783 3537 1968 3614 privilegiis,
1983 3537 2107 3599 laculta·

1345 3671 1346 3674 =
1361 3632 1454 3707 tibus,
1466 3631 1744 3706 iurisdictionibus,
1758 3631 1889 3704 iuribus,
1902 3629 2107 3709 exemptioni-

1362 3728 1429 3801 bus,
1454 3726 1565 3801 titulis,
1587 3725 1758 3787 honoribus
1774 3730 1804 3786 et
1821 3725 1979 3798 oneribus,
1996 3725 2108 3802 quibus

1362 3821 1413 3880 alii
1435 3820 1635 3896 Protopopoe
1655 3827 1862 3880 antecessores
1884 3820 1921 3880 de
1937 3818 2016 3894 iure,
2033 3834 2103 3892 usu,

1362 3912 1588 3975 consuetudine
1610 3921 1641 3974 et
1663 3911 1802 3986 indultis,
1827 3910 1966 3988 legitime
1990 3919 2106 3986 tamen,

1363 4015 1393 4068 et
1408 4007 1565 4080 canonice,
1578 4014 1608 4067 et
1620 4005 1656 4066 de
1672 4005 1853 4084 apostolicae
1868 4005 1960 4067 huius
1981 4002 2109 4066 Sanctae

1362 4099 1448 4163 Sedis
1470 4099 1604 4174 licentia,
1634 4099 1827 4176 benignitate
1847 4106 1879 4159 et
1899 4099 2106 4172 concessione,
2135 4109 2338 4172 3333333330-

1363 4196 1513 4257 hactenus
1535 4195 1594 4267 usi,
1617 4192 1705 4254 fruiti
1730 4199 1761 4253 et
1783 4191 1879 4268 gavisi
1901 4199 1987 4265 sunt,
2001 4199 2108 4253 tenore
2126 4167 2339 4273 ffssss‘ssfsslssssfl'ssj

1363 4286 1573 4366 praesentium
1594 4286 1796 4364 approbamus
1818 4291 1848 4346 et
1869 4285 2107 4360 confirmamus3
2129 4271 2176 4317 '³⁶‘-

1365 4396 1486 4442 necnon
1508 4379 1655 4440 volumus
1676 4386 1706 4440 et
1728 4376 1921 4451 mandamus,
1945 4386 1980 4439 ut
2001 4393 2110 4457 perpe-

1366 4475 1425 4536 tuis
1447 4473 1561 4534 luturis
1583 4473 1774 4549 temporibus
1801 4472 1931 4533 omnino
1952 4480 2107 4547 servetur,

1364 4568 1627 4646 quemadmodum
1642 4583 1656 4626 3
1672 4565 1817 4643 plurimis
1831 4564 1960 4626 saeculis
1971 4572 2111 4627 servatus

1365 4668 1422 4735 est,
1446 4660 1478 4720 in
1500 4659 1606 4720 eadem
1632 4658 1757 4720 ecclesia
1782 4665 1905 4720 sanctae
1929 4658 2040 4720 Mariae
2062 4657 2110 4720 dcl

1368 4755 1483 4832 Grufco
1505 4752 1582 4813 ritus
1605 4751 1865 4827 graeco-latinus,
1895 4751 2044 4815 nimirum
2067 4751 2112 4814 di·
2199 4819 2204 4826 ,

1365 4846 1439 4906 vina
1459 4843 1557 4904 officia
1579 4851 1609 4904 et
1630 4851 1859 4905 sacrosanctum
1888 4844 2001 4904 missae
2021 4843 2113 4905 sacri-

1367 4937 1473 4999 ticium
1496 4951 1601 5012 graeca
1629 4935 1755 5014 quidem
1784 4935 1890 5012 lingua
1912 4942 1943 4997 et
1968 4935 2113 4997 idiomate

1366 5027 1553 5103 celebrandi,
1576 5028 1628 5089 sed
1649 5045 1721 5090 cum
1742 5029 1837 5090 sacris
1859 5028 1995 5090 vestibus
2017 5036 2048 5089 et
2067 5043 2112 5088 sa·

1367 5121 1571 5184 cerdotalibus
1583 5121 1775 5184 indumentis
1790 5120 1893 5182 latinis
1911 5127 1942 5181 et
1957 5121 2041 5181 iuxta
2056 5119 2113 5181 Ka-

1367 5215 1543 5278 lendarium
1575 5214 1820 5291 Gregouanuu,
1859 5220 1953 5292 atque
1984 5228 2111 5291 azymo,

1366 5313 1460 5384 prout
1486 5305 1614 5368 antehac
1640 5307 1673 5367 in
1704 5320 1763 5368 usu
1788 5305 1924 5383 positum
1955 5311 1986 5366 et
2011 5319 2113 5365 serva·

1368 5407 1437 5460 tum
1458 5408 1514 5461 est.

1408 5494 1426 5569 ἓ
1447 5493 1475 5554 3.
1499 5491 1657 5554 Praeterea
1673 5500 1772 5566 motu,
1794 5490 1920 5554 scientia
1935 5500 1967 5553 ct
1982 5498 2114 5569 potesta·
2190 5504 2339 5550 eleccionem

1368 5588 1407 5648 tis
1428 5587 1625 5664 plenitudine
1645 5584 1785 5664 paribus,
1808 5585 1954 5660 volumus
1974 5593 2005 5646 et
2027 5601 2113 5646 man·
2132 5561 2341 5676 fflffigfflssssgss}

1367 5679 1486 5754 damus,
1511 5687 1545 5741 ut
1567 5680 1692 5757 antiqua
1716 5677 1918 5753 cousuetudo,
1940 5693 2013 5740 cum
2035 5677 2114 5739 Pro·
2132 5677 2184 5711 ³¹³0
2207 5666 2272 5710 ⁰¹⁸f⁰
2294 5673 2340 5717 ΡΠ·

1369 5778 1517 5852 iopoporu
1538 5771 1716 5834 huiusmodi
1731 5771 1813 5831 viam
1829 5771 1994 5833 universae
2015 5771 2114 5833 carnis
2133 5725 2215 5820 {33⁸⁰
2235 5726 2332 5776 praesu

607 5987 636 6044 (1)
652 5989 690 6032 Ex
702 5986 770 6032 Bull.
786 5987 817 6032 do
831 5989 904 6044 Prop.
921 5987 983 6034 Fide
998 5987 1047 6034 vol.
1062 5990 1115 6043 111,
1129 5999 1186 6045 pag.
1201 5990 1237 6047 9³,
1252 5985 1310 6033 coll.
1327 5987 1374 6032 etc.
