4764 6972
886 589 1082 636 vunentanus
1104 587 1167 634 xlv.

252 717 282 774 et
305 711 340 773 iu
359 710 429 772 suis
451 709 695 772 necessitatibus
715 706 891 774 adiuvabo.-
907 709 996 779 iura,

251 799 394 876 bonores,
425 801 600 883 privilepia
616 807 646 863 et
661 805 892 866 auctoritatem
907 801 945 863 R.
958 799 995 862 E.

250 898 379 960 Domini
396 898 501 959 nostri
515 896 619 976 Papae
633 901 664 957 et
678 911 896 958 successorum
906 911 998 973 prae·

250 995 396 1073 {atervam
419 1005 615 1062 conservare,
636 990 811 1070 defendere,
834 1005 952 1069 aupere
967 995 997 1052 et

248 1081 998 1164 promover·ecurubo,·neceroinsensiliafuato

249 1179 296 1240 vel
308 1183 470 1249 tractatu,
480 1178 515 1239 in
526 1175 641 1256 auibus
653 1183 767 1240 eontra
778 1177 884 1256 ipsam
893 1175 999 1238 Domi-

250 1290 327 1334 num
351 1277 511 1343 nostrum,
528 1271 576 1334 uel
591 1271 728 1334 conedam
745 1271 922 1334 Romanam
943 1273 998 1333 Ec·

249 1366 389 1438 alesiam,
413 1365 525 1442 aliqua
546 1366 685 1427 sinistra
707 1365 754 1426 nel
779 1364 998 1444 praeiudicia·

249 1459 294 1520 lia
316 1475 481 1537 personae,
503 1457 645 1529 donaris,
662 1460 761 1530 iuris,
777 1466 886 1520 status
901 1465 931 1519 et
948 1475 999 1535 po-

250 1555 383 1616 testatis
405 1568 515 1614 eorum
541 1551 788 1626 machinentur,
812 1557 840 1613 et
860 1551 889 1612 si
916 1552 997 1614 talia

248 1645 530 1724 aquibuscampue
540 1646 713 1723 procurari
725 1661 852 1715 notiora,
868 1645 914 1706 vel
931 1649 997 1707 tra·

247 1739 349 1811 atari,
376 1736 547 1817 impediam
567 1739 624 1800 bec
639 1753 695 1816 pro
711 1753 809 1814 posse,
822 1743 861 1809 et,
878 1746 997 1816 quanto

248 1832 350 1893 citius
373 1841 479 1908 potero
502 1831 668 1902 commode,
685 1829 873 1910 sipnificabo
899 1830 997 1892 eidem

247 1922 385 1985 Domino
408 1931 529 1996 uestro,
552 1923 598 1985 vel
628 1923 739 1995 alteri,
763 1939 818 2000 per
846 1937 936 2001 ouem
957 1922 998 1985 ad

247 2017 354 2093 ipsius
370 2017 656 2094 notitiampoterit
666 2017 842 2094 pervenire.
860 2015 998 2096 deputas

247 2109 444 2172 Sanctmum
456 2110 755 2182 Parrumaeereca,
765 2110 996 2180 ordinationes,

246 2204 446 2278 sententias,
476 2204 721 2280 dispositiones,
748 2203 997 2274 reservationes,

247 2297 447 2374 provisiones
459 2297 656 2360 etmaudnta
668 2297 843 2374 apostolica
861 2296 937 2358 totis
953 2296 999 2356 vi-

246 2389 342 2453 ribus
364 2388 542 2462 observabo,
558 2398 589 2452 et
606 2391 727 2466 faciam
741 2387 780 2452 ab
795 2390 872 2453 aliis
896 2387 997 2451 obser-

246 2483 335 2556 vari·
348 2481 529 2546 Haereticos
542 2489 573 2544 et
584 2482 805 2546 schismaticos
821 2480 997 2545 cerebellos

246 2575 386 2638 llomirto
409 2583 517 2639 nostro
538 2581 569 2638 et
588 2575 823 2640 successoribus
839 2575 997 2657 praefatis

245 2684 415 2748 proposse
441 2686 629 2748 persequar,
653 2677 682 2732 et
710 2669 920 2750 impupnobo:
947 2686 998 2730 vo-

246 2769 343 2826 cotus
366 2763 408 2826 od
429 2763 593 2841 sanatum
619 2763 761 2834 veniam,
784 2763 850 2826 uisi
870 2749 999 2841 prabpe·

246 2856 340 2918 ditus
362 2859 457 2937 {uero
480 2857 635 2920 canonica
649 2857 899 2936 praepeditione.
918 2856 1000 2934 Apo·

244 2950 405 3012 stolorum
428 2950 544 3014 limina
564 2950 703 3030 sinpulis
720 2949 880 3012 decenniis
895 2963 998 3026 perso-

244 3043 387 3114 naliter,
421 3061 459 3107 ac
483 3058 539 3124 per
560 3060 607 3104 me
639 3044 756 3120 ipsum,
784 3041 939 3116 visitabo,
968 3050 998 3105 et

246 3134 387 3198 Domino
416 3144 526 3198 nostro
558 3142 589 3198 et
609 3135 845 3200 successoribus
871 3139 999 3217 praesa·

245 3231 292 3292 tis
315 3231 478 3293 rationem
510 3230 641 3292 reddam
662 3231 697 3293 de
721 3236 786 3290 toto
808 3247 873 3292 meo
893 3235 1001 3309 pasto-

245 3323 314 3387 rali
338 3324 449 3404 officio,
466 3324 562 3402 depuc
577 3324 669 3387 rebus
686 3321 832 3386 omnibus
850 3325 891 3388 ad
907 3325 1000 3386 eccle-

245 3417 316 3480 siae
327 3433 416 3480 meae
430 3425 568 3489 statum,
585 3418 626 3480 od
642 3417 719 3479 cleri
735 3424 764 3479 et
780 3417 889 3495 populi
905 3416 1000 3479 disci·

244 3511 387 3588 plinom,
416 3511 605 3585 optimarum
634 3511 786 3589 denique,
813 3526 891 3588 quae
913 3523 999 3573 meae

244 3605 319 3684 fidei
343 3605 484 3668 creditae
504 3611 596 3677 sunt,
621 3606 761 3667 salutem
787 3604 999 3682 quoquomodo

244 3695 506 3777 pertinentibus,
532 3706 562 3761 ct
583 3699 727 3760 vicissim
747 3699 903 3762 mandata
925 3713 1000 3774 opo-

244 3794 365 3856 stolico
395 3795 548 3873 praefata
575 3792 746 3856 bumiliter
772 3793 938 3868 recipiam,
968 3797 997 3852 et

245 3903 345 3964 onam
361 3885 612 3967 dilipeutissirue
631 3902 780 3964 eneauur.
809 3883 897 3958 Quod
914 3883 941 3944 si
958 3883 1000 3944 le-

245 3981 365 4062 pitimo
390 3979 614 4057 impedimento
630 3979 778 4041 detentus
793 3981 898 4060 fuero,
908 3993 1000 4054 prae-

246 4073 340 4136 dicta
363 4074 470 4136 omnia
492 4070 668 4150 adimplebo
690 4087 746 4149 per
767 4078 891 4133 certam
913 4087 998 4132 nan-

246 4170 334 4232 tium
352 4169 393 4232 ad
408 4168 464 4229 boc
478 4169 613 4245 speciale
628 4168 820 4230 mandatnm
832 4166 998 4230 babentem

245 4263 283 4324 de
314 4263 436 4342 premio
464 4260 603 4338 capitali
630 4261 713 4332 mei,
741 4268 801 4324 aut
830 4261 933 4323 alium
963 4263 998 4322 in

246 4354 412 4436 dipuitate
440 4354 656 4416 ecelesiastica
686 4354 915 4426 constitutum,
942 4371 998 4418 seu

245 4449 333 4511 olias
349 4453 554 4525 personatam
569 4444 745 4518 tabentem,
762 4455 834 4519 aut,
852 4446 902 4510 lois
917 4446 997 4510 mibi

246 4539 482 4618 deficientibus,
492 4556 546 4617 per
558 4540 777 4604 dioecesanam
788 4541 996 4613 sacerdotem,

246 4639 290 4706 et,
315 4633 400 4694 clero
421 4633 585 4712 deficiente
609 4634 748 4705 omuino,
776 4649 834 4712 per
858 4634 997 4712 aliquem

245 4728 355 4790 olium
377 4725 597 4805 presbyterum
617 4727 815 4789 saecularem
836 4727 884 4788 vel
907 4745 998 4807 repu-

246 4821 352 4884 tarem
370 4827 532 4898 spectatae
542 4817 718 4898 probitatis
735 4826 764 4882 et
778 4821 945 4899 retipionis
962 4821 998 4884 de

1055 703 1204 767 ecclesiae
1224 721 1321 777 meae,
1346 705 1530 768 inconsulto
1556 705 1694 770 Bouiano
1722 707 1804 768 Pou-

1057 799 1151 877 tifice,
1175 803 1205 859 et
1221 799 1487 862 constitutionem
1502 816 1599 878 super
1613 799 1806 878 probibitio-

1055 909 1094 954 ne
1119 891 1394 955 investiturarum
1422 893 1575 956 bonorum
1601 894 1805 958 iurisdictio·

1055 985 1331 1050 uatiumdeanuo
1357 987 1488 1050 Domini
1515 1004 1656 1052 uncxxv.
1680 989 1803 1051 editum

1055 1078 1196 1151 servabo,
1223 1085 1264 1151 et,
1286 1081 1315 1142 si
1337 1081 1379 1143 ad
1407 1083 1550 1160 aliquam
1574 1083 1802 1146 alienationem

1057 1173 1223 1245 devenero,
1257 1190 1372 1252 poenas
1397 1175 1433 1236 in
1460 1176 1598 1252 quedam
1625 1193 1721 1255 super
1747 1177 1803 1240 ltoc

1056 1269 1143 1331 edita
1165 1269 1400 1330 constitutione
1423 1275 1588 1332 contentas
1614 1287 1647 1331 eo
1669 1271 1736 1348 ipso
1752 1272 1801 1332 in·

1056 1377 1186 1422 currere
1216 1361 1297 1421 volo.
1331 1357 1385 1422 Sic
1412 1377 1461 1422 me
1488 1361 1571 1424 Deus
1602 1362 1746 1437 adiuvet,
1769 1372 1801 1428 et

1056 1455 1132 1516 baec
1154 1461 1268 1517 sanata
1293 1452 1348 1514 Dei
1370 1455 1547 1534 evanpelia.

1095 1550 1113 1624 5
1135 1547 1162 1609 7.
1188 1549 1353 1611 Caeterum
1376 1547 1523 1626 pallium,
1546 1550 1670 1626 insigne
1693 1551 1803 1614 videti·
1821 1562 2034 1663 oesseebffliebaffff‘

1055 1647 1104 1704 cet
1127 1640 1328 1720 plenitudinis
1350 1641 1534 1718 pontificalis
1555 1643 1658 1718 officii,
1678 1646 1715 1707 de
1737 1661 1801 1707 aar·
1821 1669 1862 1716 eo.

1056 1751 1130 1814 pore
1152 1734 1237 1797 Beati
1259 1734 1341 1797 Petri
1372 1735 1508 1814 Apostoli
1530 1745 1704 1813 sumptum,
1730 1747 1804 1802 tunc

1055 1829 1090 1890 ad
1107 1827 1336 1890 fraternitatem
1351 1833 1447 1902 tuam,
1461 1844 1533 1892 eum
1548 1845 1604 1908 per
1616 1838 1705 1892 tuum
1722 1849 1803 1895 nun-

1057 1921 1148 1996 tium,
1172 1939 1216 1995 ea,
1241 1936 1300 1998 aua
1322 1920 1420 1996 decet,
1444 1921 1589 1984 instantia
1611 1925 1803 2002 postulatum

1055 2011 1173 2089 luerit,
1210 2013 1429 2076 destinandum
1464 2016 1804 2097 transmittendumque

1055 2105 1282 2168 mandabimus.
1300 2105 1370 2169 Non
1386 2105 1578 2171 obstantibus
1593 2110 1629 2171 iis
1646 2112 1802 2189 omnibus,

1056 2215 1134 2276 quae
1157 2199 1189 2261 in
1211 2200 1409 2278 praeinsertis
1441 2203 1554 2262 nostris
1577 2202 1674 2266 literis
1704 2205 1804 2267 volui·

1055 2307 1125 2354 mus
1144 2309 1208 2354 non
1222 2293 1355 2366 obstare,
1370 2293 1544 2373 ceterisque
1558 2298 1721 2360 contrariis
1736 2300 1804 2377 qui·

1056 2386 1261 2465 bustumque.
1771 2448 1775 2458 .

1095 2480 1207 2542 Datum
1233 2479 1363 2554 Romae,
1392 2481 1470 2559 apud
1500 2481 1532 2546 S.
1558 2481 1683 2545 Mariam
1713 2485 1803 2550 biuio-

1055 2589 1123 2634 rem
1144 2573 1201 2656 sub
1213 2572 1331 2635 annulo
1349 2572 1521 2651 Piscatoris,
1549 2577 1598 2638 die
1621 2593 1686 2640 xvr.
1700 2581 1804 2643 martii

1056 2683 1249 2742 nouerant,
1267 2666 1464 2745 pontificatus
1486 2670 1584 2732 nostri
1606 2686 1689 2735 anno
1709 2689 1759 2735 nr.

1361 2951 1500 3016 XXXlV.

1060 3131 1092 3193 F.
1121 3131 1271 3196 locabam
1303 3137 1378 3200 bod.
1405 3138 1486 3204 liin.
1520 3136 1589 3202 llbs.
1618 3137 1804 3220 ablcpatum

1096 3226 1137 3288 od
1152 3226 1335 3292 Maronites
1347 3230 1454 3294 mittit
1466 3231 1508 3294 ad
1519 3233 1736 3310 enervandum
1747 3251 1806 3298 ou-

1099 3320 1271 3383 teeedentes
1296 3322 1407 3386 literas
1422 3324 1634 3403 apostolicas,·
1656 3333 1803 3390 entraor-

1096 3412 1245 3477 dinarias
1267 3416 1329 3494 ipsi
1352 3418 1494 3480 concedit
1522 3417 1698 3498 facultates
1720 3437 1803 3498 repe·

1098 3507 1186 3568 teudi
1213 3527 1233 3571 a
1260 3509 1379 3571 nuncio
1408 3511 1556 3594 defuncti
1586 3511 1805 3576 Patriarebae

1097 3596 1210 3662 literas
1231 3600 1360 3680 alioque
1381 3603 1570 3667 documenta
1591 3606 1758 3686 pontificia
1773 3613 1804 3669 et

1097 3692 1128 3755 S.
1155 3694 1420 3774 Conprepationis
1442 3698 1479 3758 de
1500 3698 1537 3758 P.
1555 3697 1591 3758 F.
1608 3715 1704 3778 eaque
1726 3719 1803 3763 novo

1095 3784 1292 3850 Patriavbae
1314 3789 1465 3850 tradendi
1485 3791 1539 3870 (l).

1057 3970 1173 4040 Dileeto
1201 3972 1264 4040 lilio
1296 3972 1405 4042 iacebo
1428 3991 1446 4042 a
1472 3977 1564 4056 tuae,
1592 3974 1711 4046 Ordinis
1740 3980 1803 4047 tra·

1095 4070 1171 4133 trunr
1196 4065 1339 4134 itinerum
1357 4067 1388 4134 S.
1402 4067 1558 4136 Franeisei
1582 4070 1617 4137 de
1633 4068 1804 4138 observan-

1095 4159 1138 4226 tia
1167 4166 1399 4244 nuneapatorurn
1428 4163 1606 4245 professori,
1634 4170 1802 4233 conventus

1097 4252 1203 4320 Sancti
1228 4255 1394 4339 Sepulchri,
1416 4255 1543 4340 eiusque
1566 4257 1802 4341 dependentium,

1096 4347 1254 4428 visitatori,
1278 4365 1315 4416 ae
1338 4351 1547 4418 commissario
1569 4354 1748 4434 apostoliea,

1215 4495 1457 4566 Benedictus
1488 4498 1547 4566 ΡΡ.
1573 4499 1642 4568 xlv.

1330 4632 1446 4700 Dileete
1469 4634 1527 4714 tili,

1088 4725 1216 4793 salutern
1238 4731 1270 4794 et
1292 4727 1487 4810 apostolicam
1516 4730 1766 4798 benedietionern.

1728 571 1782 634 {03
1834 573 1887 624 An.
1902 572 1932 624 O.
1954 572 2022 626 1748

246 4913 450 4992 supradictis
463 4911 608 4974 omnibus
624 4915 712 4990 plene
727 4914 947 4986 instructum·
963 4915 998 4976 de

246 5006 436 5069 huiusmodi
458 5012 565 5070 autem
578 5006 804 5084 impedimento
818 5005 928 5070 docebo
943 5025 998 5085 per

246 5101 413 5179 lepitimos
434 5098 636 5177 probationes
659 5101 700 5162 ad
723 5099 754 5163 S.
773 5099 811 5162 ll.
832 5100 867 5162 ll.
884 5101 999 5166 Cardi-

246 5195 356 5256 nalem
376 5199 601 5271 proponentem
623 5193 659 5254 iu
674 5192 926 5274 Caaprepattaue
941 5194 999 5259 Sa·

247 5287 298 5347 eri
323 5286 461 5350 Concilii
489 5287 672 5348 Tridentini
693 5303 749 5366 per
769 5289 998 5366 supradictum

247 5380 409 5442 nuncium
422 5373 933 5443 transmittendas.'Possessiones
949 5400 998 5444 oe-

248 5491 286 5534 ro
306 5473 350 5537 ad
364 5489 504 5536 mensam
517 5491 618 5536 meum
632 5477 830 5551 pertinentes
845 5493 910 5537 nou
924 5492 998 5539 ren-

249 5567 338 5638 dam,
360 5583 457 5645 nepae
478 5565 615 5638 donabo,
638 5583 737 5646 neque
762 5568 996 5648 impipnoraba,

248 5677 350 5736 nepae
371 5660 474 5723 denuo
496 5658 681 5740 infeudabo,
704 5662 752 5722 vel
778 5663 996 5740 aliquomodo

249 5751 416 5826 alienabo,
450 5755 549 5817 etiam
576 5771 647 5818 enm
673 5771 828 5818 consensu
857 5756 997 5834 capituli

1095 4916 1201 4995 Nuper
1223 4919 1259 4982 ad
1280 4920 1427 4983 sedandas
1455 4924 1745 5002 componendasque
1765 4924 1802 4985 li·
1842 4948 1875 4992 aa
1890 4947 2033 4995 mmm,

1054 5019 1112 5086 tes,
1133 5012 1278 5073 scissuras
1305 5020 1335 5074 et
1361 5016 1585 5077 controversias
1613 5023 1680 5093 post
1706 5017 1802 5079 bonae
1821 4999 2035 5104 ffiggssdffiaffiffij

1055 5105 1223 5166 memoriae
1244 5105 1363 5184 loseplri
1385 5107 1479 5182 Petri,
1492 5111 1567 5170 dum
1590 5110 1678 5184 vixit,
1695 5111 1802 5174 antio·
1820 5107 2035 5211 fibaabrsstrfflffit'b‘ssl

1054 5197 1144 5260 ebeni
1157 5199 1292 5260 nationis
1303 5199 1525 5264 Maronitarum
1538 5202 1728 5266 Patriarebae
1738 5204 1803 5266 obi·
1820 5215 1923 5278 spuria
1934 5224 2035 5282 apasto-

1054 5291 1300 5366 temeriritatis
1323 5292 1362 5354 ob
1381 5294 1566 5358 electionem
1590 5311 1644 5357 seu
1666 5297 1801 5374 postula·
1819 5267 2034 5372 ἔξὲἶὲᾞθζῗέξῆζ

1056 5384 1173 5446 tionem
1189 5387 1322 5448 duorum
1335 5385 1581 5450 patriarcharum
1595 5389 1631 5450 ad
1643 5389 1799 5452 ecclesiam

1054 5478 1289 5555 patriarchalem
1316 5479 1414 5541 dietae
1436 5480 1570 5542 nationis
1591 5481 1715 5556 laetam,
1738 5483 1802 5545 edi-

1054 5571 1156 5632 dimus
1183 5570 1361 5648 apostolicas
1389 5571 1487 5633 nostri
1516 5572 1548 5634 in
1581 5573 1675 5634 simili
1703 5574 1799 5636 torma

1054 5664 1160 5725 Brevis
1182 5664 1284 5726 literas
1306 5666 1342 5728 ad
1368 5665 1579 5728 venerabilem
1605 5666 1732 5729 tratrem
1754 5669 1800 5731 Si-

1054 5774 1181 5820 monem
1209 5757 1482 5837 arehiepiscopum
1508 5761 1731 5824 damascenum
1752 5763 1802 5826 da·

1191 5893 1289 5901 ...n-...-

292 5963 323 6018 (1)
339 5963 375 6008 Ex
389 5961 456 6008 Bull.
471 5963 503 6008 de
517 5965 591 6022 Prnp.
606 5963 668 6009 Fide
682 5965 731 6010 rol.
747 5968 799 6022 111,
814 5977 870 6023 pag.
886 5969 920 6012 87.
