4732 7014
285 535 339 592 An.
354 539 384 594 O.
405 533 474 590 1740
525 529 562 597 12

503 669 603 732 cialia
623 683 845 747 personarum,
870 667 966 739 turis,
984 665 1125 739 honoris,
1140 673 1249 728 status

503 771 533 826 et
556 765 725 840 potestatis
752 777 860 824 eorum
890 760 1129 824 machinentur.
1160 761 1200 822 Et
1220 759 1248 819 si

505 857 586 920 talia
608 875 627 919 a
649 855 897 934 quibuscumque
916 855 1055 917 tractari
1074 854 1121 916 uel
1135 869 1248 932 pracu-

504 951 575 1012 rari
597 965 724 1020 austero,
744 948 915 1026 impediam
930 949 986 1010 boc
1008 963 1065 1026 pro
1086 963 1189 1026 possa:
1207 947 1249 1008 Et

503 1051 623 1120 quauta
652 1044 752 1104 citius
780 1050 903 1119 potero,
934 1039 1122 1120 siqvipcabo
1149 1039 1247 1102 videm

502 1135 637 1198 Domino
659 1135 789 1206 Nostro,
811 1136 857 1196 cel
879 1136 989 1206 alteri,
1006 1150 1062 1212 per
1075 1151 1165 1212 quem
1179 1141 1247 1210 pos-

502 1229 546 1290 sit
568 1229 610 1291 ad
630 1231 734 1310 ipsius
749 1229 903 1292 notitiam
916 1229 1090 1306 pervenire.
1109 1227 1247 1307 Requlas

504 1325 696 1388 Sanctarum
723 1323 878 1394 Patrum,
901 1322 1045 1394 decreta,
1068 1321 1248 1383 ordinatio-

503 1435 569 1491 nes,
592 1435 648 1480 seu
670 1419 904 1496 dispositiones,
921 1416 1160 1487 reservatioacs,
1176 1430 1248 1492 ρνο-

502 1513 640 1574 visiones
661 1521 691 1576 et
715 1511 870 1574 mandata
898 1511 1073 1588 apostolica
1103 1509 1180 1571 totis
1201 1509 1247 1570 vi·

503 1606 594 1672 ribus
616 1605 792 1679 observabo,
809 1614 839 1668 et
855 1607 976 1686 sariam
990 1603 1029 1668 ab
1044 1604 1121 1667 aliis
1145 1601 1245 1666 obser-

501 1702 584 1764 vari.
609 1699 801 1772 Haeretieas,
824 1699 1045 1762 schismaticos
1066 1703 1096 1758 et
1119 1695 1246 1759 rebelles

501 1795 599 1857 cidem
631 1794 766 1856 Domino
792 1791 909 1855 Nostro
938 1791 985 1853 rel
1010 1787 1245 1852 suecessoribus

500 1887 675 1972 praedictis
697 1902 754 1964 pra
777 1901 862 1962 posse
883 1899 1066 1962 persequar,
1090 1889 1119 1944 et
1142 1882 1246 1961 impu·

500 1979 612 2061 quabo.
628 1968 743 2044 Sacros
759 1979 823 2041 RB.
838 1978 1062 2056 Apostolorum
1077 1977 1245 2039 memorias

499 2074 641 2154 siugulis
663 2073 818 2136 trienniis
839 2072 883 2152 (l)
904 2071 1127 2152 personaliter,
1138 2087 1176 2132 ac
1191 2085 1246 2148 per

500 2183 548 2228 ma
576 2167 681 2244 ipsum
707 2164 862 2236 visitabo,
898 2172 928 2226 et
964 2163 1099 2226 Domino
1127 2162 1245 2225 Nostra

499 2258 795 2337 successoribusque
816 2259 978 2339 praefatis
995 2258 1155 2320 rationem
1176 2255 1248 2317 red-

500 2353 574 2416 dam
594 2354 630 2416 de
652 2353 815 2414 commisso
836 2351 917 2413 mibi
932 2349 1183 2427 munerumque
1198 2365 1244 2410 re·

501 2446 558 2509 bus
580 2442 726 2507 amnibus
749 2445 790 2508 ad
817 2444 878 2506 mei
904 2443 1094 2506 manasterii
1122 2458 1178 2504 seu
1200 2458 1246 2501 cc-

500 2539 613 2602 clesiae
640 2545 777 2609 statum,
800 2538 842 2602 ad
864 2537 940 2599 cleri
962 2544 992 2598 et
1014 2535 1123 2614 populi
1151 2535 1246 2596 disci-

499 2632 636 2710 plinam,
666 2633 854 2695 animarum
883 2626 1033 2709 denique,
1059 2645 1138 2708 quoe
1159 2644 1245 2690 meae

499 2727 572 2806 fidei
593 2727 734 2788 creditae
754 2733 844 2799 suat,
867 2727 1005 2790 salutem
1028 2721 1245 2804 quovismodo

498 2817 758 2900 pertentatoque
780 2827 809 2882 ct
831 2819 973 2882 vicissim
993 2817 1150 2880 mambote
1172 2831 1246 2892 apo-

498 2915 614 2978 stolica
637 2914 808 2976 humiliter
829 2912 994 2989 recipiam,
1011 2918 1041 2972 et
1060 2926 1155 2990 quom
1170 2909 1244 2972 dili·

500 3008 686 3090 qeutissime
701 3022 851 3086 quequae.
880 3005 968 3080 Quoad
985 3005 1012 3066 si
1028 3005 1170 3084 leqitimo
1186 3005 1244 3066 im-

499 3102 677 3180 pedimenta
691 3101 838 3163 detentus
847 3101 952 3181 fuera,
962 3097 1128 3177 praedicta
1138 3099 1244 3161 omitia

499 3193 674 3273 adimplebo
702 3209 758 3272 par
785 3201 908 3256 certum
937 3191 1095 3254 nuncium
1122 3191 1244 3254 adbuc

498 3291 633 3368 speciale
654 3287 846 3351 mandatam
873 3283 1039 3348 babeutem
1068 3287 1104 3348 de
1125 3286 1243 3366 grentio

499 3391 672 3444 concentus
693 3377 882 3444 monasterii
897 3379 970 3450 mei,
993 3379 1038 3456 (2)
1059 3385 1118 3442 aut
1140 3379 1243 3441 olium

498 3475 534 3536 iu
566 3475 727 3555 diqaitate
758 3471 974 3536 ecclesiastica
1003 3472 1241 3544 coustitutum,

497 3585 554 3631 seu
574 3569 658 3632 alias
678 3573 883 3646 personatum
905 3563 1080 3637 habentem,
1104 3573 1175 3638 aut,
1193 3564 1243 3628 bis

500 3661 581 3724 mibi
614 3658 850 3739 deficientibus,
883 3675 938 3738 per
969 3659 1108 3736 aliquem
1139 3660 1242 3722 alium

499 3754 720 3836 presbyterum
754 3753 953 3816 saecularem
986 3751 1034 3814 vel
1063 3754 1242 3833 reputarem

497 3855 658 3930 spectatae
678 3845 853 3926 probitatis
874 3853 903 3908 ct
925 3847 1105 3926 relipiaais,
1129 3846 1166 3908 de
1189 3863 1244 3908 su-

497 3943 655 4022 pradictis
678 3939 824 4004 omuibus
845 3941 934 4018 pleae
964 3941 1174 4002 irestruotum.
1199 3938 1242 4000 De

497 4035 683 4099 huiusmodi
704 4041 811 4098 autem
822 4034 1048 4111 impedimento
1062 4031 1172 4097 docebo
1186 4049 1242 4111 per

497 4130 659 4209 legitimas
680 4125 883 4207 probationes
905 4127 947 4190 ad
969 4127 1000 4190 S.
1019 4125 1057 4189 R.
1076 4125 1112 4188 Ε.
1129 4127 1243 4190 Cardi-

497 4226 602 4288 ualem
627 4221 892 4304 dortqrapattouls
908 4220 980 4284 Sao.
999 4221 1136 4284 Caecilii
1151 4235 1242 4298 prae-

496 4319 617 4397 sectum
631 4332 687 4394 per
703 4316 827 4378 dictum
842 4315 1000 4376 nuncium
1017 4315 1242 4377 trausmitteu-

498 4409 566 4474 dus.
600 4409 812 4471 Possessioues
839 4423 913 4469 vero
940 4407 982 4470 ad
1007 4397 1240 4470 monasterium

497 4519 601 4565 mcum
625 4503 823 4580 pertinentes
852 4517 916 4562 uau
937 4500 1089 4572 vendam,
1112 4516 1167 4561 nea
1189 4500 1242 4562 do-

496 4593 589 4666 aabo,
612 4612 710 4675 aeque
731 4594 1032 4676 impurarumque
1047 4594 1083 4655 de
1097 4609 1176 4655 aavo
1190 4595 1241 4654 ia-

497 4686 644 4770 qcudabo,
666 4690 838 4766 velutique
859 4688 947 4750 modo
963 4685 1123 4759 alienabo,
1140 4687 1240 4749 ctiam

392 4853 399 4872 ⁹
496 4799 569 4844 cum
590 4797 744 4844 consensa
765 4789 938 4844 couveutus
953 4781 1142 4843 monasterii
1164 4780 1238 4851 mci,

496 4875 681 4938 inconsulto
712 4874 850 4938 Routauo
879 4874 1042 4954 Pontifice.
1078 4873 1120 4936 Et
1147 4874 1175 4934 εἰ
1196 4873 1240 4936 ad

496 4969 640 5047 aliquam
660 4969 888 5032 alienationem
901 4969 1062 5039 devenero,
1075 4982 1189 5044 paenas
1203 4967 1239 5028 iu

496 5062 635 5140 quadam
648 5077 743 5139 super
754 5061 810 5124 boc
824 5063 912 5124 edita
924 5060 1158 5124 constitutivae
1170 5075 1240 5121 cau·

497 5161 621 5227 tentos,
650 5172 683 5216 eo
706 5155 772 5233 ipso
804 5155 972 5218 incurrere
1002 5153 1083 5216 volo.
1118 5151 1172 5214 Sic
1192 5167 1240 5214 me

496 5249 581 5310 Deus
601 5248 746 5320 adiuvet,
768 5255 799 5310 et
822 5249 898 5312 baec
926 5253 1040 5310 sarecto
1069 5245 1124 5309 Del
1147 5263 1240 5308 crau·

494 5343 590 5425 pelio.

301 5459 403 5508 sancus
420 5469 478 5518 pos
535 5439 554 5514 ἓ
577 5437 624 5500 ta.
640 5435 727 5500 Nulli
740 5451 815 5512 ergo
827 5436 958 5499 omnino
972 5435 1136 5498 hominnm
1152 5433 1241 5497 liceat

266 5513 339 5559 nulls.

495 5532 573 5594 hano
594 5531 738 5610 paginam
767 5537 890 5592 nostrae
920 5529 1101 5604 voluntatis,
1127 5527 1242 5590 consti-

496 5625 637 5700 tutionis,
660 5623 786 5698 decreti,
797 5623 916 5698 statuti,
933 5622 1114 5684 hortationis
1128 5629 1159 5684 et
1174 5635 1240 5683 mo-

536 5865 566 5921 (lt
582 5867 632 5910 seu
647 5869 847 5920 qrrlnqueuults.
937 5907 940 5914 .

536 5935 566 5992 (2)
582 5935 632 5980 Seu
648 5936 765 5989 Capltutl
778 5937 898 5980 molestae
911 5943 991 5980 meae.

1179 6015 1183 6028 Ι
1267 5867 1272 5975 Ι

1024 541 1088 594 tun.
1112 541 1203 593 nonr.
1227 537 1267 592 ota
1289 543 1318 592 e.
1342 539 1371 593 r.
1396 545 1479 594 enas
1501 543 1521 592 1.

1305 668 1433 730 nitionis
1454 667 1638 745 intringere,
1662 667 1711 729 vel
1732 668 1761 730 ei
1782 683 1858 730 ausu
1886 667 2049 730 temerario

1305 761 1475 837 contraire3
1488 762 1513 823 si
1530 761 1599 840 quis
1611 770 1715 824 autem
1726 761 1783 824 hoc
1800 769 1952 823 attentare
1964 777 2049 839 prae-

1303 858 1483 936 sumpserit,
1497 859 1743 936 indignationem
1759 857 1982 936 omnipotentis
1997 857 2049 919 Dei

1304 967 1337 1013 ac
1366 952 1527 1014 heatorum
1555 953 1636 1016 Petri
1664 961 1696 1016 et
1720 952 1805 1014 Pauli
1831 950 2050 1030 Apostolorum

1304 1045 1371 1108 eius
1393 1062 1425 1107 se
1447 1047 1571 1108 noverit
1593 1047 1805 1108 incursurum.

1343 1139 1454 1202 Datum
1468 1139 1686 1218 Ramnesque
1703 1139 1733 1203 S.
1748 1139 1875 1202 hieriam
1889 1139 2048 1211 Maiorem,

1302 1248 1385 1294 anno
1406 1233 1626 1294 incarnationis
1642 1232 2048 1308 nominioaeuuccm.,1x.

2080 529 2133 586 An.
2151 529 2189 584 0.
2216 523 2296 580 1740
2352 566 2353 630 ἒ

1303 1325 1448 1387 kalendas
1468 1325 1650 1400 decembris,
1667 1325 1779 1405 pontii.
1803 1325 1900 1388 nostri
1922 1342 2004 1387 anno
2026 1342 2047 1386 r.
2127 1357 2132 1372 ·

1562 1486 1799 1503 -ιμ--

1651 1608 1702 1674 IV.

1302 1794 1480 1874 Antequam
1499 1795 1698 1875 Episcopalis
1713 1798 1965 1860 consecrationis
1981 1813 2049 1859 mu-

1342 1905 1403 1950 rtus
1424 1892 1583 1968 suscipiat
1600 1889 1730 1953 Electus
1745 1889 1943 1963 Pellenensis,
1960 1891 2048 1953 iubet

1341 1998 1413 2044 erem
1434 1983 1619 2045 solemniter
1632 1983 1795 2060 spondere,
1811 1999 1842 2044 se
1857 1983 1987 2047 Bulbum
2004 1983 2049 2044 Ex

1342 2075 1394 2138 illa
1415 2077 1465 2140 die
1485 2093 1542 2138 aea
1563 2093 1626 2138 uon
1648 2077 1794 2149 Decreta,
1818 2077 1944 2148 Bullas,
1971 2075 2051 2142 Cou-

1340 2170 1529 2231 stitutioues
1550 2170 1654 2234 editas
1672 2178 1702 2233 et
1718 2170 1852 2234 cdcrtdas
1869 2170 2048 2252 diligentis·

1340 2265 1418 2324 sime
1439 2262 1684 2327 observaturum
1705 2263 1762 2344 (3).

1322 2445 1438 2514 [tileoto
1461 2447 1524 2516 tilio
1552 2447 1716 2533 polycarpo
1741 2447 1843 2541 sousa
1865 2446 1937 2516 Soa.
1960 2446 2027 2516 lesu

1440 2541 1546 2610 Electa
1571 2541 1734 2610 Pelinensi
1757 2544 1785 2610 in
1808 2541 1907 2623 Sinis,

1461 2688 1707 2757 euhemerus
1734 2689 1796 2757 ΡΡ.
1819 2691 1888 2758 Xlll.

1575 2824 1692 2892 ltileete
1714 2826 1774 2906 tili,

1333 2921 1461 2990 sulutem
1483 2927 1516 2989 et
1536 2921 1732 3006 apostolicam
1761 2921 2010 2990 benedictionem.

1338 3099 1531 3177 Quamquam
1552 3099 1684 3175 gravitas
1713 3114 1838 3161 morum
1860 3115 1894 3160 ac
1913 3099 2049 3164 severio-

1299 3208 1372 3254 rum
1392 3191 1568 3254 litterarum
1589 3192 1728 3267 seientia,
1752 3192 1863 3270 quihus
1885 3191 1929 3254 Te
1943 3193 2046 3254 ornari

1298 3284 1523 3360 intelleximus,
1546 3285 1720 3347 alliciebant
1741 3284 1881 3347 animum
1903 3293 2046 3348 nostrum

1298 3378 1334 3440 ad
1355 3378 1616 3440 committendum
1644 3377 1822 3454 vigilantiae
1851 3384 1922 3439 tuae
1943 3378 2047 3440 Pechi-

1299 3488 1428 3534 nensem
1450 3472 1670 3551 episcopatum,
1693 3473 1727 3534 ad
1750 3467 1844 3551 quiem
1872 3479 2047 3551 praesenta·

1299 3573 1348 3626 tus
1369 3565 1457 3627 nohis
1477 3564 1580 3626 fueras
1601 3583 1617 3626 a
1638 3565 1795 3628 carissimo
1816 3566 1849 3627 in
1871 3567 1993 3628 Christo
2010 3567 2045 3628 fi-

1298 3658 1339 3720 lio
1361 3666 1467 3720 nostro
1490 3658 1625 3720 iohanne
1647 3658 1854 3752 Portngalliae
1874 3659 1959 3737 Rege
1973 3660 2046 3722 illu·

1297 3752 1368 3828 stri;
1391 3752 1532 3830 suspensi
1554 3759 1659 3814 tamen
1689 3753 1892 3816 haerebamus
1914 3753 2045 3815 certissi-

1298 3846 1356 3907 mis
1376 3846 1497 3908 nuutiis
1513 3845 1750 3908 commonefacti
1766 3861 1830 3908 non
1846 3847 1887 3908 ita
1901 3845 1988 3909 facile
2003 3847 2046 3909 'le

1298 3957 1419 4002 morem
1446 3940 1574 4017 gessisse
1601 3947 1695 4018 atque
1720 3941 1947 4021 obtemperasse
1976 3957 2047 4020 opo·

1297 4034 1422 4096 stelione
1436 4033 1662 4106 constitutioni,
1680 4049 1758 4111 quae
1775 4034 1900 4112 incipit:
1919 4036 1970 4097 Eu
1986 4034 2045 4099 illa

1297 4126 1347 4187 dte
1368 4144 1383 4187 a
1404 4143 1470 4188 sau.
1495 4142 1588 4188 meno.
1614 4126 1776 4192 Clemente
1796 4128 1847 4192 Xl.
1871 4129 2047 4207 praedeces-

1296 4236 1365 4282 sore
1386 4229 1491 4282 nostro
1515 4219 1553 4282 de
1575 4220 1684 4283 ritihus
1707 4220 1889 4285 Sinensihns
1907 4221 2045 4299 promul-

1296 4321 1402 4390 gatae;
1424 4314 1459 4375 ad
1478 4313 1607 4391 eiusque
1622 4313 1831 4376 obedientiam
1846 4329 1938 4390 aegre
1955 4322 1984 4376 te
1999 4331 2044 4376 ao·

1296 4407 1515 4482 commodasse,
1538 4414 1568 4468 et
1589 4409 1622 4468 in
1645 4406 1709 4484 ipsa
1727 4407 1960 4470 Constitutione
1974 4423 2045 4469 exe·

1296 4501 1417 4578 quenda
1437 4515 1492 4578 per
1513 4499 1655 4576 ambages
1677 4499 1918 4576 tergiversatum
1939 4499 2043 4576 luisse,

1296 4594 1371 4655 dum
1398 4609 1482 4655 sacro
1511 4591 1694 4654 missionarii
1727 4593 1825 4654 officio
1856 4592 2043 4671 fungereris,

1296 4687 1367 4749 licet
1383 4695 1472 4748 antea
1487 4685 1689 4748 iureiurando
1703 4685 1884 4749 affirmasses
1899 4688 1937 4750 ah
1951 4703 1985 4749 ea
2002 4688 2044 4750 Te

1297 4796 1361 4843 non
1381 4779 1599 4842 discessurum.
1629 4779 1841 4842 licitantem
1872 4782 2043 4844 haesitatio-

1296 4890 1368 4936 nem
1390 4878 1529 4935 nostrem
1549 4873 1640 4934 insita
1662 4872 1750 4934 nohis
1765 4873 1870 4951 opinio
1884 4875 2044 4951 religiosae

1295 4967 1460 5030 docilitatis
1481 4973 1563 5040 tuae,
1580 4973 1726 5044 certaque
1739 4982 1808 5044 spes
1824 4966 1879 5028 tihi
1894 4983 1973 5028 nova
1988 4967 2044 5030 hac

1295 5059 1445 5138 dignitate
1467 5059 1581 5122 arctius
1602 5059 1749 5122 ohstrieto
1767 5060 1957 5138 spostolicae
1973 5059 2042 5123 Sedi

1297 5154 1387 5215 aliem
1407 5153 1472 5215 fore
1502 5160 1643 5214 mentem
1669 5152 1932 5230 solertissimeque
1957 5169 2044 5215 cura·

1298 5253 1416 5320 turum,
1439 5253 1475 5308 ut
1496 5245 1606 5308 maiori
1627 5246 1723 5308 animi
1744 5245 1898 5307 alacritate
1919 5259 2043 5322 repares

1296 5339 1445 5418 quidquid
1467 5346 1555 5401 antea
1578 5339 1738 5402 titubando
1753 5353 1923 5401 erraveras.
1938 5337 2044 5402 Nihilo

1296 5433 1406 5508 secius,
1430 5449 1470 5494 ne
1493 5447 1656 5510 supremae
1678 5431 1821 5512 pastorali
1843 5440 1965 5494 nostrae
1985 5433 2045 5496 sol-

1297 5525 1450 5588 licitudini
1479 5524 1649 5604 quidquam
1676 5525 1809 5604 supersit
1837 5526 1870 5587 iu
1898 5542 1961 5604 qno
1981 5531 2045 5588 tor-

1297 5626 1439 5698 queatur,
1472 5626 1504 5680 et
1535 5635 1576 5681 ne
1603 5618 1665 5680 nlla
1693 5620 1784 5682 detur
1815 5618 1960 5697 carpendi
1988 5635 2053 5683 uos.

1326 5865 1367 5978 1ἱ3)
1382 5865 1420 5908 nx
1434 5867 1496 5921 App.
1511 5861 1578 5908 Bell.
1594 5863 1619 5906 Ρ.
1635 5859 1666 5906 de
1680 5861 1754 5916 Prop.
1769 5859 1832 5906 Fide
1850 5859 1898 5907 rol.
1914 5862 1954 5918 11.,
1968 5872 1991 5917 ρ.
2007 5861 2041 5916 8³,

1296 5943 1326 5979 oo
1349 5935 1418 5978 .ete.
