4744 6976
331 559 386 622 An.
400 565 431 620 (1.
452 561 523 618 1744
572 559 629 628 170

552 715 622 764 rum
635 701 719 764 boris
729 708 761 763 et
772 706 843 763 ante
856 700 904 763 vel
918 700 1095 764 immediate
1107 709 1175 781 post
1189 717 1295 782 qnam·

551 811 686 873 cumque
707 811 823 858 sacram
844 794 1049 858 functionem.

359 911 399 949 ur.
415 899 535 1000 nranime-
593 893 751 955 «Cineres
766 889 873 952 itidem
889 905 926 953 ex
943 905 1050 952 vaceae
1070 899 1204 954 stercore
1225 907 1297 953 con·

320 958 535 1065 iginffinssffi
554 987 646 1048 lectos
668 994 699 1046 et
720 983 845 1060 impiam
874 982 1046 1046 Gentilium
1073 985 1296 1063 poenitentiam

320 1062 535 1173 ffffssfffflggl,
553 1099 568 1142 a
583 1080 703 1142 Rutren
715 1078 890 1140 institutam
905 1078 1090 1152 redolentes,
1103 1077 1295 1151 benedicere,

320 1172 535 1269 gfflffiilffil
554 1189 666 1251 eosque
687 1171 782 1234 tronti
796 1188 880 1234 sacro
896 1171 1067 1236 chrismate
1080 1171 1226 1233 delinitae
1242 1172 1298 1232 im·

320 1234 466 1332 neuririoffa
486 1257 534 1323 da·
553 1268 695 1345 pingere,
716 1267 782 1328 sive
803 1266 859 1328 alia
889 1281 1103 1345 quaecumque
1128 1266 1215 1341 signa
1238 1264 1296 1325 albi

320 1334 452 1378 mnanrur.
553 1362 600 1422 vel
624 1361 712 1423 rubei
736 1359 857 1434 coloris,
882 1358 994 1438 quibus
1016 1359 1084 1421 lntli
1105 1358 1297 1436 superstitio·

552 1456 663 1518 sissimi
686 1455 719 1517 in
741 1453 844 1516 fronte
859 1452 908 1515 vel
925 1452 957 1514 in
973 1463 1109 1530 pectore,
1126 1460 1178 1514 aut
1194 1451 1226 1514 in
1240 1451 1297 1511 alia

552 1551 659 1628 quavis
670 1548 805 1625 corporis
820 1556 918 1625 parte,
933 1553 1077 1620 utuntur,
1093 1544 1214 1606 delerre
1230 1560 1299 1622 pro-

552 1641 711 1716 bibemus;
734 1639 926 1713 mandantes
947 1645 981 1700 ut
1002 1638 1131 1702 Sanctae
1147 1637 1298 1700 Ecclesiae

552 1732 762 1807 consuetude,
792 1733 896 1811 piique
918 1733 995 1794 ritus
1025 1733 1152 1794 Cineres
1173 1731 1298 1794 benedi·

552 1827 654 1904 cendi,
678 1827 798 1905 illisque
821 1827 1060 1889 christianornm
1087 1831 1177 1904 caput
1200 1827 1297 1887 Cruce

552 1920 706 1998 signandi,
729 1919 764 1981 ad
787 1921 942 1982 humanae
963 1919 1152 1982 infirmitatis
1182 1933 1299 1979 memn-

553 2016 630 2077 riam
646 2014 849 2088 recolendam,
866 2013 1009 2094 religiose
1025 2021 1203 2086 serventur,
1221 2019 1299 2073 tem-

553 2124 627 2187 pore
647 2124 681 2168 ac
702 2107 792 2168 modo
813 2107 851 2168 ab
873 2106 1006 2169 Ecclesia
1028 2107 1226 2186 praescripto,
1243 2105 1298 2166 sci-

554 2203 626 2265 licet
647 2199 721 2262 leria
742 2209 849 2280 quarta
871 2201 1020 2263 cinerum
1036 2209 1066 2262 et
1089 2215 1150 2260 non
1173 2199 1255 2259 alias.

349 2305 535 2370 vircoutpsqr·
594 2299 666 2360 «Et
687 2299 826 2373 demum,
849 2297 920 2376 quia
942 2313 979 2358 ex
1002 2297 1151 2359 librorum
1173 2298 1211 2359 de
1226 2294 1297 2356 lalsa

321 2359 536 2476 {gniffiss'ssss'ffl
554 2393 705 2470 religione
733 2401 764 2454 et
785 2393 823 2454 de
851 2391 941 2454 rebus
969 2391 1125 2453 obscaenis
1153 2389 1299 2469 supersti-

322 2466 483 2568 &guarum
506 2479 536 2513 ‘¹'
555 2491 701 2569 tiosisquc
725 2488 921 2550 tractantium
945 2485 1070 2560 lectura,
1088 2499 1248 2546 venenum
1265 2491 1299 2546 ut

553 2584 726 2664 plurimum
754 2597 879 2660 serpere
906 2580 984 2642 solat
1005 2581 1039 2642 ad
1068 2595 1120 2640 cor
1147 2578 1297 2651 fratellum,

554 2694 615 2758 quo
644 2693 707 2740 non
739 2677 844 2738 minus
866 2675 936 2736 fidei
966 2673 1081 2751 puritas
1111 2672 1296 2746 uilenditur,

553 2789 646 2851 quam
680 2787 783 2832 mores
815 2777 1077 2846 corrumpuntur,
1111 2781 1299 2844 magnopere

554 2864 807 2928 commendantes
835 2864 939 2924 zelum
960 2879 993 2923 ac
1020 2860 1158 2922 studium
1182 2859 1299 2920 missio·

554 2959 727 3032 nariorum,
750 2957 803 3036 qui
826 2956 918 3017 libros
941 2971 1057 3018 sacram
1081 2954 1233 3016 Ecclesiae
1251 2969 1299 3016 ca·

556 3052 684 3113 tbolicae
698 3051 872 3113 doctrinam
885 3064 1054 3127 rerumque
1065 3063 1221 3110 sacrarum
1235 3063 1297 3108 mo-

554 3150 704 3206 numenta
730 3144 938 3217 continentes,
965 3158 1019 3221 pro
1047 3142 1194 3203 indorum
1219 3141 1298 3202 cbri-

553 3238 734 3300 stitidelium
763 3235 954 3311 eruditione,
978 3237 1011 3296 in
1042 3235 1181 3312 lingnam
1211 3235 1298 3297 itala-

554 3330 686 3392 baricam
715 3346 770 3391 seu
796 3329 987 3392 'lamulicam
1014 3327 1218 3402 transtulere,
1249 3328 1298 3388 vel

555 3439 652 3487 novos
667 3440 722 3502 pro
737 3424 863 3485 illorum
886 3425 1047 3485 commodo
1057 3429 1088 3482 et
1100 3421 1299 3484 institutione

554 3528 812 3597 composuerunt;
838 3519 947 3580 iisdem
975 3517 1227 3580 christifidelibus
1248 3534 1300 3578 ex·

554 3628 656 3692 presse
679 3613 892 3675 interdicimus
911 3612 1062 3674 fabulosos
1076 3611 1249 3675 Gentilium
1264 3612 1300 3672 li-

555 3707 636 3784 bros,
652 3722 766 3785 eosque
779 3707 882 3783 legere
897 3714 928 3767 et
939 3707 1077 3789 retipere
1089 3705 1299 3783 probibemus,

554 3804 612 3865 sub
626 3817 724 3881 poena
739 3800 1068 3863 excommunicationis
1085 3799 1161 3861 latae
1176 3808 1301 3860 senten-

555 3899 625 3972 tiae,
649 3897 707 3958 nisi
730 3897 815 3973 prius
837 3895 940 3957 babila
963 3893 1085 3956 licentia
1106 3893 1230 3971 parochi
1245 3907 1300 3952 seu

555 3991 742 4052 missionarii
773 4005 877 4051 curam
907 3991 1080 4050 animarum
1109 3985 1298 4060 exercentis,

555 4099 689 4161 quorum
715 4083 900 4161 prudentiae
926 4082 1149 4144 committimus
1175 4077 1299 4140 faculta-

556 4185 618 4239 tem
641 4193 734 4256 super
762 4177 819 4239 boc
850 4176 1061 4254 dispensandi,
1084 4183 1114 4236 et
1141 4173 1234 4235 libros
1255 4173 1299 4251 (si

556 4288 608 4350 qur
620 4270 700 4333 lorte
720 4269 813 4350 sunt)
835 4270 925 4332 noxia
941 4271 1160 4347 superstitione
1176 4282 1299 4340 vacuos,

556 4373 586 4425 et
609 4364 688 4426 nibil
703 4373 810 4426 contra
826 4364 921 4425 bonos
936 4378 1038 4426 mores
1054 4369 1228 4439 tractantes,
1245 4376 1300 4438 pro

556 4457 782 4520 christanorum
806 4473 863 4518 usu
884 4456 1047 4533 seligendi,
1066 4471 1238 4532 eorumque
1259 4454 1301 4516 le·

556 4559 675 4614 cturam
701 4550 910 4628 permittendi.

372 4667 476 4713 nancei
492 4665 538 4712 g„
598 4643 666 4704 «Ea
679 4643 775 4719 igitur
787 4643 933 4705 universa
944 4650 975 4705 et
985 4642 1107 4719 singula
1120 4643 1301 4704 auctoritate

325 4719 539 4820 ξῗῇξῂᾛοῢξξῇ
557 4736 718 4817 apostolica
740 4743 770 4796 et
793 4745 901 4797 tenore
921 4737 1083 4815 praedictis
1104 4737 1299 4810 damnamus,

267 4853 271 4860 ⁴
325 4827 391 4926 iffi·
413 4826 494 4928 {3232
512 4840 539 4927 ξ
557 4848 591 4894 ac
612 4831 811 4905 districtiori,
834 4847 895 4909 qno
917 4846 1097 4909 possumus,
1120 4831 1210 4892 medo
1231 4845 1301 4907 pro-

325 4935 349 4982 s.
372 4934 436 4980 seca
457 4935 539 4992 prou-
559 4923 718 5002 bibemus;
741 4929 923 4988 mandantes
938 4927 1015 5003 patri
1031 4923 1214 5003 provinciali
1229 4923 1300 4984 Pro·

325 4988 461 5088 fflffln'
484 4999 540 5044 '³⁰⁰'
558 5019 678 5081 vinciae
699 5019 903 5093 llalabaricae,
926 5021 1116 5096 caeterisque
1135 5017 1300 5095 superiori·

557 5114 614 5176 bus
635 5112 794 5176 Societatis
821 5113 889 5174 lesu
916 5113 947 5173 in
971 5113 1063 5174 indiis
1082 5110 1299 5185 Drientalrbus,

557 5217 593 5270 ut
613 5206 671 5269 buc
692 5214 834 5267 nostrum
863 5207 1026 5268 Decretum
1054 5205 1216 5266 notificent
1236 5219 1300 5264 sin·

557 5303 638 5379 gulis
661 5301 871 5374 missionariis,
887 5301 953 5361 sive
968 5299 1034 5360 allis
1052 5299 1300 5377 quibuscumque

556 5411 661 5458 curam
682 5408 857 5456 animarum
868 5393 1084 5455 exercentibus
1104 5393 1162 5454 sibi
1183 5393 1299 5452 subrec-

556 5491 608 5566 tis,
621 5490 760 5570 illudque
781 5499 931 5567 perpetuo
947 5496 978 5548 et
994 5487 1215 5549 inviolabiliter
1231 5501 1300 5548 exe-

557 5587 609 5661 qui
632 5582 755 5658 lactant,
777 5583 834 5645 sub
855 5598 952 5662 poena
974 5582 1301 5644 excommunicationis

558 5676 635 5738 latae
656 5681 830 5740 sententiae
851 5679 949 5755 quoad
971 5677 1176 5754 provinciales
1197 5684 1228 5735 et
1250 5691 1296 5734 su-

557 5773 705 5849 periores,
718 5783 748 5832 et
761 5771 972 5849 suspensionis
987 5786 1003 5830 a
1018 5770 1131 5830 divinis
1142 5769 1208 5846 ipsu
1223 5766 1300 5828 lacto

557 5865 763 5926 incurrendae
776 5870 873 5944 quoad
883 5866 1020 5927 subditos
1032 5861 1299 5938 contrafacientes,

556 5976 611 6024 seu
627 5961 717 6024 aliter
732 5961 961 6044 permittentes.
983 5959 1084 6039 Atque
1106 5960 1147 6019 ita
1162 5959 1301 6022 decerni·

1070 580 1134 626 lun.
1158 581 1249 667 PONT‘.
1273 583 1314 627 nlt
1336 585 1364 628 Ρ.
1389 585 1417 630 F.
1443 585 1525 630 PARS
1548 585 1568 628 l.

2128 559 2178 610 An.
2193 561 2224 611 Ο.
2246 561 2310 614 tata

1354 719 1423 766 mus
1438 711 1469 766 et
1484 703 1668 767 mandamus
1684 703 1715 766 in
1732 703 1887 776 omnibus,
1904 701 2001 763 donec
2014 701 2095 763 aliud

1353 798 1446 860 luerit
1457 797 1494 859 ab
1503 796 1671 875 apostoliea
1680 795 1758 859 Sede
1770 795 1818 857 vel
1830 813 1846 856 a
1859 795 1946 859 nobis
1958 796 2095 858 eiusdem

1353 891 1534 953 auctoritate
1548 892 1721 969 provisum,
1735 889 1955 952 inviolabiliter
1968 892 2096 966 servari,

1353 1001 1416 1048 non
1439 984 1630 1048 obstantibus
1651 986 1910 1064 quibuscumque.

1393 1080 1465 1142 «Et
1486 1095 1526 1140 ne
1548 1096 1587 1145 ex
1608 1081 1667 1154 bis,
1683 1095 1762 1158 quae
1781 1095 1924 1156 expresse
1938 1086 2096 1156 praecepta
2129 1085 2322 1144 peccaminum

1352 1173 1402 1234 rel
1424 1172 1578 1250 prohibita
1600 1190 1616 1233 a
1638 1174 1725 1236 nobis
1751 1172 1855 1246 luere,
1881 1173 2008 1235 taciturn
2029 1174 2097 1250 quis
2117 1141 2323 1240 Βῧῖιειῗῗὲἆῗῖῗοῗ

1353 1267 1505 1329 deducere
1526 1266 1637 1342 valeat,
1661 1267 1691 1328 in
1715 1267 1843 1345 reliquis
1870 1266 2027 1343 practicari
2051 1247 2325 1348 so·{,¹1,¹,⁰,'¹‘¹{,²„³,⁰⁹‘23

1348 1361 1417 1424 litis
1439 1361 1470 1423 in
1499 1361 1563 1422 istis
1592 1361 1805 1436 missionibus,
1835 1371 1975 1423 nostrum
1997 1378 2097 1424 assen-
2117 1337 2275 1454 ffiffi
2290 1369 2324 1453 ᾗῇ·

1353 1469 1434 1528 sum,
1457 1471 1512 1516 seu
1540 1453 1792 1532 approbationem
1820 1455 1905 1534 (cum
1927 1455 2014 1534 plura
2037 1454 2098 1516 lor·
2116 1471 2176 1518 gna.

1353 1564 1406 1610 san
1431 1546 1649 1610 reformatione
1669 1547 1760 1625 digna
1786 1557 1921 1611 nostram
1949 1551 2100 1625 cognitio-

1355 1657 1429 1704 nem
1450 1640 1631 1717 eilugerint,
1655 1647 1684 1702 et
1710 1641 1766 1702 alia
1789 1642 1942 1704 maturius
1966 1658 2096 1704 examen

1353 1734 1539 1813 postulantia
1562 1734 1694 1796 indecisa
1711 1735 1942 1812 remanserint),
1959 1736 2036 1798 banc
2051 1737 2098 1798 in·

1355 1829 1609 1906 terpretationem
1631 1827 1760 1890 omnino
1783 1829 1939 1892 relicimus
1954 1835 1985 1890 et
2000 1831 2097 1891 menti

1354 1931 1477 1984 nostrae
1492 1937 1558 1983 esse
1573 1922 1759 1983 contrariam
1779 1921 1979 1984 declaramus.
2004 1922 2098 1984 Voln-
2126 1939 2328 2037 praecorrumpe-

1355 2031 1424 2076 mns
1439 2022 1544 2076 autem
1558 2015 1646 2076 iustis
1661 2016 1699 2078 de
1713 2018 1821 2090 causis,
1834 2023 1870 2078 ut
1885 2015 1943 2077 boc
1957 2024 2096 2079 nostrum
2118 1990 2328 2092 fflfflfflssffll

1355 2111 1514 2172 decretum
1536 2107 1687 2170 afficiatet
1704 2124 1758 2186 pro
1776 2108 1929 2185 publicato
1952 2109 2098 2171 babeatur
2117 2101 2329 2198 warrantu-

1356 2210 1422 2280 post
1444 2201 1529 2263 illins
1542 2201 1740 2263 traditionem
1756 2219 1771 2261 a
1788 2209 1893 2263 nostro
1910 2201 2099 2264 cancellario

1356 2295 1524 2358 taciendam
1547 2293 1626 2357 Patri
1642 2294 1775 2356 Gnidoni
1791 2295 1925 2356 laebard
1938 2293 2098 2373 vice-pro

1355 2389 1479 2453 vinciuli
1509 2389 1632 2452 Patrum
1661 2387 1819 2451 Gallorum
1846 2389 2003 2453 societatis
2031 2393 2098 2454 lesu

1356 2486 1387 2548 in
1409 2485 1519 2561 lndiis3
1542 2483 1593 2546 cui
1614 2494 1773 2562 propterea
1791 2485 1823 2545 in
1841 2484 1959 2547 virtute
1979 2493 2100 2547 sanctae

1355 2577 1544 2640 obedientiae
1572 2593 1652 2640 onus
1673 2577 1885 2656 iniungimus,
1908 2587 2041 2654 quatuor
2061 2579 2100 2640 si·

1355 2672 1439 2734 milia
1461 2671 1648 2749 exemplaria
1670 2671 1899 2733 transmittendi
1921 2673 1956 2733 ad
1980 2671 2098 2734 Patrem

1354 2764 1578 2826 Provincialem
1600 2765 1778 2842 provinciae
1793 2763 2000 2839 llalabarieae‚
2016 2766 2098 2826 acad

1355 2860 1458 2920 Patres
1489 2857 1671 2937 Superiores
1698 2857 1881 2919 missionum
1910 2858 2100 2922 bladusensis

1354 2960 1385 3014 et
1408 2952 1535 3014 blaissnr
1556 2959 1586 3012 et
1609 2951 1814 3026 Garnatensis,
1834 2951 1946 3029 quibus
1969 2959 2034 3030 post
2056 2950 2100 3011 bi·

1355 3053 1468 3107 mestre
1484 3054 1515 3106 et
1537 3043 1663 3122 reliquis
1684 3044 1884 3107 missionariis
1907 3053 1973 3122 post
1995 3045 2100 3105 trime-

1354 3147 1419 3201 stre
1440 3155 1454 3199 a
1477 3137 1526 3198 die
1558 3139 1801 3214 consignationis
1833 3137 1986 3200 faciendae
2019 3138 2101 3199 dicto

1356 3231 1436 3294 Patri
1459 3230 1605 3305 Taenard,
1629 3230 1710 3292 idem
1732 3232 1897 3293 Decretum
1918 3246 1974 3308 pro
2001 3230 2099 3308 publi-

1355 3335 1420 3387 cato
1442 3336 1472 3387 et
1494 3327 1652 3388 notificato
1673 3325 1788 3402 pariter
1809 3325 1968 3386 habeatur.

1395 3420 1536 3480 «Datum
1551 3417 1726 3482 Pndicberii
1744 3417 1774 3479 in
1790 3416 1899 3480 Sancta
1919 3415 2100 3480 visitatione

1357 3511 1528 3592 Apostolica
1549 3511 1605 3573 bac
1625 3510 1676 3572 die
1698 3526 1791 3572 xxni.
1817 3511 1895 3572 iunii
1917 3527 2047 3574 nnccxv.
2069 3520 2100 3574 et

1358 3607 1545 3686 publicatum
1576 3603 1626 3666 die
1658 3622 1727 3668 vrn.
1756 3604 1823 3668 iulii
1857 3605 1995 3667 eiusdem
2027 3606 2100 3666 anni

1356 3714 1487 3762 xnccxv.
1511 3713 1567 3775 per
1590 3697 1789 3759 traditionem
1811 3696 1920 3758 iactam
1937 3713 2041 3760 coram
2062 3698 2101 3761 11-

1356 3793 1542 3857 lustrissimo
1563 3803 1594 3854 et
1615 3791 1884 3854 Reverendissimo
1901 3793 2032 3854 Domino
2047 3808 2101 3868 per

1356 3903 1406 3949 me
1428 3885 1655 3949 cancellarium
1678 3883 1910 3963 infrascriptum
1933 3902 1997 3947 rev.
2018 3885 2099 3947 Patri

1356 3980 1489 4043 Gnidoni
1511 3978 1646 4040 Tachard
1667 3978 1794 4040 Patrnm
1818 3979 1978 4040 Gallorum
2000 3979 2101 4042 Socie-

1357 4074 1426 4135 tatis
1448 4073 1515 4136 lesu
1537 4074 1570 4134 in
1595 4073 1687 4134 lndiis
1707 4072 1912 4135 Orientalibus
1928 4072 2099 4150 Superiori,

1358 4170 1571 4248 praesentibus
1598 4169 1660 4231 DR.
1684 4170 1824 4232 Patribus
1852 4170 2012 4232 Francisco
2034 4169 2102 4230 Lai·

1356 4279 1428 4340 nes,
1462 4263 1627 4342 Superiora
1651 4263 1806 4325 missionis
1838 4261 2045 4337 bladurensis,
2068 4279 2101 4324 ac

1357 4357 1511 4420 Venantio
1524 4357 1659 4420 Boucbet
1675 4355 1842 4435 Superiore
1858 4356 2012 4418 missionis
2029 4357 2101 4419 Dar-

1356 4453 1502 4514 natensis.

1357 4590 1502 4653 Caeneus
1528 4588 1661 4650 Tnonxs
1689 4586 1862 4648 Patriarcba
1886 4584 2099 4648 Antiochenus

1397 4683 1545 4746 visitator
1565 4681 1768 4760 apostolicus.

1356 4779 1507 4841 lucanas
1532 4779 1686 4842 Gannntx
1698 4771 2008 4838 Sacraeliisitationis
2023 4774 2100 4852 xpo-

1395 4871 1519 4934 stolicae
1541 4869 1790 4934 cancellarius.»

1395 5021 1464 5098 53.
1488 5019 1638 5095 Quoniam
1660 5027 1765 5080 autem
1780 5019 1817 5080 de
1839 5034 1872 5079 re
1894 5017 2027 5079 maxima
2050 5033 2099 5078 ea-

1356 5132 1416 5194 que
1428 5114 1608 5191 gravisslma
1623 5113 1780 5190 agebatur,
1794 5111 1875 5173 idem
1888 5110 2100 5173 Antiochenns

1356 5207 1528 5270 Patriarcba
1553 5206 1649 5268 literis
1669 5207 1732 5268 suis
1755 5213 1851 5266 totam
1872 5205 1917 5266 rei
1936 5213 2038 5281 gestae
2054 5220 2101 5267 se·

1356 5305 1436 5364 rtem
1458 5299 1651 5379 Apostolicae
1672 5299 1742 5364 sedi
1764 5298 1956 5361 exactissime
1984 5314 2102 5361 rennn-

1355 5395 1459 5469 ciarit,
1483 5395 1640 5471 latumque
1661 5392 1698 5454 ab
1718 5407 1751 5454 se
1772 5393 1932 5454 decretum
1953 5407 2099 5471 supremo
2157 5401 2276 5453 notatum
2291 5403 2329 5452 ue-

1357 5490 1440 5550 illius
1471 5488 1583 5550 iudicio
1609 5486 1750 5549 subiecit.
1784 5485 1901 5560 Quibus
1923 5487 1958 5548 ad
1984 5486 2098 5547 Urbem
2118 5461 2328 5558 ξξξῖξῗέὲῗέῖἑῖ

1356 5582 1455 5643 allatis
1467 5581 1576 5654 literis,
1589 5580 1671 5642 idem
1684 5581 1898 5658 praedecessor
1909 5585 2017 5640 noster
2032 5577 2100 5640 Cle·
2118 5567 2329 5665 {rimpmc'r‘au'ssiai

1358 5689 1446 5736 mens
1471 5672 1548 5752 Papa
1571 5673 1622 5736 111.
1645 5673 1859 5751 supradictum
1885 5669 1998 5733 vicarii
2020 5668 2099 5747 lipo-
2117 5673 2201 5718 conec
2216 5677 2264 5720 ecc.

1356 5768 1457 5832 stolrci
1488 5769 1654 5829 Decretum
1682 5768 1740 5827 rite
1773 5778 1978 5844 perpensum,
2007 5771 2100 5840 atque

1356 5864 1450 5924 etiam
1471 5862 1503 5922 in
1527 5860 1774 5938 congregacione
1796 5858 1901 5923 Sancti
1915 5857 2011 5922 Dtlicii
2032 5856 2101 5918 dili·

1357 5960 1443 6038 genti
1465 5956 1600 6020 examini
1615 5955 1807 6030 subiectum,
1829 5953 1862 6016 in
1877 5952 2022 6015 omnibus
2036 5965 2100 6012 ser·
