<?xml version="1.0" encoding="UTF-8"?>
<!DOCTYPE html PUBLIC "-//W3C//DTD XHTML 1.0 Transitional//EN"
    "http://www.w3.org/TR/xhtml1/DTD/xhtml1-transitional.dtd">
<html xmlns="http://www.w3.org/1999/xhtml" xml:lang="en" lang="en">
 <head>
  <title>
</title>
<meta http-equiv="Content-Type" content="text/html;charset=utf-8" />
  <meta name='ocr-system' content='tesseract 3.04.00' />
  <meta name='ocr-capabilities' content='ocr_page ocr_carea ocr_par ocr_line ocrx_word'/>
</head>
<body>
  <div class='ocr_page' id='page_1' title='image "./iurispontificii02martgoog_0566.png"; bbox 0 0 4838 6982; ppageno 0'>
   <div class='ocr_carea' id='block_1_1' title="bbox 320 560 2412 628">
    <p class='ocr_par' dir='ltr' id='par_1_1' title="bbox 320 560 2412 628">
     <span class='ocr_line' id='line_1_1' title="bbox 320 560 2412 628; baseline 0.004 -7"><span class='ocrx_word' id='word_1_1' title='bbox 320 561 417 614; x_wconf 72' lang='lat' dir='ltr'><em>tto-C·</em></span> <span class='ocrx_word' id='word_1_2' title='bbox 440 564 507 614; x_wconf 76' lang='lat'>1753</span> <span class='ocrx_word' id='word_1_3' title='bbox 559 562 617 625; x_wconf 76' lang='lat' dir='ltr'><em>atta</em></span> <span class='ocrx_word' id='word_1_4' title='bbox 938 560 940 572; x_wconf 65' lang='lat'><strong>¹</strong></span> <span class='ocrx_word' id='word_1_5' title='bbox 1061 581 1123 624; x_wconf 84' lang='lat' dir='ltr'><em>tun.</em></span> <span class='ocrx_word' id='word_1_6' title='bbox 1151 581 1406 626; x_wconf 63' lang='lat' dir='ltr'><em>coniuratas.</em></span> <span class='ocrx_word' id='word_1_7' title='bbox 1434 583 1557 628; x_wconf 78' lang='lat' dir='ltr'><em>t‘utts&#39;l.</em></span> <span class='ocrx_word' id='word_1_8' title='bbox 2119 573 2218 624; x_wconf 69' lang='lat' dir='ltr'><em>Aac.</em></span> <span class='ocrx_word' id='word_1_9' title='bbox 2242 572 2315 624; x_wconf 77' lang='lat'>1753</span> <span class='ocrx_word' id='word_1_10' title='bbox 2411 579 2412 596; x_wconf 66' lang='lat'>¹</span> 
     </span>
    </p>
   </div>
   <div class='ocr_carea' id='block_1_2' title="bbox 537 697 2087 971">
    <p class='ocr_par' dir='ltr' id='par_1_2' title="bbox 537 697 2087 971">
     <span class='ocr_line' id='line_1_2' title="bbox 537 697 2087 805; baseline 0.004 -47"><span class='ocrx_word' id='word_1_11' title='bbox 537 713 600 758; x_wconf 95' lang='lat' dir='ltr'><em>non</em></span> <span class='ocrx_word' id='word_1_12' title='bbox 624 697 673 758; x_wconf 88' lang='lat' dir='ltr'><em>ita</em></span> <span class='ocrx_word' id='word_1_13' title='bbox 692 697 898 776; x_wconf 88' lang='lat' dir='ltr'><em>accipiendam</em></span> <span class='ocrx_word' id='word_1_14' title='bbox 930 713 994 760; x_wconf 88' lang='lat' dir='ltr'><em>esse</em></span> <span class='ocrx_word' id='word_1_15' title='bbox 1017 699 1161 761; x_wconf 90' lang='lat' dir='ltr'><em>volumus</em></span> <span class='ocrx_word' id='word_1_16' title='bbox 1183 706 1213 760; x_wconf 93' lang='lat' dir='ltr'><em>et</em></span> <span class='ocrx_word' id='word_1_17' title='bbox 1234 699 1284 761; x_wconf 91' lang='lat' dir='ltr'><em>de·</em></span> <span class='ocrx_word' id='word_1_18' title='bbox 1311 742 1313 805; x_wconf 38' lang='lat' dir='ltr'><em>p</em></span> <span class='ocrx_word' id='word_1_19' title='bbox 1379 699 1623 766; x_wconf 78' lang='lat' dir='ltr'><strong><em>Maronitarum</em></strong></span> <span class='ocrx_word' id='word_1_20' title='bbox 1644 702 1786 778; x_wconf 84' lang='lat' dir='ltr'><em>patroni,</em></span> <span class='ocrx_word' id='word_1_21' title='bbox 1816 707 1928 764; x_wconf 88' lang='lat' dir='ltr'><em>contra</em></span> <span class='ocrx_word' id='word_1_22' title='bbox 1950 702 2087 764; x_wconf 88' lang='lat' dir='ltr'><em>dicteria</em></span> 
     </span>
     <span class='ocr_line' id='line_1_3' title="bbox 537 791 2087 875; baseline 0.004 -23"><span class='ocrx_word' id='word_1_23' title='bbox 537 791 701 864; x_wconf 86' lang='lat' dir='ltr'><em>oteramus,</em></span> <span class='ocrx_word' id='word_1_24' title='bbox 725 800 758 854; x_wconf 93' lang='lat' dir='ltr'><em>ut</em></span> <span class='ocrx_word' id='word_1_25' title='bbox 779 792 873 854; x_wconf 92' lang='lat' dir='ltr'><em>iidem</em></span> <span class='ocrx_word' id='word_1_26' title='bbox 895 792 1014 854; x_wconf 85' lang='lat' dir='ltr'>alumni</span> <span class='ocrx_word' id='word_1_27' title='bbox 1037 792 1229 867; x_wconf 75' lang='lat' dir='ltr'>existiment,</span> <span class='ocrx_word' id='word_1_28' title='bbox 1251 809 1284 854; x_wconf 92' lang='lat' dir='ltr'><em>se</em></span> <span class='ocrx_word' id='word_1_29' title='bbox 1311 842 1312 875; x_wconf 75' lang='lat'><em>,</em></span> <span class='ocrx_word' id='word_1_30' title='bbox 1382 791 1500 869; x_wconf 80' lang='lat' dir='ltr'><em>Cprilli</em></span> <span class='ocrx_word' id='word_1_31' title='bbox 1533 793 1747 856; x_wconf 73' lang='lat' dir='ltr'><em>patriarchae</em></span> <span class='ocrx_word' id='word_1_32' title='bbox 1778 795 1970 858; x_wconf 76' lang='lat' dir='ltr'><em>antiocneni</em></span> <span class='ocrx_word' id='word_1_33' title='bbox 1993 796 2087 860; x_wconf 87' lang='lat' dir='ltr'><em>Graa-</em></span> 
     </span>
     <span class='ocr_line' id='line_1_4' title="bbox 537 882 1816 971; baseline 0.002 -28"><span class='ocrx_word' id='word_1_34' title='bbox 537 882 573 943; x_wconf 89' lang='lat' dir='ltr'><em>ad</em></span> <span class='ocrx_word' id='word_1_35' title='bbox 595 883 646 944; x_wconf 92' lang='lat' dir='ltr'><em>illa</em></span> <span class='ocrx_word' id='word_1_36' title='bbox 663 883 758 946; x_wconf 85' lang='lat' dir='ltr'><em>officia</em></span> <span class='ocrx_word' id='word_1_37' title='bbox 773 895 805 946; x_wconf 93' lang='lat' dir='ltr'><em>et</em></span> <span class='ocrx_word' id='word_1_38' title='bbox 824 901 953 947; x_wconf 89' lang='lat' dir='ltr'><em>munera</em></span> <span class='ocrx_word' id='word_1_39' title='bbox 970 887 1128 947; x_wconf 77' lang='lat' dir='ltr'><em>dumtaxat</em></span> <span class='ocrx_word' id='word_1_40' title='bbox 1143 885 1216 962; x_wconf 89' lang='lat' dir='ltr'><em>eligi</em></span> <span class='ocrx_word' id='word_1_41' title='bbox 1233 887 1284 947; x_wconf 88' lang='lat' dir='ltr'><em>de·</em></span> <span class='ocrx_word' id='word_1_42' title='bbox 1310 918 1312 971; x_wconf 63' lang='lat' dir='ltr'><em>p</em></span> <span class='ocrx_word' id='word_1_43' title='bbox 1379 901 1489 948; x_wconf 81' lang='lat' dir='ltr'><em>corana</em></span> <span class='ocrx_word' id='word_1_44' title='bbox 1511 886 1739 950; x_wconf 86' lang='lat' dir='ltr'><em>Metrbitoram</em></span> <span class='ocrx_word' id='word_1_45' title='bbox 1760 887 1816 967; x_wconf 85' lang='lat' dir='ltr'><em>(l).</em></span> 
     </span>
    </p>
   </div>
   <div class='ocr_carea' id='block_1_3' title="bbox 305 975 1312 1086">
    <p class='ocr_par' dir='ltr' id='par_1_3' title="bbox 305 975 1312 1086">
     <span class='ocr_line' id='line_1_5' title="bbox 305 975 1312 1086; baseline 0.011 -54"><span class='ocrx_word' id='word_1_46' title='bbox 305 975 519 1086; x_wconf 56' lang='lat' dir='ltr'><em>,Sffiffflssj</em></span> <span class='ocrx_word' id='word_1_47' title='bbox 537 977 621 1052; x_wconf 90' lang='lat' dir='ltr'><em>bere,</em></span> <span class='ocrx_word' id='word_1_48' title='bbox 643 979 694 1040; x_wconf 89' lang='lat' dir='ltr'><em>sed</em></span> <span class='ocrx_word' id='word_1_49' title='bbox 720 979 750 1040; x_wconf 94' lang='lat' dir='ltr'><em>in</em></span> <span class='ocrx_word' id='word_1_50' title='bbox 773 978 881 1056; x_wconf 90' lang='lat' dir='ltr'><em>primis</em></span> <span class='ocrx_word' id='word_1_51' title='bbox 904 978 1014 1054; x_wconf 91' lang='lat' dir='ltr'><em>teneri,</em></span> <span class='ocrx_word' id='word_1_52' title='bbox 1038 979 1112 1052; x_wconf 79' lang='lat' dir='ltr'><em>isne,</em></span> <span class='ocrx_word' id='word_1_53' title='bbox 1130 988 1283 1057; x_wconf 89' lang='lat' dir='ltr'><em>quatenus</em></span> <span class='ocrx_word' id='word_1_54' title='bbox 1310 1019 1312 1043; x_wconf 83' lang='grc'>.</span> 
     </span>
    </p>
   </div>
   <div class='ocr_carea' id='block_1_4' title="bbox 305 1054 1926 1153">
    <p class='ocr_par' dir='ltr' id='par_1_4' title="bbox 305 1050 1926 1153">
     <span class='ocr_line' id='line_1_6' title="bbox 305 1054 1926 1153; baseline 0.006 -28"><span class='ocrx_word' id='word_1_55' title='bbox 305 1081 380 1137; x_wconf 76' lang='lat' dir='ltr'><em>crpus</em></span> <span class='ocrx_word' id='word_1_56' title='bbox 403 1083 434 1128; x_wconf 69' lang='lat' dir='ltr'><em>aii</em></span> <span class='ocrx_word' id='word_1_57' title='bbox 458 1084 517 1128; x_wconf 74' lang='lat' dir='ltr'><em>cnr·</em></span> <span class='ocrx_word' id='word_1_58' title='bbox 536 1086 612 1148; x_wconf 89' lang='lat' dir='ltr'><em>opus</em></span> <span class='ocrx_word' id='word_1_59' title='bbox 644 1069 749 1145; x_wconf 88' lang='lat' dir='ltr'><em>fuerit,</em></span> <span class='ocrx_word' id='word_1_60' title='bbox 772 1072 838 1148; x_wconf 91' lang='lat' dir='ltr'><em>cogi</em></span> <span class='ocrx_word' id='word_1_61' title='bbox 870 1072 1021 1133; x_wconf 87' lang='lat' dir='ltr'><em>etiamad</em></span> <span class='ocrx_word' id='word_1_62' title='bbox 1050 1071 1229 1133; x_wconf 89' lang='lat' dir='ltr'><em>sustinenda</em></span> <span class='ocrx_word' id='word_1_63' title='bbox 1252 1079 1284 1132; x_wconf 91' lang='lat' dir='ltr'><em>et</em></span> <span class='ocrx_word' id='word_1_64' title='bbox 1310 1102 1312 1153; x_wconf 83' lang='lat' dir='ltr'><em>t</em></span> <span class='ocrx_word' id='word_1_65' title='bbox 1504 1054 1747 1124; x_wconf 69' lang='grc' dir='ltr'>ΒΕΝΕὓΙῦῘυὸ</span> <span class='ocrx_word' id='word_1_66' title='bbox 1771 1057 1830 1124; x_wconf 79' lang='grc' dir='ltr'><em>ΡΡ·</em></span> <span class='ocrx_word' id='word_1_67' title='bbox 1855 1056 1926 1124; x_wconf 71' lang='grc' dir='ltr'><em>ΧΝ·</em></span> 
     </span>
    </p>
   </div>
   <div class='ocr_carea' id='block_1_5' title="bbox 304 1144 1312 1243">
    <p class='ocr_par' dir='ltr' id='par_1_5' title="bbox 304 1144 1312 1243">
     <span class='ocr_line' id='line_1_7' title="bbox 304 1144 1312 1243; baseline 0.002 -19"><span class='ocrx_word' id='word_1_68' title='bbox 304 1144 516 1236; x_wconf 55' lang='grc' dir='ltr'><em>(Ῥέὲῖῗῃῗωῗὶξξὲἶ</em></span> <span class='ocrx_word' id='word_1_69' title='bbox 536 1164 776 1226; x_wconf 89' lang='lat' dir='ltr'><em>administranda</em></span> <span class='ocrx_word' id='word_1_70' title='bbox 794 1167 998 1243; x_wconf 86' lang='lat' dir='ltr'><em>paraenorum</em></span> <span class='ocrx_word' id='word_1_71' title='bbox 1014 1180 1108 1225; x_wconf 87' lang='lat' dir='ltr'><em>onera</em></span> <span class='ocrx_word' id='word_1_72' title='bbox 1123 1173 1153 1226; x_wconf 89' lang='lat' dir='ltr'><em>et</em></span> <span class='ocrx_word' id='word_1_73' title='bbox 1169 1165 1283 1226; x_wconf 88' lang='lat' dir='ltr'><em>anima·</em></span> <span class='ocrx_word' id='word_1_74' title='bbox 1310 1184 1312 1213; x_wconf 66' lang='lat' dir='ltr'><em>t</em></span> 
     </span>
    </p>
   </div>
   <div class='ocr_carea' id='block_1_6' title="bbox 535 1230 1815 1336">
    <p class='ocr_par' dir='ltr' id='par_1_6' title="bbox 535 1230 1815 1336">
     <span class='ocr_line' id='line_1_8' title="bbox 535 1230 1815 1336; baseline -0.004 -18"><span class='ocrx_word' id='word_1_75' title='bbox 535 1273 605 1318; x_wconf 90' lang='lat' dir='ltr'><em>rum</em></span> <span class='ocrx_word' id='word_1_76' title='bbox 627 1257 758 1320; x_wconf 89' lang='lat' dir='ltr'><em>salutem</em></span> <span class='ocrx_word' id='word_1_77' title='bbox 781 1257 1014 1336; x_wconf 77' lang='lat' dir='ltr'><em>procurandam.</em></span> <span class='ocrx_word' id='word_1_78' title='bbox 1310 1272 1312 1305; x_wconf 77' lang='lat' dir='ltr'><em>t</em></span> <span class='ocrx_word' id='word_1_79' title='bbox 1617 1230 1734 1299; x_wconf 71' lang='grc' dir='ltr'>ὓῘΙθθῘθ</span> <span class='ocrx_word' id='word_1_80' title='bbox 1757 1231 1815 1313; x_wconf 71' lang='grc' dir='ltr'><strong>ῙῙΙῙ,</strong></span> 
     </span>
    </p>
   </div>
   <div class='ocr_carea' id='block_1_7' title="bbox 535 1351 2051 1524">
    <p class='ocr_par' dir='ltr' id='par_1_7' title="bbox 535 1351 2051 1524">
     <span class='ocr_line' id='line_1_9' title="bbox 574 1351 2051 1438; baseline 0.005 -26"><span class='ocrx_word' id='word_1_81' title='bbox 574 1352 593 1426; x_wconf 63' lang='grc' dir='ltr'><strong>ἓ</strong></span> <span class='ocrx_word' id='word_1_82' title='bbox 615 1352 643 1412; x_wconf 86' lang='grc'><em>7.</em></span> <span class='ocrx_word' id='word_1_83' title='bbox 668 1351 843 1426; x_wconf 79' lang='lat' dir='ltr'><em>caeterum,</em></span> <span class='ocrx_word' id='word_1_84' title='bbox 867 1368 961 1413; x_wconf 89' lang='lat' dir='ltr'><em>venn.</em></span> <span class='ocrx_word' id='word_1_85' title='bbox 986 1351 1108 1427; x_wconf 81' lang='lat' dir='ltr'><em>tratres,</em></span> <span class='ocrx_word' id='word_1_86' title='bbox 1125 1355 1198 1414; x_wconf 78' lang='lat' dir='ltr'><em>ctum</em></span> <span class='ocrx_word' id='word_1_87' title='bbox 1221 1369 1284 1414; x_wconf 89' lang='lat' dir='ltr'><em>ma·</em></span> <span class='ocrx_word' id='word_1_88' title='bbox 1376 1355 1504 1422; x_wconf 86' lang='lat' dir='ltr'><em>satutem</em></span> <span class='ocrx_word' id='word_1_89' title='bbox 1528 1360 1560 1422; x_wconf 88' lang='lat' dir='ltr'><em>et</em></span> <span class='ocrx_word' id='word_1_90' title='bbox 1581 1355 1779 1438; x_wconf 86' lang='lat' dir='ltr'><em>apostoticam</em></span> <span class='ocrx_word' id='word_1_91' title='bbox 1802 1354 2051 1423; x_wconf 73' lang='lat' dir='ltr'><em>benedictionem.</em></span> 
     </span>
     <span class='ocr_line' id='line_1_10' title="bbox 535 1443 1282 1524; baseline 0.001 -19"><span class='ocrx_word' id='word_1_92' title='bbox 535 1444 596 1506; x_wconf 89' lang='lat' dir='ltr'><em>iera</em></span> <span class='ocrx_word' id='word_1_93' title='bbox 619 1443 705 1506; x_wconf 90' lang='lat' dir='ltr'><em>nobis</em></span> <span class='ocrx_word' id='word_1_94' title='bbox 726 1461 741 1504; x_wconf 88' lang='lat' dir='ltr'><em>a</em></span> <span class='ocrx_word' id='word_1_95' title='bbox 762 1443 896 1522; x_wconf 84' lang='lat' dir='ltr'><em>perfecti</em></span> <span class='ocrx_word' id='word_1_96' title='bbox 927 1446 1086 1523; x_wconf 75' lang='lat' dir='ltr'><em>sapientia,</em></span> <span class='ocrx_word' id='word_1_97' title='bbox 1120 1445 1282 1524; x_wconf 83' lang='lat' dir='ltr'><em>prudentii</em></span> 
     </span>
    </p>
   </div>
   <div class='ocr_carea' id='block_1_8' title="bbox 535 1538 2323 1623">
    <p class='ocr_par' dir='ltr' id='par_1_8' title="bbox 535 1538 2323 1623">
     <span class='ocr_line' id='line_1_11' title="bbox 535 1538 2323 1623; baseline 0 -24"><span class='ocrx_word' id='word_1_98' title='bbox 535 1538 663 1618; x_wconf 89' lang='lat' dir='ltr'><em>zeloque</em></span> <span class='ocrx_word' id='word_1_99' title='bbox 686 1545 789 1599; x_wconf 87' lang='lat' dir='ltr'><em>vestro</em></span> <span class='ocrx_word' id='word_1_100' title='bbox 811 1553 866 1615; x_wconf 90' lang='lat' dir='ltr'><em>pro</em></span> <span class='ocrx_word' id='word_1_101' title='bbox 881 1547 965 1600; x_wconf 88' lang='lat' dir='ltr'><em>certo</em></span> <span class='ocrx_word' id='word_1_102' title='bbox 981 1538 1165 1617; x_wconf 85' lang='lat' dir='ltr'><strong>pollicemur</strong></span> <span class='ocrx_word' id='word_1_103' title='bbox 1182 1541 1235 1600; x_wconf 84' lang='lat' dir='ltr'><em>fiac</em></span> <span class='ocrx_word' id='word_1_104' title='bbox 1253 1540 1282 1600; x_wconf 93' lang='lat' dir='ltr'><em>in</em></span> <span class='ocrx_word' id='word_1_105' title='bbox 1380 1545 1463 1606; x_wconf 91' lang='lat' dir='ltr'><em>inter</em></span> <span class='ocrx_word' id='word_1_106' title='bbox 1484 1553 1586 1608; x_wconf 89' lang='lat' dir='ltr'><em>cetera</em></span> <span class='ocrx_word' id='word_1_107' title='bbox 1608 1547 1720 1623; x_wconf 89' lang='lat' dir='ltr'><em>scripta</em></span> <span class='ocrx_word' id='word_1_108' title='bbox 1742 1546 1831 1608; x_wconf 91' lang='lat' dir='ltr'><em>nobis</em></span> <span class='ocrx_word' id='word_1_109' title='bbox 1852 1547 1999 1622; x_wconf 77' lang='lat' dir='ltr'><em>exhibita,</em></span> <span class='ocrx_word' id='word_1_110' title='bbox 2014 1563 2086 1610; x_wconf 91' lang='lat' dir='ltr'><em>eum</em></span> <span class='ocrx_word' id='word_1_111' title='bbox 2128 1559 2263 1603; x_wconf 68' lang='lat' dir='ltr'><em>ascensiana</em></span> <span class='ocrx_word' id='word_1_112' title='bbox 2279 1556 2323 1600; x_wconf 79' lang='lat' dir='ltr'><em>uo-</em></span> 
     </span>
    </p>
   </div>
   <div class='ocr_carea' id='block_1_9' title="bbox 535 1613 2324 1718">
    <p class='ocr_par' dir='ltr' id='par_1_9' title="bbox 535 1613 2324 1718">
     <span class='ocr_line' id='line_1_12' title="bbox 535 1613 2324 1718; baseline 0.01 -25"><span class='ocrx_word' id='word_1_113' title='bbox 535 1649 568 1693; x_wconf 88' lang='lat' dir='ltr'><em>rc</em></span> <span class='ocrx_word' id='word_1_114' title='bbox 588 1639 785 1708; x_wconf 88' lang='lat' dir='ltr'><em>argumenta,</em></span> <span class='ocrx_word' id='word_1_115' title='bbox 808 1631 1052 1694; x_wconf 75' lang='lat' dir='ltr'><em>fraternitatibus</em></span> <span class='ocrx_word' id='word_1_116' title='bbox 1081 1633 1190 1693; x_wconf 89' lang='lat' dir='ltr'><em>vestris</em></span> <span class='ocrx_word' id='word_1_117' title='bbox 1212 1649 1282 1710; x_wconf 89' lang='lat' dir='ltr'><em>ape·</em></span> <span class='ocrx_word' id='word_1_118' title='bbox 1336 1653 1437 1714; x_wconf 85' lang='lat' dir='ltr'><em>nuper</em></span> <span class='ocrx_word' id='word_1_119' title='bbox 1459 1638 1493 1698; x_wconf 89' lang='lat' dir='ltr'><em>ad</em></span> <span class='ocrx_word' id='word_1_120' title='bbox 1517 1655 1572 1701; x_wconf 85' lang='lat' dir='ltr'><em>rios</em></span> <span class='ocrx_word' id='word_1_121' title='bbox 1594 1640 1756 1714; x_wconf 69' lang='lat' dir='ltr'><em>accessisti,</em></span> <span class='ocrx_word' id='word_1_122' title='bbox 1781 1640 1857 1701; x_wconf 92' lang='lat' dir='ltr'><em>iliud</em></span> <span class='ocrx_word' id='word_1_123' title='bbox 1882 1639 2086 1718; x_wconf 88' lang='lat' dir='ltr'><em>deprehendi·</em></span> <span class='ocrx_word' id='word_1_124' title='bbox 2106 1613 2324 1709; x_wconf 51' lang='lat' dir='ltr'><em>iiisiiiibiuina&#39;it</em></span> 
     </span>
    </p>
   </div>
   <div class='ocr_carea' id='block_1_10' title="bbox 532 1718 2323 2838">
    <p class='ocr_par' dir='ltr' id='par_1_10' title="bbox 532 1718 2323 2838">
     <span class='ocr_line' id='line_1_13' title="bbox 532 1718 2323 1816; baseline 0.005 -29"><span class='ocrx_word' id='word_1_125' title='bbox 532 1726 670 1788; x_wconf 88' lang='lat' dir='ltr'><em>stolioam</em></span> <span class='ocrx_word' id='word_1_126' title='bbox 703 1724 951 1786; x_wconf 82' lang='lat' dir='ltr'><em>benedictionem</em></span> <span class='ocrx_word' id='word_1_127' title='bbox 980 1726 1131 1787; x_wconf 83' lang='lat' dir='ltr'><em>studiosae</em></span> <span class='ocrx_word' id='word_1_128' title='bbox 1159 1734 1282 1790; x_wconf 86' lang='lat' dir='ltr'><em>nestrae</em></span> <span class='ocrx_word' id='word_1_129' title='bbox 1337 1747 1418 1805; x_wconf 87' lang='lat' dir='ltr'><em>mus,</em></span> <span class='ocrx_word' id='word_1_130' title='bbox 1441 1731 1521 1809; x_wconf 86' lang='lat' dir='ltr'><em>quod</em></span> <span class='ocrx_word' id='word_1_131' title='bbox 1544 1733 1579 1794; x_wconf 89' lang='lat' dir='ltr'><em>ad</em></span> <span class='ocrx_word' id='word_1_132' title='bbox 1601 1733 1721 1794; x_wconf 86' lang='lat' dir='ltr'><em>cultum</em></span> <span class='ocrx_word' id='word_1_133' title='bbox 1749 1730 1780 1794; x_wconf 91' lang='lat' dir='ltr'><em>S.</em></span> <span class='ocrx_word' id='word_1_134' title='bbox 1805 1733 1938 1796; x_wconf 86' lang='lat' dir='ltr'><em>Maronis</em></span> <span class='ocrx_word' id='word_1_135' title='bbox 1961 1734 2087 1795; x_wconf 78' lang='lat' dir='ltr'><em>bibatis</em></span> <span class='ocrx_word' id='word_1_136' title='bbox 2106 1718 2323 1816; x_wconf 63' lang='lat' dir='ltr'><em>{{¹³,f{⁰,⁶„⁵,q,³¹,‘f§1</em></span> 
     </span>
     <span class='ocr_line' id='line_1_14' title="bbox 535 1817 2321 1924; baseline 0.008 -47"><span class='ocrx_word' id='word_1_137' title='bbox 535 1817 703 1880; x_wconf 80' lang='lat' dir='ltr'><em>volumtatis</em></span> <span class='ocrx_word' id='word_1_138' title='bbox 726 1817 838 1895; x_wconf 89' lang='lat' dir='ltr'><em>pignus</em></span> <span class='ocrx_word' id='word_1_139' title='bbox 858 1825 1053 1896; x_wconf 90' lang='lat' dir='ltr'><em>peramanter</em></span> <span class='ocrx_word' id='word_1_140' title='bbox 1070 1818 1279 1895; x_wconf 90' lang='lat' dir='ltr'><em>impertimur.</em></span> <span class='ocrx_word' id='word_1_141' title='bbox 1309 1870 1311 1885; x_wconf 86' lang='lat'><em>.</em></span> <span class='ocrx_word' id='word_1_142' title='bbox 1338 1825 1482 1903; x_wconf 91' lang='lat' dir='ltr'><em>pertinet.</em></span> <span class='ocrx_word' id='word_1_143' title='bbox 1509 1825 1636 1902; x_wconf 84' lang='lat' dir='ltr'><em>Scripsit</em></span> <span class='ocrx_word' id='word_1_144' title='bbox 1652 1827 1734 1889; x_wconf 90' lang='lat' dir='ltr'><em>enim</em></span> <span class='ocrx_word' id='word_1_145' title='bbox 1751 1829 1787 1888; x_wconf 91' lang='lat' dir='ltr'><em>ad</em></span> <span class='ocrx_word' id='word_1_146' title='bbox 1805 1827 2085 1904; x_wconf 75' lang='lat' dir='ltr'><em>congregationem</em></span> <span class='ocrx_word' id='word_1_147' title='bbox 2105 1825 2172 1924; x_wconf 57' lang='lat' dir='ltr'><em>{luga</em></span> <span class='ocrx_word' id='word_1_148' title='bbox 2191 1835 2321 1869; x_wconf 60' lang='lat' dir='ltr'><em>¹⁰⁰⁰⁰⁵⁶¹t</em></span> 
     </span>
     <span class='ocr_line' id='line_1_15' title="bbox 574 1909 2154 1997; baseline 0.011 -30"><span class='ocrx_word' id='word_1_149' title='bbox 574 1912 686 1972; x_wconf 85' lang='lat' dir='ltr'><em>Datum</em></span> <span class='ocrx_word' id='word_1_150' title='bbox 714 1910 838 1984; x_wconf 84' lang='lat' dir='ltr'><em>Romae,</em></span> <span class='ocrx_word' id='word_1_151' title='bbox 869 1910 948 1987; x_wconf 89' lang='lat' dir='ltr'><em>opud</em></span> <span class='ocrx_word' id='word_1_152' title='bbox 978 1909 1008 1973; x_wconf 89' lang='lat' dir='ltr'><em>S.</em></span> <span class='ocrx_word' id='word_1_153' title='bbox 1041 1910 1166 1972; x_wconf 86' lang='lat' dir='ltr'><em>Mariam</em></span> <span class='ocrx_word' id='word_1_154' title='bbox 1191 1911 1283 1973; x_wconf 85' lang='lat' dir='ltr'><em>binio·</em></span> <span class='ocrx_word' id='word_1_155' title='bbox 1309 1976 1310 1990; x_wconf 63' lang='lat'><em>,</em></span> <span class='ocrx_word' id='word_1_156' title='bbox 1338 1920 1374 1980; x_wconf 92' lang='lat' dir='ltr'><em>de</em></span> <span class='ocrx_word' id='word_1_157' title='bbox 1395 1919 1591 1997; x_wconf 76' lang='lat' dir='ltr'><em>Propagandi</em></span> <span class='ocrx_word' id='word_1_158' title='bbox 1613 1920 1687 1982; x_wconf 79' lang='lat' dir='ltr'><em>fide</em></span> <span class='ocrx_word' id='word_1_159' title='bbox 1709 1921 1839 1983; x_wconf 86' lang='lat' dir='ltr'><em>dilectus</em></span> <span class='ocrx_word' id='word_1_160' title='bbox 1866 1921 1947 1983; x_wconf 88' lang='lat' dir='ltr'><em>fdius</em></span> <span class='ocrx_word' id='word_1_161' title='bbox 1969 1919 2007 1981; x_wconf 92' lang='lat' dir='ltr'><em>fr.</em></span> <span class='ocrx_word' id='word_1_162' title='bbox 2032 1922 2086 1984; x_wconf 87' lang='lat' dir='ltr'><em>ne·</em></span> <span class='ocrx_word' id='word_1_163' title='bbox 2150 1915 2154 1924; x_wconf 82' lang='lat'>&#39;</span> 
     </span>
     <span class='ocr_line' id='line_1_16' title="bbox 535 2003 2085 2096; baseline 0.014 -37"><span class='ocrx_word' id='word_1_164' title='bbox 535 2021 612 2078; x_wconf 85' lang='lat' dir='ltr'><em>rem,</em></span> <span class='ocrx_word' id='word_1_165' title='bbox 635 2005 693 2066; x_wconf 85' lang='lat' dir='ltr'><em>sub</em></span> <span class='ocrx_word' id='word_1_166' title='bbox 713 2003 829 2064; x_wconf 87' lang='lat' dir='ltr'><em>annulo</em></span> <span class='ocrx_word' id='word_1_167' title='bbox 852 2003 1021 2077; x_wconf 88' lang='lat' dir='ltr'><em>Piscatoris,</em></span> <span class='ocrx_word' id='word_1_168' title='bbox 1043 2003 1091 2064; x_wconf 90' lang='lat' dir='ltr'><em>die</em></span> <span class='ocrx_word' id='word_1_169' title='bbox 1105 2018 1168 2064; x_wconf 82' lang='lat' dir='ltr'><em>xcv.</em></span> <span class='ocrx_word' id='word_1_170' title='bbox 1183 2019 1285 2080; x_wconf 87' lang='lat' dir='ltr'><em>augn—</em></span> <span class='ocrx_word' id='word_1_171' title='bbox 1336 2011 1466 2073; x_wconf 90' lang='lat' dir='ltr'><em>siderius</em></span> <span class='ocrx_word' id='word_1_172' title='bbox 1487 2012 1730 2075; x_wconf 80' lang='lat' dir='ltr'><em>acesabaseiana</em></span> <span class='ocrx_word' id='word_1_173' title='bbox 1746 2015 1821 2077; x_wconf 91' lang='lat' dir='ltr'><em>Min.</em></span> <span class='ocrx_word' id='word_1_174' title='bbox 1837 2015 1978 2092; x_wconf 75' lang='lat' dir='ltr'><em>osbern,</em></span> <span class='ocrx_word' id='word_1_175' title='bbox 1991 2035 2085 2096; x_wconf 91' lang='lat' dir='ltr'><em>quem</em></span> 
     </span>
     <span class='ocr_line' id='line_1_17' title="bbox 534 2095 2085 2181; baseline 0.008 -22"><span class='ocrx_word' id='word_1_176' title='bbox 534 2099 570 2160; x_wconf 87' lang='lat' dir='ltr'><em>sti</em></span> <span class='ocrx_word' id='word_1_177' title='bbox 595 2113 765 2171; x_wconf 70' lang='lat' dir='ltr'><em>noscunt,</em></span> <span class='ocrx_word' id='word_1_178' title='bbox 789 2095 898 2174; x_wconf 89' lang='lat' dir='ltr'><em>pontif.</em></span> <span class='ocrx_word' id='word_1_179' title='bbox 922 2097 1021 2157; x_wconf 80' lang='lat' dir='ltr'><em>nostri</em></span> <span class='ocrx_word' id='word_1_180' title='bbox 1039 2113 1120 2158; x_wconf 79' lang='lat' dir='ltr'><em>anno</em></span> <span class='ocrx_word' id='word_1_181' title='bbox 1137 2113 1208 2158; x_wconf 82' lang='lat' dir='ltr'><em>nnt-</em></span> <span class='ocrx_word' id='word_1_182' title='bbox 1309 2148 1310 2181; x_wconf 80' lang='lat'><em>,</em></span> <span class='ocrx_word' id='word_1_183' title='bbox 1339 2121 1393 2167; x_wconf 91' lang='lat' dir='ltr'><em>nos</em></span> <span class='ocrx_word' id='word_1_184' title='bbox 1415 2106 1601 2181; x_wconf 80' lang='lat' dir='ltr'><em>ablegatum</em></span> <span class='ocrx_word' id='word_1_185' title='bbox 1624 2115 1767 2169; x_wconf 85' lang='lat' dir='ltr'><em>nostrum</em></span> <span class='ocrx_word' id='word_1_186' title='bbox 1792 2109 1933 2172; x_wconf 87' lang='lat' dir='ltr'><em>misimus</em></span> <span class='ocrx_word' id='word_1_187' title='bbox 1955 2113 1989 2172; x_wconf 88' lang='lat' dir='ltr'><em>ad</em></span> <span class='ocrx_word' id='word_1_188' title='bbox 2012 2127 2085 2172; x_wconf 85' lang='lat' dir='ltr'><em>ven</em></span> 
     </span>
     <span class='ocr_line' id='line_1_18' title="bbox 1309 2197 2085 2282; baseline 0.01 -25"><span class='ocrx_word' id='word_1_189' title='bbox 1309 2248 1310 2257; x_wconf 73' lang='grc'>,</span> <span class='ocrx_word' id='word_1_190' title='bbox 1338 2197 1465 2260; x_wconf 91' lang='lat' dir='ltr'><em>fratrem</em></span> <span class='ocrx_word' id='word_1_191' title='bbox 1482 2199 1688 2261; x_wconf 89' lang='lat' dir='ltr'><em>Patriarebam</em></span> <span class='ocrx_word' id='word_1_192' title='bbox 1703 2201 1937 2279; x_wconf 85' lang='lat' dir='ltr'><em>Maronitarum,</em></span> <span class='ocrx_word' id='word_1_193' title='bbox 1952 2205 2085 2282; x_wconf 87' lang='lat' dir='ltr'><em>scripsit,</em></span> 
     </span>
     <span class='ocr_line' id='line_1_19' title="bbox 1309 2292 2087 2370; baseline 0.009 -18"><span class='ocrx_word' id='word_1_194' title='bbox 1309 2356 1310 2370; x_wconf 57' lang='lat'><em>,</em></span> <span class='ocrx_word' id='word_1_195' title='bbox 1338 2293 1477 2370; x_wconf 88' lang='lat' dir='ltr'><em>inquam,</em></span> <span class='ocrx_word' id='word_1_196' title='bbox 1501 2293 1653 2368; x_wconf 89' lang='lat' dir='ltr'><em>imagines</em></span> <span class='ocrx_word' id='word_1_197' title='bbox 1675 2292 1706 2354; x_wconf 89' lang='lat' dir='ltr'><em>S.</em></span> <span class='ocrx_word' id='word_1_198' title='bbox 1730 2295 1863 2358; x_wconf 88' lang='lat' dir='ltr'><em>Maronis</em></span> <span class='ocrx_word' id='word_1_199' title='bbox 1894 2297 2009 2359; x_wconf 87' lang='lat' dir='ltr'><em>Romae</em></span> <span class='ocrx_word' id='word_1_200' title='bbox 2031 2299 2087 2359; x_wconf 91' lang='lat' dir='ltr'><em>im-</em></span> 
     </span>
     <span class='ocr_line' id='line_1_20' title="bbox 859 2379 2088 2464; baseline 0.008 -22"><span class='ocrx_word' id='word_1_201' title='bbox 859 2379 957 2442; x_wconf 86' lang='lat' dir='ltr'><em>Cblll.</em></span> <span class='ocrx_word' id='word_1_202' title='bbox 1309 2456 1310 2464; x_wconf 15' lang='lat'>¹</span> <span class='ocrx_word' id='word_1_203' title='bbox 1337 2401 1465 2462; x_wconf 83' lang='lat' dir='ltr'><em>pressas,</em></span> <span class='ocrx_word' id='word_1_204' title='bbox 1489 2401 1503 2444; x_wconf 89' lang='lat' dir='ltr'><em>a</em></span> <span class='ocrx_word' id='word_1_205' title='bbox 1528 2401 1599 2448; x_wconf 93' lang='lat' dir='ltr'><em>ven.</em></span> <span class='ocrx_word' id='word_1_206' title='bbox 1633 2387 1729 2450; x_wconf 92' lang='lat' dir='ltr'><em>fratre</em></span> <span class='ocrx_word' id='word_1_207' title='bbox 1761 2388 1933 2452; x_wconf 81' lang='lat' dir='ltr'><em>Patriarcba</em></span> <span class='ocrx_word' id='word_1_208' title='bbox 1954 2391 2088 2452; x_wconf 81' lang='lat' dir='ltr'><em>Graece·-</em></span> 
     </span>
     <span class='ocr_line' id='line_1_21' title="bbox 1339 2476 2087 2562; baseline 0.007 -22"><span class='ocrx_word' id='word_1_209' title='bbox 1339 2476 1477 2540; x_wconf 88' lang='lat' dir='ltr'><em>Mefebita</em></span> <span class='ocrx_word' id='word_1_210' title='bbox 1501 2479 1618 2554; x_wconf 82' lang='lat' dir='ltr'><em>Cyrillo</em></span> <span class='ocrx_word' id='word_1_211' title='bbox 1640 2481 1789 2542; x_wconf 88' lang='lat' dir='ltr'><em>discussas</em></span> <span class='ocrx_word' id='word_1_212' title='bbox 1812 2481 1915 2558; x_wconf 90' lang='lat' dir='ltr'><em>fuisse,</em></span> <span class='ocrx_word' id='word_1_213' title='bbox 1935 2490 1965 2545; x_wconf 92' lang='lat' dir='ltr'><em>et</em></span> <span class='ocrx_word' id='word_1_214' title='bbox 1988 2483 2087 2562; x_wconf 87' lang='lat' dir='ltr'><em>palam</em></span> 
     </span>
     <span class='ocr_line' id='line_1_22' title="bbox 539 2551 2088 2648; baseline 0.008 -23"><span class='ocrx_word' id='word_1_215' title='bbox 539 2567 695 2638; x_wconf 84' lang='lat' dir='ltr'><em>Vindicat,</em></span> <span class='ocrx_word' id='word_1_216' title='bbox 720 2565 780 2628; x_wconf 87' lang='lat' dir='ltr'><em>boo</em></span> <span class='ocrx_word' id='word_1_217' title='bbox 801 2565 933 2644; x_wconf 87' lang='lat' dir='ltr'><em>epistola</em></span> <span class='ocrx_word' id='word_1_218' title='bbox 949 2567 990 2627; x_wconf 90' lang='lat' dir='ltr'><em>od</em></span> <span class='ocrx_word' id='word_1_219' title='bbox 1006 2565 1042 2626; x_wconf 86' lang='lat' dir='ltr'><em>a.</em></span> <span class='ocrx_word' id='word_1_220' title='bbox 1061 2565 1096 2626; x_wconf 90' lang='lat' dir='ltr'><em>P.</em></span> <span class='ocrx_word' id='word_1_221' title='bbox 1112 2565 1283 2628; x_wconf 82' lang='lat' dir='ltr'><em>Nicolaum</em></span> <span class='ocrx_word' id='word_1_222' title='bbox 1309 2551 1311 2577; x_wconf 58' lang='lat'><em>¹</em></span> <span class='ocrx_word' id='word_1_223' title='bbox 1337 2570 1374 2631; x_wconf 89' lang='lat' dir='ltr'><em>ab</em></span> <span class='ocrx_word' id='word_1_224' title='bbox 1397 2570 1460 2647; x_wconf 87' lang='lat' dir='ltr'><em>ipso</em></span> <span class='ocrx_word' id='word_1_225' title='bbox 1481 2571 1680 2648; x_wconf 86' lang='lat' dir='ltr'><em>declaratum,</em></span> <span class='ocrx_word' id='word_1_226' title='bbox 1699 2573 1729 2636; x_wconf 91' lang='lat' dir='ltr'><em>S.</em></span> <span class='ocrx_word' id='word_1_227' title='bbox 1748 2574 1904 2636; x_wconf 88' lang='lat' dir='ltr'><em>Maronem</em></span> <span class='ocrx_word' id='word_1_228' title='bbox 1921 2577 2005 2638; x_wconf 90' lang='lat' dir='ltr'><em>inter</em></span> <span class='ocrx_word' id='word_1_229' title='bbox 2018 2593 2088 2638; x_wconf 91' lang='lat' dir='ltr'><em>san-</em></span> 
     </span>
     <span class='ocr_line' id='line_1_23' title="bbox 575 2657 2087 2747; baseline 0.005 -25"><span class='ocrx_word' id='word_1_230' title='bbox 575 2660 707 2722; x_wconf 86' lang='lat' dir='ltr'><em>Lercari</em></span> <span class='ocrx_word' id='word_1_231' title='bbox 728 2678 747 2721; x_wconf 93' lang='lat' dir='ltr'><em>a</em></span> <span class='ocrx_word' id='word_1_232' title='bbox 764 2659 900 2722; x_wconf 85' lang='lat' dir='ltr'><em>Socratis</em></span> <span class='ocrx_word' id='word_1_233' title='bbox 919 2661 1014 2739; x_wconf 80' lang='lat' dir='ltr'><em>Gortp.</em></span> <span class='ocrx_word' id='word_1_234' title='bbox 1037 2659 1072 2720; x_wconf 83' lang='lat' dir='ltr'><em>cle</em></span> <span class='ocrx_word' id='word_1_235' title='bbox 1088 2659 1123 2719; x_wconf 91' lang='lat' dir='ltr'><em>P.</em></span> <span class='ocrx_word' id='word_1_236' title='bbox 1142 2658 1192 2730; x_wconf 49' lang='lat' dir='ltr'><em>bl,</em></span> <span class='ocrx_word' id='word_1_237' title='bbox 1209 2676 1283 2722; x_wconf 86' lang='lat' dir='ltr'><em>san·</em></span> <span class='ocrx_word' id='word_1_238' title='bbox 1309 2657 1311 2669; x_wconf 84' lang='lat'><em>&#39;</em></span> <span class='ocrx_word' id='word_1_239' title='bbox 1337 2669 1401 2724; x_wconf 90' lang='lat' dir='ltr'><em>ctos</em></span> <span class='ocrx_word' id='word_1_240' title='bbox 1423 2663 1554 2725; x_wconf 89' lang='lat' dir='ltr'><em>minime</em></span> <span class='ocrx_word' id='word_1_241' title='bbox 1579 2667 1748 2742; x_wconf 90' lang='lat' dir='ltr'><em>numerari,</em></span> <span class='ocrx_word' id='word_1_242' title='bbox 1772 2667 1886 2747; x_wconf 90' lang='lat' dir='ltr'><em>quippe</em></span> <span class='ocrx_word' id='word_1_243' title='bbox 1907 2671 1960 2746; x_wconf 92' lang='lat' dir='ltr'><em>qui</em></span> <span class='ocrx_word' id='word_1_244' title='bbox 1983 2675 2087 2731; x_wconf 90' lang='lat' dir='ltr'><em>baere-</em></span> 
     </span>
     <span class='ocr_line' id='line_1_24' title="bbox 575 2750 2087 2838; baseline 0.007 -24"><span class='ocrx_word' id='word_1_245' title='bbox 575 2755 721 2816; x_wconf 82' lang='lat' dir='ltr'><em>ctitotcnr</em></span> <span class='ocrx_word' id='word_1_246' title='bbox 737 2759 767 2814; x_wconf 89' lang='lat' dir='ltr'><em>ct</em></span> <span class='ocrx_word' id='word_1_247' title='bbox 783 2755 908 2816; x_wconf 30' lang='lat' dir='ltr'><em>cultram</em></span> <span class='ocrx_word' id='word_1_248' title='bbox 930 2752 961 2814; x_wconf 89' lang='lat' dir='ltr'><em>S.</em></span> <span class='ocrx_word' id='word_1_249' title='bbox 981 2753 1121 2816; x_wconf 87' lang='lat' dir='ltr'><em>Maronis</em></span> <span class='ocrx_word' id='word_1_250' title='bbox 1137 2750 1279 2827; x_wconf 35' lang='lat' dir='ltr'><em>sabbatis,</em></span> <span class='ocrx_word' id='word_1_251' title='bbox 1308 2780 1312 2833; x_wconf 59' lang='grc' dir='ltr'>Ι</span> <span class='ocrx_word' id='word_1_252' title='bbox 1339 2757 1417 2816; x_wconf 89' lang='lat' dir='ltr'><em>licus</em></span> <span class='ocrx_word' id='word_1_253' title='bbox 1439 2757 1553 2818; x_wconf 80' lang='lat' dir='ltr'><em>viserit</em></span> <span class='ocrx_word' id='word_1_254' title='bbox 1576 2764 1669 2835; x_wconf 87' lang='lat' dir='ltr'><em>atque</em></span> <span class='ocrx_word' id='word_1_255' title='bbox 1690 2759 1813 2833; x_wconf 91' lang='lat' dir='ltr'><em>obierit,</em></span> <span class='ocrx_word' id='word_1_256' title='bbox 1830 2760 1922 2838; x_wconf 88' lang='lat' dir='ltr'><em>idque</em></span> <span class='ocrx_word' id='word_1_257' title='bbox 1942 2762 2087 2838; x_wconf 87' lang='lat' dir='ltr'><em>gravibus</em></span> 
     </span>
    </p>
   </div>
   <div class='ocr_carea' id='block_1_11' title="bbox 450 3010 2094 6023">
    <p class='ocr_par' dir='ltr' id='par_1_11' title="bbox 533 3010 2088 3476">
     <span class='ocr_line' id='line_1_25' title="bbox 575 3010 2088 3072; baseline 0.006 -18"><span class='ocrx_word' id='word_1_258' title='bbox 575 3011 604 3066; x_wconf 82' lang='lat' dir='ltr'><em>(t)</em></span> <span class='ocrx_word' id='word_1_259' title='bbox 620 3013 657 3056; x_wconf 80' lang='lat' dir='ltr'><em>nx</em></span> <span class='ocrx_word' id='word_1_260' title='bbox 672 3011 783 3068; x_wconf 82' lang='lat' dir='ltr'><em>append.</em></span> <span class='ocrx_word' id='word_1_261' title='bbox 800 3010 865 3056; x_wconf 83' lang='lat' dir='ltr'><em>Ball.</em></span> <span class='ocrx_word' id='word_1_262' title='bbox 882 3011 913 3056; x_wconf 88' lang='lat' dir='ltr'><em>de</em></span> <span class='ocrx_word' id='word_1_263' title='bbox 928 3013 1001 3068; x_wconf 85' lang='lat' dir='ltr'><em>Prop.</em></span> <span class='ocrx_word' id='word_1_264' title='bbox 1017 3010 1088 3066; x_wconf 80' lang='lat' dir='ltr'><em>Fide,</em></span> <span class='ocrx_word' id='word_1_265' title='bbox 1104 3022 1161 3068; x_wconf 89' lang='lat' dir='ltr'><em>pag.</em></span> <span class='ocrx_word' id='word_1_266' title='bbox 1177 3013 1215 3058; x_wconf 72' lang='lat'><em>321</em></span> <span class='ocrx_word' id='word_1_267' title='bbox 1230 3011 1280 3056; x_wconf 90' lang='lat' dir='ltr'><em>eol·</em></span> <span class='ocrx_word' id='word_1_268' title='bbox 1337 3013 1509 3070; x_wconf 89' lang='lat' dir='ltr'><em>studiumque</em></span> <span class='ocrx_word' id='word_1_269' title='bbox 1530 3013 1723 3072; x_wconf 72' lang='lat' dir='ltr'><em>conferasque</em></span> <span class='ocrx_word' id='word_1_270' title='bbox 1739 3025 1789 3072; x_wconf 88' lang='lat' dir='ltr'><em>pax</em></span> <span class='ocrx_word' id='word_1_271' title='bbox 1803 3018 1829 3060; x_wconf 86' lang='lat' dir='ltr'><em>et</em></span> <span class='ocrx_word' id='word_1_272' title='bbox 1843 3015 1982 3062; x_wconf 89' lang='lat' dir='ltr'><em>eoncordia</em></span> <span class='ocrx_word' id='word_1_273' title='bbox 1996 3017 2088 3063; x_wconf 89' lang='lat' dir='ltr'><em>huius·</em></span> 
     </span>
     <span class='ocr_line' id='line_1_26' title="bbox 534 3072 2085 3140; baseline 0.003 -16"><span class='ocrx_word' id='word_1_274' title='bbox 534 3079 579 3124; x_wconf 89' lang='lat' dir='ltr'><em>lat.</em></span> <span class='ocrx_word' id='word_1_275' title='bbox 595 3081 643 3123; x_wconf 90' lang='lat' dir='ltr'><em>ete.</em></span> <span class='ocrx_word' id='word_1_276' title='bbox 660 3081 790 3128; x_wconf 87' lang='lat' dir='ltr'><em>Quantum</em></span> <span class='ocrx_word' id='word_1_277' title='bbox 812 3077 966 3134; x_wconf 84' lang='lat' dir='ltr'><em>gratissima</em></span> <span class='ocrx_word' id='word_1_278' title='bbox 986 3077 1036 3124; x_wconf 83' lang='lat' dir='ltr'><em>fttit</em></span> <span class='ocrx_word' id='word_1_279' title='bbox 1057 3079 1196 3124; x_wconf 85' lang='lat' dir='ltr'><em>Maronitis</em></span> <span class='ocrx_word' id='word_1_280' title='bbox 1218 3079 1282 3124; x_wconf 88' lang='lat' dir='ltr'><em>baec</em></span> <span class='ocrx_word' id='word_1_281' title='bbox 1308 3072 1310 3080; x_wconf 81' lang='grc'><em>’</em></span> <span class='ocrx_word' id='word_1_282' title='bbox 1338 3079 1406 3124; x_wconf 90' lang='lat' dir='ltr'><em>modi</em></span> <span class='ocrx_word' id='word_1_283' title='bbox 1422 3081 1507 3136; x_wconf 84' lang='lat' dir='ltr'><em>nragis</em></span> <span class='ocrx_word' id='word_1_284' title='bbox 1529 3081 1666 3138; x_wconf 87' lang='lat' dir='ltr'><em>magisque</em></span> <span class='ocrx_word' id='word_1_285' title='bbox 1687 3083 1867 3128; x_wconf 88' lang='lat' dir='ltr'><em>confirmetur.</em></span> <span class='ocrx_word' id='word_1_286' title='bbox 1883 3083 1920 3127; x_wconf 77' lang='lat' dir='ltr'><em>ad</em></span> <span class='ocrx_word' id='word_1_287' title='bbox 1936 3094 2001 3140; x_wconf 87' lang='lat' dir='ltr'><em>opus</em></span> <span class='ocrx_word' id='word_1_288' title='bbox 2014 3084 2085 3129; x_wconf 89' lang='lat' dir='ltr'><em>enim</em></span> 
     </span>
     <span class='ocr_line' id='line_1_27' title="bbox 534 3144 2087 3206; baseline 0.005 -16"><span class='ocrx_word' id='word_1_289' title='bbox 534 3145 668 3202; x_wconf 85' lang='lat' dir='ltr'><em>pontificia</em></span> <span class='ocrx_word' id='word_1_290' title='bbox 683 3148 706 3190; x_wconf 88' lang='lat' dir='ltr'><em>S.</em></span> <span class='ocrx_word' id='word_1_291' title='bbox 723 3145 838 3191; x_wconf 87' lang='lat' dir='ltr'><em>Maronis</em></span> <span class='ocrx_word' id='word_1_292' title='bbox 858 3144 1001 3190; x_wconf 85' lang='lat' dir='ltr'><em>vindicatio</em></span> <span class='ocrx_word' id='word_1_293' title='bbox 1022 3147 1095 3202; x_wconf 89' lang='lat' dir='ltr'><em>patet</em></span> <span class='ocrx_word' id='word_1_294' title='bbox 1116 3157 1147 3190; x_wconf 88' lang='lat' dir='ltr'><em>ex</em></span> <span class='ocrx_word' id='word_1_295' title='bbox 1162 3145 1282 3202; x_wconf 87' lang='lat' dir='ltr'><em>sequenti</em></span> <span class='ocrx_word' id='word_1_296' title='bbox 1336 3145 1380 3190; x_wconf 85' lang='lat' dir='ltr'><em>Dei</em></span> <span class='ocrx_word' id='word_1_297' title='bbox 1395 3147 1566 3202; x_wconf 88' lang='lat' dir='ltr'><em>operandum,</em></span> <span class='ocrx_word' id='word_1_298' title='bbox 1581 3159 1674 3206; x_wconf 88' lang='lat' dir='ltr'><em>nempe</em></span> <span class='ocrx_word' id='word_1_299' title='bbox 1696 3149 1729 3194; x_wconf 86' lang='lat' dir='ltr'><em>ad</em></span> <span class='ocrx_word' id='word_1_300' title='bbox 1750 3152 1887 3196; x_wconf 88' lang='lat' dir='ltr'><em>aeternam</em></span> <span class='ocrx_word' id='word_1_301' title='bbox 1907 3151 2087 3197; x_wconf 82' lang='lat' dir='ltr'><em>christifideli-</em></span> 
     </span>
     <span class='ocr_line' id='line_1_28' title="bbox 533 3213 2087 3274; baseline 0.004 -17"><span class='ocrx_word' id='word_1_302' title='bbox 533 3214 573 3258; x_wconf 90' lang='lat' dir='ltr'><em>iit.</em></span> <span class='ocrx_word' id='word_1_303' title='bbox 588 3213 621 3258; x_wconf 90' lang='lat' dir='ltr'><em>ad</em></span> <span class='ocrx_word' id='word_1_304' title='bbox 636 3213 827 3267; x_wconf 69' lang='lat' dir='ltr'><em>patriarcham,</em></span> <span class='ocrx_word' id='word_1_305' title='bbox 841 3223 883 3258; x_wconf 89' lang='lat' dir='ltr'><em>au.</em></span> <span class='ocrx_word' id='word_1_306' title='bbox 898 3223 1032 3268; x_wconf 69' lang='lat' dir='ltr'><em>unccniv,</em></span> <span class='ocrx_word' id='word_1_307' title='bbox 1042 3223 1121 3270; x_wconf 90' lang='lat' dir='ltr'><em>quam</em></span> <span class='ocrx_word' id='word_1_308' title='bbox 1133 3213 1281 3258; x_wconf 90' lang='lat' dir='ltr'><em>invenimus</em></span> <span class='ocrx_word' id='word_1_309' title='bbox 1336 3213 1386 3258; x_wconf 88' lang='lat' dir='ltr'><em>bus</em></span> <span class='ocrx_word' id='word_1_310' title='bbox 1401 3215 1594 3270; x_wconf 80' lang='lat' dir='ltr'><em>procurandam</em></span> <span class='ocrx_word' id='word_1_311' title='bbox 1610 3216 1724 3262; x_wconf 89' lang='lat' dir='ltr'><em>salntem</em></span> <span class='ocrx_word' id='word_1_312' title='bbox 1740 3217 1851 3274; x_wconf 90' lang='lat' dir='ltr'><em>quisque</em></span> <span class='ocrx_word' id='word_1_313' title='bbox 1865 3221 1987 3263; x_wconf 90' lang='lat' dir='ltr'><em>nostrum</em></span> <span class='ocrx_word' id='word_1_314' title='bbox 1999 3219 2087 3264; x_wconf 87' lang='lat' dir='ltr'><em>distri·</em></span> 
     </span>
     <span class='ocr_line' id='line_1_29' title="bbox 534 3279 2087 3342; baseline 0.004 -18"><span class='ocrx_word' id='word_1_315' title='bbox 534 3279 561 3324; x_wconf 90' lang='lat' dir='ltr'><em>in</em></span> <span class='ocrx_word' id='word_1_316' title='bbox 575 3282 638 3336; x_wconf 82' lang='lat' dir='ltr'><em>Reg.</em></span> <span class='ocrx_word' id='word_1_317' title='bbox 654 3292 692 3336; x_wconf 92' lang='lat' dir='ltr'><em>ep.</em></span> <span class='ocrx_word' id='word_1_318' title='bbox 707 3280 771 3326; x_wconf 88' lang='lat' dir='ltr'><em>anni</em></span> <span class='ocrx_word' id='word_1_319' title='bbox 785 3291 849 3334; x_wconf 75' lang='lat' dir='ltr'><em>xm,</em></span> <span class='ocrx_word' id='word_1_320' title='bbox 864 3293 886 3336; x_wconf 82' lang='lat' dir='ltr'><em>p.</em></span> <span class='ocrx_word' id='word_1_321' title='bbox 903 3281 950 3335; x_wconf 78' lang='lat'><em>293,</em></span> <span class='ocrx_word' id='word_1_322' title='bbox 965 3279 993 3324; x_wconf 89' lang='lat' dir='ltr'><em>in</em></span> <span class='ocrx_word' id='word_1_323' title='bbox 1007 3291 1059 3336; x_wconf 89' lang='lat' dir='ltr'><em>qua</em></span> <span class='ocrx_word' id='word_1_324' title='bbox 1074 3281 1158 3325; x_wconf 89' lang='lat' dir='ltr'><em>denuo</em></span> <span class='ocrx_word' id='word_1_325' title='bbox 1173 3279 1235 3326; x_wconf 87' lang='lat' dir='ltr'><em>dicit</em></span> <span class='ocrx_word' id='word_1_326' title='bbox 1250 3282 1281 3328; x_wconf 88' lang='lat' dir='ltr'><em>de</em></span> <span class='ocrx_word' id='word_1_327' title='bbox 1334 3282 1375 3324; x_wconf 90' lang='lat' dir='ltr'><em>ete</em></span> <span class='ocrx_word' id='word_1_328' title='bbox 1391 3285 1510 3334; x_wconf 74' lang='lat' dir='ltr'><em>tenetur:</em></span> <span class='ocrx_word' id='word_1_329' title='bbox 1526 3283 1595 3338; x_wconf 90' lang='lat' dir='ltr'><em>quod</em></span> <span class='ocrx_word' id='word_1_330' title='bbox 1618 3283 1689 3328; x_wconf 89' lang='lat' dir='ltr'><em>haud</em></span> <span class='ocrx_word' id='word_1_331' title='bbox 1710 3283 1795 3340; x_wconf 89' lang='lat' dir='ltr'><em>facile,</em></span> <span class='ocrx_word' id='word_1_332' title='bbox 1811 3283 1865 3329; x_wconf 90' lang='lat' dir='ltr'><em>imo</em></span> <span class='ocrx_word' id='word_1_333' title='bbox 1879 3296 2015 3342; x_wconf 88' lang='lat' dir='ltr'><em>nunquam</em></span> <span class='ocrx_word' id='word_1_334' title='bbox 2029 3297 2087 3331; x_wconf 92' lang='lat' dir='ltr'><em>eon·</em></span> 
     </span>
     <span class='ocr_line' id='line_1_30' title="bbox 534 3346 2087 3409; baseline 0.006 -19"><span class='ocrx_word' id='word_1_335' title='bbox 534 3348 720 3404; x_wconf 77' lang='lat' dir='ltr'><em>aunaagemi,</em></span> <span class='ocrx_word' id='word_1_336' title='bbox 735 3346 941 3392; x_wconf 87' lang='lat' dir='ltr'><em>eteoncordiam</em></span> <span class='ocrx_word' id='word_1_337' title='bbox 962 3346 1090 3404; x_wconf 88' lang='lat' dir='ltr'><em>praecipit</em></span> <span class='ocrx_word' id='word_1_338' title='bbox 1104 3358 1164 3392; x_wconf 90' lang='lat' dir='ltr'><em>cum</em></span> <span class='ocrx_word' id='word_1_339' title='bbox 1181 3347 1281 3393; x_wconf 86' lang='lat' dir='ltr'><em>missio·</em></span> <span class='ocrx_word' id='word_1_340' title='bbox 1307 3358 1309 3375; x_wconf 59' lang='lat' dir='ltr'><em>t</em></span> <span class='ocrx_word' id='word_1_341' title='bbox 1335 3357 1484 3403; x_wconf 90' lang='lat' dir='ltr'><em>sequemur,</em></span> <span class='ocrx_word' id='word_1_342' title='bbox 1500 3349 1552 3394; x_wconf 89' lang='lat' dir='ltr'><em>nisi</em></span> <span class='ocrx_word' id='word_1_343' title='bbox 1567 3360 1617 3406; x_wconf 85' lang='lat' dir='ltr'><em>pax</em></span> <span class='ocrx_word' id='word_1_344' title='bbox 1632 3350 1687 3406; x_wconf 85' lang='lat' dir='ltr'><em>illa,</em></span> <span class='ocrx_word' id='word_1_345' title='bbox 1701 3362 1768 3407; x_wconf 84' lang='lat' dir='ltr'><em>quae</em></span> <span class='ocrx_word' id='word_1_346' title='bbox 1779 3355 1906 3409; x_wconf 87' lang='lat' dir='ltr'><em>exuperat</em></span> <span class='ocrx_word' id='word_1_347' title='bbox 1916 3363 2020 3398; x_wconf 89' lang='lat' dir='ltr'><em>omnem</em></span> <span class='ocrx_word' id='word_1_348' title='bbox 2032 3365 2087 3398; x_wconf 89' lang='lat' dir='ltr'><em>sen·</em></span> 
     </span>
     <span class='ocr_line' id='line_1_31' title="bbox 534 3413 2087 3476; baseline 0.006 -18"><span class='ocrx_word' id='word_1_349' title='bbox 534 3413 616 3460; x_wconf 88' lang='lat' dir='ltr'><em>uariis</em></span> <span class='ocrx_word' id='word_1_350' title='bbox 631 3417 685 3460; x_wconf 84' lang='lat' dir='ltr'><em>Soc.</em></span> <span class='ocrx_word' id='word_1_351' title='bbox 701 3417 766 3458; x_wconf 88' lang='lat' dir='ltr'><em>lesu.</em></span> <span class='ocrx_word' id='word_1_352' title='bbox 1307 3424 1309 3467; x_wconf 77' lang='lat' dir='ltr'><em>t</em></span> <span class='ocrx_word' id='word_1_353' title='bbox 1335 3424 1403 3470; x_wconf 89' lang='lat' dir='ltr'><em>sum,</em></span> <span class='ocrx_word' id='word_1_354' title='bbox 1418 3417 1444 3460; x_wconf 90' lang='lat' dir='ltr'><em>et</em></span> <span class='ocrx_word' id='word_1_355' title='bbox 1459 3414 1558 3462; x_wconf 87' lang='lat' dir='ltr'><em>caritas</em></span> <span class='ocrx_word' id='word_1_356' title='bbox 1580 3417 1680 3463; x_wconf 82' lang='lat' dir='ltr'><em>curtati</em></span> <span class='ocrx_word' id='word_1_357' title='bbox 1700 3417 1797 3464; x_wconf 86' lang='lat' dir='ltr'><em>diflusa</em></span> <span class='ocrx_word' id='word_1_358' title='bbox 1820 3419 2011 3476; x_wconf 90' lang='lat' dir='ltr'><em>perspiritum</em></span> <span class='ocrx_word' id='word_1_359' title='bbox 2026 3423 2087 3466; x_wconf 86' lang='lat' dir='ltr'><em>san·</em></span> 
     </span>
    </p>

    <p class='ocr_par' dir='ltr' id='par_1_12' title="bbox 621 3483 2087 4080">
     <span class='ocr_line' id='line_1_32' title="bbox 1335 3483 1725 3526; baseline 0.003 -1"><span class='ocrx_word' id='word_1_360' title='bbox 1335 3483 1361 3525; x_wconf 91' lang='lat' dir='ltr'><em>et</em></span> <span class='ocrx_word' id='word_1_361' title='bbox 1462 3493 1478 3526; x_wconf 91' lang='lat' dir='ltr'><em>u</em></span> <span class='ocrx_word' id='word_1_362' title='bbox 1498 3483 1546 3526; x_wconf 89' lang='lat' dir='ltr'><em>lu&#39;</em></span> <span class='ocrx_word' id='word_1_363' title='bbox 1721 3485 1725 3494; x_wconf 93' lang='grc'><strong>“</strong></span> 
     </span>
     <span class='ocr_line' id='line_1_33' title="bbox 683 3485 2087 3612; baseline 0.005 -18"><span class='ocrx_word' id='word_1_364' title='bbox 683 3552 828 3594; x_wconf 76' lang='lat' dir='ltr'><em>Venerabili</em></span> <span class='ocrx_word' id='word_1_365' title='bbox 844 3551 927 3599; x_wconf 70' lang='lat' dir='ltr'><em>matri</em></span> <span class='ocrx_word' id='word_1_366' title='bbox 940 3549 1042 3592; x_wconf 75' lang='lat' dir='ltr'><em>Stratoni</em></span> <span class='ocrx_word' id='word_1_367' title='bbox 1057 3551 1134 3592; x_wconf 86' lang='lat' dir='ltr'><em>Petro</em></span> <span class='ocrx_word' id='word_1_368' title='bbox 1306 3512 1308 3565; x_wconf 37' lang='lat'><strong>¹</strong></span> <span class='ocrx_word' id='word_1_369' title='bbox 1334 3492 1408 3594; x_wconf 59' lang='lat' dir='ltr'><em>sunan]</em></span> <span class='ocrx_word' id='word_1_370' title='bbox 1415 3493 1503 3605; x_wconf 53' lang='grc' dir='ltr'>Ρξῗτὲ,</span> <span class='ocrx_word' id='word_1_371' title='bbox 1523 3485 2087 3612; x_wconf 42' lang='lat' dir='ltr'><em>inliteratiacfiitsciggiftrtggntlifeiualifigmoiigflffqiilg</em></span> 
     </span>
     <span class='ocr_line' id='line_1_34' title="bbox 621 3606 2086 3674; baseline 0.003 -12"><span class='ocrx_word' id='word_1_372' title='bbox 621 3619 796 3662; x_wconf 83' lang='lat' dir='ltr'><em>Patrtaronae</em></span> <span class='ocrx_word' id='word_1_373' title='bbox 809 3617 966 3661; x_wconf 76' lang='lat' dir='ltr'><em>antiocheno</em></span> <span class='ocrx_word' id='word_1_374' title='bbox 981 3617 1191 3664; x_wconf 60' lang='lat' dir='ltr'><em>mercationem,</em></span> <span class='ocrx_word' id='word_1_375' title='bbox 1307 3606 1309 3644; x_wconf 85' lang='lat' dir='ltr'><em>l</em></span> <span class='ocrx_word' id='word_1_376' title='bbox 1334 3616 1368 3660; x_wconf 90' lang='lat' dir='ltr'><em>ab</em></span> <span class='ocrx_word' id='word_1_377' title='bbox 1382 3616 1438 3674; x_wconf 88' lang='lat' dir='ltr'><em>ipso</em></span> <span class='ocrx_word' id='word_1_378' title='bbox 1453 3617 1587 3662; x_wconf 78' lang='lat' dir='ltr'><em>Desiderio</em></span> <span class='ocrx_word' id='word_1_379' title='bbox 1602 3619 1730 3674; x_wconf 80' lang='lat' dir='ltr'><em>ablegato</em></span> <span class='ocrx_word' id='word_1_380' title='bbox 1744 3621 1835 3666; x_wconf 90' lang='lat' dir='ltr'><em>nostro</em></span> <span class='ocrx_word' id='word_1_381' title='bbox 1847 3619 2012 3667; x_wconf 80' lang='lat' dir='ltr'><em>fraternitati</em></span> <span class='ocrx_word' id='word_1_382' title='bbox 2025 3625 2086 3668; x_wconf 87' lang='lat' dir='ltr'><em>tuae</em></span> 
     </span>
     <span class='ocr_line' id='line_1_35' title="bbox 1306 3683 2086 3751; baseline 0.009 -24"><span class='ocrx_word' id='word_1_383' title='bbox 1306 3712 1308 3751; x_wconf 62' lang='lat' dir='ltr'><em>p</em></span> <span class='ocrx_word' id='word_1_384' title='bbox 1333 3694 1423 3729; x_wconf 90' lang='lat' dir='ltr'><em>coram</em></span> <span class='ocrx_word' id='word_1_385' title='bbox 1439 3683 1520 3730; x_wconf 88' lang='lat' dir='ltr'><em>fuerit</em></span> <span class='ocrx_word' id='word_1_386' title='bbox 1534 3687 1805 3744; x_wconf 71' lang='lat' dir='ltr'><em>comprobatumque</em></span> <span class='ocrx_word' id='word_1_387' title='bbox 1816 3689 2086 3746; x_wconf 84' lang='lat' dir='ltr'><em>apostolicabenigni-</em></span> 
     </span>
     <span class='ocr_line' id='line_1_36' title="bbox 725 3751 2083 3812; baseline 0.004 -16"><span class='ocrx_word' id='word_1_388' title='bbox 725 3752 918 3798; x_wconf 69' lang='lat' dir='ltr'><em>nasamonas</em></span> <span class='ocrx_word' id='word_1_389' title='bbox 933 3753 1011 3794; x_wconf 67' lang='lat' dir='ltr'><em>Pana</em></span> <span class='ocrx_word' id='word_1_390' title='bbox 1026 3751 1088 3794; x_wconf 84' lang='lat' dir='ltr'><em>xlv.</em></span> <span class='ocrx_word' id='word_1_391' title='bbox 1306 3785 1308 3793; x_wconf 84' lang='grc'><strong>.</strong></span> <span class='ocrx_word' id='word_1_392' title='bbox 1335 3754 1397 3806; x_wconf 89' lang='lat' dir='ltr'><em>tate,</em></span> <span class='ocrx_word' id='word_1_393' title='bbox 1412 3763 1464 3808; x_wconf 91' lang='lat' dir='ltr'><em>qua</em></span> <span class='ocrx_word' id='word_1_394' title='bbox 1478 3753 1600 3809; x_wconf 87' lang='lat' dir='ltr'><em>caritate,</em></span> <span class='ocrx_word' id='word_1_395' title='bbox 1615 3766 1667 3811; x_wconf 93' lang='lat' dir='ltr'><em>quo</em></span> <span class='ocrx_word' id='word_1_396' title='bbox 1683 3755 1738 3798; x_wconf 89' lang='lat' dir='ltr'><em>zelo</em></span> <span class='ocrx_word' id='word_1_397' title='bbox 1753 3755 1876 3812; x_wconf 88' lang='lat' dir='ltr'><em>prosequi</em></span> <span class='ocrx_word' id='word_1_398' title='bbox 1891 3766 2034 3812; x_wconf 88' lang='lat' dir='ltr'><em>pergamus</em></span> <span class='ocrx_word' id='word_1_399' title='bbox 2049 3759 2083 3810; x_wconf 86' lang='lat' dir='ltr'><em>te,</em></span> 
     </span>
     <span class='ocr_line' id='line_1_37' title="bbox 1335 3819 2084 3876; baseline 0.011 -16"><span class='ocrx_word' id='word_1_400' title='bbox 1335 3829 1389 3861; x_wconf 90' lang='lat' dir='ltr'><em>ven.</em></span> <span class='ocrx_word' id='word_1_401' title='bbox 1405 3819 1497 3874; x_wconf 89' lang='lat' dir='ltr'><em>l&#39;rater,</em></span> <span class='ocrx_word' id='word_1_402' title='bbox 1512 3820 1631 3876; x_wconf 86' lang='lat' dir='ltr'><em>aliosque</em></span> <span class='ocrx_word' id='word_1_403' title='bbox 1646 3821 1736 3866; x_wconf 88' lang='lat' dir='ltr'><em>itidem</em></span> <span class='ocrx_word' id='word_1_404' title='bbox 1752 3833 1826 3866; x_wconf 91' lang='lat' dir='ltr'><em>venn.</em></span> <span class='ocrx_word' id='word_1_405' title='bbox 1839 3821 1935 3866; x_wconf 76' lang='lat' dir='ltr'><em>tratres</em></span> <span class='ocrx_word' id='word_1_406' title='bbox 1947 3822 2084 3868; x_wconf 83' lang='lat' dir='ltr'><em>antistites</em></span> 
     </span>
     <span class='ocr_line' id='line_1_38' title="bbox 773 3866 2084 3945; baseline 0.003 -13"><span class='ocrx_word' id='word_1_407' title='bbox 773 3889 932 3933; x_wconf 65' lang='lat' dir='ltr'><em>Veromaotlts</em></span> <span class='ocrx_word' id='word_1_408' title='bbox 946 3889 1043 3938; x_wconf 75' lang='lat' dir='ltr'><em>trater,</em></span> <span class='ocrx_word' id='word_1_409' title='bbox 1306 3866 1308 3897; x_wconf 82' lang='lat'><strong>¹</strong></span> <span class='ocrx_word' id='word_1_410' title='bbox 1333 3887 1486 3942; x_wconf 86' lang='lat' dir='ltr'><em>ceterosque</em></span> <span class='ocrx_word' id='word_1_411' title='bbox 1509 3887 1617 3932; x_wconf 87' lang='lat' dir='ltr'><em>dilectos</em></span> <span class='ocrx_word' id='word_1_412' title='bbox 1639 3888 1708 3934; x_wconf 84' lang='lat' dir='ltr'><em>illios</em></span> <span class='ocrx_word' id='word_1_413' title='bbox 1732 3889 1847 3945; x_wconf 85' lang='lat' dir='ltr'><em>inclytae</em></span> <span class='ocrx_word' id='word_1_414' title='bbox 1871 3888 1987 3936; x_wconf 86' lang='lat' dir='ltr'><em>nationis</em></span> <span class='ocrx_word' id='word_1_415' title='bbox 2009 3891 2084 3945; x_wconf 87' lang='lat' dir='ltr'><em>tuae,</em></span> 
     </span>
     <span class='ocr_line' id='line_1_39' title="bbox 623 3951 2085 4013; baseline 0.001 -12"><span class='ocrx_word' id='word_1_416' title='bbox 623 3960 738 4001; x_wconf 79' lang='lat' dir='ltr'><em>salntem</em></span> <span class='ocrx_word' id='word_1_417' title='bbox 752 3959 776 3999; x_wconf 86' lang='lat' dir='ltr'><em>et</em></span> <span class='ocrx_word' id='word_1_418' title='bbox 790 3958 964 4009; x_wconf 80' lang='lat' dir='ltr'><em>apostoticam</em></span> <span class='ocrx_word' id='word_1_419' title='bbox 979 3957 1190 3999; x_wconf 71' lang='lat' dir='ltr'><em>coniectationem.</em></span> <span class='ocrx_word' id='word_1_420' title='bbox 1333 3951 1470 4008; x_wconf 89' lang='lat' dir='ltr'><em>ipsamque</em></span> <span class='ocrx_word' id='word_1_421' title='bbox 1492 3953 1626 3998; x_wconf 87' lang='lat' dir='ltr'><em>nationem</em></span> <span class='ocrx_word' id='word_1_422' title='bbox 1649 3955 1841 4011; x_wconf 64' lang='lat' dir='ltr'><em>platonitatem,</em></span> <span class='ocrx_word' id='word_1_423' title='bbox 1860 3967 1928 4013; x_wconf 85' lang='lat' dir='ltr'><em>quae</em></span> <span class='ocrx_word' id='word_1_424' title='bbox 1943 3959 1966 4000; x_wconf 87' lang='lat' dir='ltr'><em>S.</em></span> <span class='ocrx_word' id='word_1_425' title='bbox 1983 3955 2085 4002; x_wconf 85' lang='lat' dir='ltr'><em>Maroni</em></span> 
     </span>
     <span class='ocr_line' id='line_1_40' title="bbox 788 4018 2086 4080; baseline 0.009 -24"><span class='ocrx_word' id='word_1_426' title='bbox 788 4051 791 4056; x_wconf 92' lang='lat'><em>.</em></span> <span class='ocrx_word' id='word_1_427' title='bbox 1306 4063 1308 4077; x_wconf 68' lang='grc'>,</span> <span class='ocrx_word' id='word_1_428' title='bbox 1334 4018 1462 4064; x_wconf 90' lang='lat' dir='ltr'><em>maiorem</em></span> <span class='ocrx_word' id='word_1_429' title='bbox 1478 4019 1506 4063; x_wconf 91' lang='lat' dir='ltr'><em>in</em></span> <span class='ocrx_word' id='word_1_430' title='bbox 1520 4021 1650 4065; x_wconf 81' lang='lat' dir='ltr'><em>catholicis</em></span> <span class='ocrx_word' id='word_1_431' title='bbox 1664 4021 1716 4066; x_wconf 83' lang='lat' dir='ltr'><em>fide</em></span> <span class='ocrx_word' id='word_1_432' title='bbox 1736 4023 1923 4076; x_wconf 87' lang='lat' dir='ltr'><em>eruditionem,</em></span> <span class='ocrx_word' id='word_1_433' title='bbox 1938 4021 2086 4080; x_wconf 86' lang='lat' dir='ltr'><em>perennita-</em></span> 
     </span>
    </p>

    <p class='ocr_par' dir='ltr' id='par_1_13' title="bbox 531 4086 2086 5219">
     <span class='ocr_line' id='line_1_41' title="bbox 571 4086 2086 4148; baseline 0 -12"><span class='ocrx_word' id='word_1_434' title='bbox 571 4091 726 4137; x_wconf 85' lang='lat' dir='ltr'><em>Benediotus</em></span> <span class='ocrx_word' id='word_1_435' title='bbox 740 4093 808 4136; x_wconf 86' lang='lat' dir='ltr'><em>Deus</em></span> <span class='ocrx_word' id='word_1_436' title='bbox 821 4092 848 4136; x_wconf 90' lang='lat' dir='ltr'><em>et</em></span> <span class='ocrx_word' id='word_1_437' title='bbox 862 4092 940 4135; x_wconf 87' lang='lat' dir='ltr'><em>Pater</em></span> <span class='ocrx_word' id='word_1_438' title='bbox 955 4092 981 4134; x_wconf 88' lang='lat' dir='ltr'><em>n.</em></span> <span class='ocrx_word' id='word_1_439' title='bbox 997 4092 1024 4134; x_wconf 84' lang='lat' dir='ltr'><em>N.</em></span> <span class='ocrx_word' id='word_1_440' title='bbox 1041 4091 1099 4134; x_wconf 90' lang='lat' dir='ltr'><em>lesu</em></span> <span class='ocrx_word' id='word_1_441' title='bbox 1115 4087 1221 4143; x_wconf 82' lang='lat' dir='ltr'><em>Christi,</em></span> <span class='ocrx_word' id='word_1_442' title='bbox 1236 4090 1281 4134; x_wconf 87' lang='lat' dir='ltr'><em>Pa·</em></span> <span class='ocrx_word' id='word_1_443' title='bbox 1306 4116 1308 4128; x_wconf 89' lang='lat'>.</span> <span class='ocrx_word' id='word_1_444' title='bbox 1335 4089 1387 4130; x_wconf 90' lang='lat' dir='ltr'><em>tem</em></span> <span class='ocrx_word' id='word_1_445' title='bbox 1403 4089 1482 4143; x_wconf 88' lang='lat' dir='ltr'><em>atque</em></span> <span class='ocrx_word' id='word_1_446' title='bbox 1504 4086 1698 4134; x_wconf 88' lang='lat' dir='ltr'><em>incrementum</em></span> <span class='ocrx_word' id='word_1_447' title='bbox 1718 4092 1855 4146; x_wconf 85' lang='lat' dir='ltr'><em>acceptum</em></span> <span class='ocrx_word' id='word_1_448' title='bbox 1875 4091 1975 4136; x_wconf 89' lang='lat' dir='ltr'><em>referre</em></span> <span class='ocrx_word' id='word_1_449' title='bbox 1990 4090 2086 4148; x_wconf 86' lang='lat' dir='ltr'><em>gloria-</em></span> 
     </span>
     <span class='ocr_line' id='line_1_42' title="bbox 534 4153 2086 4212; baseline -0.003 -6"><span class='ocrx_word' id='word_1_450' title='bbox 534 4163 573 4206; x_wconf 88' lang='lat' dir='ltr'><em>ter</em></span> <span class='ocrx_word' id='word_1_451' title='bbox 588 4159 831 4204; x_wconf 86' lang='lat' dir='ltr'><em>misericordiarum</em></span> <span class='ocrx_word' id='word_1_452' title='bbox 847 4160 872 4202; x_wconf 90' lang='lat' dir='ltr'><em>et</em></span> <span class='ocrx_word' id='word_1_453' title='bbox 893 4159 959 4202; x_wconf 86' lang='lat' dir='ltr'><em>Deus</em></span> <span class='ocrx_word' id='word_1_454' title='bbox 979 4156 1061 4202; x_wconf 87' lang='lat' dir='ltr'><em>totius</em></span> <span class='ocrx_word' id='word_1_455' title='bbox 1083 4155 1280 4210; x_wconf 84' lang='lat' dir='ltr'><em>consolationis,</em></span> <span class='ocrx_word' id='word_1_456' title='bbox 1306 4154 1308 4205; x_wconf 80' lang='grc' dir='ltr'>Ξ</span> <span class='ocrx_word' id='word_1_457' title='bbox 1334 4155 1387 4197; x_wconf 89' lang='lat' dir='ltr'><em>tur.</em></span> <span class='ocrx_word' id='word_1_458' title='bbox 1404 4153 1482 4198; x_wconf 82' lang='lat' dir='ltr'><em>Nobis</em></span> <span class='ocrx_word' id='word_1_459' title='bbox 1496 4154 1670 4212; x_wconf 88' lang='lat' dir='ltr'><em>omniprocul</em></span> <span class='ocrx_word' id='word_1_460' title='bbox 1681 4156 1823 4212; x_wconf 89' lang='lat' dir='ltr'><em>dubi0,qui</em></span> <span class='ocrx_word' id='word_1_461' title='bbox 1834 4155 1948 4202; x_wconf 87' lang='lat' dir='ltr'><em>nationis</em></span> <span class='ocrx_word' id='word_1_462' title='bbox 1960 4159 2022 4203; x_wconf 91' lang='lat' dir='ltr'><em>tuae</em></span> <span class='ocrx_word' id='word_1_463' title='bbox 2032 4161 2086 4204; x_wconf 87' lang='lat' dir='ltr'><em>stu·</em></span> 
     </span>
     <span class='ocr_line' id='line_1_43' title="bbox 531 4219 2083 4284; baseline -0.001 -12"><span class='ocrx_word' id='word_1_464' title='bbox 531 4227 577 4284; x_wconf 90' lang='lat' dir='ltr'><em>qni</em></span> <span class='ocrx_word' id='word_1_465' title='bbox 591 4226 743 4272; x_wconf 88' lang='lat' dir='ltr'><em>consolatur</em></span> <span class='ocrx_word' id='word_1_466' title='bbox 758 4237 804 4270; x_wconf 92' lang='lat' dir='ltr'><em>nos</em></span> <span class='ocrx_word' id='word_1_467' title='bbox 819 4225 846 4269; x_wconf 91' lang='lat' dir='ltr'><em>in</em></span> <span class='ocrx_word' id='word_1_468' title='bbox 861 4224 933 4268; x_wconf 92' lang='lat' dir='ltr'><em>omni</em></span> <span class='ocrx_word' id='word_1_469' title='bbox 949 4223 1121 4268; x_wconf 87' lang='lat' dir='ltr'><em>tribulatione</em></span> <span class='ocrx_word' id='word_1_470' title='bbox 1136 4223 1237 4277; x_wconf 81' lang='lat' dir='ltr'><em>nostra,</em></span> <span class='ocrx_word' id='word_1_471' title='bbox 1249 4233 1280 4268; x_wconf 91' lang='lat' dir='ltr'><em>ac</em></span> <span class='ocrx_word' id='word_1_472' title='bbox 1306 4224 1308 4251; x_wconf 84' lang='lat'><strong>¹</strong></span> <span class='ocrx_word' id='word_1_473' title='bbox 1333 4219 1477 4265; x_wconf 72' lang='lat' dir='ltr'><em>otiosissimi</em></span> <span class='ocrx_word' id='word_1_474' title='bbox 1493 4231 1592 4276; x_wconf 89' lang='lat' dir='ltr'><em>snmus,</em></span> <span class='ocrx_word' id='word_1_475' title='bbox 1608 4224 1797 4278; x_wconf 85' lang='lat' dir='ltr'><em>permolestum</em></span> <span class='ocrx_word' id='word_1_476' title='bbox 1818 4224 1950 4270; x_wconf 86' lang='lat' dir='ltr'><em>accideret</em></span> <span class='ocrx_word' id='word_1_477' title='bbox 1965 4225 2083 4270; x_wconf 89' lang='lat' dir='ltr'><em>eiusdem</em></span> 
     </span>
     <span class='ocr_line' id='line_1_44' title="bbox 532 4289 2084 4350; baseline -0.001 -12"><span class='ocrx_word' id='word_1_478' title='bbox 532 4295 689 4350; x_wconf 88' lang='lat' dir='ltr'><em>praesertim</em></span> <span class='ocrx_word' id='word_1_479' title='bbox 710 4293 860 4338; x_wconf 89' lang='lat' dir='ltr'><em>consolatus</em></span> <span class='ocrx_word' id='word_1_480' title='bbox 875 4293 915 4336; x_wconf 91' lang='lat' dir='ltr'><em>est</em></span> <span class='ocrx_word' id='word_1_481' title='bbox 930 4303 975 4337; x_wconf 93' lang='lat' dir='ltr'><em>nos</em></span> <span class='ocrx_word' id='word_1_482' title='bbox 991 4293 1058 4336; x_wconf 88' lang='lat' dir='ltr'><em>Deus</em></span> <span class='ocrx_word' id='word_1_483' title='bbox 1073 4290 1099 4334; x_wconf 92' lang='lat' dir='ltr'><em>in</em></span> <span class='ocrx_word' id='word_1_484' title='bbox 1114 4291 1229 4335; x_wconf 88' lang='lat' dir='ltr'><em>adventu</em></span> <span class='ocrx_word' id='word_1_485' title='bbox 1244 4291 1280 4334; x_wconf 87' lang='lat' dir='ltr'><em>di·</em></span> <span class='ocrx_word' id='word_1_486' title='bbox 1334 4290 1357 4332; x_wconf 81' lang='lat' dir='ltr'><em>S.</em></span> <span class='ocrx_word' id='word_1_487' title='bbox 1374 4289 1489 4332; x_wconf 86' lang='lat' dir='ltr'><em>Maronis</em></span> <span class='ocrx_word' id='word_1_488' title='bbox 1504 4290 1685 4346; x_wconf 86' lang='lat' dir='ltr'><em>sanctitatem,</em></span> <span class='ocrx_word' id='word_1_489' title='bbox 1699 4291 1809 4347; x_wconf 89' lang='lat' dir='ltr'><em>eiusque</em></span> <span class='ocrx_word' id='word_1_490' title='bbox 1824 4292 1928 4336; x_wconf 84' lang='lat' dir='ltr'><em>cultum</em></span> <span class='ocrx_word' id='word_1_491' title='bbox 1943 4303 1959 4337; x_wconf 98' lang='lat' dir='ltr'><em>a</em></span> <span class='ocrx_word' id='word_1_492' title='bbox 1973 4293 2084 4338; x_wconf 91' lang='lat' dir='ltr'><em>nonnul·</em></span> 
     </span>
     <span class='ocr_line' id='line_1_45' title="bbox 531 4352 2083 4416; baseline 0.003 -11"><span class='ocrx_word' id='word_1_493' title='bbox 531 4361 593 4406; x_wconf 85' lang='lat' dir='ltr'><em>lecti</em></span> <span class='ocrx_word' id='word_1_494' title='bbox 609 4361 658 4405; x_wconf 86' lang='lat' dir='ltr'><em>tilii</em></span> <span class='ocrx_word' id='word_1_495' title='bbox 673 4358 1035 4405; x_wconf 82' lang='lat' dir='ltr'><em>Desideriiacasabaseinna</em></span> <span class='ocrx_word' id='word_1_496' title='bbox 1045 4357 1136 4402; x_wconf 88' lang='lat' dir='ltr'><em>fratris</em></span> <span class='ocrx_word' id='word_1_497' title='bbox 1147 4358 1278 4402; x_wconf 87' lang='lat' dir='ltr'><em>Minorum</em></span> <span class='ocrx_word' id='word_1_498' title='bbox 1306 4362 1308 4371; x_wconf 91' lang='lat'>&#39;</span> <span class='ocrx_word' id='word_1_499' title='bbox 1333 4352 1365 4397; x_wconf 81' lang='lat' dir='ltr'><em>lis</em></span> <span class='ocrx_word' id='word_1_500' title='bbox 1382 4357 1436 4398; x_wconf 80' lang='lat' dir='ltr'><em>torn</em></span> <span class='ocrx_word' id='word_1_501' title='bbox 1453 4355 1520 4400; x_wconf 71' lang='lat' dir='ltr'><em>malo</em></span> <span class='ocrx_word' id='word_1_502' title='bbox 1535 4357 1640 4410; x_wconf 70' lang='lat' dir='ltr'><em>haberit</em></span> <span class='ocrx_word' id='word_1_503' title='bbox 1661 4357 1738 4412; x_wconf 70' lang='lat' dir='ltr'><em>unde,</em></span> <span class='ocrx_word' id='word_1_504' title='bbox 1754 4361 1893 4416; x_wconf 69' lang='lat' dir='ltr'><em>pOStqtlnm</em></span> <span class='ocrx_word' id='word_1_505' title='bbox 1912 4359 2083 4404; x_wconf 63' lang='lat' dir='ltr'><em>&amp;calumniis</em></span> 
     </span>
     <span class='ocr_line' id='line_1_46' title="bbox 532 4405 2084 4481; baseline -0.001 -7"><span class='ocrx_word' id='word_1_506' title='bbox 532 4427 635 4474; x_wconf 86' lang='lat' dir='ltr'><em>Ordinis</em></span> <span class='ocrx_word' id='word_1_507' title='bbox 650 4427 817 4474; x_wconf 70' lang='lat' dir='ltr'><em>anteactam</em></span> <span class='ocrx_word' id='word_1_508' title='bbox 831 4426 862 4470; x_wconf 91' lang='lat' dir='ltr'><em>de</em></span> <span class='ocrx_word' id='word_1_509' title='bbox 873 4425 1044 4470; x_wconf 79' lang='lat' dir='ltr'><em>Obseruantia</em></span> <span class='ocrx_word' id='word_1_510' title='bbox 1058 4415 1279 4481; x_wconf 80' lang='lat' dir='ltr'><em>nuncupatorum,</em></span> <span class='ocrx_word' id='word_1_511' title='bbox 1306 4405 1308 4455; x_wconf 72' lang='lat' dir='ltr'><em>f</em></span> <span class='ocrx_word' id='word_1_512' title='bbox 1334 4419 1533 4476; x_wconf 88' lang='lat' dir='ltr'><em>vindicavimus,</em></span> <span class='ocrx_word' id='word_1_513' title='bbox 1548 4423 1692 4480; x_wconf 83' lang='lat' dir='ltr'><em>apostolica</em></span> <span class='ocrx_word' id='word_1_514' title='bbox 1706 4436 1809 4481; x_wconf 91' lang='lat' dir='ltr'><em>quoque</em></span> <span class='ocrx_word' id='word_1_515' title='bbox 1819 4427 1911 4472; x_wconf 82' lang='lat' dir='ltr'><em>nostra</em></span> <span class='ocrx_word' id='word_1_516' title='bbox 1922 4426 2084 4472; x_wconf 86' lang='lat' dir='ltr'><em>auctoritate</em></span> 
     </span>
     <span class='ocr_line' id='line_1_47' title="bbox 532 4487 2083 4553; baseline 0 -15"><span class='ocrx_word' id='word_1_517' title='bbox 532 4506 609 4553; x_wconf 92' lang='lat' dir='ltr'><em>quem</em></span> <span class='ocrx_word' id='word_1_518' title='bbox 633 4494 801 4540; x_wconf 88' lang='lat' dir='ltr'><em>nostrumad</em></span> <span class='ocrx_word' id='word_1_519' title='bbox 820 4493 1016 4538; x_wconf 80' lang='lat' dir='ltr'><em>fraternitatem</em></span> <span class='ocrx_word' id='word_1_520' title='bbox 1031 4489 1105 4536; x_wconf 88' lang='lat' dir='ltr'><em>tuam</em></span> <span class='ocrx_word' id='word_1_521' title='bbox 1127 4495 1280 4546; x_wconf 88' lang='lat' dir='ltr'><em>ceterosque</em></span> <span class='ocrx_word' id='word_1_522' title='bbox 1306 4490 1308 4545; x_wconf 58' lang='lat' dir='ltr'><em>t</em></span> <span class='ocrx_word' id='word_1_523' title='bbox 1333 4487 1562 4542; x_wconf 66' lang='lat' dir='ltr'><em>colummannus:</em></span> <span class='ocrx_word' id='word_1_524' title='bbox 1577 4491 1646 4546; x_wconf 88' lang='lat' dir='ltr'><em>quod</em></span> <span class='ocrx_word' id='word_1_525' title='bbox 1665 4490 1862 4536; x_wconf 88' lang='lat' dir='ltr'><em>isticomnibus</em></span> <span class='ocrx_word' id='word_1_526' title='bbox 1881 4493 2083 4548; x_wconf 88' lang='lat' dir='ltr'><em>periucundum,</em></span> 
     </span>
     <span class='ocr_line' id='line_1_48' title="bbox 532 4557 2086 4659; baseline 0 -53"><span class='ocrx_word' id='word_1_527' title='bbox 532 4563 647 4608; x_wconf 73' lang='lat' dir='ltr'><em>unitionis</em></span> <span class='ocrx_word' id='word_1_528' title='bbox 664 4564 724 4608; x_wconf 88' lang='lat' dir='ltr'><em>tuae</em></span> <span class='ocrx_word' id='word_1_529' title='bbox 739 4560 909 4606; x_wconf 87' lang='lat' dir='ltr'><em>Maroniticae</em></span> <span class='ocrx_word' id='word_1_530' title='bbox 924 4557 1279 4615; x_wconf 82' lang='lat' dir='ltr'><em>elapsoannoapostotiourn</em></span> <span class='ocrx_word' id='word_1_531' title='bbox 1306 4572 1308 4659; x_wconf 47' lang='lat' dir='ltr'><em>A</em></span> <span class='ocrx_word' id='word_1_532' title='bbox 1334 4559 1512 4612; x_wconf 88' lang='lat' dir='ltr'><em>opportunum</em></span> <span class='ocrx_word' id='word_1_533' title='bbox 1528 4568 1559 4602; x_wconf 91' lang='lat' dir='ltr'><em>ae</em></span> <span class='ocrx_word' id='word_1_534' title='bbox 1573 4559 1690 4603; x_wconf 87' lang='lat' dir='ltr'><em>salutare</em></span> <span class='ocrx_word' id='word_1_535' title='bbox 1704 4557 1786 4602; x_wconf 83' lang='lat' dir='ltr'><em>misse</em></span> <span class='ocrx_word' id='word_1_536' title='bbox 1800 4558 1834 4603; x_wconf 89' lang='lat' dir='ltr'><em>ab</em></span> <span class='ocrx_word' id='word_1_537' title='bbox 1848 4558 1938 4604; x_wconf 88' lang='lat' dir='ltr'><em>eudem</em></span> <span class='ocrx_word' id='word_1_538' title='bbox 1951 4560 2086 4606; x_wconf 89' lang='lat' dir='ltr'><em>Desiderio</em></span> 
     </span>
     <span class='ocr_line' id='line_1_49' title="bbox 532 4621 2085 4686; baseline -0.001 -13"><span class='ocrx_word' id='word_1_539' title='bbox 532 4630 687 4686; x_wconf 75' lang='lat' dir='ltr'><em>ablegatum</em></span> <span class='ocrx_word' id='word_1_540' title='bbox 702 4628 897 4674; x_wconf 86' lang='lat' dir='ltr'><em>dimiseramus.</em></span> <span class='ocrx_word' id='word_1_541' title='bbox 920 4630 974 4672; x_wconf 90' lang='lat' dir='ltr'><em>Non</em></span> <span class='ocrx_word' id='word_1_542' title='bbox 990 4627 1075 4672; x_wconf 87' lang='lat' dir='ltr'><em>solum</em></span> <span class='ocrx_word' id='word_1_543' title='bbox 1090 4628 1181 4670; x_wconf 88' lang='lat' dir='ltr'><em>autem</em></span> <span class='ocrx_word' id='word_1_544' title='bbox 1196 4624 1222 4668; x_wconf 91' lang='lat' dir='ltr'><em>in</em></span> <span class='ocrx_word' id='word_1_545' title='bbox 1238 4624 1282 4670; x_wconf 89' lang='lat' dir='ltr'><em>ad·</em></span> <span class='ocrx_word' id='word_1_546' title='bbox 1335 4621 1461 4678; x_wconf 77' lang='lat' dir='ltr'><em>ablegato</em></span> <span class='ocrx_word' id='word_1_547' title='bbox 1475 4627 1567 4668; x_wconf 92' lang='lat' dir='ltr'><em>nostro</em></span> <span class='ocrx_word' id='word_1_548' title='bbox 1582 4623 1682 4680; x_wconf 88' lang='lat' dir='ltr'><em>ingenti</em></span> <span class='ocrx_word' id='word_1_549' title='bbox 1696 4635 1757 4668; x_wconf 89' lang='lat' dir='ltr'><em>cum</em></span> <span class='ocrx_word' id='word_1_550' title='bbox 1767 4624 2029 4683; x_wconf 87' lang='lat' dir='ltr'><em>gaudioaceepimus.</em></span> <span class='ocrx_word' id='word_1_551' title='bbox 2042 4628 2085 4672; x_wconf 80' lang='lat' dir='ltr'><em>lte·</em></span> 
     </span>
     <span class='ocr_line' id='line_1_50' title="bbox 532 4680 2085 4751; baseline -0.004 -8"><span class='ocrx_word' id='word_1_552' title='bbox 532 4701 611 4743; x_wconf 90' lang='lat' dir='ltr'><em>ventu</em></span> <span class='ocrx_word' id='word_1_553' title='bbox 626 4695 692 4751; x_wconf 89' lang='lat' dir='ltr'><em>eius,</em></span> <span class='ocrx_word' id='word_1_554' title='bbox 706 4695 875 4740; x_wconf 89' lang='lat' dir='ltr'><em>benedicente</em></span> <span class='ocrx_word' id='word_1_555' title='bbox 889 4693 1006 4749; x_wconf 84' lang='lat' dir='ltr'><em>nornine,</em></span> <span class='ocrx_word' id='word_1_556' title='bbox 1020 4691 1127 4748; x_wconf 89' lang='lat' dir='ltr'><em>sospitis</em></span> <span class='ocrx_word' id='word_1_557' title='bbox 1143 4695 1170 4736; x_wconf 92' lang='lat' dir='ltr'><em>et</em></span> <span class='ocrx_word' id='word_1_558' title='bbox 1184 4691 1281 4736; x_wconf 86' lang='lat' dir='ltr'><em>incola·</em></span> <span class='ocrx_word' id='word_1_559' title='bbox 1306 4680 1308 4731; x_wconf 66' lang='grc' dir='ltr'>ἶ</span> <span class='ocrx_word' id='word_1_560' title='bbox 1336 4689 1415 4746; x_wconf 89' lang='lat' dir='ltr'><em>nique</em></span> <span class='ocrx_word' id='word_1_561' title='bbox 1430 4691 1515 4746; x_wconf 87' lang='lat' dir='ltr'><em>quoad</em></span> <span class='ocrx_word' id='word_1_562' title='bbox 1531 4689 1653 4735; x_wconf 87' lang='lat' dir='ltr'><em>dilectam</em></span> <span class='ocrx_word' id='word_1_563' title='bbox 1664 4690 1690 4735; x_wconf 90' lang='lat' dir='ltr'><em>in</em></span> <span class='ocrx_word' id='word_1_564' title='bbox 1702 4691 1806 4738; x_wconf 79' lang='lat' dir='ltr'><em>Christo</em></span> <span class='ocrx_word' id='word_1_565' title='bbox 1818 4692 1899 4738; x_wconf 86' lang='lat' dir='ltr'><em>liliam</em></span> <span class='ocrx_word' id='word_1_566' title='bbox 1911 4698 2011 4739; x_wconf 79' lang='lat' dir='ltr'><em>annam</em></span> <span class='ocrx_word' id='word_1_567' title='bbox 2024 4697 2085 4750; x_wconf 79' lang='lat' dir='ltr'><em>age·</em></span> 
     </span>
     <span class='ocr_line' id='line_1_51' title="bbox 532 4748 2085 4841; baseline -0.003 -30"><span class='ocrx_word' id='word_1_568' title='bbox 532 4766 591 4820; x_wconf 90' lang='lat' dir='ltr'><em>mis,</em></span> <span class='ocrx_word' id='word_1_569' title='bbox 606 4764 651 4810; x_wconf 87' lang='lat' dir='ltr'><em>sed</em></span> <span class='ocrx_word' id='word_1_570' title='bbox 666 4763 746 4809; x_wconf 89' lang='lat' dir='ltr'><em>etiam</em></span> <span class='ocrx_word' id='word_1_571' title='bbox 762 4762 789 4808; x_wconf 93' lang='lat' dir='ltr'><em>in</em></span> <span class='ocrx_word' id='word_1_572' title='bbox 804 4762 991 4816; x_wconf 86' lang='lat' dir='ltr'><em>consolatione,</em></span> <span class='ocrx_word' id='word_1_573' title='bbox 1007 4771 1058 4816; x_wconf 91' lang='lat' dir='ltr'><em>qua</em></span> <span class='ocrx_word' id='word_1_574' title='bbox 1074 4760 1225 4804; x_wconf 87' lang='lat' dir='ltr'><em>consolatus</em></span> <span class='ocrx_word' id='word_1_575' title='bbox 1240 4763 1280 4804; x_wconf 89' lang='lat' dir='ltr'><em>est</em></span> <span class='ocrx_word' id='word_1_576' title='bbox 1304 4748 1308 4841; x_wconf 48' lang='lat' dir='ltr'><em>p</em></span> <span class='ocrx_word' id='word_1_577' title='bbox 1335 4756 1371 4800; x_wconf 92' lang='lat' dir='ltr'><em>mi</em></span> <span class='ocrx_word' id='word_1_578' title='bbox 1386 4757 1500 4813; x_wconf 75' lang='lat' dir='ltr'><em>praelians</em></span> <span class='ocrx_word' id='word_1_579' title='bbox 1516 4757 1667 4816; x_wconf 77' lang='lat' dir='ltr'><em>aleppinam</em></span> <span class='ocrx_word' id='word_1_580' title='bbox 1685 4759 1803 4804; x_wconf 89' lang='lat' dir='ltr'><em>muneris</em></span> <span class='ocrx_word' id='word_1_581' title='bbox 1818 4760 1859 4804; x_wconf 91' lang='lat' dir='ltr'><em>tui</em></span> <span class='ocrx_word' id='word_1_582' title='bbox 1873 4765 1962 4816; x_wconf 88' lang='lat' dir='ltr'><em>partes</em></span> <span class='ocrx_word' id='word_1_583' title='bbox 1972 4771 2029 4806; x_wconf 89' lang='lat' dir='ltr'><em>esse</em></span> <span class='ocrx_word' id='word_1_584' title='bbox 2040 4760 2085 4806; x_wconf 86' lang='lat' dir='ltr'><em>du·</em></span> 
     </span>
     <span class='ocr_line' id='line_1_52' title="bbox 533 4822 2085 4905; baseline -0.004 -27"><span class='ocrx_word' id='word_1_585' title='bbox 533 4833 600 4887; x_wconf 88' lang='lat' dir='ltr'><em>istic,</em></span> <span class='ocrx_word' id='word_1_586' title='bbox 616 4831 731 4876; x_wconf 89' lang='lat' dir='ltr'><em>referens</em></span> <span class='ocrx_word' id='word_1_587' title='bbox 746 4829 828 4882; x_wconf 85' lang='lat' dir='ltr'><em>uobis,</em></span> <span class='ocrx_word' id='word_1_588' title='bbox 845 4831 878 4884; x_wconf 91' lang='lat' dir='ltr'><em>te,</em></span> <span class='ocrx_word' id='word_1_589' title='bbox 893 4840 949 4872; x_wconf 92' lang='lat' dir='ltr'><em>ven.</em></span> <span class='ocrx_word' id='word_1_590' title='bbox 966 4827 1058 4883; x_wconf 89' lang='lat' dir='ltr'><em>frater,</em></span> <span class='ocrx_word' id='word_1_591' title='bbox 1072 4827 1136 4870; x_wconf 87' lang='lat' dir='ltr'><em>bena</em></span> <span class='ocrx_word' id='word_1_592' title='bbox 1152 4826 1239 4870; x_wconf 88' lang='lat' dir='ltr'><em>velere</em></span> <span class='ocrx_word' id='word_1_593' title='bbox 1254 4829 1280 4870; x_wconf 90' lang='lat' dir='ltr'><em>et</em></span> <span class='ocrx_word' id='word_1_594' title='bbox 1306 4852 1308 4905; x_wconf 62' lang='grc' dir='ltr'>Ι</span> <span class='ocrx_word' id='word_1_595' title='bbox 1333 4822 1427 4878; x_wconf 90' lang='lat' dir='ltr'><em>cimus,</em></span> <span class='ocrx_word' id='word_1_596' title='bbox 1443 4827 1471 4869; x_wconf 91' lang='lat' dir='ltr'><em>ut</em></span> <span class='ocrx_word' id='word_1_597' title='bbox 1488 4825 1544 4882; x_wconf 89' lang='lat' dir='ltr'><em>ipsa</em></span> <span class='ocrx_word' id='word_1_598' title='bbox 1559 4837 1575 4870; x_wconf 90' lang='lat' dir='ltr'><em>a</em></span> <span class='ocrx_word' id='word_1_599' title='bbox 1589 4825 1640 4882; x_wconf 89' lang='lat' dir='ltr'><em>piis</em></span> <span class='ocrx_word' id='word_1_600' title='bbox 1650 4825 1877 4888; x_wconf 79' lang='lat' dir='ltr'><em>prudentibusque</em></span> <span class='ocrx_word' id='word_1_601' title='bbox 1886 4828 2037 4874; x_wconf 90' lang='lat' dir='ltr'><em>animarum</em></span> <span class='ocrx_word' id='word_1_602' title='bbox 2050 4827 2085 4872; x_wconf 89' lang='lat' dir='ltr'><em>di-</em></span> 
     </span>
     <span class='ocr_line' id='line_1_53' title="bbox 533 4892 2082 4956; baseline -0.002 -13"><span class='ocrx_word' id='word_1_603' title='bbox 533 4909 655 4956; x_wconf 84' lang='lat' dir='ltr'><em>prospere</em></span> <span class='ocrx_word' id='word_1_604' title='bbox 670 4909 761 4953; x_wconf 86' lang='lat' dir='ltr'><em>agere;</em></span> <span class='ocrx_word' id='word_1_605' title='bbox 776 4895 845 4954; x_wconf 88' lang='lat' dir='ltr'><em>quod</em></span> <span class='ocrx_word' id='word_1_606' title='bbox 867 4906 930 4940; x_wconf 89' lang='lat' dir='ltr'><em>sane</em></span> <span class='ocrx_word' id='word_1_607' title='bbox 945 4895 1069 4940; x_wconf 90' lang='lat' dir='ltr'><em>nuntium</em></span> <span class='ocrx_word' id='word_1_608' title='bbox 1090 4893 1206 4938; x_wconf 77' lang='lat' dir='ltr'><em>sinaxima</em></span> <span class='ocrx_word' id='word_1_609' title='bbox 1221 4904 1280 4949; x_wconf 91' lang='lat' dir='ltr'><em>pon·</em></span> <span class='ocrx_word' id='word_1_610' title='bbox 1325 4892 1482 4950; x_wconf 68' lang='lat' dir='ltr'><em>⁴rectoribus</em></span> <span class='ocrx_word' id='word_1_611' title='bbox 1503 4892 1656 4938; x_wconf 86' lang='lat' dir='ltr'><em>instruatur</em></span> <span class='ocrx_word' id='word_1_612' title='bbox 1676 4897 1756 4950; x_wconf 88' lang='lat' dir='ltr'><em>atque</em></span> <span class='ocrx_word' id='word_1_613' title='bbox 1776 4893 1932 4949; x_wconf 86' lang='lat' dir='ltr'><em>adsistatur,</em></span> <span class='ocrx_word' id='word_1_614' title='bbox 1947 4897 1977 4940; x_wconf 90' lang='lat' dir='ltr'><em>ut</em></span> <span class='ocrx_word' id='word_1_615' title='bbox 1991 4896 2082 4952; x_wconf 84' lang='lat' dir='ltr'><em>procul</em></span> 
     </span>
     <span class='ocr_line' id='line_1_54' title="bbox 533 4926 2084 5018; baseline 0.001 -10"><span class='ocrx_word' id='word_1_616' title='bbox 533 4963 642 5009; x_wconf 87' lang='lat' dir='ltr'><em>tilleium</em></span> <span class='ocrx_word' id='word_1_617' title='bbox 662 4963 781 5009; x_wconf 90' lang='lat' dir='ltr'><em>animum</em></span> <span class='ocrx_word' id='word_1_618' title='bbox 804 4966 925 5007; x_wconf 87' lang='lat' dir='ltr'><em>nostrum</em></span> <span class='ocrx_word' id='word_1_619' title='bbox 947 4961 1057 5018; x_wconf 88' lang='lat' dir='ltr'><em>replevit</em></span> <span class='ocrx_word' id='word_1_620' title='bbox 1072 4962 1214 5018; x_wconf 89' lang='lat' dir='ltr'><em>voluptate.</em></span> <span class='ocrx_word' id='word_1_621' title='bbox 1230 4963 1280 5004; x_wconf 84' lang='lat' dir='ltr'><em>Nee</em></span> <span class='ocrx_word' id='word_1_622' title='bbox 1305 4926 1308 5015; x_wconf 82' lang='grc' dir='ltr'>Ι</span> <span class='ocrx_word' id='word_1_623' title='bbox 1334 4958 1433 5004; x_wconf 87' lang='lat' dir='ltr'><em>absita</em></span> <span class='ocrx_word' id='word_1_624' title='bbox 1448 4958 1553 5016; x_wconf 80' lang='lat' dir='ltr'><em>publiea</em></span> <span class='ocrx_word' id='word_1_625' title='bbox 1569 4959 1705 5004; x_wconf 89' lang='lat' dir='ltr'><em>hominum</em></span> <span class='ocrx_word' id='word_1_626' title='bbox 1720 4959 1878 5016; x_wconf 79' lang='lat' dir='ltr'><em>frequentia,</em></span> <span class='ocrx_word' id='word_1_627' title='bbox 1893 4962 1988 5018; x_wconf 91' lang='lat' dir='ltr'><em>plausu</em></span> <span class='ocrx_word' id='word_1_628' title='bbox 2004 4967 2030 5009; x_wconf 89' lang='lat' dir='ltr'><em>et</em></span> <span class='ocrx_word' id='word_1_629' title='bbox 2044 4975 2084 5008; x_wconf 90' lang='lat' dir='ltr'><em>ao-</em></span> 
     </span>
     <span class='ocr_line' id='line_1_55' title="bbox 533 5020 2082 5084; baseline 0.001 -10"><span class='ocrx_word' id='word_1_630' title='bbox 533 5030 630 5076; x_wconf 89' lang='lat' dir='ltr'><em>minori</em></span> <span class='ocrx_word' id='word_1_631' title='bbox 644 5031 725 5076; x_wconf 85' lang='lat' dir='ltr'><em>etiarn</em></span> <span class='ocrx_word' id='word_1_632' title='bbox 736 5029 840 5075; x_wconf 84' lang='lat' dir='ltr'><em>laetitia</em></span> <span class='ocrx_word' id='word_1_633' title='bbox 850 5029 937 5074; x_wconf 86' lang='lat' dir='ltr'><em>allecti</em></span> <span class='ocrx_word' id='word_1_634' title='bbox 948 5039 1040 5074; x_wconf 76' lang='lat' dir='ltr'><em>siiturus</em></span> <span class='ocrx_word' id='word_1_635' title='bbox 1050 5027 1197 5082; x_wconf 87' lang='lat' dir='ltr'><em>audientes,</em></span> <span class='ocrx_word' id='word_1_636' title='bbox 1208 5039 1280 5084; x_wconf 86' lang='lat' dir='ltr'><em>prae·</em></span> <span class='ocrx_word' id='word_1_637' title='bbox 1305 5020 1308 5073; x_wconf 86' lang='lat' dir='ltr'><em>f</em></span> <span class='ocrx_word' id='word_1_638' title='bbox 1334 5025 1500 5080; x_wconf 87' lang='lat' dir='ltr'><em>clamatione,</em></span> <span class='ocrx_word' id='word_1_639' title='bbox 1516 5037 1548 5070; x_wconf 91' lang='lat' dir='ltr'><em>ne</em></span> <span class='ocrx_word' id='word_1_640' title='bbox 1563 5025 1683 5070; x_wconf 87' lang='lat' dir='ltr'><em>velleris</em></span> <span class='ocrx_word' id='word_1_641' title='bbox 1704 5026 1798 5071; x_wconf 86' lang='lat' dir='ltr'><em>umbra</em></span> <span class='ocrx_word' id='word_1_642' title='bbox 1814 5027 1940 5074; x_wconf 87' lang='lat' dir='ltr'><em>vanitatis</em></span> <span class='ocrx_word' id='word_1_643' title='bbox 1955 5028 2082 5076; x_wconf 81' lang='lat' dir='ltr'><em>virtutem</em></span> 
     </span>
     <span class='ocr_line' id='line_1_56' title="bbox 532 5092 2083 5153; baseline -0.001 -9"><span class='ocrx_word' id='word_1_644' title='bbox 532 5099 603 5144; x_wconf 89' lang='lat' dir='ltr'><em>clara</em></span> <span class='ocrx_word' id='word_1_645' title='bbox 617 5099 678 5143; x_wconf 89' lang='lat' dir='ltr'><em>tuae</em></span> <span class='ocrx_word' id='word_1_646' title='bbox 689 5107 752 5153; x_wconf 81' lang='lat' dir='ltr'><em>erga</em></span> <span class='ocrx_word' id='word_1_647' title='bbox 763 5098 884 5142; x_wconf 91' lang='lat' dir='ltr'><em>eumdem</em></span> <span class='ocrx_word' id='word_1_648' title='bbox 896 5095 1059 5142; x_wconf 82' lang='lat' dir='ltr'><em>Desiderium</em></span> <span class='ocrx_word' id='word_1_649' title='bbox 1070 5095 1227 5150; x_wconf 81' lang='lat' dir='ltr'><em>ablegatum</em></span> <span class='ocrx_word' id='word_1_650' title='bbox 1238 5105 1280 5140; x_wconf 87' lang='lat' dir='ltr'><em>no·</em></span> <span class='ocrx_word' id='word_1_651' title='bbox 1334 5092 1417 5150; x_wconf 89' lang='lat' dir='ltr'><em>ipsius</em></span> <span class='ocrx_word' id='word_1_652' title='bbox 1438 5093 1553 5140; x_wconf 88' lang='lat' dir='ltr'><em>offendat</em></span> <span class='ocrx_word' id='word_1_653' title='bbox 1571 5105 1602 5138; x_wconf 90' lang='lat' dir='ltr'><em>ae</em></span> <span class='ocrx_word' id='word_1_654' title='bbox 1616 5093 1740 5150; x_wconf 87' lang='lat' dir='ltr'><em>periculis</em></span> <span class='ocrx_word' id='word_1_655' title='bbox 1762 5098 1883 5150; x_wconf 70' lang='lat' dir='ltr'><em>expoum,</em></span> <span class='ocrx_word' id='word_1_656' title='bbox 1902 5107 1986 5153; x_wconf 90' lang='lat' dir='ltr'><em>neque</em></span> <span class='ocrx_word' id='word_1_657' title='bbox 2009 5097 2083 5142; x_wconf 89' lang='lat' dir='ltr'><em>novis</em></span> 
     </span>
     <span class='ocr_line' id='line_1_57' title="bbox 532 5161 2083 5219; baseline -0.001 -9"><span class='ocrx_word' id='word_1_658' title='bbox 532 5170 618 5211; x_wconf 90' lang='lat' dir='ltr'><em>strum</em></span> <span class='ocrx_word' id='word_1_659' title='bbox 633 5163 750 5210; x_wconf 83' lang='lat' dir='ltr'><em>exhibita</em></span> <span class='ocrx_word' id='word_1_660' title='bbox 764 5162 940 5210; x_wconf 87' lang='lat' dir='ltr'><em>humanitatis</em></span> <span class='ocrx_word' id='word_1_661' title='bbox 950 5161 1197 5219; x_wconf 79' lang='lat' dir='ltr'><em>benevolentiaeque</em></span> <span class='ocrx_word' id='word_1_662' title='bbox 1209 5161 1279 5206; x_wconf 88' lang='lat' dir='ltr'><em>testi·</em></span> <span class='ocrx_word' id='word_1_663' title='bbox 1333 5161 1458 5216; x_wconf 87' lang='lat' dir='ltr'><em>dissidiis,</em></span> <span class='ocrx_word' id='word_1_664' title='bbox 1480 5161 1688 5207; x_wconf 88' lang='lat' dir='ltr'><em>dissensionibus</em></span> <span class='ocrx_word' id='word_1_665' title='bbox 1703 5165 1729 5206; x_wconf 90' lang='lat' dir='ltr'><em>et</em></span> <span class='ocrx_word' id='word_1_666' title='bbox 1743 5161 1931 5207; x_wconf 84' lang='lat' dir='ltr'><em>offensionibus</em></span> <span class='ocrx_word' id='word_1_667' title='bbox 1952 5163 2030 5208; x_wconf 90' lang='lat' dir='ltr'><em>detur</em></span> <span class='ocrx_word' id='word_1_668' title='bbox 2045 5177 2083 5210; x_wconf 90' lang='lat' dir='ltr'><em>oe·</em></span> 
     </span>
    </p>

    <p class='ocr_par' dir='ltr' id='par_1_14' title="bbox 450 5221 2094 6023">
     <span class='ocr_line' id='line_1_58' title="bbox 450 5221 2082 5289; baseline -0.002 -11"><span class='ocrx_word' id='word_1_669' title='bbox 450 5221 454 5232; x_wconf 90' lang='grc'><strong>’</strong></span> <span class='ocrx_word' id='word_1_670' title='bbox 533 5233 628 5286; x_wconf 80' lang='lat' dir='ltr'><em>inania,</em></span> <span class='ocrx_word' id='word_1_671' title='bbox 644 5243 691 5289; x_wconf 92' lang='lat' dir='ltr'><em>pro</em></span> <span class='ocrx_word' id='word_1_672' title='bbox 705 5231 799 5288; x_wconf 89' lang='lat' dir='ltr'><em>quibus</em></span> <span class='ocrx_word' id='word_1_673' title='bbox 821 5233 926 5286; x_wconf 85' lang='lat' dir='ltr'><em>gratam</em></span> <span class='ocrx_word' id='word_1_674' title='bbox 948 5229 1155 5286; x_wconf 87' lang='lat' dir='ltr'><em>obstrictamque</em></span> <span class='ocrx_word' id='word_1_675' title='bbox 1174 5229 1223 5275; x_wconf 89' lang='lat' dir='ltr'><em>tibi</em></span> <span class='ocrx_word' id='word_1_676' title='bbox 1238 5241 1281 5274; x_wconf 80' lang='lat' dir='ltr'><em>no</em></span> <span class='ocrx_word' id='word_1_677' title='bbox 1334 5226 1410 5272; x_wconf 88' lang='lat' dir='ltr'><em>casia.</em></span> <span class='ocrx_word' id='word_1_678' title='bbox 1427 5229 1549 5272; x_wconf 85' lang='lat' dir='ltr'><em>ceterum</em></span> <span class='ocrx_word' id='word_1_679' title='bbox 1566 5229 1588 5272; x_wconf 88' lang='lat' dir='ltr'><em>si</em></span> <span class='ocrx_word' id='word_1_680' title='bbox 1600 5227 1745 5284; x_wconf 89' lang='lat' dir='ltr'><em>quidquam</em></span> <span class='ocrx_word' id='word_1_681' title='bbox 1755 5227 1871 5284; x_wconf 87' lang='lat' dir='ltr'><em>amptius</em></span> <span class='ocrx_word' id='word_1_682' title='bbox 1882 5227 1930 5273; x_wconf 88' lang='lat' dir='ltr'><em>hae</em></span> <span class='ocrx_word' id='word_1_683' title='bbox 1941 5228 1967 5273; x_wconf 93' lang='lat' dir='ltr'><em>in</em></span> <span class='ocrx_word' id='word_1_684' title='bbox 1979 5241 2007 5274; x_wconf 88' lang='lat' dir='ltr'><em>re</em></span> <span class='ocrx_word' id='word_1_685' title='bbox 2018 5241 2082 5286; x_wconf 91' lang='lat' dir='ltr'><em>opus</em></span> 
     </span>
     <span class='ocr_line' id='line_1_59' title="bbox 532 5293 2081 5354; baseline -0.001 -10"><span class='ocrx_word' id='word_1_686' title='bbox 532 5301 616 5345; x_wconf 87' lang='lat' dir='ltr'><em>stram</em></span> <span class='ocrx_word' id='word_1_687' title='bbox 637 5299 800 5343; x_wconf 87' lang='lat' dir='ltr'><em>voluntatem</em></span> <span class='ocrx_word' id='word_1_688' title='bbox 821 5297 986 5353; x_wconf 88' lang='lat' dir='ltr'><em>prolitentes,</em></span> <span class='ocrx_word' id='word_1_689' title='bbox 1005 5299 1181 5354; x_wconf 90' lang='lat' dir='ltr'><em>opportunam</em></span> <span class='ocrx_word' id='word_1_690' title='bbox 1201 5295 1279 5340; x_wconf 90' lang='lat' dir='ltr'><em>rebus</em></span> <span class='ocrx_word' id='word_1_691' title='bbox 1334 5293 1422 5348; x_wconf 76' lang='lat' dir='ltr'><em>fauerit,</em></span> <span class='ocrx_word' id='word_1_692' title='bbox 1438 5306 1488 5339; x_wconf 92' lang='lat' dir='ltr'><em>non</em></span> <span class='ocrx_word' id='word_1_693' title='bbox 1504 5294 1659 5339; x_wconf 87' lang='lat' dir='ltr'><em>omittemus</em></span> <span class='ocrx_word' id='word_1_694' title='bbox 1674 5295 1837 5340; x_wconf 85' lang='lat' dir='ltr'><em>fraternitati</em></span> <span class='ocrx_word' id='word_1_695' title='bbox 1852 5298 1913 5340; x_wconf 91' lang='lat' dir='ltr'><em>tuae</em></span> <span class='ocrx_word' id='word_1_696' title='bbox 1924 5295 2081 5352; x_wconf 85' lang='lat' dir='ltr'><em>siguificare.</em></span> 
     </span>
     <span class='ocr_line' id='line_1_60' title="bbox 531 5361 2083 5427; baseline -0.001 -18"><span class='ocrx_word' id='word_1_697' title='bbox 531 5365 594 5423; x_wconf 88' lang='lat' dir='ltr'><em>ipsis</em></span> <span class='ocrx_word' id='word_1_698' title='bbox 608 5363 772 5411; x_wconf 86' lang='lat' dir='ltr'><em>fraternitati</em></span> <span class='ocrx_word' id='word_1_699' title='bbox 787 5367 848 5408; x_wconf 91' lang='lat' dir='ltr'><em>tuae</em></span> <span class='ocrx_word' id='word_1_700' title='bbox 863 5362 1022 5419; x_wconf 88' lang='lat' dir='ltr'><em>rependendi</em></span> <span class='ocrx_word' id='word_1_701' title='bbox 1036 5363 1197 5408; x_wconf 87' lang='lat' dir='ltr'><em>occasionem</em></span> <span class='ocrx_word' id='word_1_702' title='bbox 1208 5373 1280 5427; x_wconf 82' lang='lat' dir='ltr'><em>prae-</em></span> <span class='ocrx_word' id='word_1_703' title='bbox 1334 5361 1444 5406; x_wconf 88' lang='lat' dir='ltr'><em>Interim</em></span> <span class='ocrx_word' id='word_1_704' title='bbox 1465 5361 1587 5406; x_wconf 88' lang='lat' dir='ltr'><em>caelestis</em></span> <span class='ocrx_word' id='word_1_705' title='bbox 1609 5361 1735 5418; x_wconf 88' lang='lat' dir='ltr'><em>praesidii</em></span> <span class='ocrx_word' id='word_1_706' title='bbox 1755 5362 1903 5419; x_wconf 68' lang='lat' dir='ltr'><em>aruspicem,</em></span> <span class='ocrx_word' id='word_1_707' title='bbox 1927 5367 2083 5421; x_wconf 88' lang='lat' dir='ltr'><em>nostrasque</em></span> 
     </span>
     <span class='ocr_line' id='line_1_61' title="bbox 533 5428 2082 5486; baseline -0.001 -10"><span class='ocrx_word' id='word_1_708' title='bbox 533 5434 669 5478; x_wconf 87' lang='lat' dir='ltr'><em>stolamur.</em></span> <span class='ocrx_word' id='word_1_709' title='bbox 685 5433 719 5476; x_wconf 88' lang='lat' dir='ltr'><em>De</em></span> <span class='ocrx_word' id='word_1_710' title='bbox 731 5429 844 5486; x_wconf 82' lang='lat' dir='ltr'><em>pristina</em></span> <span class='ocrx_word' id='word_1_711' title='bbox 855 5440 917 5474; x_wconf 90' lang='lat' dir='ltr'><em>vero</em></span> <span class='ocrx_word' id='word_1_712' title='bbox 927 5439 988 5486; x_wconf 91' lang='lat' dir='ltr'><em>pace</em></span> <span class='ocrx_word' id='word_1_713' title='bbox 999 5429 1171 5474; x_wconf 81' lang='lat' dir='ltr'><em>eteoneordici</em></span> <span class='ocrx_word' id='word_1_714' title='bbox 1183 5433 1279 5483; x_wconf 78' lang='lat' dir='ltr'><em>tecum,</em></span> <span class='ocrx_word' id='word_1_715' title='bbox 1334 5439 1398 5484; x_wconf 88' lang='lat' dir='ltr'><em>erga</em></span> <span class='ocrx_word' id='word_1_716' title='bbox 1412 5431 1446 5484; x_wconf 91' lang='lat' dir='ltr'><em>te,</em></span> <span class='ocrx_word' id='word_1_717' title='bbox 1461 5439 1517 5473; x_wconf 90' lang='lat' dir='ltr'><em>ven.</em></span> <span class='ocrx_word' id='word_1_718' title='bbox 1533 5428 1624 5482; x_wconf 88' lang='lat' dir='ltr'><em>frater,</em></span> <span class='ocrx_word' id='word_1_719' title='bbox 1640 5428 1843 5485; x_wconf 75' lang='lat' dir='ltr'><em>immensamque</em></span> <span class='ocrx_word' id='word_1_720' title='bbox 1858 5429 1992 5475; x_wconf 89' lang='lat' dir='ltr'><em>nationem</em></span> <span class='ocrx_word' id='word_1_721' title='bbox 2009 5435 2082 5477; x_wconf 90' lang='lat' dir='ltr'><em>tuam</em></span> 
     </span>
     <span class='ocr_line' id='line_1_62' title="bbox 533 5495 2083 5555; baseline 0 -11"><span class='ocrx_word' id='word_1_722' title='bbox 533 5513 588 5545; x_wconf 88' lang='lat' dir='ltr'><em>ven.</em></span> <span class='ocrx_word' id='word_1_723' title='bbox 600 5499 691 5553; x_wconf 90' lang='lat' dir='ltr'><em>frater,</em></span> <span class='ocrx_word' id='word_1_724' title='bbox 701 5501 728 5543; x_wconf 90' lang='lat' dir='ltr'><em>et</em></span> <span class='ocrx_word' id='word_1_725' title='bbox 741 5497 845 5542; x_wconf 89' lang='lat' dir='ltr'><em>dilectis</em></span> <span class='ocrx_word' id='word_1_726' title='bbox 861 5495 922 5542; x_wconf 89' lang='lat' dir='ltr'><em>filiis</em></span> <span class='ocrx_word' id='word_1_727' title='bbox 937 5495 1100 5553; x_wconf 88' lang='lat' dir='ltr'><em>presbyteris</em></span> <span class='ocrx_word' id='word_1_728' title='bbox 1110 5495 1279 5552; x_wconf 87' lang='lat' dir='ltr'><em>regularibus</em></span> <span class='ocrx_word' id='word_1_729' title='bbox 1335 5506 1479 5552; x_wconf 88' lang='lat' dir='ltr'><em>propensae</em></span> <span class='ocrx_word' id='word_1_730' title='bbox 1493 5495 1637 5540; x_wconf 88' lang='lat' dir='ltr'><em>voluntatis</em></span> <span class='ocrx_word' id='word_1_731' title='bbox 1659 5495 1754 5552; x_wconf 87' lang='lat' dir='ltr'><em>pignus</em></span> <span class='ocrx_word' id='word_1_732' title='bbox 1769 5507 1826 5540; x_wconf 89' lang='lat' dir='ltr'><em>esse</em></span> <span class='ocrx_word' id='word_1_733' title='bbox 1846 5497 1967 5553; x_wconf 88' lang='lat' dir='ltr'><em>cupimus</em></span> <span class='ocrx_word' id='word_1_734' title='bbox 1983 5503 2083 5555; x_wconf 73' lang='lat' dir='ltr'><em>aposto</em></span> 
     </span>
     <span class='ocr_line' id='line_1_63' title="bbox 533 5561 2094 5625; baseline -0.001 -12"><span class='ocrx_word' id='word_1_735' title='bbox 533 5561 1279 5620; x_wconf 81' lang='lat' dir='ltr'><em>societatislesu,apostolicisisticmissionariisnostris,</em></span> <span class='ocrx_word' id='word_1_736' title='bbox 1335 5563 1412 5609; x_wconf 89' lang='lat' dir='ltr'><em>ticam</em></span> <span class='ocrx_word' id='word_1_737' title='bbox 1434 5563 1653 5617; x_wconf 80' lang='lat' dir='ltr'><em>beriedictionem,</em></span> <span class='ocrx_word' id='word_1_738' title='bbox 1675 5573 1753 5619; x_wconf 90' lang='lat' dir='ltr'><em>qnam</em></span> <span class='ocrx_word' id='word_1_739' title='bbox 1776 5575 1806 5607; x_wconf 83' lang='lat' dir='ltr'><em>ex</em></span> <span class='ocrx_word' id='word_1_740' title='bbox 1828 5563 1924 5610; x_wconf 87' lang='lat' dir='ltr'><em>intimo</em></span> <span class='ocrx_word' id='word_1_741' title='bbox 1945 5566 2021 5611; x_wconf 84' lang='lat' dir='ltr'><em>eorde</em></span> <span class='ocrx_word' id='word_1_742' title='bbox 2042 5566 2094 5625; x_wconf 21' lang='lat' dir='ltr'><em>de·-</em></span> 
     </span>
     <span class='ocr_line' id='line_1_64' title="bbox 534 5628 2083 5691; baseline -0.001 -11"><span class='ocrx_word' id='word_1_743' title='bbox 534 5633 658 5680; x_wconf 79' lang='lat' dir='ltr'><em>restituta</em></span> <span class='ocrx_word' id='word_1_744' title='bbox 673 5634 750 5691; x_wconf 87' lang='lat' dir='ltr'><em>quale</em></span> <span class='ocrx_word' id='word_1_745' title='bbox 770 5635 952 5688; x_wconf 88' lang='lat' dir='ltr'><em>quantumque</em></span> <span class='ocrx_word' id='word_1_746' title='bbox 971 5630 1098 5686; x_wconf 84' lang='lat' dir='ltr'><em>gaudium</em></span> <span class='ocrx_word' id='word_1_747' title='bbox 1118 5629 1279 5686; x_wconf 89' lang='lat' dir='ltr'><em>ceperimus,</em></span> <span class='ocrx_word' id='word_1_748' title='bbox 1334 5633 1483 5688; x_wconf 89' lang='lat' dir='ltr'><em>promptam</em></span> <span class='ocrx_word' id='word_1_749' title='bbox 1501 5629 1665 5676; x_wconf 90' lang='lat' dir='ltr'><em>fraternitati</em></span> <span class='ocrx_word' id='word_1_750' title='bbox 1676 5633 1738 5674; x_wconf 90' lang='lat' dir='ltr'><em>tuae</em></span> <span class='ocrx_word' id='word_1_751' title='bbox 1749 5628 1932 5687; x_wconf 88' lang='lat' dir='ltr'><em>universisque</em></span> <span class='ocrx_word' id='word_1_752' title='bbox 1944 5632 2083 5678; x_wconf 86' lang='lat' dir='ltr'><em>Maronitis</em></span> 
     </span>
     <span class='ocr_line' id='line_1_65' title="bbox 534 5696 1487 5758; baseline -0.005 -13"><span class='ocrx_word' id='word_1_753' title='bbox 534 5713 584 5746; x_wconf 90' lang='lat' dir='ltr'><em>non</em></span> <span class='ocrx_word' id='word_1_754' title='bbox 599 5711 739 5758; x_wconf 88' lang='lat' dir='ltr'><em>possumus</em></span> <span class='ocrx_word' id='word_1_755' title='bbox 753 5701 819 5746; x_wconf 88' lang='lat' dir='ltr'><em>satis</em></span> <span class='ocrx_word' id='word_1_756' title='bbox 833 5699 903 5756; x_wconf 88' lang='lat' dir='ltr'><em>aptis</em></span> <span class='ocrx_word' id='word_1_757' title='bbox 918 5697 1005 5742; x_wconf 90' lang='lat' dir='ltr'><em>verbis</em></span> <span class='ocrx_word' id='word_1_758' title='bbox 1019 5697 1163 5754; x_wconf 82' lang='lat' dir='ltr'><em>explicare;</em></span> <span class='ocrx_word' id='word_1_759' title='bbox 1178 5697 1223 5742; x_wconf 89' lang='lat' dir='ltr'><em>sed</em></span> <span class='ocrx_word' id='word_1_760' title='bbox 1237 5697 1280 5741; x_wconf 91' lang='lat' dir='ltr'><em>bo·</em></span> <span class='ocrx_word' id='word_1_761' title='bbox 1335 5696 1487 5753; x_wconf 87' lang='lat' dir='ltr'><em>elargimur.</em></span> 
     </span>
     <span class='ocr_line' id='line_1_66' title="bbox 533 5762 2083 5822; baseline 0 -10"><span class='ocrx_word' id='word_1_762' title='bbox 533 5777 628 5812; x_wconf 91' lang='lat' dir='ltr'><em>uorum</em></span> <span class='ocrx_word' id='word_1_763' title='bbox 648 5767 768 5812; x_wconf 91' lang='lat' dir='ltr'><em>omnium</em></span> <span class='ocrx_word' id='word_1_764' title='bbox 790 5765 911 5822; x_wconf 86' lang='lat' dir='ltr'><em>largitori</em></span> <span class='ocrx_word' id='word_1_765' title='bbox 931 5767 981 5809; x_wconf 86' lang='lat' dir='ltr'><em>Deo</em></span> <span class='ocrx_word' id='word_1_766' title='bbox 995 5764 1097 5820; x_wconf 87' lang='lat' dir='ltr'><em>gratias</em></span> <span class='ocrx_word' id='word_1_767' title='bbox 1112 5764 1217 5820; x_wconf 85' lang='lat' dir='ltr'><em>agimus</em></span> <span class='ocrx_word' id='word_1_768' title='bbox 1233 5763 1280 5808; x_wconf 91' lang='lat' dir='ltr'><em>im·</em></span> <span class='ocrx_word' id='word_1_769' title='bbox 1374 5766 1469 5808; x_wconf 85' lang='lat' dir='ltr'><em>Datum</em></span> <span class='ocrx_word' id='word_1_770' title='bbox 1491 5767 1597 5818; x_wconf 63' lang='lat' dir='ltr'><em>Minae,</em></span> <span class='ocrx_word' id='word_1_771' title='bbox 1619 5764 1688 5820; x_wconf 90' lang='lat' dir='ltr'><em>apud</em></span> <span class='ocrx_word' id='word_1_772' title='bbox 1708 5767 1731 5807; x_wconf 84' lang='lat' dir='ltr'><em>s.</em></span> <span class='ocrx_word' id='word_1_773' title='bbox 1752 5762 1863 5810; x_wconf 78' lang='lat' dir='ltr'><em>naariam</em></span> <span class='ocrx_word' id='word_1_774' title='bbox 1885 5763 2019 5820; x_wconf 87' lang='lat' dir='ltr'><em>Maiorem,</em></span> <span class='ocrx_word' id='word_1_775' title='bbox 2034 5767 2083 5812; x_wconf 85' lang='lat' dir='ltr'><em>sub</em></span> 
     </span>
     <span class='ocr_line' id='line_1_67' title="bbox 534 5829 2083 5890; baseline 0.001 -12"><span class='ocrx_word' id='word_1_776' title='bbox 534 5835 667 5888; x_wconf 88' lang='lat' dir='ltr'><em>mortales,</em></span> <span class='ocrx_word' id='word_1_777' title='bbox 682 5837 761 5890; x_wconf 89' lang='lat' dir='ltr'><em>atque</em></span> <span class='ocrx_word' id='word_1_778' title='bbox 783 5833 893 5878; x_wconf 89' lang='lat' dir='ltr'><em>insimul</em></span> <span class='ocrx_word' id='word_1_779' title='bbox 914 5831 1110 5877; x_wconf 85' lang='lat' dir='ltr'><em>fraternitatem</em></span> <span class='ocrx_word' id='word_1_780' title='bbox 1126 5836 1209 5885; x_wconf 87' lang='lat' dir='ltr'><em>tuam,</em></span> <span class='ocrx_word' id='word_1_781' title='bbox 1224 5831 1280 5888; x_wconf 91' lang='lat' dir='ltr'><em>qui·</em></span> <span class='ocrx_word' id='word_1_782' title='bbox 1334 5831 1432 5876; x_wconf 90' lang='lat' dir='ltr'><em>annulo</em></span> <span class='ocrx_word' id='word_1_783' title='bbox 1454 5829 1604 5885; x_wconf 87' lang='lat' dir='ltr'><em>Piscatoris,</em></span> <span class='ocrx_word' id='word_1_784' title='bbox 1618 5831 1661 5874; x_wconf 90' lang='lat' dir='ltr'><em>die</em></span> <span class='ocrx_word' id='word_1_785' title='bbox 1682 5841 1727 5876; x_wconf 86' lang='lat' dir='ltr'>x11.</span> <span class='ocrx_word' id='word_1_786' title='bbox 1749 5829 1840 5876; x_wconf 88' lang='lat' dir='ltr'><em>martii</em></span> <span class='ocrx_word' id='word_1_787' title='bbox 1854 5841 1986 5888; x_wconf 68' lang='lat' dir='ltr'><em>nnccarv,</em></span> <span class='ocrx_word' id='word_1_788' title='bbox 2001 5835 2083 5890; x_wconf 92' lang='lat' dir='ltr'><em>ponti-</em></span> 
     </span>
     <span class='ocr_line' id='line_1_68' title="bbox 534 5897 1681 5955; baseline -0.003 -10"><span class='ocrx_word' id='word_1_789' title='bbox 534 5900 582 5945; x_wconf 89' lang='lat' dir='ltr'><em>bus</em></span> <span class='ocrx_word' id='word_1_790' title='bbox 592 5901 710 5946; x_wconf 90' lang='lat' dir='ltr'><em>valemus</em></span> <span class='ocrx_word' id='word_1_791' title='bbox 721 5899 748 5944; x_wconf 91' lang='lat' dir='ltr'><em>in</em></span> <span class='ocrx_word' id='word_1_792' title='bbox 759 5899 867 5944; x_wconf 85' lang='lat' dir='ltr'><em>Donrino</em></span> <span class='ocrx_word' id='word_1_793' title='bbox 876 5897 1108 5944; x_wconf 83' lang='lat' dir='ltr'><em>adhortationibus</em></span> <span class='ocrx_word' id='word_1_794' title='bbox 1118 5909 1148 5944; x_wconf 88' lang='lat' dir='ltr'><em>ac</em></span> <span class='ocrx_word' id='word_1_795' title='bbox 1158 5898 1279 5955; x_wconf 85' lang='lat' dir='ltr'><em>precibus</em></span> <span class='ocrx_word' id='word_1_796' title='bbox 1335 5899 1429 5946; x_wconf 86' lang='lat' dir='ltr'><em>ltcatns</em></span> <span class='ocrx_word' id='word_1_797' title='bbox 1445 5899 1529 5944; x_wconf 85' lang='lat' dir='ltr'><em>nostri</em></span> <span class='ocrx_word' id='word_1_798' title='bbox 1544 5909 1612 5944; x_wconf 88' lang='lat' dir='ltr'><em>anno</em></span> <span class='ocrx_word' id='word_1_799' title='bbox 1627 5909 1681 5943; x_wconf 80' lang='lat' dir='ltr'><em>xiv.</em></span> 
     </span>
     <span class='ocr_line' id='line_1_69' title="bbox 534 5966 1277 6023; baseline -0.003 -11"><span class='ocrx_word' id='word_1_800' title='bbox 534 5967 615 6014; x_wconf 87' lang='lat' dir='ltr'><em>etiam</em></span> <span class='ocrx_word' id='word_1_801' title='bbox 634 5977 759 6023; x_wconf 88' lang='lat' dir='ltr'><em>rogamus</em></span> <span class='ocrx_word' id='word_1_802' title='bbox 774 5967 800 6011; x_wconf 96' lang='lat' dir='ltr'><em>et</em></span> <span class='ocrx_word' id='word_1_803' title='bbox 814 5966 988 6019; x_wconf 87' lang='lat' dir='ltr'><em>obtestamur,</em></span> <span class='ocrx_word' id='word_1_804' title='bbox 1007 5967 1037 6010; x_wconf 93' lang='lat' dir='ltr'><em>nt</em></span> <span class='ocrx_word' id='word_1_805' title='bbox 1051 5975 1155 6010; x_wconf 90' lang='lat' dir='ltr'><em>omnem</em></span> <span class='ocrx_word' id='word_1_806' title='bbox 1171 5976 1277 6022; x_wconf 88' lang='lat' dir='ltr'><em>operam</em></span> 
     </span>
    </p>
   </div>
   <div class='ocr_carea' id='block_1_12' title="bbox 0 0 2426 6980">
    <p class='ocr_par' dir='ltr' id='par_1_15' title="bbox 0 0 2426 6980">
     <span class='ocr_line' id='line_1_70' title="bbox 0 0 2426 6980; baseline 0 0"><span class='ocrx_word' id='word_1_807' title='bbox 0 0 2426 6980; x_wconf 95' lang='lat' dir='ltr'><em> </em></span> 
     </span>
    </p>
   </div>
  </div>
 </body>
</html>
