4798 6978
942 589 1137 637 bbudbtc'rbs
1160 592 1223 639 xlv.

312 705 349 768 ad
370 706 485 784 Deum3
510 703 737 786 prosternimus
763 713 866 770 autern
894 725 949 770 nos
970 707 1056 788 quasi

313 801 505 879 prolitentes,
519 816 574 862 nos
590 797 669 862 nihil
681 815 745 862 esse
760 816 799 862 ex
813 799 940 863 nobis.»
962 801 1055 878 Cuius

313 893 483 955 doctrinam
498 891 653 972 explicans
664 889 788 972 Sylvius
802 892 1056 956 castraturae

313 988 388 1048 haec
408 985 526 1048 subdit:
550 985 682 1062 «docet,
705 984 916 1048 adorationem
943 985 1056 1063 princi·

314 1079 423 1159 paliter
443 1079 476 1141 in
505 1079 654 1141 interiore
675 1079 730 1142 Dei
751 1077 928 1141 reverentia
956 1079 1055 1141 censi·

313 1181 405 1248 stere,
427 1171 608 1234 secundario
623 1172 747 1233 veroin
762 1171 945 1250 quibusdam
959 1170 1055 1248 signis

313 1265 530 1343 corporalibus.
554 1265 638 1340 Quod
650 1265 724 1326 adeo
745 1279 856 1326 verum
877 1270 935 1338 est,
952 1273 986 1326 ut
1007 1264 1054 1326 in-

315 1369 361 1422 ter
382 1359 469 1436 signa
491 1357 658 1436 corporalia
680 1357 803 1420 nullum
824 1355 888 1419 lere
909 1358 949 1419 sit
970 1357 1054 1419 obse-

313 1453 423 1532 quium
446 1467 501 1514 seu
522 1451 668 1526 odicium,
684 1467 745 1528 quo
763 1467 825 1513 non
844 1459 964 1514 tantum
981 1451 1053 1526 Deo,

312 1548 363 1608 sed
387 1546 480 1608 etiam
501 1552 661 1606 creaturae
675 1543 775 1605 cultus
790 1544 928 1605 exbiberi
950 1551 1053 1621 queat,

312 1656 345 1700 ac
368 1639 495 1718 proinde
517 1653 555 1700 ex
576 1636 751 1698 intentione
778 1636 905 1698 colentis
934 1635 1055 1698 desumi

312 1731 419 1794 debeat
440 1731 543 1793 cultus
563 1729 685 1793 externi
707 1729 874 1792 distinctio.
898 1727 1054 1826 Namsiei

311 1826 351 1887 sit
371 1825 505 1900 animus,
521 1824 558 1886 de
573 1839 621 1900 eo,
637 1837 730 1901 quern
752 1839 807 1901 per
821 1830 987 1884 externum
1002 1821 1056 1882 ob-

312 1918 458 1998 sequium
478 1919 621 1992 honorat,
643 1916 776 1977 excitare
797 1915 978 1993 opinionem
993 1916 1055 1976 Deo

313 2015 369 2076 soli
391 2013 642 2087 convenientem,
668 2016 761 2088 atque
786 2009 875 2072 illum
903 2012 1055 2071 bonorare

314 2115 348 2171 ut
369 2122 540 2182 summum,
564 2112 638 2168 tunc
659 2104 808 2166 eiusmodi
829 2103 965 2166 odicium
986 2118 1054 2180 per-

314 2201 426 2262 tinebit
447 2201 481 2262 ad
510 2198 629 2261 cultum
656 2197 816 2259 divinum:
840 2197 865 2258 si
890 2205 995 2258 autem
1016 2195 1055 2256 sit

314 2293 448 2356 intentio
469 2308 541 2354 eum
554 2291 696 2354 venerari
713 2299 934 2354 mercaturam
956 2287 1056 2350 excel·

313 2387 432 2449 lentem
452 2387 576 2464 Deoque
596 2385 737 2460 amicam,
756 2383 922 2462 pertinebit
941 2383 976 2442 ad
992 2382 1057 2446 cul·

316 2489 383 2545 tum
411 2480 512 2542 duliae
541 2480 589 2541 vel
616 2478 827 2557 hyperduliae.
861 2477 942 2550 Dixi,
970 2477 1054 2557 serr,-

315 2590 388 2639 nam
410 2576 446 2637 de
466 2574 613 2635 sacriticio
629 2574 722 2635 etiam
744 2579 887 2645 externo,
903 2573 983 2649 quod
998 2571 1055 2632 soli

103 2677 197 2722 sacru.
215 2681 296 2722 exter·
316 2670 376 2732 beo
398 2668 492 2748 possit
513 2666 628 2742 offerri,
651 2681 713 2728 non
734 2673 781 2726 est
802 2665 941 2727 dubium.
959 2681 977 2723 s
998 2664 1055 2726 lta·

73 2733 295 2830 glffiri'iaiiuu‘riff
315 2779 375 2842 que
390 2759 513 2840 Sylvius
528 2761 655 2824 unicum
671 2760 809 2822 exterius
823 2760 961 2835 signum,
973 2757 1053 2836 quod

76 2847 158 2891 ‘¹³³⁰'
177 2837 245 2882 '¹⁰⁰³‘
314 2856 484 2917 necessario
505 2853 611 2915 latriae
633 2853 752 2917 cultum
774 2855 931 2932 importet,
954 2859 1054 2913 exter·

313 2963 391 3009 num
412 2947 594 3009 sacrificium
610 2963 675 3007 esse
689 2946 807 3021 asserit,
824 2945 904 3024 quod
920 2945 976 3008 soli
993 2945 1054 3006 Deo

312 3040 416 3102 ollerri
445 3039 652 3102 certissimum
680 3047 742 3115 est,
765 3039 844 3100 sicut
865 3039 958 3099 etiam
987 3037 1055 3098 inse

312 3135 501 3196 demonstrat
511 3133 594 3194 idem
606 3133 638 3192 ι).
650 3131 858 3204 Thomas2-2,
867 3134 1051 3210 quaest85,

311 3227 409 3289 artic.
433 3224 465 3286 2.
488 3227 679 3304 Quapropter
700 3225 733 3287 in
755 3226 881 3288 Actibus
897 3225 1054 3303 hpostolo-

311 3335 384 3383 rum
405 3320 549 3396 legimus,
578 3317 776 3394 Laodicenos,
799 3334 897 3400 quum
925 3318 1054 3380 Paulum

312 3422 342 3478 et
357 3414 526 3476 Barnabam
542 3414 615 3475 deos
629 3429 694 3474 esse
710 3419 933 3487 autumassent,
949 3411 1053 3473 statim

311 3509 349 3571 de
369 3507 525 3569 offerendo
548 3505 583 3566 iis
607 3505 754 3566 sacrificio
776 3504 934 3580 cogitasse.
965 3503 1053 3565 Eam-

311 3603 383 3665 dem
411 3600 539 3662 omnino
567 3598 738 3661 doctrinam
765 3600 856 3661 tradit
882 3597 996 3661 Suarez
1017 3597 1052 3658 in

313 3698 334 3756 3
355 3701 442 3772 port.
466 3692 504 3754 b.
532 3690 677 3764 rhomae,
701 3697 776 3753 tom.
796 3695 828 3764 1,
851 3698 972 3769 quaest.
995 3689 1050 3764 25,

311 3796 377 3851 art.
401 3786 434 3859 2,
450 3786 571 3863 disput.
593 3785 648 3860 61,
670 3792 745 3847 sect.
763 3783 797 3856 4,
815 3792 849 3847 ut
870 3801 908 3846 ex
922 3799 1053 3864 sequen-

312 3882 392 3944 tibus
414 3880 496 3942 illius
525 3879 626 3941 verbis
648 3877 904 3957 deprehenditur:
927 3879 1053 3940 «dctus

311 3975 484 4038 exteriores
501 3988 564 4035 non
586 3979 659 4034 sunt
681 3973 721 4034 ita
737 3988 775 4033 ex
789 3986 822 4032 se
842 3970 1051 4046 determinati,

311 4069 387 4148 quin
410 4075 470 4128 tam
492 4065 527 4127 ad
549 4067 762 4128 venerandum
782 4064 892 4140 Deum,
908 4063 1052 4142 quemad

311 4161 522 4224 honorandam
532 4165 705 4221 creaturam
714 4156 851 4220 exerceri
865 4159 982 4236 possint
992 4165 1049 4222 etc.

310 4257 375 4330 Quo
398 4254 445 4328 fit,
468 4261 503 4315 ut
524 4251 680 4314 distinctio
709 4251 815 4313 latriae
836 4250 892 4313 soli
918 4251 979 4314 Deo
1000 4253 1051 4315 de-

310 4350 392 4411 bitae
412 4348 449 4410 ab
470 4347 645 4409 adoratione
667 4355 825 4407 creaturae
845 4345 879 4407 in
891 4345 937 4406 his
951 4354 1053 4409 exter-

311 4444 359 4505 nis
380 4443 496 4504 actibus
518 4439 712 4519 potissimum
735 4455 774 4500 ex
787 4441 929 4502 interiori
951 4441 1052 4503 inten-

312 4537 396 4599 tione
428 4535 603 4614 pendeat.»
629 4534 668 4596 ιιι
691 4535 832 4612 quamvis
859 4533 940 4596 idem
961 4533 1052 4613 paulo

310 4630 441 4693 interius
468 4628 623 4702 subiiciat,
650 4627 836 4688 exteriorem
864 4636 966 4688 actum
988 4642 1051 4689 non

309 4723 412 4788 solum
424 4722 462 4785 ob
477 4722 632 4784 internam
645 4719 762 4797 agentis
779 4717 971 4782 voluntatem
983 4721 1052 4784 ado·

310 4816 437 4880 rationis
458 4815 581 4877 divinae
603 4821 746 4877 naturam
771 4813 911 4889 induero,
934 4814 986 4876 sed
1010 4822 1053 4876 ta-

310 4910 374 4974 lem
394 4925 519 4990 quoque
544 4909 674 4971 eradere
695 4925 727 4970 ac
748 4907 806 4971 dici
829 4921 928 4985 posse,
948 4907 975 4968 si
995 4906 1051 4970 bu·

310 5005 442 5068 iusmodi
462 5002 647 5081 significatio
667 5001 815 5063 exteriori
836 4999 881 5062 illi
902 5000 982 5062 actui
999 5001 1054 5063 tri·

310 5097 384 5161 buta
404 5098 444 5159 sit
467 5097 504 5159 ab
518 5096 632 5174 eo,qui
652 5094 706 5156 tali
727 5102 877 5174 potestate
897 5101 928 5156 et
949 5103 1051 5158 aucto·

311 5192 402 5256 ritate
433 5190 560 5272 polleat:
589 5188 812 5251 «attendenda
842 5197 902 5264 est,
931 5193 1052 5268 praeter

310 5285 520 5350 intentionem
541 5284 715 5358 internam,
736 5281 856 5361 publica
877 5282 1050 5362 impositi03

311 5395 382 5442 nam
404 5379 428 5440 si
450 5378 525 5440 baec
554 5377 659 5454 signa,
681 5375 848 5439 sufficienti
868 5375 1051 5438 auctoritate

310 5479 341 5537 et
355 5478 516 5553 potestate,
533 5472 568 5533 ad
582 5470 821 5548 significandum
835 5469 934 5532 Deum
945 5476 976 5531 et
987 5469 1052 5532 cul-

310 5573 378 5630 tum
400 5573 471 5629 sunt
485 5565 639 5644 imposita,
653 5563 754 5626 solum
775 5563 809 5625 ad
831 5563 974 5625 divinum
987 5563 1052 5626 cul-

310 5670 378 5725 tum
399 5660 539 5740 usurpari
561 5666 706 5739 possunt3
723 5658 792 5719 etsi
807 5659 955 5721 creaturis
970 5672 1052 5719 com-

309 5757 488 5819 municetur
511 5754 577 5816 talis
599 5752 713 5827 cultus,
728 5751 788 5813 erit
810 5751 980 5814 idololatria
993 5751 1050 5812 sal·

310 5860 374 5913 tem
395 5847 549 5922 exterior,
571 5846 596 5908 si
618 5861 682 5908 non
704 5860 742 5906 ex
763 5845 867 5906 animo
889 5859 991 5922 neque
1012 5861 1051 5906 ex

309 5943 383 6005 falsa
403 5939 616 6005 aestimatione
642 5939 745 6002 hutz»
768 5937 847 6001 llaec
875 5945 976 6002 tamen
998 5940 1051 6003 do·

1774 577 1833 646 643
1883 581 1937 634 An.
1951 583 1981 634 0.
2003 581 2070 634 1756

1112 710 1210 772 ctrina
1231 712 1267 774 ad
1288 711 1330 788 id,
1353 713 1390 774 de
1411 730 1472 793 quo
1497 731 1582 779 nune
1603 717 1734 795 agimus,
1757 719 1854 796 aptari

1112 817 1174 864 non
1204 805 1313 882 potest,
1337 822 1432 884 quum
1455 808 1568 872 nullibi
1596 813 1778 897 reperiatur,
1800 831 1853 876 au·

1111 890 1395 977 ctoritatepubtict
1414 907 1566 964 statutum
1587 902 1691 980 luisse,
1714 912 1749 968 ut
1770 915 1853 971 exte-

1112 988 1207 1050 riores
1229 989 1273 1052 illi
1294 1000 1391 1068 actus,
1413 993 1467 1073 qui
1487 1011 1578 1074 supra
1599 996 1744 1078 descripti
1766 1007 1852 1075 sunt,

1111 1089 1227 1168 quique
1246 1107 1262 1150 a
1283 1090 1403 1154 Graecis
1425 1092 1506 1156 liunt
1527 1091 1602 1154 dum
1617 1093 1715 1153 maior
1735 1092 1853 1169 ingres·

1110 1199 1162 1243 sus
1184 1197 1239 1260 per
1261 1183 1422 1246 ecclesiam
1443 1185 1592 1264 procedit,
1614 1201 1669 1262 pro
1690 1185 1807 1248 actibus
1822 1192 1853 1247 et

1110 1277 1207 1353 signis
1227 1277 1330 1340 cultus
1350 1278 1456 1340 latriae
1477 1279 1582 1342 haberi
1603 1279 1743 1343 debeant.

1150 1375 1169 1449 ἓ
1190 1372 1238 1436 38.
1261 1373 1373 1449 Quarto
1395 1375 1530 1449 demum,
1543 1389 1639 1451 quum
1661 1375 1692 1435 in
1715 1373 1852 1450 Congre-
1890 1393 2010 1454 congreg.
2024 1402 2083 1454 con-

1111 1467 1235 1542 gatione
1249 1482 1342 1544 super
1355 1469 1544 1530 correctione
1557 1466 1736 1544 Eucbologii
1751 1467 1850 1528 habita
1869 1441 2083 1544 fissfflilssoffifflss,

1111 1559 1159 1621 die
1171 1577 1199 1620 v.
1213 1560 1394 1638 septembris
1416 1577 1574 1622 xnccxuv.
1592 1563 1743 1641 proposita
1758 1559 1851 1624 luerit
1870 1552 2083 1651 gfflfllillffl·

1111 1653 1260 1730 quaestio,
1271 1669 1309 1715 an
1325 1651 1494 1715 abolendus
1514 1669 1569 1715 scu
1583 1653 1794 1718 emendandus
1808 1652 1853 1715 lo-

1110 1753 1159 1807 ret
1181 1745 1258 1808 ritus
1279 1746 1435 1822 ingressus
1457 1748 1591 1822 maioris,
1608 1749 1645 1810 de
1660 1765 1720 1827 quo
1736 1749 1852 1810 bucus-

1110 1854 1171 1916 que
1190 1853 1368 1900 sermonem
1382 1839 1557 1916 habuimus,
1573 1841 1718 1904 omnibus
1731 1850 1852 1906 mature

1110 1931 1252 1994 discussis
1273 1939 1365 2011 atque
1385 1934 1554 2011 perpensis,
1577 1934 1779 1997 constitutum
1801 1938 1851 1998 de·

1110 2025 1206 2104 nique
1226 2024 1296 2100 tuit,
1319 2025 1396 2090 nihil
1419 2043 1484 2088 esse
1506 2027 1736 2105 innovandum,
1760 2029 1853 2106 idque

1110 2118 1241 2180 subinde
1263 2119 1480 2197 approbatione
1502 2119 1606 2181 nostra
1621 2120 1780 2183 firmatum
1801 2139 1854 2184 ex·

1111 2211 1184 2272 titit.
1208 2209 1270 2274 Nec
1291 2211 1347 2272 alia
1370 2209 1504 2288 proiecto
1525 2210 1584 2275 luit
1604 2214 1756 2276 sententia
1773 2213 1851 2277 uon-

1110 2305 1341 2381 gregationum,
1364 2319 1441 2384 quae
1457 2303 1514 2366 sub
1535 2303 1659 2367 Urbano
1673 2306 1749 2370 Vlll.
1774 2309 1852 2370 banc
1910 2325 2023 2372 aruceus
2043 2329 2082 2372 aa·

1111 2397 1205 2475 ipsam
1236 2397 1449 2475 quaestionem
1479 2399 1706 2461 examinarunt.
1735 2401 1851 2464 Placuit
1871 2380 2082 2488 βξῖἒᾱῇἢῗὲὀᾞ

1112 2499 1214 2551 tamen
1237 2489 1400 2552 consutum
1423 2492 1593 2568 pinnense
1614 2492 1800 2570 extrorsum,
1816 2505 1851 2558 ur
1870 2467 2082 2586 ngqqqrgpg:

1112 2592 1315 2646 monerentur
1330 2584 1470 2663 Episcopi
1482 2584 1595 2665 aliique
1611 2577 1785 2652 animarum
1800 2608 1851 2654 cu·
1871 2593 1944 2639 vona.

1112 2693 1177 2739 ram
1199 2685 1353 2754 gerentes,
1366 2685 1397 2740 et
1412 2695 1546 2758 quorum
1568 2696 1601 2742 ea
1623 2689 1668 2743 est
1690 2682 1851 2762 inspectio,

1111 2778 1146 2832 ut
1167 2773 1276 2834 rudem
1291 2773 1441 2851 populum
1457 2773 1566 2836 docere
1580 2791 1643 2836 non
1660 2779 1854 2854 praetermit-

1113 2875 1191 2942 tant,
1214 2868 1399 2945 quoddam
1419 2883 1503 2929 sacra
1525 2867 1603 2930 dona
1625 2885 1641 2930 a
1662 2869 1800 2934 Protbesi
1815 2873 1851 2934 ad

1111 2974 1193 3020 aram
1217 2960 1362 3021 maiorem
1383 2959 1516 3022 solemni
1531 2960 1594 3022 ritu
1610 2963 1851 3041 transferuntur,

1111 3067 1209 3130 quum
1230 3067 1265 3112 ea
1285 3054 1424 3116 nondum
1447 3053 1509 3114 sint
1529 3063 1715 3130 consecrata,
1730 3057 1788 3118 sub
1802 3073 1852 3118 eo·

1111 3161 1183 3208 rum
1204 3146 1361 3224 speciebus
1383 3161 1578 3224 nequaquam
1607 3148 1712 3210 existit
1735 3150 1853 3228 Corpus

1110 3247 1141 3303 et
1163 3237 1294 3316 Sanguis
1314 3240 1349 3302 b.
1366 3237 1403 3300 N.
1426 3240 1493 3302 lesu
1516 3239 1643 3316 Christi,
1656 3251 1749 3319 prout
1768 3243 1853 3306 tutu·

1110 3350 1180 3396 rum
1211 3333 1271 3395 erit
1299 3338 1366 3412 post
1391 3339 1545 3410 peractam
1572 3335 1850 3413 consecrationem

1111 3427 1240 3506 ideoque
1260 3427 1431 3490 exteriores
1452 3425 1496 3488 ilii
1526 3428 1734 3490 venerationis
1755 3437 1851 3505 actus,

1110 3521 1162 3600 qui
1185 3535 1256 3597 erga
1272 3518 1403 3599 praelata
1419 3518 1498 3581 dona
1520 3521 1662 3583 nondum
1677 3531 1852 3591 consecrata

1110 3613 1308 3688 exhibentur,
1322 3628 1386 3675 non
1407 3614 1442 3674 el
1457 3613 1576 3676 ratione
1597 3622 1799 3692 peraguntur,
1816 3623 1850 3678 ut

1110 3707 1211 3770 cultus
1233 3707 1339 3770 latriae
1349 3707 1406 3769 soli
1424 3707 1486 3768 lieo
1500 3706 1622 3769 debitus
1643 3706 1752 3772 iisdem
1766 3726 1853 3787 prae-

1108 3809 1219 3877 stetur,
1231 3801 1282 3863 sed
1298 3808 1333 3864 ut
1348 3799 1503 3864 interioris
1523 3801 1635 3879 speciei
1649 3802 1751 3866 cultus
1762 3819 1850 3866 exer·

1109 3904 1226 3970 ceatur,
1237 3895 1327 3958 ouius
1348 3894 1502 3956 obiectum
1524 3900 1570 3956 est
1584 3894 1687 3958 lutura
1710 3897 1849 3960 transub

1109 3990 1267 4052 stantiatio
1294 3988 1476 4051 eorumdem
1499 3989 1649 4051 donorum
1672 3989 1705 4051 in
1731 3991 1849 4070 Corpus

1108 4077 1141 4146 et
1161 4080 1353 4160 Sanguinem
1380 4081 1512 4143 Domini.
1541 4081 1763 4152 Nonabsimili
1785 4100 1850 4147 me·
1881 4107 2079 4156 matronam,

1110 4175 1201 4240 tbodo
1224 4176 1270 4238 usi
1291 4182 1365 4238 sunt
1386 4174 1561 4238 Tridentini
1583 4175 1712 4238 concilii
1733 4176 1847 4254 Patres,
1867 4161 2032 4260 ganesun
2052 4168 2079 4211 ω

1108 4285 1206 4347 quum
1227 4274 1332 4330 actum
1353 4267 1411 4330 luit
1426 4269 1462 4330 de
1478 4269 1680 4331 veneratione
1700 4270 1848 4349 cultuque
1867 4217 2079 4317 uensnffffissimi'i

1361 4363 1366 4372 .
1710 4364 1715 4374 ,
1755 4364 1760 4376 ,
1867 4321 1898 4366 de
1915 4322 1996 4368 Sacris
2016 4326 2079 4370 lma

1107 4377 1261 4424 sacrarum
1275 4362 1460 4439 imaginum,
1473 4360 1674 4425 decernentes
1685 4379 1847 4442 nimirum,
1867 4374 1946 4432 doro.

1108 4465 1154 4531 ut,
1176 4455 1257 4517 nihil
1277 4455 1439 4517 immutata
1463 4455 1519 4518 hac
1540 4455 1572 4517 in
1593 4472 1628 4518 re
1648 4457 1771 4536 antiqua
1794 4458 1850 4521 Ec·

1107 4548 1217 4612 elesiae
1238 4549 1406 4628 discipline,
1429 4564 1508 4610 onus
1529 4554 1607 4610 esset
1630 4548 1848 4630 Episcoporum

1107 4641 1313 4720 aliorumque,
1329 4640 1441 4720 quibus
1452 4639 1580 4706 docendi
1599 4657 1715 4706 munus
1736 4653 1783 4707 est
1797 4647 1851 4708 de-

1107 4736 1299 4808 mandatum,
1312 4733 1510 4796 christianam
1524 4734 1645 4812 plebem
1667 4737 1792 4800 erudire
1812 4739 1850 4802 de

1107 4827 1251 4891 omnibns
1271 4841 1349 4906 quae
1370 4827 1450 4890 circa
1470 4827 1649 4890 huiusmodi
1671 4828 1794 4893 cultum
1806 4835 1850 4892 te·

1108 4921 1208 4984 nenda
1229 4928 1261 4984 et
1281 4922 1429 4984 servanda
1450 4929 1536 4996 sunt,
1559 4921 1606 4984 uti
1627 4921 1734 4985 videre
1755 4925 1849 4989 estin

1107 5013 1254 5095 praedicti
1275 5013 1405 5077 (lencilii
1425 5031 1500 5076 sess.
1517 5013 1572 5089 25,
1598 5015 1722 5079 decreto
1743 5017 1779 5079 de
1800 5017 1850 5080 irt-

1106 5108 1269 5171 oocuticne
1284 5113 1314 5169 et
1324 5108 1538 5182 veneratione,
1555 5116 1585 5171 et
1598 5107 1754 5188 deliquiis
1769 5110 1849 5176 Suc·

1107 5211 1234 5265 crorum
1247 5207 1279 5264 et
1299 5203 1401 5266 sacris
1415 5201 1627 5283 Imaginibus.
1650 5204 1798 5284 Quodque
1812 5207 1848 5269 ad

1107 5313 1174 5360 rem
1196 5305 1331 5359 nostram
1346 5297 1490 5376 proprius
1503 5303 1628 5376 spectat,
1641 5298 1769 5361 Goarius
1783 5301 1849 5362 loco

1106 5390 1848 5469 superinacitutoconsilinmsimiliterdedit,ut

1107 5483 1238 5547 minime
1258 5483 1459 5562 abrogaretur
1479 5483 1558 5547 ritus
1578 5483 1704 5546 maioris
1731 5483 1849 5562 ingres·

1106 5595 1169 5654 sus,
1191 5578 1243 5640 sed
1264 5585 1300 5642 ut
1321 5575 1453 5655 populus
1473 5577 1655 5656 opportunis
1681 5579 1848 5642 documen-

1108 5671 1145 5732 tis
1162 5671 1387 5732 instrueretur:
1413 5668 1588 5732 erudt'cado
1612 5673 1660 5731 est
1685 5676 1769 5732 certe
1793 5687 1848 5733 ru·

1105 5764 1204 5826 aticuc
1218 5761 1314 5841 plebia
1329 5762 1420 5825 illius
1434 5763 1527 5842 fidcaa
1545 5763 1667 5826 deuotio
1682 5779 1847 5843 uunquam

1106 5857 1338 5937 ecttagueoda,
1354 5857 1533 5919 aotcuttus
1548 5857 1602 5920 ille
1616 5865 1770 5920 cateruas
1785 5875 1847 5920 om·

1106 5951 1183 6014 nico
1204 5949 1468 6030 comprimendus.
1502 5950 1653 6015 Similiter
1679 5951 1712 6014 P.
1734 5951 1847 6034 Philip-
