<?xml version="1.0" encoding="UTF-8"?>
<!DOCTYPE html PUBLIC "-//W3C//DTD XHTML 1.0 Transitional//EN"
    "http://www.w3.org/TR/xhtml1/DTD/xhtml1-transitional.dtd">
<html xmlns="http://www.w3.org/1999/xhtml" xml:lang="en" lang="en">
 <head>
  <title>
</title>
<meta http-equiv="Content-Type" content="text/html;charset=utf-8" />
  <meta name='ocr-system' content='tesseract 3.04.00' />
  <meta name='ocr-capabilities' content='ocr_page ocr_carea ocr_par ocr_line ocrx_word'/>
</head>
<body>
  <div class='ocr_page' id='page_1' title='image "./iurispontificii02martgoog_0236.png"; bbox 0 0 4744 6976; ppageno 0'>
   <div class='ocr_carea' id='block_1_1' title="bbox 355 531 654 598">
    <p class='ocr_par' dir='ltr' id='par_1_1' title="bbox 355 531 654 598">
     <span class='ocr_line' id='line_1_1' title="bbox 355 531 654 598; baseline 0.013 -4"><span class='ocrx_word' id='word_1_1' title='bbox 355 540 455 594; x_wconf 70' lang='lat' dir='ltr'>nnc.</span> <span class='ocrx_word' id='word_1_2' title='bbox 476 535 544 592; x_wconf 81' lang='grc'>3333</span> <span class='ocrx_word' id='word_1_3' title='bbox 593 531 654 598; x_wconf 76' lang='grc'>233</span> 
     </span>
    </p>
   </div>
   <div class='ocr_carea' id='block_1_2' title="bbox 571 661 1319 4104">
    <p class='ocr_par' dir='ltr' id='par_1_2' title="bbox 571 661 1319 4104">
     <span class='ocr_line' id='line_1_2' title="bbox 572 661 1319 748; baseline -0.015 -13"><span class='ocrx_word' id='word_1_4' title='bbox 572 677 618 734; x_wconf 89' lang='lat' dir='ltr'>tes</span> <span class='ocrx_word' id='word_1_5' title='bbox 639 688 694 734; x_wconf 90' lang='lat' dir='ltr'>sen</span> <span class='ocrx_word' id='word_1_6' title='bbox 721 669 833 732; x_wconf 91' lang='lat' dir='ltr'>habere</span> <span class='ocrx_word' id='word_1_7' title='bbox 858 661 1090 748; x_wconf 83' lang='lat' dir='ltr'>quomodolibet</span> <span class='ocrx_word' id='word_1_8' title='bbox 1114 663 1319 744; x_wconf 89' lang='lat' dir='ltr'>praetenden-</span> 
     </span>
     <span class='ocr_line' id='line_1_3' title="bbox 572 757 1319 841; baseline -0.012 -14"><span class='ocrx_word' id='word_1_9' title='bbox 572 773 630 841; x_wconf 92' lang='lat' dir='ltr'>tes,</span> <span class='ocrx_word' id='word_1_10' title='bbox 653 765 713 828; x_wconf 92' lang='lat' dir='ltr'>illis</span> <span class='ocrx_word' id='word_1_11' title='bbox 734 778 798 826; x_wconf 93' lang='lat' dir='ltr'>non</span> <span class='ocrx_word' id='word_1_12' title='bbox 824 759 1049 835; x_wconf 79' lang='lat' dir='ltr'>consenserint,</span> <span class='ocrx_word' id='word_1_13' title='bbox 1071 774 1129 822; x_wconf 93' lang='lat' dir='ltr'>nec</span> <span class='ocrx_word' id='word_1_14' title='bbox 1150 757 1187 818; x_wconf 89' lang='lat' dir='ltr'>ad</span> <span class='ocrx_word' id='word_1_15' title='bbox 1208 773 1242 819; x_wconf 93' lang='lat' dir='ltr'>ea</span> <span class='ocrx_word' id='word_1_16' title='bbox 1264 773 1319 819; x_wconf 88' lang='lat' dir='ltr'>ro·</span> 
     </span>
     <span class='ocr_line' id='line_1_4' title="bbox 573 851 1317 930; baseline -0.015 -8"><span class='ocrx_word' id='word_1_17' title='bbox 573 860 631 922; x_wconf 89' lang='lat' dir='ltr'>cati</span> <span class='ocrx_word' id='word_1_18' title='bbox 650 865 682 922; x_wconf 92' lang='lat' dir='ltr'>et</span> <span class='ocrx_word' id='word_1_19' title='bbox 703 856 799 922; x_wconf 90' lang='lat' dir='ltr'>auditi</span> <span class='ocrx_word' id='word_1_20' title='bbox 820 853 950 930; x_wconf 88' lang='lat' dir='ltr'>luerint,</span> <span class='ocrx_word' id='word_1_21' title='bbox 972 851 1059 915; x_wconf 90' lang='grc'>33113</span> <span class='ocrx_word' id='word_1_22' title='bbox 1076 866 1224 930; x_wconf 89' lang='lat' dir='ltr'>umquam</span> <span class='ocrx_word' id='word_1_23' title='bbox 1240 856 1317 912; x_wconf 90' lang='lat' dir='ltr'>tem·</span> 
     </span>
     <span class='ocr_line' id='line_1_5' title="bbox 572 935 1316 1032; baseline -0.007 -20"><span class='ocrx_word' id='word_1_24' title='bbox 572 968 646 1032; x_wconf 89' lang='lat' dir='ltr'>pore</span> <span class='ocrx_word' id='word_1_25' title='bbox 666 949 704 1013; x_wconf 93' lang='lat' dir='ltr'>de</span> <span class='ocrx_word' id='word_1_26' title='bbox 723 935 942 1028; x_wconf 74' lang='lat' dir='ltr'>subreptionis,</span> <span class='ocrx_word' id='word_1_27' title='bbox 965 946 1167 1026; x_wconf 90' lang='lat' dir='ltr'>obreptionis,</span> <span class='ocrx_word' id='word_1_28' title='bbox 1190 945 1316 1008; x_wconf 91' lang='lat' dir='ltr'>nullita-</span> 
     </span>
     <span class='ocr_line' id='line_1_6' title="bbox 572 1039 1318 1108; baseline -0.008 -2"><span class='ocrx_word' id='word_1_29' title='bbox 572 1045 611 1106; x_wconf 90' lang='lat' dir='ltr'>tis</span> <span class='ocrx_word' id='word_1_30' title='bbox 638 1051 690 1107; x_wconf 91' lang='lat' dir='ltr'>aut</span> <span class='ocrx_word' id='word_1_31' title='bbox 718 1042 918 1108; x_wconf 91' lang='lat' dir='ltr'>invaliditatis</span> <span class='ocrx_word' id='word_1_32' title='bbox 949 1041 1026 1102; x_wconf 91' lang='lat' dir='ltr'>vitio</span> <span class='ocrx_word' id='word_1_33' title='bbox 1052 1056 1108 1102; x_wconf 91' lang='lat' dir='ltr'>seu</span> <span class='ocrx_word' id='word_1_34' title='bbox 1134 1039 1318 1104; x_wconf 89' lang='lat' dir='ltr'>intentionis</span> 
     </span>
     <span class='ocr_line' id='line_1_7' title="bbox 572 1131 1317 1214; baseline -0.007 -16"><span class='ocrx_word' id='word_1_35' title='bbox 572 1143 706 1212; x_wconf 90' lang='lat' dir='ltr'>nostrae,</span> <span class='ocrx_word' id='word_1_36' title='bbox 718 1143 772 1198; x_wconf 89' lang='lat' dir='ltr'>aut</span> <span class='ocrx_word' id='word_1_37' title='bbox 785 1135 844 1198; x_wconf 95' lang='lat' dir='ltr'>alio</span> <span class='ocrx_word' id='word_1_38' title='bbox 858 1133 969 1214; x_wconf 90' lang='lat' dir='ltr'>quovis</span> <span class='ocrx_word' id='word_1_39' title='bbox 980 1133 1102 1196; x_wconf 89' lang='lat' dir='ltr'>deiectu</span> <span class='ocrx_word' id='word_1_40' title='bbox 1117 1131 1209 1194; x_wconf 90' lang='lat' dir='ltr'>etiam</span> <span class='ocrx_word' id='word_1_41' title='bbox 1222 1147 1317 1210; x_wconf 91' lang='lat' dir='ltr'>qnan-</span> 
     </span>
     <span class='ocr_line' id='line_1_8' title="bbox 572 1223 1316 1306; baseline -0.009 -15"><span class='ocrx_word' id='word_1_42' title='bbox 572 1229 690 1291; x_wconf 91' lang='lat' dir='ltr'>tumvis</span> <span class='ocrx_word' id='word_1_43' title='bbox 703 1243 828 1306; x_wconf 88' lang='lat' dir='ltr'>magno,</span> <span class='ocrx_word' id='word_1_44' title='bbox 841 1226 1048 1303; x_wconf 91' lang='lat' dir='ltr'>inexcogitato</span> <span class='ocrx_word' id='word_1_45' title='bbox 1063 1242 1096 1288; x_wconf 92' lang='lat' dir='ltr'>ac</span> <span class='ocrx_word' id='word_1_46' title='bbox 1109 1223 1316 1299; x_wconf 83' lang='lat' dir='ltr'>substantiali,</span> 
     </span>
     <span class='ocr_line' id='line_1_9' title="bbox 571 1314 1318 1406; baseline -0.008 -24"><span class='ocrx_word' id='word_1_47' title='bbox 571 1330 626 1385; x_wconf 90' lang='lat' dir='ltr'>ant</span> <span class='ocrx_word' id='word_1_48' title='bbox 646 1337 685 1384; x_wconf 91' lang='lat' dir='ltr'>ex</span> <span class='ocrx_word' id='word_1_49' title='bbox 706 1335 905 1401; x_wconf 89' lang='lat' dir='ltr'>quocumque</span> <span class='ocrx_word' id='word_1_50' title='bbox 935 1319 993 1406; x_wconf 85' lang='lat' dir='ltr'>alio</span> <span class='ocrx_word' id='word_1_51' title='bbox 1021 1318 1119 1396; x_wconf 91' lang='lat' dir='ltr'>capite</span> <span class='ocrx_word' id='word_1_52' title='bbox 1139 1335 1155 1378; x_wconf 94' lang='lat' dir='ltr'>a</span> <span class='ocrx_word' id='word_1_53' title='bbox 1177 1315 1246 1378; x_wconf 92' lang='lat' dir='ltr'>iure</span> <span class='ocrx_word' id='word_1_54' title='bbox 1266 1314 1318 1377; x_wconf 90' lang='lat' dir='ltr'>vel</span> 
     </span>
     <span class='ocr_line' id='line_1_10' title="bbox 571 1409 1315 1492; baseline -0.009 -16"><span class='ocrx_word' id='word_1_55' title='bbox 571 1415 662 1492; x_wconf 91' lang='lat' dir='ltr'>lacto,</span> <span class='ocrx_word' id='word_1_56' title='bbox 684 1423 738 1477; x_wconf 89' lang='lat' dir='ltr'>aut</span> <span class='ocrx_word' id='word_1_57' title='bbox 757 1421 872 1476; x_wconf 91' lang='lat' dir='ltr'>statuto</span> <span class='ocrx_word' id='word_1_58' title='bbox 894 1413 945 1475; x_wconf 91' lang='lat' dir='ltr'>vel</span> <span class='ocrx_word' id='word_1_59' title='bbox 963 1411 1189 1474; x_wconf 88' lang='lat' dir='ltr'>consuetudine</span> <span class='ocrx_word' id='word_1_60' title='bbox 1203 1409 1315 1488; x_wconf 91' lang='lat' dir='ltr'>aliqua,</span> 
     </span>
     <span class='ocr_line' id='line_1_11' title="bbox 572 1501 1318 1586; baseline -0.011 -16"><span class='ocrx_word' id='word_1_61' title='bbox 572 1509 757 1582; x_wconf 85' lang='lat' dir='ltr'>resultante,</span> <span class='ocrx_word' id='word_1_62' title='bbox 773 1515 825 1570; x_wconf 91' lang='lat' dir='ltr'>aut</span> <span class='ocrx_word' id='word_1_63' title='bbox 846 1521 1042 1586; x_wconf 90' lang='lat' dir='ltr'>quocumque</span> <span class='ocrx_word' id='word_1_64' title='bbox 1063 1505 1122 1567; x_wconf 88' lang='lat' dir='ltr'>aiio</span> <span class='ocrx_word' id='word_1_65' title='bbox 1143 1504 1245 1567; x_wconf 91' lang='lat' dir='ltr'>colore</span> <span class='ocrx_word' id='word_1_66' title='bbox 1267 1501 1318 1564; x_wconf 87' lang='lat' dir='ltr'>vel</span> 
     </span>
     <span class='ocr_line' id='line_1_12' title="bbox 572 1599 1316 1682; baseline -0.008 -17"><span class='ocrx_word' id='word_1_67' title='bbox 572 1619 660 1665; x_wconf 90' lang='lat' dir='ltr'>causa</span> <span class='ocrx_word' id='word_1_68' title='bbox 674 1601 876 1682; x_wconf 87' lang='lat' dir='ltr'>quantumvis</span> <span class='ocrx_word' id='word_1_69' title='bbox 887 1600 1090 1680; x_wconf 84' lang='lat' dir='ltr'>privilegiata,</span> <span class='ocrx_word' id='word_1_70' title='bbox 1102 1599 1194 1661; x_wconf 90' lang='lat' dir='ltr'>etiarn</span> <span class='ocrx_word' id='word_1_71' title='bbox 1207 1599 1240 1660; x_wconf 93' lang='lat' dir='ltr'>in</span> <span class='ocrx_word' id='word_1_72' title='bbox 1251 1614 1316 1660; x_wconf 91' lang='lat' dir='ltr'>cor·</span> 
     </span>
     <span class='ocr_line' id='line_1_13' title="bbox 572 1695 1316 1777; baseline -0.003 -18"><span class='ocrx_word' id='word_1_73' title='bbox 572 1713 646 1777; x_wconf 89' lang='lat' dir='ltr'>pore</span> <span class='ocrx_word' id='word_1_74' title='bbox 667 1697 743 1761; x_wconf 91' lang='lat' dir='ltr'>iuris</span> <span class='ocrx_word' id='word_1_75' title='bbox 764 1697 877 1770; x_wconf 89' lang='lat' dir='ltr'>clausa,</span> <span class='ocrx_word' id='word_1_76' title='bbox 899 1713 932 1758; x_wconf 92' lang='lat' dir='ltr'>ac</span> <span class='ocrx_word' id='word_1_77' title='bbox 946 1696 1011 1772; x_wconf 90' lang='lat' dir='ltr'>tali,</span> <span class='ocrx_word' id='word_1_78' title='bbox 1027 1711 1107 1774; x_wconf 89' lang='lat' dir='ltr'>quae</span> <span class='ocrx_word' id='word_1_79' title='bbox 1120 1697 1157 1760; x_wconf 90' lang='lat' dir='ltr'>ad</span> <span class='ocrx_word' id='word_1_80' title='bbox 1172 1695 1316 1758; x_wconf 86' lang='lat' dir='ltr'>ellectum</span> 
     </span>
     <span class='ocr_line' id='line_1_14' title="bbox 572 1789 1316 1871; baseline -0.001 -17"><span class='ocrx_word' id='word_1_81' title='bbox 572 1793 738 1856; x_wconf 85' lang='lat' dir='ltr'>validitatis</span> <span class='ocrx_word' id='word_1_82' title='bbox 759 1791 1001 1871; x_wconf 89' lang='lat' dir='ltr'>praemissorum</span> <span class='ocrx_word' id='word_1_83' title='bbox 1022 1791 1194 1853; x_wconf 88' lang='lat' dir='ltr'>necessario</span> <span class='ocrx_word' id='word_1_84' title='bbox 1214 1789 1316 1869; x_wconf 91' lang='lat' dir='ltr'>expri-</span> 
     </span>
     <span class='ocr_line' id='line_1_15' title="bbox 572 1883 1315 1965; baseline -0.008 -15"><span class='ocrx_word' id='word_1_85' title='bbox 572 1887 684 1950; x_wconf 86' lang='lat' dir='ltr'>menda</span> <span class='ocrx_word' id='word_1_86' title='bbox 698 1886 789 1961; x_wconf 86' lang='lat' dir='ltr'>foret,</span> <span class='ocrx_word' id='word_1_87' title='bbox 806 1885 918 1961; x_wconf 89' lang='lat' dir='ltr'>notari,</span> <span class='ocrx_word' id='word_1_88' title='bbox 934 1885 1123 1965; x_wconf 90' lang='lat' dir='ltr'>impugnari,</span> <span class='ocrx_word' id='word_1_89' title='bbox 1140 1883 1315 1958; x_wconf 89' lang='lat' dir='ltr'>invalidari,</span> 
     </span>
     <span class='ocr_line' id='line_1_16' title="bbox 571 1977 1317 2053; baseline -0.004 -10"><span class='ocrx_word' id='word_1_90' title='bbox 571 1982 606 2043; x_wconf 92' lang='lat' dir='ltr'>in</span> <span class='ocrx_word' id='word_1_91' title='bbox 626 1982 673 2044; x_wconf 92' lang='lat' dir='ltr'>ius</span> <span class='ocrx_word' id='word_1_92' title='bbox 694 1979 746 2041; x_wconf 90' lang='lat' dir='ltr'>vel</span> <span class='ocrx_word' id='word_1_93' title='bbox 767 1979 803 2042; x_wconf 92' lang='lat' dir='ltr'>ad</span> <span class='ocrx_word' id='word_1_94' title='bbox 825 1979 1069 2042; x_wconf 89' lang='lat' dir='ltr'>controversiam</span> <span class='ocrx_word' id='word_1_95' title='bbox 1091 1977 1241 2053; x_wconf 91' lang='lat' dir='ltr'>revocari,</span> <span class='ocrx_word' id='word_1_96' title='bbox 1265 1985 1317 2040; x_wconf 90' lang='lat' dir='ltr'>aut</span> 
     </span>
     <span class='ocr_line' id='line_1_17' title="bbox 572 2071 1317 2137; baseline -0.003 -3"><span class='ocrx_word' id='word_1_97' title='bbox 572 2075 607 2136; x_wconf 92' lang='lat' dir='ltr'>ad</span> <span class='ocrx_word' id='word_1_98' title='bbox 629 2074 780 2137; x_wconf 89' lang='lat' dir='ltr'>terminos</span> <span class='ocrx_word' id='word_1_99' title='bbox 802 2072 877 2134; x_wconf 92' lang='lat' dir='ltr'>iuris</span> <span class='ocrx_word' id='word_1_100' title='bbox 902 2071 1007 2134; x_wconf 84' lang='lat' dir='ltr'>reduci</span> <span class='ocrx_word' id='word_1_101' title='bbox 1028 2071 1079 2134; x_wconf 90' lang='lat' dir='ltr'>vel</span> <span class='ocrx_word' id='word_1_102' title='bbox 1100 2071 1246 2134; x_wconf 89' lang='lat' dir='ltr'>adversus</span> <span class='ocrx_word' id='word_1_103' title='bbox 1268 2087 1317 2134; x_wconf 89' lang='lat' dir='ltr'>eas</span> 
     </span>
     <span class='ocr_line' id='line_1_18' title="bbox 571 2165 1316 2243; baseline -0.007 -11"><span class='ocrx_word' id='word_1_104' title='bbox 571 2167 778 2232; x_wconf 88' lang='lat' dir='ltr'>restitutionis</span> <span class='ocrx_word' id='word_1_105' title='bbox 799 2167 832 2229; x_wconf 96' lang='lat' dir='ltr'>in</span> <span class='ocrx_word' id='word_1_106' title='bbox 854 2168 1026 2243; x_wconf 89' lang='lat' dir='ltr'>integrum,</span> <span class='ocrx_word' id='word_1_107' title='bbox 1050 2165 1228 2243; x_wconf 89' lang='lat' dir='ltr'>aperitionis</span> <span class='ocrx_word' id='word_1_108' title='bbox 1242 2165 1316 2241; x_wconf 89' lang='lat' dir='ltr'>oris,</span> 
     </span>
     <span class='ocr_line' id='line_1_19' title="bbox 571 2257 1317 2335; baseline -0.007 -8"><span class='ocrx_word' id='word_1_109' title='bbox 571 2261 761 2328; x_wconf 90' lang='lat' dir='ltr'>reductionis</span> <span class='ocrx_word' id='word_1_110' title='bbox 781 2261 817 2323; x_wconf 90' lang='lat' dir='ltr'>ad</span> <span class='ocrx_word' id='word_1_111' title='bbox 838 2260 923 2322; x_wconf 91' lang='lat' dir='ltr'>viam</span> <span class='ocrx_word' id='word_1_112' title='bbox 936 2266 967 2322; x_wconf 93' lang='lat' dir='ltr'>et</span> <span class='ocrx_word' id='word_1_113' title='bbox 982 2259 1132 2322; x_wconf 91' lang='lat' dir='ltr'>terminos</span> <span class='ocrx_word' id='word_1_114' title='bbox 1147 2257 1235 2335; x_wconf 90' lang='lat' dir='ltr'>iuris,</span> <span class='ocrx_word' id='word_1_115' title='bbox 1251 2259 1317 2322; x_wconf 89' lang='lat' dir='ltr'>sive</span> 
     </span>
     <span class='ocr_line' id='line_1_20' title="bbox 571 2351 1319 2435; baseline -0.005 -17"><span class='ocrx_word' id='word_1_116' title='bbox 571 2355 654 2420; x_wconf 90' lang='lat' dir='ltr'>aliud</span> <span class='ocrx_word' id='word_1_117' title='bbox 675 2355 892 2435; x_wconf 90' lang='lat' dir='ltr'>quodcumque</span> <span class='ocrx_word' id='word_1_118' title='bbox 918 2353 999 2430; x_wconf 90' lang='lat' dir='ltr'>iacti,</span> <span class='ocrx_word' id='word_1_119' title='bbox 1023 2353 1138 2431; x_wconf 89' lang='lat' dir='ltr'>gratiae</span> <span class='ocrx_word' id='word_1_120' title='bbox 1159 2353 1209 2416; x_wconf 91' lang='lat' dir='ltr'>vel</span> <span class='ocrx_word' id='word_1_121' title='bbox 1231 2351 1319 2416; x_wconf 89' lang='lat' dir='ltr'>iusti-</span> 
     </span>
     <span class='ocr_line' id='line_1_21' title="bbox 573 2445 1317 2527; baseline -0.005 -15"><span class='ocrx_word' id='word_1_122' title='bbox 573 2449 631 2512; x_wconf 89' lang='lat' dir='ltr'>tiae</span> <span class='ocrx_word' id='word_1_123' title='bbox 653 2449 826 2512; x_wconf 90' lang='lat' dir='ltr'>remedium</span> <span class='ocrx_word' id='word_1_124' title='bbox 857 2447 1017 2527; x_wconf 90' lang='lat' dir='ltr'>impetrari</span> <span class='ocrx_word' id='word_1_125' title='bbox 1038 2462 1142 2527; x_wconf 88' lang='lat' dir='ltr'>posse;</span> <span class='ocrx_word' id='word_1_126' title='bbox 1164 2445 1217 2508; x_wconf 91' lang='lat' dir='ltr'>sed</span> <span class='ocrx_word' id='word_1_127' title='bbox 1239 2447 1317 2526; x_wconf 90' lang='lat' dir='ltr'>ipsas</span> 
     </span>
     <span class='ocr_line' id='line_1_22' title="bbox 571 2540 1318 2623; baseline -0.005 -17"><span class='ocrx_word' id='word_1_128' title='bbox 571 2559 693 2622; x_wconf 89' lang='lat' dir='ltr'>semper</span> <span class='ocrx_word' id='word_1_129' title='bbox 713 2550 927 2623; x_wconf 88' lang='lat' dir='ltr'>perpetuoque</span> <span class='ocrx_word' id='word_1_130' title='bbox 947 2540 1070 2616; x_wconf 88' lang='lat' dir='ltr'>validas,</span> <span class='ocrx_word' id='word_1_131' title='bbox 1088 2540 1192 2602; x_wconf 88' lang='lat' dir='ltr'>firmas</span> <span class='ocrx_word' id='word_1_132' title='bbox 1206 2545 1237 2602; x_wconf 92' lang='lat' dir='ltr'>et</span> <span class='ocrx_word' id='word_1_133' title='bbox 1252 2540 1318 2602; x_wconf 85' lang='lat' dir='ltr'>eth-</span> 
     </span>
     <span class='ocr_line' id='line_1_23' title="bbox 571 2635 1318 2715; baseline -0.005 -14"><span class='ocrx_word' id='word_1_134' title='bbox 571 2655 655 2701; x_wconf 88' lang='grc'>33333</span> <span class='ocrx_word' id='word_1_135' title='bbox 676 2653 741 2702; x_wconf 90' lang='lat' dir='ltr'>esse</span> <span class='ocrx_word' id='word_1_136' title='bbox 762 2643 793 2698; x_wconf 92' lang='lat' dir='ltr'>et</span> <span class='ocrx_word' id='word_1_137' title='bbox 814 2635 891 2710; x_wconf 91' lang='lat' dir='ltr'>iore,</span> <span class='ocrx_word' id='word_1_138' title='bbox 907 2651 1040 2715; x_wconf 90' lang='lat' dir='ltr'>suosque</span> <span class='ocrx_word' id='word_1_139' title='bbox 1055 2635 1209 2714; x_wconf 90' lang='lat' dir='ltr'>plenarios</span> <span class='ocrx_word' id='word_1_140' title='bbox 1223 2641 1255 2696; x_wconf 91' lang='lat' dir='ltr'>et</span> <span class='ocrx_word' id='word_1_141' title='bbox 1270 2635 1318 2697; x_wconf 90' lang='lat' dir='ltr'>in·</span> 
     </span>
     <span class='ocr_line' id='line_1_24' title="bbox 572 2729 1318 2810; baseline -0.007 -15"><span class='ocrx_word' id='word_1_142' title='bbox 572 2740 676 2810; x_wconf 91' lang='lat' dir='ltr'>tegros</span> <span class='ocrx_word' id='word_1_143' title='bbox 704 2731 831 2794; x_wconf 84' lang='lat' dir='ltr'>euectus</span> <span class='ocrx_word' id='word_1_144' title='bbox 861 2729 965 2792; x_wconf 88' lang='lat' dir='ltr'>sortiri</span> <span class='ocrx_word' id='word_1_145' title='bbox 986 2736 1017 2792; x_wconf 93' lang='lat' dir='ltr'>et</span> <span class='ocrx_word' id='word_1_146' title='bbox 1039 2729 1191 2804; x_wconf 88' lang='lat' dir='ltr'>obtinere,</span> <span class='ocrx_word' id='word_1_147' title='bbox 1213 2729 1318 2808; x_wconf 91' lang='lat' dir='ltr'>sicque</span> 
     </span>
     <span class='ocr_line' id='line_1_25' title="bbox 573 2822 1317 2903; baseline -0.004 -16"><span class='ocrx_word' id='word_1_148' title='bbox 573 2832 604 2887; x_wconf 93' lang='lat' dir='ltr'>et</span> <span class='ocrx_word' id='word_1_149' title='bbox 625 2841 689 2887; x_wconf 93' lang='lat' dir='ltr'>non</span> <span class='ocrx_word' id='word_1_150' title='bbox 710 2824 799 2887; x_wconf 88' lang='lat' dir='ltr'>aliter</span> <span class='ocrx_word' id='word_1_151' title='bbox 819 2824 852 2886; x_wconf 92' lang='lat' dir='ltr'>in</span> <span class='ocrx_word' id='word_1_152' title='bbox 873 2822 1048 2902; x_wconf 89' lang='lat' dir='ltr'>praemissis</span> <span class='ocrx_word' id='word_1_153' title='bbox 1075 2840 1132 2903; x_wconf 89' lang='lat' dir='ltr'>per</span> <span class='ocrx_word' id='word_1_154' title='bbox 1152 2837 1317 2901; x_wconf 89' lang='lat' dir='ltr'>quoscum·</span> 
     </span>
     <span class='ocr_line' id='line_1_26' title="bbox 573 2913 1317 2999; baseline -0.009 -17"><span class='ocrx_word' id='word_1_155' title='bbox 573 2935 634 2999; x_wconf 88' lang='lat' dir='ltr'>que</span> <span class='ocrx_word' id='word_1_156' title='bbox 654 2917 770 2981; x_wconf 90' lang='lat' dir='ltr'>iudices</span> <span class='ocrx_word' id='word_1_157' title='bbox 790 2917 962 2979; x_wconf 90' lang='lat' dir='ltr'>ordinarios</span> <span class='ocrx_word' id='word_1_158' title='bbox 983 2921 1014 2977; x_wconf 90' lang='lat' dir='ltr'>et</span> <span class='ocrx_word' id='word_1_159' title='bbox 1034 2913 1201 2994; x_wconf 89' lang='lat' dir='ltr'>delegatos,</span> <span class='ocrx_word' id='word_1_160' title='bbox 1225 2915 1317 2977; x_wconf 90' lang='lat' dir='ltr'>etiam</span> 
     </span>
     <span class='ocr_line' id='line_1_27' title="bbox 573 3009 1318 3092; baseline -0.003 -17"><span class='ocrx_word' id='word_1_161' title='bbox 573 3027 735 3076; x_wconf 91' lang='lat' dir='ltr'>causarum</span> <span class='ocrx_word' id='word_1_162' title='bbox 758 3011 859 3092; x_wconf 90' lang='lat' dir='ltr'>palatii</span> <span class='ocrx_word' id='word_1_163' title='bbox 881 3009 1037 3090; x_wconf 90' lang='lat' dir='ltr'>apostolici</span> <span class='ocrx_word' id='word_1_164' title='bbox 1059 3010 1225 3084; x_wconf 89' lang='lat' dir='ltr'>auditores,</span> <span class='ocrx_word' id='word_1_165' title='bbox 1248 3026 1318 3073; x_wconf 91' lang='lat' dir='ltr'>nec·</span> 
     </span>
     <span class='ocr_line' id='line_1_28' title="bbox 573 3101 1316 3179; baseline -0.005 -11"><span class='ocrx_word' id='word_1_166' title='bbox 573 3121 639 3168; x_wconf 93' lang='grc'>333</span> <span class='ocrx_word' id='word_1_167' title='bbox 651 3105 778 3168; x_wconf 88' lang='lat' dir='ltr'>Sanctae</span> <span class='ocrx_word' id='word_1_168' title='bbox 793 3105 949 3167; x_wconf 84' lang='lat' dir='ltr'>Romanae</span> <span class='ocrx_word' id='word_1_169' title='bbox 964 3103 1117 3166; x_wconf 80' lang='lat' dir='ltr'>Ecclesiae</span> <span class='ocrx_word' id='word_1_170' title='bbox 1128 3101 1316 3179; x_wconf 81' lang='lat' dir='ltr'>cardinales,</span> 
     </span>
     <span class='ocr_line' id='line_1_29' title="bbox 573 3195 1318 3275; baseline -0.007 -13"><span class='ocrx_word' id='word_1_171' title='bbox 573 3201 669 3262; x_wconf 92' lang='lat' dir='ltr'>etiam</span> <span class='ocrx_word' id='word_1_172' title='bbox 690 3201 727 3263; x_wconf 92' lang='lat' dir='ltr'>de</span> <span class='ocrx_word' id='word_1_173' title='bbox 749 3199 844 3275; x_wconf 83' lang='lat' dir='ltr'>latere</span> <span class='ocrx_word' id='word_1_174' title='bbox 864 3195 992 3275; x_wconf 84' lang='lat' dir='ltr'>Legatos</span> <span class='ocrx_word' id='word_1_175' title='bbox 1013 3205 1043 3260; x_wconf 93' lang='lat' dir='ltr'>et</span> <span class='ocrx_word' id='word_1_176' title='bbox 1065 3196 1152 3260; x_wconf 89' lang='lat' dir='ltr'>Sedis</span> <span class='ocrx_word' id='word_1_177' title='bbox 1165 3196 1318 3274; x_wconf 80' lang='lat' dir='ltr'>Apostoli-</span> 
     </span>
     <span class='ocr_line' id='line_1_30' title="bbox 573 3289 1318 3371; baseline -0.008 -15"><span class='ocrx_word' id='word_1_178' title='bbox 573 3311 625 3357; x_wconf 93' lang='lat' dir='ltr'>cae</span> <span class='ocrx_word' id='word_1_179' title='bbox 646 3291 791 3368; x_wconf 90' lang='lat' dir='ltr'>Nuntios,</span> <span class='ocrx_word' id='word_1_180' title='bbox 806 3309 840 3354; x_wconf 92' lang='lat' dir='ltr'>ac</span> <span class='ocrx_word' id='word_1_181' title='bbox 861 3291 935 3354; x_wconf 92' lang='lat' dir='ltr'>alios</span> <span class='ocrx_word' id='word_1_182' title='bbox 956 3289 1064 3371; x_wconf 90' lang='lat' dir='ltr'>quavis</span> <span class='ocrx_word' id='word_1_183' title='bbox 1084 3291 1267 3353; x_wconf 89' lang='lat' dir='ltr'>auctoritate</span> <span class='ocrx_word' id='word_1_184' title='bbox 1288 3295 1318 3352; x_wconf 91' lang='lat' dir='ltr'>et</span> 
     </span>
     <span class='ocr_line' id='line_1_31' title="bbox 573 3383 1318 3468; baseline -0.008 -19"><span class='ocrx_word' id='word_1_185' title='bbox 573 3395 724 3468; x_wconf 87' lang='lat' dir='ltr'>potestate</span> <span class='ocrx_word' id='word_1_186' title='bbox 744 3385 923 3463; x_wconf 90' lang='lat' dir='ltr'>iungentes,</span> <span class='ocrx_word' id='word_1_187' title='bbox 946 3384 979 3446; x_wconf 94' lang='lat' dir='ltr'>in</span> <span class='ocrx_word' id='word_1_188' title='bbox 1000 3383 1108 3463; x_wconf 91' lang='lat' dir='ltr'>quavis</span> <span class='ocrx_word' id='word_1_189' title='bbox 1123 3399 1211 3445; x_wconf 92' lang='lat' dir='ltr'>causa</span> <span class='ocrx_word' id='word_1_190' title='bbox 1224 3389 1257 3444; x_wconf 92' lang='lat' dir='ltr'>et</span> <span class='ocrx_word' id='word_1_191' title='bbox 1272 3383 1318 3444; x_wconf 93' lang='lat' dir='ltr'>in·</span> 
     </span>
     <span class='ocr_line' id='line_1_32' title="bbox 572 3475 1318 3556; baseline -0.009 -13"><span class='ocrx_word' id='word_1_192' title='bbox 572 3481 695 3556; x_wconf 89' lang='lat' dir='ltr'>stantia,</span> <span class='ocrx_word' id='word_1_193' title='bbox 717 3479 835 3543; x_wconf 91' lang='lat' dir='ltr'>sublata</span> <span class='ocrx_word' id='word_1_194' title='bbox 856 3478 899 3540; x_wconf 92' lang='lat' dir='ltr'>eis</span> <span class='ocrx_word' id='word_1_195' title='bbox 919 3485 950 3540; x_wconf 90' lang='lat' dir='ltr'>et</span> <span class='ocrx_word' id='word_1_196' title='bbox 972 3492 1080 3540; x_wconf 92' lang='lat' dir='ltr'>eorum</span> <span class='ocrx_word' id='word_1_197' title='bbox 1100 3475 1228 3540; x_wconf 88' lang='lat' dir='ltr'>cuilibet</span> <span class='ocrx_word' id='word_1_198' title='bbox 1245 3492 1318 3554; x_wconf 90' lang='lat' dir='ltr'>qua-</span> 
     </span>
     <span class='ocr_line' id='line_1_33' title="bbox 573 3568 1318 3649; baseline -0.007 -13"><span class='ocrx_word' id='word_1_199' title='bbox 573 3575 621 3636; x_wconf 82' lang='lat' dir='ltr'>vis</span> <span class='ocrx_word' id='word_1_200' title='bbox 642 3573 731 3635; x_wconf 91' lang='lat' dir='ltr'>aliter</span> <span class='ocrx_word' id='word_1_201' title='bbox 751 3569 908 3635; x_wconf 91' lang='lat' dir='ltr'>iudicandi</span> <span class='ocrx_word' id='word_1_202' title='bbox 930 3578 960 3633; x_wconf 92' lang='lat' dir='ltr'>et</span> <span class='ocrx_word' id='word_1_203' title='bbox 982 3569 1207 3649; x_wconf 88' lang='lat' dir='ltr'>interpretandi</span> <span class='ocrx_word' id='word_1_204' title='bbox 1224 3568 1318 3632; x_wconf 88' lang='lat' dir='ltr'>iacul-</span> 
     </span>
     <span class='ocr_line' id='line_1_34' title="bbox 573 3662 1316 3740; baseline -0.005 -10"><span class='ocrx_word' id='word_1_205' title='bbox 573 3675 637 3730; x_wconf 92' lang='lat' dir='ltr'>tate</span> <span class='ocrx_word' id='word_1_206' title='bbox 657 3672 689 3728; x_wconf 88' lang='lat' dir='ltr'>et</span> <span class='ocrx_word' id='word_1_207' title='bbox 710 3665 904 3740; x_wconf 89' lang='lat' dir='ltr'>auctoritate,</span> <span class='ocrx_word' id='word_1_208' title='bbox 927 3663 1055 3726; x_wconf 88' lang='lat' dir='ltr'>iudicari</span> <span class='ocrx_word' id='word_1_209' title='bbox 1075 3669 1106 3724; x_wconf 91' lang='lat' dir='ltr'>et</span> <span class='ocrx_word' id='word_1_210' title='bbox 1127 3662 1251 3726; x_wconf 86' lang='lat' dir='ltr'>definiri</span> <span class='ocrx_word' id='word_1_211' title='bbox 1266 3663 1316 3726; x_wconf 91' lang='lat' dir='ltr'>de·</span> 
     </span>
     <span class='ocr_line' id='line_1_35' title="bbox 572 3756 1317 3838; baseline -0.007 -14"><span class='ocrx_word' id='word_1_212' title='bbox 572 3759 662 3824; x_wconf 91' lang='lat' dir='ltr'>bere:</span> <span class='ocrx_word' id='word_1_213' title='bbox 693 3766 725 3821; x_wconf 92' lang='lat' dir='ltr'>et</span> <span class='ocrx_word' id='word_1_214' title='bbox 752 3760 777 3822; x_wconf 92' lang='lat' dir='ltr'>si</span> <span class='ocrx_word' id='word_1_215' title='bbox 807 3773 895 3821; x_wconf 89' lang='lat' dir='ltr'>secus</span> <span class='ocrx_word' id='word_1_216' title='bbox 922 3772 1016 3837; x_wconf 89' lang='lat' dir='ltr'>super</span> <span class='ocrx_word' id='word_1_217' title='bbox 1043 3756 1091 3819; x_wconf 89' lang='lat' dir='ltr'>his</span> <span class='ocrx_word' id='word_1_218' title='bbox 1111 3775 1127 3820; x_wconf 92' lang='lat' dir='ltr'>a</span> <span class='ocrx_word' id='word_1_219' title='bbox 1149 3773 1317 3838; x_wconf 90' lang='lat' dir='ltr'>quoquam,</span> 
     </span>
     <span class='ocr_line' id='line_1_36' title="bbox 574 3849 1318 3934; baseline -0.003 -18"><span class='ocrx_word' id='word_1_220' title='bbox 574 3854 682 3934; x_wconf 89' lang='lat' dir='ltr'>quavis</span> <span class='ocrx_word' id='word_1_221' title='bbox 703 3852 896 3927; x_wconf 89' lang='lat' dir='ltr'>auctoritate,</span> <span class='ocrx_word' id='word_1_222' title='bbox 911 3852 1046 3914; x_wconf 90' lang='lat' dir='ltr'>scienter</span> <span class='ocrx_word' id='word_1_223' title='bbox 1066 3850 1115 3913; x_wconf 91' lang='lat' dir='ltr'>vel</span> <span class='ocrx_word' id='word_1_224' title='bbox 1137 3849 1318 3928; x_wconf 84' lang='lat' dir='ltr'>ignoranter</span> 
     </span>
     <span class='ocr_line' id='line_1_37' title="bbox 573 3944 1318 4024; baseline -0.005 -12"><span class='ocrx_word' id='word_1_225' title='bbox 573 3947 741 4024; x_wconf 88' lang='lat' dir='ltr'>contigerit</span> <span class='ocrx_word' id='word_1_226' title='bbox 769 3945 925 4020; x_wconf 89' lang='lat' dir='ltr'>attentari,</span> <span class='ocrx_word' id='word_1_227' title='bbox 955 3945 1080 4008; x_wconf 89' lang='lat' dir='ltr'>irritum</span> <span class='ocrx_word' id='word_1_228' title='bbox 1101 3952 1133 4008; x_wconf 91' lang='lat' dir='ltr'>et</span> <span class='ocrx_word' id='word_1_229' title='bbox 1153 3946 1246 4008; x_wconf 91' lang='lat' dir='ltr'>inane</span> <span class='ocrx_word' id='word_1_230' title='bbox 1267 3944 1318 4008; x_wconf 91' lang='lat' dir='ltr'>de·</span> 
     </span>
     <span class='ocr_line' id='line_1_38' title="bbox 573 4057 742 4104; baseline -0.018 0"><span class='ocrx_word' id='word_1_231' title='bbox 573 4057 742 4104; x_wconf 83' lang='lat' dir='ltr'>cernimus.</span> 
     </span>
    </p>
   </div>
   <div class='ocr_carea' id='block_1_3' title="bbox 341 4131 1317 4325">
    <p class='ocr_par' dir='ltr' id='par_1_3' title="bbox 341 4131 1317 4325">
     <span class='ocr_line' id='line_1_39' title="bbox 343 4131 1317 4262; baseline -0.015 -54"><span class='ocrx_word' id='word_1_232' title='bbox 343 4159 495 4262; x_wconf 40' lang='grc' dir='ltr'>1131ἓᾶ313333</span> <span class='ocrx_word' id='word_1_233' title='bbox 497 4155 557 4260; x_wconf 53' lang='lat' dir='ltr'>0ortos:</span> <span class='ocrx_word' id='word_1_234' title='bbox 614 4137 632 4212; x_wconf 63' lang='grc' dir='ltr'>ᾖ</span> <span class='ocrx_word' id='word_1_235' title='bbox 653 4133 682 4196; x_wconf 87' lang='grc'>8.</span> <span class='ocrx_word' id='word_1_236' title='bbox 705 4133 775 4198; x_wconf 91' lang='lat' dir='ltr'>Non</span> <span class='ocrx_word' id='word_1_237' title='bbox 790 4133 993 4210; x_wconf 88' lang='lat' dir='ltr'>obstantibus,</span> <span class='ocrx_word' id='word_1_238' title='bbox 1009 4139 1161 4212; x_wconf 90' lang='lat' dir='ltr'>quatenus</span> <span class='ocrx_word' id='word_1_239' title='bbox 1175 4149 1251 4212; x_wconf 90' lang='lat' dir='ltr'>opus</span> <span class='ocrx_word' id='word_1_240' title='bbox 1265 4131 1317 4208; x_wconf 92' lang='lat' dir='ltr'>sit,</span> 
     </span>
     <span class='ocr_line' id='line_1_40' title="bbox 341 4271 392 4325; baseline 0.02 -9"><span class='ocrx_word' id='word_1_241' title='bbox 341 4271 392 4325; x_wconf 67' lang='lat' dir='ltr'>aas.</span> 
     </span>
    </p>
   </div>
   <div class='ocr_carea' id='block_1_4' title="bbox 572 4225 1321 5998">
    <p class='ocr_par' dir='ltr' id='par_1_4' title="bbox 572 4225 1321 5998">
     <span class='ocr_line' id='line_1_41' title="bbox 574 4225 1318 4306; baseline -0.008 -12"><span class='ocrx_word' id='word_1_242' title='bbox 574 4237 677 4294; x_wconf 91' lang='lat' dir='ltr'>nostra</span> <span class='ocrx_word' id='word_1_243' title='bbox 692 4237 723 4292; x_wconf 93' lang='lat' dir='ltr'>et</span> <span class='ocrx_word' id='word_1_244' title='bbox 737 4227 943 4296; x_wconf 74' lang='lat' dir='ltr'>cancellariae</span> <span class='ocrx_word' id='word_1_245' title='bbox 954 4227 1145 4306; x_wconf 82' lang='lat' dir='ltr'>Apostolirae</span> <span class='ocrx_word' id='word_1_246' title='bbox 1159 4225 1267 4304; x_wconf 91' lang='lat' dir='ltr'>regula</span> <span class='ocrx_word' id='word_1_247' title='bbox 1280 4225 1318 4288; x_wconf 90' lang='lat' dir='ltr'>de</span> 
     </span>
     <span class='ocr_line' id='line_1_42' title="bbox 572 4319 1319 4404; baseline -0.011 -15"><span class='ocrx_word' id='word_1_248' title='bbox 572 4325 641 4389; x_wconf 90' lang='lat' dir='ltr'>iure</span> <span class='ocrx_word' id='word_1_249' title='bbox 661 4323 799 4404; x_wconf 90' lang='lat' dir='ltr'>quaesito</span> <span class='ocrx_word' id='word_1_250' title='bbox 814 4338 879 4386; x_wconf 91' lang='lat' dir='ltr'>non</span> <span class='ocrx_word' id='word_1_251' title='bbox 894 4319 1048 4398; x_wconf 89' lang='lat' dir='ltr'>tollendo;</span> <span class='ocrx_word' id='word_1_252' title='bbox 1064 4336 1186 4383; x_wconf 89' lang='lat' dir='ltr'>necnon</span> <span class='ocrx_word' id='word_1_253' title='bbox 1201 4335 1319 4382; x_wconf 92' lang='lat' dir='ltr'>memo·</span> 
     </span>
     <span class='ocr_line' id='line_1_43' title="bbox 572 4412 1318 4492; baseline -0.009 -10"><span class='ocrx_word' id='word_1_254' title='bbox 572 4419 647 4482; x_wconf 88' lang='lat' dir='ltr'>ratis</span> <span class='ocrx_word' id='word_1_255' title='bbox 668 4417 772 4482; x_wconf 89' lang='lat' dir='ltr'>Sancti</span> <span class='ocrx_word' id='word_1_256' title='bbox 792 4416 838 4478; x_wconf 92' lang='lat' dir='ltr'>Pii</span> <span class='ocrx_word' id='word_1_257' title='bbox 860 4413 897 4480; x_wconf 80' lang='lat' dir='ltr'>V.</span> <span class='ocrx_word' id='word_1_258' title='bbox 922 4423 953 4478; x_wconf 91' lang='lat' dir='ltr'>et</span> <span class='ocrx_word' id='word_1_259' title='bbox 972 4414 1114 4492; x_wconf 83' lang='lat' dir='ltr'>Gregorii</span> <span class='ocrx_word' id='word_1_260' title='bbox 1135 4412 1318 4492; x_wconf 70' lang='grc'>11133333-</span> 
     </span>
     <span class='ocr_line' id='line_1_44' title="bbox 573 4507 1317 4590; baseline -0.012 -13"><span class='ocrx_word' id='word_1_261' title='bbox 573 4514 769 4577; x_wconf 88' lang='lat' dir='ltr'>decessorum</span> <span class='ocrx_word' id='word_1_262' title='bbox 780 4509 1010 4590; x_wconf 89' lang='lat' dir='ltr'>praedictorum</span> <span class='ocrx_word' id='word_1_263' title='bbox 1024 4507 1195 4587; x_wconf 83' lang='lat' dir='ltr'>respective</span> <span class='ocrx_word' id='word_1_264' title='bbox 1207 4507 1317 4584; x_wconf 87' lang='grc'>1333333,</span> 
     </span>
     <span class='ocr_line' id='line_1_45' title="bbox 572 4602 1319 4688; baseline -0.009 -17"><span class='ocrx_word' id='word_1_265' title='bbox 572 4608 762 4688; x_wconf 89' lang='lat' dir='ltr'>caeterisque</span> <span class='ocrx_word' id='word_1_266' title='bbox 783 4604 1058 4669; x_wconf 91' lang='lat' dir='ltr'>constitutionibus</span> <span class='ocrx_word' id='word_1_267' title='bbox 1072 4611 1102 4667; x_wconf 92' lang='lat' dir='ltr'>et</span> <span class='ocrx_word' id='word_1_268' title='bbox 1117 4602 1319 4668; x_wconf 86' lang='lat' dir='ltr'>ordinationi-</span> 
     </span>
     <span class='ocr_line' id='line_1_46' title="bbox 574 4696 1318 4782; baseline -0.011 -17"><span class='ocrx_word' id='word_1_269' title='bbox 574 4703 630 4766; x_wconf 93' lang='lat' dir='ltr'>bus</span> <span class='ocrx_word' id='word_1_270' title='bbox 650 4700 822 4782; x_wconf 90' lang='lat' dir='ltr'>apostolicis</span> <span class='ocrx_word' id='word_1_271' title='bbox 842 4699 936 4763; x_wconf 92' lang='lat' dir='ltr'>etiam</span> <span class='ocrx_word' id='word_1_272' title='bbox 951 4700 984 4762; x_wconf 93' lang='lat' dir='ltr'>in</span> <span class='ocrx_word' id='word_1_273' title='bbox 999 4698 1146 4761; x_wconf 80' lang='lat' dir='ltr'>Consiliis</span> <span class='ocrx_word' id='word_1_274' title='bbox 1161 4696 1318 4760; x_wconf 88' lang='lat' dir='ltr'>Generali-</span> 
     </span>
     <span class='ocr_line' id='line_1_47' title="bbox 573 4791 1317 4872; baseline -0.009 -13"><span class='ocrx_word' id='word_1_275' title='bbox 573 4796 630 4859; x_wconf 91' lang='lat' dir='ltr'>bus</span> <span class='ocrx_word' id='word_1_276' title='bbox 660 4795 761 4870; x_wconf 91' lang='lat' dir='ltr'>editis,</span> <span class='ocrx_word' id='word_1_277' title='bbox 793 4793 887 4856; x_wconf 92' lang='lat' dir='ltr'>etiam</span> <span class='ocrx_word' id='word_1_278' title='bbox 918 4791 1091 4872; x_wconf 88' lang='lat' dir='ltr'>specialiter</span> <span class='ocrx_word' id='word_1_279' title='bbox 1118 4791 1152 4853; x_wconf 94' lang='lat' dir='ltr'>in</span> <span class='ocrx_word' id='word_1_280' title='bbox 1179 4791 1317 4852; x_wconf 89' lang='lat' dir='ltr'>lavorem</span> 
     </span>
     <span class='ocr_line' id='line_1_48' title="bbox 573 4883 1317 4966; baseline -0.008 -16"><span class='ocrx_word' id='word_1_281' title='bbox 573 4902 841 4966; x_wconf 89' lang='lat' dir='ltr'>quarumcumque</span> <span class='ocrx_word' id='word_1_282' title='bbox 868 4901 1081 4966; x_wconf 88' lang='lat' dir='ltr'>personarum,</span> <span class='ocrx_word' id='word_1_283' title='bbox 1109 4891 1201 4963; x_wconf 89' lang='lat' dir='ltr'>atque</span> <span class='ocrx_word' id='word_1_284' title='bbox 1222 4883 1317 4946; x_wconf 83' lang='lat' dir='ltr'>dicto</span> 
     </span>
     <span class='ocr_line' id='line_1_49' title="bbox 573 4978 1319 5056; baseline -0.008 -12"><span class='ocrx_word' id='word_1_285' title='bbox 573 4997 646 5044; x_wconf 91' lang='lat' dir='ltr'>rum</span> <span class='ocrx_word' id='word_1_286' title='bbox 673 4979 824 5046; x_wconf 87' lang='lat' dir='ltr'>Ordinum</span> <span class='ocrx_word' id='word_1_287' title='bbox 854 4985 918 5042; x_wconf 89' lang='lat' dir='ltr'>tam</span> <span class='ocrx_word' id='word_1_288' title='bbox 945 4978 1204 5054; x_wconf 88' lang='lat' dir='ltr'>mendicantium,</span> <span class='ocrx_word' id='word_1_289' title='bbox 1226 4993 1319 5056; x_wconf 88' lang='lat' dir='ltr'>quam</span> 
     </span>
     <span class='ocr_line' id='line_1_50' title="bbox 573 5071 1317 5150; baseline -0.007 -12"><span class='ocrx_word' id='word_1_290' title='bbox 573 5090 638 5138; x_wconf 93' lang='lat' dir='ltr'>non</span> <span class='ocrx_word' id='word_1_291' title='bbox 660 5073 918 5149; x_wconf 90' lang='lat' dir='ltr'>mendicantium,</span> <span class='ocrx_word' id='word_1_292' title='bbox 942 5071 1240 5150; x_wconf 77' lang='lat' dir='ltr'>congregationum,</span> <span class='ocrx_word' id='word_1_293' title='bbox 1264 5071 1317 5135; x_wconf 88' lang='lat' dir='ltr'>So·</span> 
     </span>
     <span class='ocr_line' id='line_1_51' title="bbox 573 5164 1319 5247; baseline -0.008 -15"><span class='ocrx_word' id='word_1_294' title='bbox 573 5169 733 5246; x_wconf 87' lang='lat' dir='ltr'>cietatum,</span> <span class='ocrx_word' id='word_1_295' title='bbox 755 5168 850 5230; x_wconf 90' lang='lat' dir='ltr'>etiam</span> <span class='ocrx_word' id='word_1_296' title='bbox 871 5167 1041 5247; x_wconf 87' lang='lat' dir='ltr'>praedictae</span> <span class='ocrx_word' id='word_1_297' title='bbox 1064 5165 1193 5227; x_wconf 88' lang='lat' dir='ltr'>miiitiae</span> <span class='ocrx_word' id='word_1_298' title='bbox 1215 5164 1319 5230; x_wconf 85' lang='lat' dir='ltr'>Sancti</span> 
     </span>
     <span class='ocr_line' id='line_1_52' title="bbox 573 5260 1319 5340; baseline -0.005 -14"><span class='ocrx_word' id='word_1_299' title='bbox 573 5263 695 5326; x_wconf 88' lang='lat' dir='ltr'>loannis</span> <span class='ocrx_word' id='word_1_300' title='bbox 726 5261 996 5340; x_wconf 75' lang='lat' dir='ltr'>hierosolymitani</span> <span class='ocrx_word' id='word_1_301' title='bbox 1027 5267 1058 5323; x_wconf 92' lang='lat' dir='ltr'>et</span> <span class='ocrx_word' id='word_1_302' title='bbox 1087 5260 1224 5323; x_wconf 89' lang='lat' dir='ltr'>cuiusvis</span> <span class='ocrx_word' id='word_1_303' title='bbox 1244 5260 1319 5324; x_wconf 90' lang='lat' dir='ltr'>alte·</span> 
     </span>
     <span class='ocr_line' id='line_1_53' title="bbox 573 5351 1319 5432; baseline -0.003 -14"><span class='ocrx_word' id='word_1_304' title='bbox 573 5357 639 5420; x_wconf 90' lang='lat' dir='ltr'>rius</span> <span class='ocrx_word' id='word_1_305' title='bbox 660 5355 808 5432; x_wconf 89' lang='lat' dir='ltr'>instituti,</span> <span class='ocrx_word' id='word_1_306' title='bbox 824 5355 918 5418; x_wconf 91' lang='lat' dir='ltr'>etiam</span> <span class='ocrx_word' id='word_1_307' title='bbox 932 5351 1091 5416; x_wconf 86' lang='lat' dir='ltr'>societatis</span> <span class='ocrx_word' id='word_1_308' title='bbox 1105 5353 1186 5429; x_wconf 90' lang='lat' dir='ltr'>lesu,</span> <span class='ocrx_word' id='word_1_309' title='bbox 1205 5370 1238 5416; x_wconf 93' lang='lat' dir='ltr'>ac</span> <span class='ocrx_word' id='word_1_310' title='bbox 1253 5370 1319 5416; x_wconf 92' lang='lat' dir='ltr'>mo·</span> 
     </span>
     <span class='ocr_line' id='line_1_54' title="bbox 575 5445 1320 5526; baseline 0 -14"><span class='ocrx_word' id='word_1_311' title='bbox 575 5451 795 5526; x_wconf 90' lang='lat' dir='ltr'>nasteriorum,</span> <span class='ocrx_word' id='word_1_312' title='bbox 816 5448 1030 5526; x_wconf 89' lang='lat' dir='ltr'>collegiorum,</span> <span class='ocrx_word' id='word_1_313' title='bbox 1048 5445 1214 5510; x_wconf 90' lang='lat' dir='ltr'>domorum</span> <span class='ocrx_word' id='word_1_314' title='bbox 1227 5465 1262 5512; x_wconf 91' lang='lat' dir='ltr'>ac</span> <span class='ocrx_word' id='word_1_315' title='bbox 1276 5449 1320 5511; x_wconf 93' lang='lat' dir='ltr'>lo·</span> 
     </span>
     <span class='ocr_line' id='line_1_55' title="bbox 574 5543 1319 5621; baseline -0.005 -14"><span class='ocrx_word' id='word_1_316' title='bbox 574 5560 683 5608; x_wconf 90' lang='lat' dir='ltr'>corum</span> <span class='ocrx_word' id='word_1_317' title='bbox 699 5543 888 5621; x_wconf 82' lang='lat' dir='ltr'>regularium</span> <span class='ocrx_word' id='word_1_318' title='bbox 900 5556 1182 5621; x_wconf 88' lang='lat' dir='ltr'>quorumcumque,</span> <span class='ocrx_word' id='word_1_319' title='bbox 1195 5556 1319 5604; x_wconf 90' lang='lat' dir='ltr'>necnon</span> 
     </span>
     <span class='ocr_line' id='line_1_56' title="bbox 574 5635 1319 5714; baseline -0.003 -16"><span class='ocrx_word' id='word_1_320' title='bbox 574 5637 713 5714; x_wconf 91' lang='lat' dir='ltr'>illorum,</span> <span class='ocrx_word' id='word_1_321' title='bbox 741 5637 836 5698; x_wconf 91' lang='lat' dir='ltr'>etiam</span> <span class='ocrx_word' id='word_1_322' title='bbox 866 5637 1054 5712; x_wconf 89' lang='lat' dir='ltr'>iuramento,</span> <span class='ocrx_word' id='word_1_323' title='bbox 1083 5635 1319 5698; x_wconf 85' lang='lat' dir='ltr'>confirmatione</span> 
     </span>
     <span class='ocr_line' id='line_1_57' title="bbox 575 5728 1320 5809; baseline -0.001 -19"><span class='ocrx_word' id='word_1_324' title='bbox 575 5731 749 5809; x_wconf 88' lang='lat' dir='ltr'>apostolica,</span> <span class='ocrx_word' id='word_1_325' title='bbox 772 5730 823 5794; x_wconf 89' lang='lat' dir='ltr'>vel</span> <span class='ocrx_word' id='word_1_326' title='bbox 842 5730 949 5809; x_wconf 90' lang='lat' dir='ltr'>quavis</span> <span class='ocrx_word' id='word_1_327' title='bbox 977 5729 1124 5792; x_wconf 90' lang='lat' dir='ltr'>tirmitate</span> <span class='ocrx_word' id='word_1_328' title='bbox 1152 5728 1320 5791; x_wconf 82' lang='grc'>31333333-</span> 
     </span>
     <span class='ocr_line' id='line_1_58' title="bbox 575 5821 1321 5888; baseline -0.001 -3"><span class='ocrx_word' id='word_1_329' title='bbox 575 5825 649 5886; x_wconf 91' lang='lat' dir='ltr'>ratis</span> <span class='ocrx_word' id='word_1_330' title='bbox 662 5823 785 5888; x_wconf 89' lang='lat' dir='ltr'>statutis</span> <span class='ocrx_word' id='word_1_331' title='bbox 799 5823 849 5886; x_wconf 90' lang='lat' dir='ltr'>vel</span> <span class='ocrx_word' id='word_1_332' title='bbox 863 5822 1139 5886; x_wconf 87' lang='lat' dir='ltr'>consuetudinibus</span> <span class='ocrx_word' id='word_1_333' title='bbox 1154 5821 1248 5884; x_wconf 90' lang='lat' dir='ltr'>etiam</span> <span class='ocrx_word' id='word_1_334' title='bbox 1262 5821 1321 5884; x_wconf 90' lang='lat' dir='ltr'>im-</span> 
     </span>
     <span class='ocr_line' id='line_1_59' title="bbox 576 5914 1320 5998; baseline -0.008 -14"><span class='ocrx_word' id='word_1_335' title='bbox 576 5918 841 5997; x_wconf 86' lang='lat' dir='ltr'>memorabilibus,</span> <span class='ocrx_word' id='word_1_336' title='bbox 863 5915 1113 5998; x_wconf 81' lang='lat' dir='ltr'>exemptionibus</span> <span class='ocrx_word' id='word_1_337' title='bbox 1127 5930 1262 5996; x_wconf 90' lang='lat' dir='ltr'>quoque,</span> <span class='ocrx_word' id='word_1_338' title='bbox 1273 5914 1320 5978; x_wconf 94' lang='lat' dir='ltr'>in-</span> 
     </span>
    </p>
   </div>
   <div class='ocr_carea' id='block_1_5' title="bbox 1093 540 1591 590">
    <p class='ocr_par' dir='ltr' id='par_1_5' title="bbox 1093 540 1591 590">
     <span class='ocr_line' id='line_1_60' title="bbox 1093 540 1591 590; baseline -0.01 0"><span class='ocrx_word' id='word_1_339' title='bbox 1093 543 1158 590; x_wconf 77' lang='lat' dir='ltr'>itta.</span> <span class='ocrx_word' id='word_1_340' title='bbox 1183 541 1274 590; x_wconf 77' lang='lat' dir='ltr'>ruht.</span> <span class='ocrx_word' id='word_1_341' title='bbox 1298 540 1338 588; x_wconf 78' lang='lat' dir='ltr'>DE</span> <span class='ocrx_word' id='word_1_342' title='bbox 1359 543 1388 588; x_wconf 76' lang='lat'>1³.</span> <span class='ocrx_word' id='word_1_343' title='bbox 1413 541 1442 588; x_wconf 77' lang='lat' dir='ltr'>tt.</span> <span class='ocrx_word' id='word_1_344' title='bbox 1466 541 1548 588; x_wconf 78' lang='lat' dir='ltr'>PARS</span> <span class='ocrx_word' id='word_1_345' title='bbox 1568 540 1591 586; x_wconf 86' lang='lat' dir='ltr'>i.</span> 
     </span>
    </p>
   </div>
   <div class='ocr_carea' id='block_1_6' title="bbox 1370 651 2201 5043">
    <p class='ocr_par' dir='ltr' id='par_1_6' title="bbox 1370 651 2119 3937">
     <span class='ocr_line' id='line_1_61' title="bbox 1371 651 2117 742; baseline -0.013 -18"><span class='ocrx_word' id='word_1_346' title='bbox 1371 659 1465 724; x_wconf 88' lang='lat' dir='ltr'>dultis</span> <span class='ocrx_word' id='word_1_347' title='bbox 1486 669 1517 724; x_wconf 93' lang='lat' dir='ltr'>et</span> <span class='ocrx_word' id='word_1_348' title='bbox 1538 658 1721 742; x_wconf 86' lang='lat' dir='ltr'>privilegiis,</span> <span class='ocrx_word' id='word_1_349' title='bbox 1743 659 1838 722; x_wconf 90' lang='lat' dir='ltr'>etiam</span> <span class='ocrx_word' id='word_1_350' title='bbox 1859 671 1899 720; x_wconf 93' lang='lat' dir='ltr'>ex</span> <span class='ocrx_word' id='word_1_351' title='bbox 1919 669 2007 718; x_wconf 88' lang='lat' dir='ltr'>causa</span> <span class='ocrx_word' id='word_1_352' title='bbox 2027 660 2059 716; x_wconf 90' lang='grc'>33</span> <span class='ocrx_word' id='word_1_353' title='bbox 2080 651 2117 715; x_wconf 89' lang='grc'>33-</span> 
     </span>
     <span class='ocr_line' id='line_1_62' title="bbox 1372 749 2118 832; baseline -0.011 -13"><span class='ocrx_word' id='word_1_354' title='bbox 1372 755 1439 820; x_wconf 91' lang='grc'>3313</span> <span class='ocrx_word' id='word_1_355' title='bbox 1459 771 1601 832; x_wconf 83' lang='grc'>3333333,</span> <span class='ocrx_word' id='word_1_356' title='bbox 1624 753 1675 818; x_wconf 87' lang='grc'>331</span> <span class='ocrx_word' id='word_1_357' title='bbox 1698 753 1730 816; x_wconf 92' lang='grc'>33</span> <span class='ocrx_word' id='word_1_358' title='bbox 1744 752 1854 814; x_wconf 93' lang='lat' dir='ltr'>limine</span> <span class='ocrx_word' id='word_1_359' title='bbox 1868 749 2070 825; x_wconf 86' lang='lat' dir='ltr'>fundationis,</span> <span class='ocrx_word' id='word_1_360' title='bbox 2086 756 2118 811; x_wconf 92' lang='lat' dir='ltr'>et</span> 
     </span>
     <span class='ocr_line' id='line_1_63' title="bbox 1372 843 2118 928; baseline -0.011 -16"><span class='ocrx_word' id='word_1_361' title='bbox 1372 850 1406 914; x_wconf 94' lang='lat' dir='ltr'>in</span> <span class='ocrx_word' id='word_1_362' title='bbox 1429 850 1506 914; x_wconf 89' lang='lat' dir='ltr'>mari</span> <span class='ocrx_word' id='word_1_363' title='bbox 1526 864 1640 928; x_wconf 91' lang='lat' dir='ltr'>magno</span> <span class='ocrx_word' id='word_1_364' title='bbox 1661 865 1717 912; x_wconf 91' lang='lat' dir='ltr'>seu</span> <span class='ocrx_word' id='word_1_365' title='bbox 1737 846 1820 910; x_wconf 89' lang='lat' dir='ltr'>bulla</span> <span class='ocrx_word' id='word_1_366' title='bbox 1841 861 1946 922; x_wconf 87' lang='lat' dir='ltr'>aurea,</span> <span class='ocrx_word' id='word_1_367' title='bbox 1961 852 2014 910; x_wconf 89' lang='lat' dir='ltr'>aut</span> <span class='ocrx_word' id='word_1_368' title='bbox 2028 843 2118 906; x_wconf 91' lang='lat' dir='ltr'>aliter</span> 
     </span>
     <span class='ocr_line' id='line_1_64' title="bbox 1372 937 2119 1024; baseline -0.012 -19"><span class='ocrx_word' id='word_1_369' title='bbox 1372 944 1568 1024; x_wconf 89' lang='lat' dir='ltr'>nuncupatis,</span> <span class='ocrx_word' id='word_1_370' title='bbox 1596 943 1654 1006; x_wconf 92' lang='lat' dir='ltr'>sub</span> <span class='ocrx_word' id='word_1_371' title='bbox 1682 941 1932 1021; x_wconf 88' lang='lat' dir='ltr'>quibuscumque</span> <span class='ocrx_word' id='word_1_372' title='bbox 1959 937 2119 1003; x_wconf 89' lang='lat' dir='ltr'>tenoribus</span> 
     </span>
     <span class='ocr_line' id='line_1_65' title="bbox 1372 1035 2118 1116; baseline -0.015 -14"><span class='ocrx_word' id='word_1_373' title='bbox 1372 1047 1404 1102; x_wconf 91' lang='lat' dir='ltr'>et</span> <span class='ocrx_word' id='word_1_374' title='bbox 1425 1038 1544 1114; x_wconf 89' lang='lat' dir='ltr'>lormis,</span> <span class='ocrx_word' id='word_1_375' title='bbox 1567 1047 1598 1100; x_wconf 89' lang='lat' dir='ltr'>et</span> <span class='ocrx_word' id='word_1_376' title='bbox 1619 1053 1692 1101; x_wconf 92' lang='lat' dir='ltr'>cum</span> <span class='ocrx_word' id='word_1_377' title='bbox 1706 1036 1868 1116; x_wconf 82' lang='lat' dir='ltr'>quibusvis</span> <span class='ocrx_word' id='word_1_378' title='bbox 1882 1036 1977 1098; x_wconf 87' lang='lat' dir='ltr'>etiam</span> <span class='ocrx_word' id='word_1_379' title='bbox 1991 1035 2118 1108; x_wconf 90' lang='lat' dir='ltr'>deroga-</span> 
     </span>
     <span class='ocr_line' id='line_1_66' title="bbox 1372 1126 2119 1208; baseline -0.012 -12"><span class='ocrx_word' id='word_1_380' title='bbox 1372 1134 1523 1198; x_wconf 86' lang='lat' dir='ltr'>toricrum</span> <span class='ocrx_word' id='word_1_381' title='bbox 1551 1132 1764 1208; x_wconf 90' lang='lat' dir='ltr'>derogatoriis,</span> <span class='ocrx_word' id='word_1_382' title='bbox 1787 1129 1916 1208; x_wconf 91' lang='lat' dir='ltr'>aliisque</span> <span class='ocrx_word' id='word_1_383' title='bbox 1941 1126 2119 1192; x_wconf 82' lang='lat' dir='ltr'>efficaciori-</span> 
     </span>
     <span class='ocr_line' id='line_1_67' title="bbox 1372 1221 2119 1300; baseline -0.009 -11"><span class='ocrx_word' id='word_1_384' title='bbox 1372 1227 1429 1291; x_wconf 91' lang='lat' dir='ltr'>bus</span> <span class='ocrx_word' id='word_1_385' title='bbox 1449 1234 1480 1290; x_wconf 88' lang='lat' dir='ltr'>et</span> <span class='ocrx_word' id='word_1_386' title='bbox 1501 1225 1633 1288; x_wconf 91' lang='lat' dir='ltr'>insolitis</span> <span class='ocrx_word' id='word_1_387' title='bbox 1655 1223 1810 1300; x_wconf 87' lang='grc'>313333133,</span> <span class='ocrx_word' id='word_1_388' title='bbox 1832 1238 1891 1286; x_wconf 88' lang='grc'>333</span> <span class='ocrx_word' id='word_1_389' title='bbox 1913 1237 1976 1284; x_wconf 91' lang='grc'>333</span> <span class='ocrx_word' id='word_1_390' title='bbox 1996 1221 2119 1284; x_wconf 90' lang='lat' dir='ltr'>irritan-</span> 
     </span>
     <span class='ocr_line' id='line_1_68' title="bbox 1372 1313 2116 1393; baseline -0.015 -8"><span class='ocrx_word' id='word_1_391' title='bbox 1372 1322 1454 1385; x_wconf 92' lang='lat' dir='ltr'>tibus</span> <span class='ocrx_word' id='word_1_392' title='bbox 1468 1327 1499 1384; x_wconf 90' lang='lat' dir='ltr'>et</span> <span class='ocrx_word' id='word_1_393' title='bbox 1514 1319 1580 1382; x_wconf 92' lang='lat' dir='ltr'>aliis</span> <span class='ocrx_word' id='word_1_394' title='bbox 1595 1319 1737 1393; x_wconf 88' lang='lat' dir='ltr'>decretis,</span> <span class='ocrx_word' id='word_1_395' title='bbox 1753 1319 1847 1380; x_wconf 90' lang='lat' dir='ltr'>etiam</span> <span class='ocrx_word' id='word_1_396' title='bbox 1862 1323 1962 1392; x_wconf 91' lang='lat' dir='ltr'>motu,</span> <span class='ocrx_word' id='word_1_397' title='bbox 1978 1313 2116 1389; x_wconf 89' lang='lat' dir='ltr'>scientia,</span> 
     </span>
     <span class='ocr_line' id='line_1_69' title="bbox 1371 1407 2118 1492; baseline -0.011 -16"><span class='ocrx_word' id='word_1_398' title='bbox 1371 1413 1594 1476; x_wconf 90' lang='lat' dir='ltr'>deliberatione</span> <span class='ocrx_word' id='word_1_399' title='bbox 1607 1421 1640 1476; x_wconf 92' lang='lat' dir='ltr'>et</span> <span class='ocrx_word' id='word_1_400' title='bbox 1654 1413 1813 1492; x_wconf 90' lang='lat' dir='ltr'>potestatis</span> <span class='ocrx_word' id='word_1_401' title='bbox 1827 1409 2021 1490; x_wconf 90' lang='lat' dir='ltr'>plenitudine</span> <span class='ocrx_word' id='word_1_402' title='bbox 2034 1407 2118 1469; x_wconf 92' lang='lat' dir='ltr'>simi·</span> 
     </span>
     <span class='ocr_line' id='line_1_70' title="bbox 1371 1501 2118 1585; baseline -0.008 -17"><span class='ocrx_word' id='word_1_403' title='bbox 1371 1506 1464 1583; x_wconf 90' lang='lat' dir='ltr'>libus,</span> <span class='ocrx_word' id='word_1_404' title='bbox 1486 1507 1638 1570; x_wconf 88' lang='lat' dir='ltr'>etiamad</span> <span class='ocrx_word' id='word_1_405' title='bbox 1660 1506 1865 1585; x_wconf 91' lang='lat' dir='ltr'>imperatoris,</span> <span class='ocrx_word' id='word_1_406' title='bbox 1891 1519 2013 1581; x_wconf 89' lang='lat' dir='ltr'>regum,</span> <span class='ocrx_word' id='word_1_407' title='bbox 2036 1501 2118 1578; x_wconf 91' lang='lat' dir='ltr'>regi·</span> 
     </span>
     <span class='ocr_line' id='line_1_71' title="bbox 1372 1596 2117 1680; baseline -0.011 -16"><span class='ocrx_word' id='word_1_408' title='bbox 1372 1617 1484 1664; x_wconf 89' lang='lat' dir='ltr'>narum</span> <span class='ocrx_word' id='word_1_409' title='bbox 1505 1609 1536 1663; x_wconf 91' lang='lat' dir='ltr'>et</span> <span class='ocrx_word' id='word_1_410' title='bbox 1558 1600 1872 1680; x_wconf 85' lang='lat' dir='ltr'>rerumpublicarum,</span> <span class='ocrx_word' id='word_1_411' title='bbox 1889 1606 1919 1661; x_wconf 91' lang='lat' dir='ltr'>et</span> <span class='ocrx_word' id='word_1_412' title='bbox 1935 1596 2117 1677; x_wconf 89' lang='lat' dir='ltr'>quorumvis</span> 
     </span>
     <span class='ocr_line' id='line_1_72' title="bbox 1371 1695 2118 1774; baseline -0.004 -20"><span class='ocrx_word' id='word_1_413' title='bbox 1371 1696 1505 1759; x_wconf 90' lang='lat' dir='ltr'>aliorum</span> <span class='ocrx_word' id='word_1_414' title='bbox 1536 1695 1714 1774; x_wconf 91' lang='lat' dir='ltr'>principum</span> <span class='ocrx_word' id='word_1_415' title='bbox 1741 1701 1772 1758; x_wconf 91' lang='lat' dir='ltr'>et</span> <span class='ocrx_word' id='word_1_416' title='bbox 1800 1705 2015 1772; x_wconf 89' lang='lat' dir='ltr'>personarum,</span> <span class='ocrx_word' id='word_1_417' title='bbox 2046 1706 2118 1770; x_wconf 91' lang='lat' dir='ltr'>qua·</span> 
     </span>
     <span class='ocr_line' id='line_1_73' title="bbox 1371 1785 2119 1868; baseline -0.008 -16"><span class='ocrx_word' id='word_1_418' title='bbox 1371 1805 1506 1868; x_wconf 90' lang='lat' dir='ltr'>cumque</span> <span class='ocrx_word' id='word_1_419' title='bbox 1519 1790 1723 1854; x_wconf 88' lang='lat' dir='ltr'>ecclesiastica</span> <span class='ocrx_word' id='word_1_420' title='bbox 1738 1790 1788 1852; x_wconf 90' lang='grc'>331</span> <span class='ocrx_word' id='word_1_421' title='bbox 1802 1787 1951 1852; x_wconf 91' lang='lat' dir='ltr'>saeculari</span> <span class='ocrx_word' id='word_1_422' title='bbox 1966 1785 2119 1862; x_wconf 87' lang='lat' dir='ltr'>dignitate</span> 
     </span>
     <span class='ocr_line' id='line_1_74' title="bbox 1371 1877 2117 1961; baseline -0.007 -17"><span class='ocrx_word' id='word_1_423' title='bbox 1371 1882 1562 1961; x_wconf 91' lang='lat' dir='ltr'>iulgentium</span> <span class='ocrx_word' id='word_1_424' title='bbox 1584 1883 1772 1959; x_wconf 88' lang='lat' dir='ltr'>instantiam,</span> <span class='ocrx_word' id='word_1_425' title='bbox 1790 1899 1847 1946; x_wconf 91' lang='lat' dir='ltr'>seu</span> <span class='ocrx_word' id='word_1_426' title='bbox 1867 1895 1977 1944; x_wconf 89' lang='lat' dir='ltr'>eorum</span> <span class='ocrx_word' id='word_1_427' title='bbox 1998 1877 2117 1940; x_wconf 84' lang='lat' dir='ltr'>tntuitu</span> 
     </span>
     <span class='ocr_line' id='line_1_75' title="bbox 1372 1972 2118 2058; baseline -0.008 -20"><span class='ocrx_word' id='word_1_428' title='bbox 1372 1983 1403 2038; x_wconf 92' lang='lat' dir='ltr'>et</span> <span class='ocrx_word' id='word_1_429' title='bbox 1422 1977 1695 2058; x_wconf 89' lang='lat' dir='ltr'>contemplatione,</span> <span class='ocrx_word' id='word_1_430' title='bbox 1711 1995 1744 2040; x_wconf 91' lang='lat' dir='ltr'>ac</span> <span class='ocrx_word' id='word_1_431' title='bbox 1757 1978 1851 2040; x_wconf 89' lang='lat' dir='ltr'>etiam</span> <span class='ocrx_word' id='word_1_432' title='bbox 1866 1972 2118 2038; x_wconf 88' lang='lat' dir='ltr'>consistorialiter</span> 
     </span>
     <span class='ocr_line' id='line_1_76' title="bbox 1370 2069 2119 2150; baseline -0.004 -17"><span class='ocrx_word' id='word_1_433' title='bbox 1370 2078 1402 2133; x_wconf 91' lang='lat' dir='ltr'>et</span> <span class='ocrx_word' id='word_1_434' title='bbox 1415 2069 1488 2132; x_wconf 91' lang='lat' dir='ltr'>alias</span> <span class='ocrx_word' id='word_1_435' title='bbox 1502 2069 1747 2150; x_wconf 86' lang='lat' dir='ltr'>quomodolibet,</span> <span class='ocrx_word' id='word_1_436' title='bbox 1762 2072 1855 2134; x_wconf 92' lang='lat' dir='ltr'>etiam</span> <span class='ocrx_word' id='word_1_437' title='bbox 1870 2086 1925 2150; x_wconf 91' lang='lat' dir='ltr'>per</span> <span class='ocrx_word' id='word_1_438' title='bbox 1940 2069 2022 2132; x_wconf 91' lang='lat' dir='ltr'>viam</span> <span class='ocrx_word' id='word_1_439' title='bbox 2037 2082 2119 2130; x_wconf 89' lang='lat' dir='ltr'>com·</span> 
     </span>
     <span class='ocr_line' id='line_1_77' title="bbox 1372 2163 2119 2240; baseline 0.003 -15"><span class='ocrx_word' id='word_1_440' title='bbox 1372 2163 1592 2226; x_wconf 83' lang='lat' dir='ltr'>muniretionis</span> <span class='ocrx_word' id='word_1_441' title='bbox 1622 2173 1653 2228; x_wconf 93' lang='lat' dir='ltr'>et</span> <span class='ocrx_word' id='word_1_442' title='bbox 1682 2165 1885 2240; x_wconf 82' lang='lat' dir='ltr'>extensionis,</span> <span class='ocrx_word' id='word_1_443' title='bbox 1914 2165 2066 2228; x_wconf 88' lang='lat' dir='ltr'>concessis</span> <span class='ocrx_word' id='word_1_444' title='bbox 2086 2172 2119 2227; x_wconf 93' lang='lat' dir='ltr'>et</span> 
     </span>
     <span class='ocr_line' id='line_1_78' title="bbox 1373 2257 2118 2340; baseline 0.004 -21"><span class='ocrx_word' id='word_1_445' title='bbox 1373 2258 1491 2320; x_wconf 89' lang='lat' dir='ltr'>iteratis</span> <span class='ocrx_word' id='word_1_446' title='bbox 1506 2257 1625 2322; x_wconf 91' lang='lat' dir='ltr'>vicibus</span> <span class='ocrx_word' id='word_1_447' title='bbox 1640 2259 1810 2340; x_wconf 90' lang='lat' dir='ltr'>approbatis</span> <span class='ocrx_word' id='word_1_448' title='bbox 1821 2266 1853 2322; x_wconf 97' lang='grc'>33</span> <span class='ocrx_word' id='word_1_449' title='bbox 1866 2258 2118 2334; x_wconf 75' lang='grc' dir='ltr'>333333333Ουί-</span> 
     </span>
     <span class='ocr_line' id='line_1_79' title="bbox 1372 2352 2118 2432; baseline 0 -18"><span class='ocrx_word' id='word_1_450' title='bbox 1372 2352 1429 2415; x_wconf 93' lang='lat' dir='ltr'>bus</span> <span class='ocrx_word' id='word_1_451' title='bbox 1449 2353 1606 2429; x_wconf 90' lang='lat' dir='ltr'>omuibus,</span> <span class='ocrx_word' id='word_1_452' title='bbox 1628 2355 1727 2431; x_wconf 91' lang='lat' dir='ltr'>quoad</span> <span class='ocrx_word' id='word_1_453' title='bbox 1752 2369 1798 2428; x_wconf 91' lang='grc'>33,</span> <span class='ocrx_word' id='word_1_454' title='bbox 1814 2367 1892 2432; x_wconf 85' lang='grc'>3333</span> <span class='ocrx_word' id='word_1_455' title='bbox 1906 2352 2118 2432; x_wconf 89' lang='lat' dir='ltr'>praesentibus</span> 
     </span>
     <span class='ocr_line' id='line_1_80' title="bbox 1373 2445 2117 2525; baseline -0.003 -15"><span class='ocrx_word' id='word_1_456' title='bbox 1373 2445 1605 2524; x_wconf 90' lang='lat' dir='ltr'>quomodolibet</span> <span class='ocrx_word' id='word_1_457' title='bbox 1626 2448 1840 2524; x_wconf 86' lang='lat' dir='ltr'>adversantur,</span> <span class='ocrx_word' id='word_1_458' title='bbox 1864 2446 1985 2509; x_wconf 91' lang='lat' dir='ltr'>etiamsi</span> <span class='ocrx_word' id='word_1_459' title='bbox 2005 2463 2061 2525; x_wconf 89' lang='lat' dir='ltr'>pro</span> <span class='ocrx_word' id='word_1_460' title='bbox 2082 2446 2117 2508; x_wconf 93' lang='lat' dir='ltr'>il-</span> 
     </span>
     <span class='ocr_line' id='line_1_81' title="bbox 1372 2539 2118 2618; baseline 0.003 -17"><span class='ocrx_word' id='word_1_461' title='bbox 1372 2540 1476 2602; x_wconf 91' lang='lat' dir='ltr'>lorum</span> <span class='ocrx_word' id='word_1_462' title='bbox 1506 2539 1673 2603; x_wconf 85' lang='lat' dir='ltr'>sufficienti</span> <span class='ocrx_word' id='word_1_463' title='bbox 1703 2539 1904 2618; x_wconf 88' lang='lat' dir='ltr'>derogatione</span> <span class='ocrx_word' id='word_1_464' title='bbox 1925 2541 1961 2604; x_wconf 91' lang='lat' dir='ltr'>de</span> <span class='ocrx_word' id='word_1_465' title='bbox 1983 2541 2045 2603; x_wconf 94' lang='lat' dir='ltr'>illis</span> <span class='ocrx_word' id='word_1_466' title='bbox 2067 2556 2118 2603; x_wconf 94' lang='lat' dir='ltr'>eo-</span> 
     </span>
     <span class='ocr_line' id='line_1_82' title="bbox 1372 2635 2118 2714; baseline 0.005 -20"><span class='ocrx_word' id='word_1_467' title='bbox 1372 2649 1507 2712; x_wconf 91' lang='lat' dir='ltr'>rumque</span> <span class='ocrx_word' id='word_1_468' title='bbox 1529 2635 1601 2698; x_wconf 89' lang='lat' dir='ltr'>totis</span> <span class='ocrx_word' id='word_1_469' title='bbox 1623 2635 1781 2698; x_wconf 88' lang='lat' dir='ltr'>tenoribus</span> <span class='ocrx_word' id='word_1_470' title='bbox 1796 2642 1827 2698; x_wconf 90' lang='lat' dir='ltr'>et</span> <span class='ocrx_word' id='word_1_471' title='bbox 1842 2635 1960 2712; x_wconf 90' lang='lat' dir='ltr'>lormis,</span> <span class='ocrx_word' id='word_1_472' title='bbox 1979 2636 2118 2714; x_wconf 89' lang='lat' dir='ltr'>specialis</span> 
     </span>
     <span class='ocr_line' id='line_1_83' title="bbox 1372 2727 2117 2806; baseline 0.001 -15"><span class='ocrx_word' id='word_1_473' title='bbox 1372 2735 1405 2791; x_wconf 91' lang='grc'>33</span> <span class='ocrx_word' id='word_1_474' title='bbox 1426 2727 1594 2805; x_wconf 89' lang='lat' dir='ltr'>individua,</span> <span class='ocrx_word' id='word_1_475' title='bbox 1610 2745 1644 2792; x_wconf 93' lang='lat' dir='ltr'>ac</span> <span class='ocrx_word' id='word_1_476' title='bbox 1664 2730 1702 2792; x_wconf 89' lang='lat' dir='ltr'>de</span> <span class='ocrx_word' id='word_1_477' title='bbox 1723 2731 1819 2792; x_wconf 89' lang='lat' dir='ltr'>verbo</span> <span class='ocrx_word' id='word_1_478' title='bbox 1840 2729 2035 2806; x_wconf 88' lang='lat' dir='ltr'>adverbum,</span> <span class='ocrx_word' id='word_1_479' title='bbox 2052 2745 2117 2792; x_wconf 92' lang='lat' dir='ltr'>non</span> 
     </span>
     <span class='ocr_line' id='line_1_84' title="bbox 1371 2822 2118 2903; baseline 0 -17"><span class='ocrx_word' id='word_1_480' title='bbox 1371 2831 1477 2888; x_wconf 89' lang='lat' dir='ltr'>autem</span> <span class='ocrx_word' id='word_1_481' title='bbox 1494 2837 1551 2903; x_wconf 88' lang='lat' dir='ltr'>per</span> <span class='ocrx_word' id='word_1_482' title='bbox 1565 2822 1717 2888; x_wconf 89' lang='lat' dir='ltr'>clausulas</span> <span class='ocrx_word' id='word_1_483' title='bbox 1732 2824 1891 2902; x_wconf 89' lang='lat' dir='ltr'>generales</span> <span class='ocrx_word' id='word_1_484' title='bbox 1906 2824 1988 2887; x_wconf 91' lang='lat' dir='ltr'>idem</span> <span class='ocrx_word' id='word_1_485' title='bbox 2003 2823 2118 2903; x_wconf 89' lang='lat' dir='ltr'>impor-</span> 
     </span>
     <span class='ocr_line' id='line_1_85' title="bbox 1373 2917 2117 2997; baseline -0.001 -16"><span class='ocrx_word' id='word_1_486' title='bbox 1373 2925 1485 2993; x_wconf 88' lang='lat' dir='ltr'>tantes,</span> <span class='ocrx_word' id='word_1_487' title='bbox 1508 2917 1628 2980; x_wconf 92' lang='lat' dir='ltr'>mentio</span> <span class='ocrx_word' id='word_1_488' title='bbox 1651 2933 1706 2980; x_wconf 92' lang='lat' dir='ltr'>seu</span> <span class='ocrx_word' id='word_1_489' title='bbox 1727 2918 1854 2997; x_wconf 88' lang='lat' dir='ltr'>quaevis</span> <span class='ocrx_word' id='word_1_490' title='bbox 1881 2917 1938 2980; x_wconf 90' lang='lat' dir='ltr'>alia</span> <span class='ocrx_word' id='word_1_491' title='bbox 1963 2919 2117 2996; x_wconf 77' lang='lat' dir='ltr'>expressio</span> 
     </span>
     <span class='ocr_line' id='line_1_86' title="bbox 1373 3010 2118 3091; baseline 0.001 -18"><span class='ocrx_word' id='word_1_492' title='bbox 1373 3013 1524 3088; x_wconf 90' lang='lat' dir='ltr'>habenda,</span> <span class='ocrx_word' id='word_1_493' title='bbox 1547 3011 1727 3091; x_wconf 89' lang='lat' dir='ltr'>aequaevis</span> <span class='ocrx_word' id='word_1_494' title='bbox 1758 3011 1909 3090; x_wconf 90' lang='lat' dir='ltr'>exquisita</span> <span class='ocrx_word' id='word_1_495' title='bbox 1936 3010 2035 3074; x_wconf 85' lang='lat' dir='ltr'>torma</span> <span class='ocrx_word' id='word_1_496' title='bbox 2056 3026 2118 3074; x_wconf 89' lang='lat' dir='ltr'>ser·</span> 
     </span>
     <span class='ocr_line' id='line_1_87' title="bbox 1373 3104 2119 3180; baseline 0.003 -14"><span class='ocrx_word' id='word_1_497' title='bbox 1373 3105 1470 3168; x_wconf 88' lang='lat' dir='ltr'>vanda</span> <span class='ocrx_word' id='word_1_498' title='bbox 1494 3105 1587 3180; x_wconf 84' lang='lat' dir='ltr'>locet,</span> <span class='ocrx_word' id='word_1_499' title='bbox 1618 3112 1740 3168; x_wconf 91' lang='lat' dir='ltr'>tenores</span> <span class='ocrx_word' id='word_1_500' title='bbox 1771 3105 1951 3168; x_wconf 90' lang='lat' dir='ltr'>huiusmodi</span> <span class='ocrx_word' id='word_1_501' title='bbox 1977 3104 2056 3168; x_wconf 91' lang='lat' dir='ltr'>acsi</span> <span class='ocrx_word' id='word_1_502' title='bbox 2080 3107 2119 3168; x_wconf 90' lang='lat' dir='ltr'>de</span> 
     </span>
     <span class='ocr_line' id='line_1_88' title="bbox 1372 3197 2118 3278; baseline -0.001 -17"><span class='ocrx_word' id='word_1_503' title='bbox 1372 3201 1468 3262; x_wconf 92' lang='lat' dir='ltr'>verbo</span> <span class='ocrx_word' id='word_1_504' title='bbox 1489 3200 1525 3262; x_wconf 94' lang='lat' dir='ltr'>ad</span> <span class='ocrx_word' id='word_1_505' title='bbox 1546 3199 1692 3276; x_wconf 91' lang='lat' dir='ltr'>verbum,</span> <span class='ocrx_word' id='word_1_506' title='bbox 1707 3197 1787 3261; x_wconf 93' lang='lat' dir='ltr'>nihil</span> <span class='ocrx_word' id='word_1_507' title='bbox 1810 3199 1933 3278; x_wconf 91' lang='lat' dir='ltr'>penitus</span> <span class='ocrx_word' id='word_1_508' title='bbox 1954 3199 2066 3260; x_wconf 89' lang='lat' dir='ltr'>omisso</span> <span class='ocrx_word' id='word_1_509' title='bbox 2086 3205 2118 3260; x_wconf 91' lang='lat' dir='ltr'>et</span> 
     </span>
     <span class='ocr_line' id='line_1_89' title="bbox 1372 3291 2117 3368; baseline -0.001 -13"><span class='ocrx_word' id='word_1_510' title='bbox 1372 3293 1470 3356; x_wconf 78' lang='lat' dir='ltr'>torma</span> <span class='ocrx_word' id='word_1_511' title='bbox 1492 3293 1525 3356; x_wconf 93' lang='lat' dir='ltr'>in</span> <span class='ocrx_word' id='word_1_512' title='bbox 1548 3292 1610 3355; x_wconf 94' lang='lat' dir='ltr'>illis</span> <span class='ocrx_word' id='word_1_513' title='bbox 1625 3294 1735 3356; x_wconf 79' lang='lat' dir='ltr'>tradita</span> <span class='ocrx_word' id='word_1_514' title='bbox 1750 3293 1920 3368; x_wconf 85' lang='lat' dir='ltr'>observata,</span> <span class='ocrx_word' id='word_1_515' title='bbox 1943 3292 2052 3356; x_wconf 91' lang='lat' dir='ltr'>inserti</span> <span class='ocrx_word' id='word_1_516' title='bbox 2074 3291 2117 3354; x_wconf 92' lang='lat' dir='ltr'>lo-</span> 
     </span>
     <span class='ocr_line' id='line_1_90' title="bbox 1372 3387 2116 3469; baseline -0.003 -19"><span class='ocrx_word' id='word_1_517' title='bbox 1372 3397 1454 3465; x_wconf 86' lang='lat' dir='ltr'>cent,</span> <span class='ocrx_word' id='word_1_518' title='bbox 1477 3389 1688 3468; x_wconf 86' lang='lat' dir='ltr'>praesentibus</span> <span class='ocrx_word' id='word_1_519' title='bbox 1709 3403 1764 3469; x_wconf 92' lang='lat' dir='ltr'>pro</span> <span class='ocrx_word' id='word_1_520' title='bbox 1784 3387 1936 3467; x_wconf 87' lang='lat' dir='ltr'>expressis</span> <span class='ocrx_word' id='word_1_521' title='bbox 1959 3388 2116 3464; x_wconf 89' lang='lat' dir='ltr'>habentes,</span> 
     </span>
     <span class='ocr_line' id='line_1_91' title="bbox 1372 3481 2116 3561; baseline -0.001 -16"><span class='ocrx_word' id='word_1_522' title='bbox 1372 3482 1432 3546; x_wconf 86' lang='lat' dir='ltr'>illis</span> <span class='ocrx_word' id='word_1_523' title='bbox 1446 3482 1519 3545; x_wconf 83' lang='lat' dir='ltr'>alias</span> <span class='ocrx_word' id='word_1_524' title='bbox 1529 3483 1639 3559; x_wconf 57' lang='grc'>331333</span> <span class='ocrx_word' id='word_1_525' title='bbox 1654 3483 1765 3546; x_wconf 92' lang='lat' dir='ltr'>robore</span> <span class='ocrx_word' id='word_1_526' title='bbox 1779 3481 2001 3561; x_wconf 86' lang='lat' dir='ltr'>permansuris,</span> <span class='ocrx_word' id='word_1_527' title='bbox 2017 3488 2116 3557; x_wconf 91' lang='lat' dir='ltr'>motu,</span> 
     </span>
     <span class='ocr_line' id='line_1_92' title="bbox 1371 3574 2118 3654; baseline -0.003 -16"><span class='ocrx_word' id='word_1_528' title='bbox 1371 3576 1511 3653; x_wconf 89' lang='lat' dir='ltr'>scientia,</span> <span class='ocrx_word' id='word_1_529' title='bbox 1540 3575 1763 3639; x_wconf 88' lang='lat' dir='ltr'>deliberatione</span> <span class='ocrx_word' id='word_1_530' title='bbox 1782 3583 1815 3638; x_wconf 90' lang='lat' dir='ltr'>et</span> <span class='ocrx_word' id='word_1_531' title='bbox 1835 3575 1992 3654; x_wconf 89' lang='lat' dir='ltr'>potestatis</span> <span class='ocrx_word' id='word_1_532' title='bbox 2020 3574 2118 3654; x_wconf 93' lang='lat' dir='ltr'>pleni-</span> 
     </span>
     <span class='ocr_line' id='line_1_93' title="bbox 1372 3669 2118 3748; baseline -0.005 -14"><span class='ocrx_word' id='word_1_533' title='bbox 1372 3671 1482 3734; x_wconf 90' lang='lat' dir='ltr'>tudine</span> <span class='ocrx_word' id='word_1_534' title='bbox 1502 3669 1626 3748; x_wconf 91' lang='lat' dir='ltr'>paribus</span> <span class='ocrx_word' id='word_1_535' title='bbox 1652 3669 1825 3748; x_wconf 89' lang='lat' dir='ltr'>specialiter</span> <span class='ocrx_word' id='word_1_536' title='bbox 1846 3676 1877 3731; x_wconf 91' lang='lat' dir='ltr'>et</span> <span class='ocrx_word' id='word_1_537' title='bbox 1902 3683 2046 3748; x_wconf 90' lang='lat' dir='ltr'>expresse</span> <span class='ocrx_word' id='word_1_538' title='bbox 2066 3670 2118 3731; x_wconf 88' lang='lat' dir='ltr'>de-</span> 
     </span>
     <span class='ocr_line' id='line_1_94' title="bbox 1373 3762 2117 3842; baseline -0.005 -14"><span class='ocrx_word' id='word_1_539' title='bbox 1373 3779 1528 3841; x_wconf 72' lang='lat' dir='ltr'>rogamus</span> <span class='ocrx_word' id='word_1_540' title='bbox 1540 3762 1731 3841; x_wconf 87' lang='lat' dir='ltr'>caeterisque</span> <span class='ocrx_word' id='word_1_541' title='bbox 1746 3762 1907 3826; x_wconf 91' lang='lat' dir='ltr'>contrariis</span> <span class='ocrx_word' id='word_1_542' title='bbox 1918 3762 2117 3842; x_wconf 91' lang='lat' dir='ltr'>quibuscum-</span> 
     </span>
     <span class='ocr_line' id='line_1_95' title="bbox 1373 3874 1444 3937; baseline -0.014 -17"><span class='ocrx_word' id='word_1_543' title='bbox 1373 3874 1444 3937; x_wconf 92' lang='lat' dir='ltr'>que.</span> 
     </span>
    </p>

    <p class='ocr_par' dir='ltr' id='par_1_7' title="bbox 1371 3943 2201 5043">
     <span class='ocr_line' id='line_1_96' title="bbox 1412 3943 2119 4031; baseline -0.006 -15"><span class='ocrx_word' id='word_1_544' title='bbox 1412 3954 1432 4027; x_wconf 69' lang='grc' dir='ltr'><strong>ἓ</strong></span> <span class='ocrx_word' id='word_1_545' title='bbox 1452 3951 1481 4016; x_wconf 81' lang='grc'>9.</span> <span class='ocrx_word' id='word_1_546' title='bbox 1506 3951 1545 4014; x_wconf 86' lang='lat' dir='ltr'>Et</span> <span class='ocrx_word' id='word_1_547' title='bbox 1565 3953 1635 4031; x_wconf 92' lang='lat' dir='ltr'>quia</span> <span class='ocrx_word' id='word_1_548' title='bbox 1656 3950 1780 4014; x_wconf 85' lang='lat' dir='ltr'>difficile</span> <span class='ocrx_word' id='word_1_549' title='bbox 1796 3949 1877 4014; x_wconf 87' lang='grc'>13333</span> <span class='ocrx_word' id='word_1_550' title='bbox 1891 3959 2067 4030; x_wconf 87' lang='lat' dir='ltr'>praesentes</span> <span class='ocrx_word' id='word_1_551' title='bbox 2082 3943 2119 4013; x_wconf 73' lang='lat' dir='ltr'>li!</span> 
     </span>
     <span class='ocr_line' id='line_1_97' title="bbox 1373 4045 2201 4124; baseline -0.004 -16"><span class='ocrx_word' id='word_1_552' title='bbox 1373 4053 1465 4121; x_wconf 90' lang='lat' dir='ltr'>teras,</span> <span class='ocrx_word' id='word_1_553' title='bbox 1487 4046 1524 4108; x_wconf 92' lang='lat' dir='ltr'>ad</span> <span class='ocrx_word' id='word_1_554' title='bbox 1544 4045 1666 4123; x_wconf 89' lang='lat' dir='ltr'>singula</span> <span class='ocrx_word' id='word_1_555' title='bbox 1687 4059 1828 4124; x_wconf 88' lang='lat' dir='ltr'>quaeque</span> <span class='ocrx_word' id='word_1_556' title='bbox 1853 4045 1929 4121; x_wconf 91' lang='lat' dir='ltr'>loca,</span> <span class='ocrx_word' id='word_1_557' title='bbox 1951 4045 1985 4107; x_wconf 91' lang='lat' dir='ltr'>in</span> <span class='ocrx_word' id='word_1_558' title='bbox 2006 4045 2118 4124; x_wconf 91' lang='lat' dir='ltr'>quibus</span> <span class='ocrx_word' id='word_1_559' title='bbox 2137 4058 2201 4106; x_wconf 78' lang='lat' dir='ltr'>burt</span> 
     </span>
     <span class='ocr_line' id='line_1_98' title="bbox 1372 4137 2116 4215; baseline -0.004 -13"><span class='ocrx_word' id='word_1_560' title='bbox 1372 4139 1410 4202; x_wconf 92' lang='lat' dir='ltr'>de</span> <span class='ocrx_word' id='word_1_561' title='bbox 1429 4140 1476 4200; x_wconf 92' lang='lat' dir='ltr'>eis</span> <span class='ocrx_word' id='word_1_562' title='bbox 1498 4140 1573 4202; x_wconf 85' lang='lat' dir='ltr'>fides</span> <span class='ocrx_word' id='word_1_563' title='bbox 1594 4139 1696 4202; x_wconf 89' lang='lat' dir='ltr'>lorsan</span> <span class='ocrx_word' id='word_1_564' title='bbox 1717 4137 1855 4202; x_wconf 86' lang='lat' dir='ltr'>iacienda</span> <span class='ocrx_word' id='word_1_565' title='bbox 1877 4138 1968 4215; x_wconf 83' lang='lat' dir='ltr'>foret,</span> <span class='ocrx_word' id='word_1_566' title='bbox 1991 4138 2116 4214; x_wconf 82' lang='lat' dir='ltr'>deterri,</span> 
     </span>
     <span class='ocr_line' id='line_1_99' title="bbox 1372 4232 2118 4312; baseline -0.001 -18"><span class='ocrx_word' id='word_1_567' title='bbox 1372 4233 1465 4296; x_wconf 86' lang='lat' dir='ltr'>etiam</span> <span class='ocrx_word' id='word_1_568' title='bbox 1487 4233 1632 4297; x_wconf 91' lang='lat' dir='ltr'>volumus</span> <span class='ocrx_word' id='word_1_569' title='bbox 1653 4240 1685 4296; x_wconf 90' lang='lat' dir='ltr'>et</span> <span class='ocrx_word' id='word_1_570' title='bbox 1705 4232 1996 4312; x_wconf 82' lang='lat' dir='ltr'>eademapostoliea</span> <span class='ocrx_word' id='word_1_571' title='bbox 2015 4239 2118 4296; x_wconf 87' lang='lat' dir='ltr'>aucto·</span> 
     </span>
     <span class='ocr_line' id='line_1_100' title="bbox 1372 4325 2119 4405; baseline 0 -17"><span class='ocrx_word' id='word_1_572' title='bbox 1372 4326 1464 4388; x_wconf 86' lang='lat' dir='ltr'>ritate</span> <span class='ocrx_word' id='word_1_573' title='bbox 1479 4325 1688 4402; x_wconf 89' lang='lat' dir='ltr'>decernimus,</span> <span class='ocrx_word' id='word_1_574' title='bbox 1705 4326 1787 4405; x_wconf 91' lang='lat' dir='ltr'>quod</span> <span class='ocrx_word' id='word_1_575' title='bbox 1802 4325 1927 4390; x_wconf 91' lang='lat' dir='ltr'>iliarum</span> <span class='ocrx_word' id='word_1_576' title='bbox 1942 4335 2119 4404; x_wconf 87' lang='lat' dir='ltr'>transump-</span> 
     </span>
     <span class='ocr_line' id='line_1_101' title="bbox 1373 4419 2118 4500; baseline -0.001 -18"><span class='ocrx_word' id='word_1_577' title='bbox 1373 4420 1423 4496; x_wconf 92' lang='lat' dir='ltr'>tis,</span> <span class='ocrx_word' id='word_1_578' title='bbox 1446 4420 1541 4482; x_wconf 90' lang='lat' dir='ltr'>etiam</span> <span class='ocrx_word' id='word_1_579' title='bbox 1562 4419 1731 4499; x_wconf 85' lang='lat' dir='ltr'>impressis,</span> <span class='ocrx_word' id='word_1_580' title='bbox 1754 4435 1849 4484; x_wconf 89' lang='lat' dir='ltr'>manu</span> <span class='ocrx_word' id='word_1_581' title='bbox 1871 4419 1984 4482; x_wconf 89' lang='lat' dir='ltr'>notarii</span> <span class='ocrx_word' id='word_1_582' title='bbox 2002 4419 2118 4500; x_wconf 89' lang='lat' dir='ltr'>publici</span> 
     </span>
     <span class='ocr_line' id='line_1_102' title="bbox 1371 4513 2118 4592; baseline 0 -18"><span class='ocrx_word' id='word_1_583' title='bbox 1371 4513 1551 4591; x_wconf 88' lang='lat' dir='ltr'>subscriptis</span> <span class='ocrx_word' id='word_1_584' title='bbox 1575 4519 1607 4576; x_wconf 88' lang='lat' dir='ltr'>et</span> <span class='ocrx_word' id='word_1_585' title='bbox 1633 4513 1735 4590; x_wconf 92' lang='lat' dir='ltr'>sigillo</span> <span class='ocrx_word' id='word_1_586' title='bbox 1759 4513 1889 4578; x_wconf 88' lang='lat' dir='ltr'>alicuius</span> <span class='ocrx_word' id='word_1_587' title='bbox 1916 4528 2064 4592; x_wconf 88' lang='lat' dir='ltr'>personae</span> <span class='ocrx_word' id='word_1_588' title='bbox 2084 4513 2118 4574; x_wconf 94' lang='lat' dir='ltr'>in</span> 
     </span>
     <span class='ocr_line' id='line_1_103' title="bbox 1373 4605 2116 4683; baseline -0.003 -15"><span class='ocrx_word' id='word_1_589' title='bbox 1373 4606 1523 4683; x_wconf 90' lang='lat' dir='ltr'>dignitate</span> <span class='ocrx_word' id='word_1_590' title='bbox 1543 4605 1746 4668; x_wconf 78' lang='lat' dir='ltr'>ecclesiastici</span> <span class='ocrx_word' id='word_1_591' title='bbox 1767 4607 1952 4670; x_wconf 88' lang='lat' dir='ltr'>constitutae</span> <span class='ocrx_word' id='word_1_592' title='bbox 1972 4605 2116 4682; x_wconf 89' lang='lat' dir='ltr'>munitis,</span> 
     </span>
     <span class='ocr_line' id='line_1_104' title="bbox 1373 4699 2118 4781; baseline 0.001 -20"><span class='ocrx_word' id='word_1_593' title='bbox 1373 4699 1406 4763; x_wconf 95' lang='lat' dir='ltr'>in</span> <span class='ocrx_word' id='word_1_594' title='bbox 1428 4700 1541 4762; x_wconf 89' lang='lat' dir='ltr'>iudicio</span> <span class='ocrx_word' id='word_1_595' title='bbox 1561 4707 1594 4762; x_wconf 91' lang='lat' dir='ltr'>et</span> <span class='ocrx_word' id='word_1_596' title='bbox 1615 4706 1713 4776; x_wconf 90' lang='lat' dir='ltr'>extra,</span> <span class='ocrx_word' id='word_1_597' title='bbox 1729 4717 1774 4776; x_wconf 89' lang='lat' dir='ltr'>ac,</span> <span class='ocrx_word' id='word_1_598' title='bbox 1791 4701 1844 4764; x_wconf 93' lang='lat' dir='ltr'>ubi</span> <span class='ocrx_word' id='word_1_599' title='bbox 1859 4717 1935 4781; x_wconf 91' lang='lat' dir='ltr'>opus</span> <span class='ocrx_word' id='word_1_600' title='bbox 1948 4699 2055 4777; x_wconf 89' lang='lat' dir='ltr'>luerit,</span> <span class='ocrx_word' id='word_1_601' title='bbox 2070 4715 2118 4762; x_wconf 88' lang='lat' dir='ltr'>ea·</span> 
     </span>
     <span class='ocr_line' id='line_1_105' title="bbox 1373 4792 2118 4874; baseline 0.003 -20"><span class='ocrx_word' id='word_1_602' title='bbox 1373 4792 1445 4855; x_wconf 90' lang='lat' dir='ltr'>dem</span> <span class='ocrx_word' id='word_1_603' title='bbox 1459 4809 1584 4872; x_wconf 89' lang='lat' dir='ltr'>prorsus</span> <span class='ocrx_word' id='word_1_604' title='bbox 1595 4794 1788 4870; x_wconf 87' lang='lat' dir='ltr'>adhibeatur,</span> <span class='ocrx_word' id='word_1_605' title='bbox 1800 4810 1878 4874; x_wconf 92' lang='lat' dir='ltr'>quae</span> <span class='ocrx_word' id='word_1_606' title='bbox 1893 4795 1965 4874; x_wconf 90' lang='lat' dir='ltr'>ipsis</span> <span class='ocrx_word' id='word_1_607' title='bbox 1975 4809 2118 4872; x_wconf 85' lang='lat' dir='ltr'>praeseu-</span> 
     </span>
     <span class='ocr_line' id='line_1_106' title="bbox 1373 4887 2190 4966; baseline 0.001 -16"><span class='ocrx_word' id='word_1_608' title='bbox 1373 4887 1455 4950; x_wconf 91' lang='lat' dir='ltr'>tibus</span> <span class='ocrx_word' id='word_1_609' title='bbox 1479 4887 1689 4966; x_wconf 87' lang='lat' dir='ltr'>adhiberetur,</span> <span class='ocrx_word' id='word_1_610' title='bbox 1711 4887 1737 4951; x_wconf 90' lang='lat' dir='ltr'>si</span> <span class='ocrx_word' id='word_1_611' title='bbox 1761 4887 1873 4951; x_wconf 82' lang='lat' dir='ltr'>forent.</span> <span class='ocrx_word' id='word_1_612' title='bbox 1890 4888 2044 4951; x_wconf 86' lang='lat' dir='ltr'>exhibitae</span> <span class='ocrx_word' id='word_1_613' title='bbox 2069 4889 2118 4952; x_wconf 87' lang='grc'>331</span> <span class='ocrx_word' id='word_1_614' title='bbox 2187 4911 2190 4916; x_wconf 95' lang='grc'><em>·</em></span> 
     </span>
     <span class='ocr_line' id='line_1_107' title="bbox 1374 4987 1524 5043; baseline -0.013 -1"><span class='ocrx_word' id='word_1_615' title='bbox 1374 4987 1524 5043; x_wconf 88' lang='lat' dir='ltr'>ostensae.</span> 
     </span>
    </p>
   </div>
   <div class='ocr_carea' id='block_1_7' title="bbox 1413 5074 2339 5184">
    <p class='ocr_par' dir='ltr' id='par_1_8' title="bbox 1413 5074 2339 5184">
     <span class='ocr_line' id='line_1_108' title="bbox 1413 5074 2339 5184; baseline 0 -46"><span class='ocrx_word' id='word_1_616' title='bbox 1413 5078 1432 5153; x_wconf 72' lang='lat'>5</span> <span class='ocrx_word' id='word_1_617' title='bbox 1455 5076 1503 5140; x_wconf 89' lang='grc'>10.</span> <span class='ocrx_word' id='word_1_618' title='bbox 1519 5074 1604 5138; x_wconf 91' lang='lat' dir='ltr'>Nulli</span> <span class='ocrx_word' id='word_1_619' title='bbox 1619 5091 1693 5153; x_wconf 89' lang='lat' dir='ltr'>ergo</span> <span class='ocrx_word' id='word_1_620' title='bbox 1708 5077 1837 5141; x_wconf 91' lang='lat' dir='ltr'>omnino</span> <span class='ocrx_word' id='word_1_621' title='bbox 1851 5078 2018 5140; x_wconf 91' lang='lat' dir='ltr'>hominum</span> <span class='ocrx_word' id='word_1_622' title='bbox 2028 5076 2119 5140; x_wconf 88' lang='lat' dir='ltr'>liceat</span> <span class='ocrx_word' id='word_1_623' title='bbox 2138 5081 2275 5184; x_wconf 66' lang='lat'>„1³,}¹¹⁶¹¹⁰</span> <span class='ocrx_word' id='word_1_624' title='bbox 2288 5089 2339 5138; x_wconf 77' lang='lat' dir='ltr'>vo·-</span> 
     </span>
    </p>
   </div>
   <div class='ocr_carea' id='block_1_8' title="bbox 1372 5170 2121 5986">
    <p class='ocr_par' dir='ltr' id='par_1_9' title="bbox 1372 5170 2121 5986">
     <span class='ocr_line' id='line_1_109' title="bbox 1372 5170 2117 5249; baseline 0.001 -18"><span class='ocrx_word' id='word_1_625' title='bbox 1372 5170 1518 5249; x_wconf 91' lang='lat' dir='ltr'>paginam</span> <span class='ocrx_word' id='word_1_626' title='bbox 1546 5170 1625 5232; x_wconf 89' lang='lat' dir='ltr'>hane</span> <span class='ocrx_word' id='word_1_627' title='bbox 1655 5178 1834 5232; x_wconf 90' lang='lat' dir='ltr'>nostrarum</span> <span class='ocrx_word' id='word_1_628' title='bbox 1861 5170 2117 5247; x_wconf 87' lang='lat' dir='ltr'>confirmationis,</span> 
     </span>
     <span class='ocr_line' id='line_1_110' title="bbox 1372 5263 2119 5341; baseline 0 -16"><span class='ocrx_word' id='word_1_629' title='bbox 1372 5264 1593 5341; x_wconf 90' lang='lat' dir='ltr'>innovationis,</span> <span class='ocrx_word' id='word_1_630' title='bbox 1626 5263 1840 5327; x_wconf 90' lang='lat' dir='ltr'>declarationis</span> <span class='ocrx_word' id='word_1_631' title='bbox 1869 5263 1936 5326; x_wconf 89' lang='lat' dir='ltr'>sive</span> <span class='ocrx_word' id='word_1_632' title='bbox 1966 5265 2119 5328; x_wconf 90' lang='lat' dir='ltr'>extensio-</span> 
     </span>
     <span class='ocr_line' id='line_1_111' title="bbox 1374 5356 2119 5436; baseline -0.001 -15"><span class='ocrx_word' id='word_1_633' title='bbox 1374 5358 1422 5422; x_wconf 92' lang='lat' dir='ltr'>nis</span> <span class='ocrx_word' id='word_1_634' title='bbox 1443 5365 1475 5420; x_wconf 94' lang='lat' dir='ltr'>et</span> <span class='ocrx_word' id='word_1_635' title='bbox 1501 5356 1724 5435; x_wconf 88' lang='lat' dir='ltr'>ampliationis,</span> <span class='ocrx_word' id='word_1_636' title='bbox 1753 5356 1977 5436; x_wconf 89' lang='lat' dir='ltr'>derogationis,</span> <span class='ocrx_word' id='word_1_637' title='bbox 2005 5357 2119 5420; x_wconf 88' lang='lat' dir='ltr'>volun·</span> 
     </span>
     <span class='ocr_line' id='line_1_112' title="bbox 1374 5450 2120 5528; baseline 0 -16"><span class='ocrx_word' id='word_1_638' title='bbox 1374 5451 1456 5527; x_wconf 88' lang='lat' dir='ltr'>tatis,</span> <span class='ocrx_word' id='word_1_639' title='bbox 1478 5451 1585 5514; x_wconf 91' lang='lat' dir='ltr'>statuti</span> <span class='ocrx_word' id='word_1_640' title='bbox 1606 5467 1640 5514; x_wconf 92' lang='lat' dir='ltr'>ac</span> <span class='ocrx_word' id='word_1_641' title='bbox 1667 5450 1783 5514; x_wconf 88' lang='lat' dir='ltr'>decreti</span> <span class='ocrx_word' id='word_1_642' title='bbox 1804 5450 1989 5528; x_wconf 83' lang='lat' dir='ltr'>intringere,</span> <span class='ocrx_word' id='word_1_643' title='bbox 2017 5451 2069 5514; x_wconf 89' lang='lat' dir='ltr'>vel</span> <span class='ocrx_word' id='word_1_644' title='bbox 2090 5451 2120 5512; x_wconf 90' lang='grc'>33</span> 
     </span>
     <span class='ocr_line' id='line_1_113' title="bbox 1373 5542 2120 5631; baseline -0.001 -24"><span class='ocrx_word' id='word_1_645' title='bbox 1373 5562 1451 5610; x_wconf 91' lang='lat' dir='ltr'>ausu</span> <span class='ocrx_word' id='word_1_646' title='bbox 1482 5545 1647 5608; x_wconf 88' lang='lat' dir='ltr'>temerario</span> <span class='ocrx_word' id='word_1_647' title='bbox 1677 5545 1841 5608; x_wconf 88' lang='lat' dir='ltr'>contraire.</span> <span class='ocrx_word' id='word_1_648' title='bbox 1865 5542 1897 5608; x_wconf 89' lang='lat' dir='ltr'>Si</span> <span class='ocrx_word' id='word_1_649' title='bbox 1919 5545 1988 5631; x_wconf 84' lang='lat' dir='ltr'>quis</span> <span class='ocrx_word' id='word_1_650' title='bbox 2014 5552 2120 5607; x_wconf 90' lang='lat' dir='ltr'>autern</span> 
     </span>
     <span class='ocr_line' id='line_1_114' title="bbox 1373 5637 2120 5720; baseline -0.005 -18"><span class='ocrx_word' id='word_1_651' title='bbox 1373 5641 1432 5702; x_wconf 93' lang='lat' dir='ltr'>hoc</span> <span class='ocrx_word' id='word_1_652' title='bbox 1463 5645 1615 5701; x_wconf 90' lang='lat' dir='ltr'>attentare</span> <span class='ocrx_word' id='word_1_653' title='bbox 1646 5640 1903 5720; x_wconf 88' lang='lat' dir='ltr'>praesumpserit,</span> <span class='ocrx_word' id='word_1_654' title='bbox 1935 5637 2120 5716; x_wconf 86' lang='lat' dir='ltr'>indignatio-</span> 
     </span>
     <span class='ocr_line' id='line_1_115' title="bbox 1375 5723 2121 5810; baseline -0.005 -14"><span class='ocrx_word' id='word_1_655' title='bbox 1375 5749 1449 5796; x_wconf 92' lang='lat' dir='ltr'>nem</span> <span class='ocrx_word' id='word_1_656' title='bbox 1464 5723 1692 5810; x_wconf 85' lang='lat' dir='ltr'>O&#39;mnipotentis</span> <span class='ocrx_word' id='word_1_657' title='bbox 1713 5731 1779 5810; x_wconf 87' lang='lat' dir='ltr'>bei,</span> <span class='ocrx_word' id='word_1_658' title='bbox 1798 5749 1831 5795; x_wconf 90' lang='lat' dir='ltr'>ac</span> <span class='ocrx_word' id='word_1_659' title='bbox 1852 5733 2019 5796; x_wconf 82' lang='lat' dir='ltr'>beatorum</span> <span class='ocrx_word' id='word_1_660' title='bbox 2037 5729 2121 5794; x_wconf 84' lang='lat' dir='ltr'>Petri</span> 
     </span>
     <span class='ocr_line' id='line_1_116' title="bbox 1374 5824 2120 5906; baseline -0.001 -17"><span class='ocrx_word' id='word_1_661' title='bbox 1374 5836 1405 5889; x_wconf 92' lang='lat' dir='ltr'>et</span> <span class='ocrx_word' id='word_1_662' title='bbox 1427 5825 1512 5890; x_wconf 90' lang='lat' dir='ltr'>Pauli</span> <span class='ocrx_word' id='word_1_663' title='bbox 1536 5825 1757 5906; x_wconf 78' lang='lat' dir='ltr'>Apostolorum</span> <span class='ocrx_word' id='word_1_664' title='bbox 1783 5827 1850 5890; x_wconf 88' lang='lat' dir='ltr'>eius</span> <span class='ocrx_word' id='word_1_665' title='bbox 1870 5843 1904 5890; x_wconf 88' lang='lat' dir='ltr'>se</span> <span class='ocrx_word' id='word_1_666' title='bbox 1928 5826 2052 5890; x_wconf 88' lang='lat' dir='ltr'>noverit</span> <span class='ocrx_word' id='word_1_667' title='bbox 2072 5824 2120 5888; x_wconf 92' lang='grc'>33-</span> 
     </span>
     <span class='ocr_line' id='line_1_117' title="bbox 1375 5935 1554 5986; baseline -0.017 -2"><span class='ocrx_word' id='word_1_668' title='bbox 1375 5935 1554 5986; x_wconf 88' lang='lat' dir='ltr'>cursurum.</span> 
     </span>
    </p>
   </div>
   <div class='ocr_carea' id='block_1_9' title="bbox 0 0 2379 6976">
    <p class='ocr_par' dir='ltr' id='par_1_10' title="bbox 0 0 2379 6976">
     <span class='ocr_line' id='line_1_118' title="bbox 0 0 2379 6976; baseline 0 0"><span class='ocrx_word' id='word_1_669' title='bbox 0 0 2379 6976; x_wconf 95' lang='lat' dir='ltr'> </span> 
     </span>
    </p>
   </div>
   <div class='ocr_carea' id='block_1_10' title="bbox 2149 513 2337 576">
    <p class='ocr_par' dir='ltr' id='par_1_11' title="bbox 2149 513 2345 614">
     <span class='ocr_line' id='line_1_119' title="bbox 2149 513 2337 576; baseline 0.026 -10"><span class='ocrx_word' id='word_1_670' title='bbox 2149 513 2253 576; x_wconf 73' lang='lat' dir='ltr'>An.,0.</span> <span class='ocrx_word' id='word_1_671' title='bbox 2274 513 2337 572; x_wconf 76' lang='lat'>1745</span> 
     </span>
    </p>
   </div>
   <div class='ocr_carea' id='block_1_11' title="bbox 2136 3950 2341 4064">
    <p class='ocr_par' dir='ltr' id='par_1_12' title="bbox 2136 3950 2341 4064">
     <span class='ocr_line' id='line_1_120' title="bbox 2149 3950 2340 3999; baseline -0.016 -2"><span class='ocrx_word' id='word_1_672' title='bbox 2149 3950 2269 3999; x_wconf 81' lang='lat' dir='ltr'>tlinsdem</span> <span class='ocrx_word' id='word_1_673' title='bbox 2281 3955 2340 3997; x_wconf 85' lang='lat' dir='ltr'>tran·</span> 
     </span>
     <span class='ocr_line' id='line_1_121' title="bbox 2136 4003 2341 4064; baseline -0.015 -14"><span class='ocrx_word' id='word_1_674' title='bbox 2136 4005 2271 4064; x_wconf 82' lang='lat' dir='ltr'>sumptis</span> <span class='ocrx_word' id='word_1_675' title='bbox 2295 4003 2341 4051; x_wconf 89' lang='lat' dir='ltr'>tri·</span> 
     </span>
    </p>
   </div>
  </div>
 </body>
</html>
