4764 6972
333 565 386 620 An.
402 568 431 621 0.
453 570 523 622 1744

375 1667 535 1715 patriarchae

323 1720 394 1776 ildes,
405 1721 495 1780 religio
510 1728 535 1769 et

322 1776 349 1821 in
361 1776 383 1820 S.
394 1775 482 1822 Sedem
493 1776 536 1822 oh

322 1829 451 1875 servantia
466 1841 536 1878 com-

243 1894 248 1904 ’
322 1883 486 1931 mandantur.

575 569 632 634 138

593 708 758 889 ιηαιιέιιζιῑι
793 717 824 774 et
864 709 1102 777 conditionibus
1143 718 1300 795 opportu-

592 807 645 869 nis
683 808 722 869 i.

553 991 857 1073 venerabiliorem,
887 990 995 1076 cyrillo
1025 991 1298 1062 catholico-eroco

607 1083 813 1156 ldeichiterum
837 1086 1026 1155 antiocheno
1049 1087 1242 1168 Patriarcha,

689 1234 956 1317 'sensadolus
980 1236 1039 1304 ΡΡ.
1061 1235 1138 1305 lili.

771 1372 959 1442 Venerabilis
980 1375 1087 1453 irater,

587 1469 714 1538 salutem
737 1471 769 1538 et
790 1468 986 1554 apostolicam
1013 1467 1264 1536 benedictionem.

595 1665 675 1727 Dum
697 1663 858 1727 nobiscum
884 1663 987 1725 animo
1008 1667 1209 1740 reputamus,
1232 1657 1304 1721 illu'-

554 1765 651 1820 strem
674 1757 898 1820 Antiochenam
918 1755 1106 1818 Graecorum
1122 1752 1301 1826 Ecclesiam,

554 1852 671 1913 iamdiu
692 1869 708 1913 a
729 1851 866 1913 Romana
888 1847 968 1913 Sede
989 1846 1111 1910 funesto
1137 1847 1304 1909 schismate

554 1944 708 2008 divulsam
729 1950 760 2005 et
781 1961 795 2004 a
818 1941 999 2006 Patriarchis
1028 1957 1061 2002 ea
1085 1939 1151 2003 labe
1180 1939 1302 2003 iniectis

554 2039 768 2114 gubernatam,
782 2051 867 2098 nuno
888 2035 1015 2098 tandem
1029 2033 1214 2096 fraternitati
1230 2040 1302 2096 tuae

553 2131 761 2206 commissam,
775 2130 807 2192 in
823 2129 956 2206 legitimi
969 2128 1100 2190 Pastoris
1112 2127 1208 2190 tutela
1223 2143 1300 2202 esse,

533 2223 699 2287 'omnibus
719 2223 846 2302 quidem
868 2221 991 2284 laetitiis
1019 2219 1205 2295 incedimus,
1234 2220 1302 2281 din·

594 2439 624 2494 ili
639 2438 677 2484 hd
691 2438 902 2496 patriarchatum
917 2435 1118 2490 antiochenum,
1133 2434 1179 2492 qui
1193 2423 1299 2492 apluri·

553 2507 602 2552 bus
614 2505 727 2552 saeculis
736 2517 752 2552 a
762 2509 873 2552 Sanctae
883 2505 956 2550 Sedis
967 2503 1064 2550 unione
1073 2502 1226 2558 desciverat,
1236 2502 1300 2547 elec·

553 2575 597 2619 tus
612 2573 687 2619 iuxta
703 2577 861 2619 Graecorum
881 2581 980 2617 morem
999 2571 1050 2618 fuit
1065 2570 1114 2616 sub
1131 2581 1201 2616 anno
1216 2569 1300 2614 mille·

553 2640 621 2685 simo
635 2639 869 2697 septingentesimo
884 2638 1011 2696 vigesimo
1029 2639 1125 2696 quarto
1139 2639 1169 2681 ιι.
1185 2637 1210 2680 Ρ.
1227 2638 1300 2681 Sera-

553 2707 650 2765 phinus
664 2710 757 2762 Tenes,
767 2706 812 2764 qui
823 2698 916 2762 oy'rilli
930 2717 1024 2751 nomen
1038 2704 1191 2760 assumpsit,
1201 2703 1300 2761 pietate

553 2775 680 2831 bonisque
698 2773 816 2820 moribus
834 2785 865 2818 ac
883 2767 1001 2818 scientiis
1019 2773 1140 2819 imbutus
1162 2770 1232 2828 apud
1246 2769 1300 2816 ool·

552 2841 653 2898 legium
674 2842 808 2888 Urbanum
829 2841 860 2886 de
881 2839 1052 2897 Propaganda
1073 2838 1145 2894 Fide,
1166 2837 1209 2883 cui
1230 2835 1300 2882 inter

552 2909 675 2954 alumnos
685 2907 731 2954 diu
740 2907 791 2954 fuit
800 2907 957 2965 adscriptus,
966 2909 1084 2953 Romano
1091 2904 1211 2951 Pontifici
1221 2907 1246 2948 Β.
1259 2905 1300 2948 Pe-

553 2975 590 3021 tri
611 2975 755 3020 successori
775 2972 951 3020 obedientiam
972 2973 1160 3032 praestiturus,
1179 2973 1300 3028 prompte

553 3040 685 3099 ablegavit
699 3042 732 3088 ad
746 3053 800 3088 san.
817 3052 894 3087 mem.
913 3039 1080 3088 Benedictum
1100 3042 1158 3084 xlii
1176 3042 1299 3084 ioannem

553 3109 723 3156 Amenionem
738 3109 900 3166 sacerdotem
915 3109 1035 3154 eiusdem·
1048 3107 1116 3153 ritus
1127 3105 1301 3152 Graeco-Mei-

552 3176 695 3231 chitarum,
709 3177 736 3221 et
750 3176 889 3222 alumnum
899 3179 978 3222 antea
988 3173 1103 3220 eiusdem
1115 3173 1228 3230 collegii,
1239 3181 1300 3218 cum

553 3242 661 3300 speciali
675 3243 807 3298 mandato,
822 3247 854 3289 ιιι
868 3253 931 3288 suae
951 3241 1179 3288 confirmationem
1198 3239 1300 3288 electio-

553 3311 624 3358 nisa
644 3313 739 3357 Sancta
760 3311 824 3356 sede
846 3314 872 3356 et
893 3321 909 3356 a
930 3313 1038 3356 summo
1059 3309 1192 3365 pontifice,
1211 3321 1228 3354 a
1249 3319 1301 3365 quo

552 3376 639 3423 omnis
659 3377 837 3424 ecclesiastica
858 3380 975 3435 potestas
996 3376 1139 3432 descendit,
1161 3375 1300 3421 humiliter

552 3445 708 3502 postularet,
723 3447 749 3490 et
764 3455 811 3502 pro
825 3445 990 3490 concessione
1001 3443 1075 3501 pallii
1086 3454 1134 3488 suo
1144 3442 1250 3488 nomine
1260 3442 1301 3487 de·

552 3514 712 3570 precaretur.
728 3515 791 3558 Acta
806 3511 940 3558 electionis
956 3511 1021 3558 talia
1035 3511 1260 3568 compertafuere,
1271 3512 1301 3554 ut

552 3579 752 3634 confirmatione
766 3579 846 3636 digna
860 3579 917 3624 visa
931 3578 1013 3625 fuerit
1027 3579 1127 3625 electio.
1145 3578 1194 3623 Sed
1209 3580 1238 3622 ut
1248 3589 1301 3622 cer·

552 3646 623 3693 tiora
637 3647 668 3692 de
682 3646 796 3704 perfecta
817 3647 914 3691 unione
933 3649 959 3692 et
978 3645 1128 3692 obedientia
1147 3656 1211 3702 erga
1226 3647 1301 3690 Sanc·

553 3717 608 3760 tam
630 3714 721 3760 sedem
736 3725 752 3760 a
767 3713 865 3771 cyrillo
886 3714 1049 3759 haberentur
1071 3711 1300 3767 testimonimum

553 3781 627 3839 prius
648 3781 857 3826 confirmationis
877 3784 952 3826 actus
974 3780 1084 3836 probato
1103 3779 1229 3835 religioso
1243 3777 1300 3824 viro

553 3848 698 3906 delegatus,
713 3847 810 3904 publici
825 3847 893 3892 iuris
908 3847 1000 3900 factus,
1015 3851 1062 3902 est,
1078 3857 1158 3902 quam
1173 3845 1243 3891 idem
1257 3848 1302 3891 Pa·

553 3915 672 3961 triarcha
693 3914 754 3960 fidei
767 3915 914 3960 catholicae
935 3913 1125 3972 professionem
1140 3913 1215 3958 iuxta
1229 3923 1302 3969 prae·

554 3983 680 4040 scriptam
701 3982 813 4028 formam
834 3982 978 4036 emitteret,
993 3993 1024 4028 ac
1044 3979 1176 4028 mandatis
1192 3983 1301 4026 Sanctae

554 4049 627 4096 sedis
641 4060 734 4108 parare
748 4049 921 4095 iureiurando
939 4049 1101 4095 adfirmaret.
1118 4054 1206 4104 nequo
1221 4047 1302 4092 liben-

554 4118 627 4175 tique
639 4116 729 4162 animo
737 4117 827 4162 omnia
836 4116 957 4173 implevit
967 4115 1090 4173 cyrillus.
1101 4118 1200 4161 Earum
1211 4117 1300 4160 tamen

554 4182 681 4229 discussio
699 4183 801 4228 assumi
819 4195 871 4229 non
889 4183 976 4240 potuit
991 4183 1023 4228 ob
1038 4185 1224 4240 superroratam
1238 4186 1302 4239 apo-

554 4251 663 4296 stolicae
684 4249 757 4295 Sedis
777 4251 948 4296 vacationem.
972 4251 1145 4295 Reservatum
1165 4260 1228 4295 sane
1243 4251 1301 4294 erat

554 4317 635 4364 huius
656 4317 741 4374 operis
762 4317 985 4374 complementum
1007 4317 1126 4373 pontiflci
1146 4319 1207 4361 Ben.
1228 4319 1300 4371 xlii,

555 4385 601 4442 qui
615 4385 643 4429 in
657 4384 814 4430 consistorio
835 4387 937 4429 secreto
958 4383 1049 4429 habito
1063 4383 1105 4428 die
1120 4395 1157 4428 ιιι.
1173 4382 1302 4429 februarii

555 4461 706 4504 meconium,
721 4451 850 4496 concessit
863 4450 983 4507 pallium,
998 4453 1025 4496 et
1040 4454 1193 4506 sequentem
1208 4451 1303 4496 aliocur

557 4519 656 4566 tionem
671 4517 780 4564 habuit:

662 4714 850 4756 vanannarnas
864 4713 997 4766 Ennaeas,

595 4865 705 4918 Magnus
720 4859 837 4905 Pontifex
852 4859 1019 4906 innocentius
1030 4859 1143 4914 Primus,
1154 4859 1180 4904 in
1190 4858 1302 4916 epistola

555 4930 588 4975 ad
602 4927 780 4974 Alexandrum
794 4927 993 4982 Antiochenam,
1016 4937 1161 4985 numquam
1181 4927 1302 4972 futurum

555 4995 706 5052 affirmavit,
721 4996 750 5040 ut
769 4995 846 5040 Sedes
862 4995 1024 5040 antiochena
1038 4997 1173 5040 Romanae
1190 4994 1301 5049 cederet,

555 5067 610 5109 nisi
624 5067 696 5117 qaod
710 5067 756 5108 illc
770 5067 800 5107 ln
815 5067 935 5106 transitu
950 5065 1057 5110 metrorii,
1073 5065 1124 5106 ieta
1137 5067 1299 5114 consaeptum,

555 5135 579 5174 et
593 5134 669 5184 opaca
682 5141 710 5174 se
723 5133 943 5174 consummatum
961 5133 1066 5182 pandet.
1086 5128 1182 5174 Primis
1196 5127 1301 5185 quidem

555 5195 717 5254 temporibus
731 5207 789 5243 eam
805 5195 897 5241 sedem
907 5197 1068 5253 occuparunt
1079 5194 1198 5253 Episcopi
1209 5193 1303 5241 sancti-

556 5266 611 5309 tate
625 5261 775 5319 clarissimi,
790 5263 911 5318 Evodius,
927 5263 1046 5320 ignatius
1061 5265 1170 5318 Martyr,
1181 5263 1301 5308 Meletius

556 5333 581 5376 et
596 5331 745 5376 Flavianus.
761 5333 793 5376 ht
806 5341 868 5376 vero
888 5329 994 5376 saeculo
1008 5329 1100 5387 quinto
1119 5333 1252 5386 vergente,
1266 5329 1302 5374 di·

555 5399 672 5444 iacerato
685 5409 732 5455 per
746 5397 860 5443 Nestorii
875 5406 901 5442 et
916 5397 1071 5454 Eutychetis
1082 5397 1205 5442 haereses
1215 5397 1302 5442 orien-

556 5471 594 5522 te,
616 5465 778 5510 antiochena
802 5465 918 5510 Ecclesia
938 5464 1054 5522 turpiter
1076 5463 1223 5510 deformata
1246 5466 1300 5507 est:

556 5533 652 5590 quippe
665 5543 732 5589 quae
747 5531 831 5578 divisa
845 5531 895 5577 fuit
910 5532 981 5578 inter
990 5543 1042 5588 eos,
1054 5532 1100 5589 qui
1110 5530 1219 5577 concilii
1230 5529 1302 5575 Chal-

556 5600 708 5645 cedonensis
721 5599 920 5644 definitionibus
935 5611 992 5645 sese
1006 5602 1193 5657 opposuerunt,
1204 5597 1302 5654 quique

556 5667 643 5712 adhuc
656 5678 702 5723 per
712 5667 759 5712 hos
769 5666 824 5712 dies
835 5667 1012 5713 iacobitarum
1023 5666 1129 5711 nomine
1140 5665 1301 5718 subsistunt;

557 5741 584 5780 et
598 5734 668 5778 inter
682 5734 751 5789 iilos,
766 5734 811 5790 qui
826 5725 987 5780 econtrario
1006 5731 1114 5778 concilii
1134 5733 1258 5788 dogmata
1272 5742 1302 5776 ac

557 5801 663 5846 decreta
682 5805 850 5856 venerantes,
873 5801 998 5847 Marciani
1019 5799 1191 5857 imperatoris
1211 5798 1303 5843 edictis

557 5868 730 5925 obsequentes
744 5868 860 5924 fuerunt,
874 5873 954 5926 atque
969 5868 1030 5914 hinc
1044 5865 1189 5920 liielchitae,
1200 5867 1248 5910 hoc
1263 5868 1302 5910 est

558 5934 642 5990 Regii,
657 5935 802 5991 nuncupati
817 5936 885 5980 sunt.
902 5939 965 5980 oum
976 5945 1038 5980 vero
1048 5932 1157 5979 subinde
1168 5931 1303 5978 Antioche·
1319 5986 1322 5994 Δ

559 6011 620 6046 nam
635 6000 778 6048 Ecclesiam
792 6001 962 6048 Patriarchae
976 6000 1110 6048 haeretica
1123 5999 1254 6057 pravitate
1266 5998 1304 6044 in-

1071 595 1136 641 ltili.
1160 594 1251 642 PONE·
1275 595 1316 640 nE
1337 596 1366 642 1³.
1390 596 1420 643 it.
1444 598 1527 645 Pstis
1548 599 1570 643 i.

1354 717 1442 780 turni
1463 719 1612 781 moeroris
1627 722 1850 801 propemodum
1862 723 1961 797 obiiti,
1984 738 2045 802 quo
2061 739 2100 785 ex

1352 810 1404 872 iila
1425 811 1691 877 schismaticorum
1712 816 1895 879 lintistitum
1925 815 2099 894 irruptione

1353 904 1605 984 conficiebamur;
1618 907 1793 972 incredibili
1803 909 1897 973 simui
1908 909 2018 988 gaudio
2033 925 2102 987 per-

1355 996 1529 1075 fundimur,
1542 1002 1624 1078 quod
1636 1002 1784 1066 Catholici
1799 1003 1904 1066 Graeci
1916 1001 2101 1065 Antiocheni

1355 1091 1547 1156 Patriarchae
1569 1111 1696 1171 nomen,
1720 1097 1849 1176 repetita
1879 1097 2001 1174 longius
2022 1097 2100 1158 anti·

1356 1187 1481 1263 quitatis
1505 1189 1674 1266 memoria,
1703 1190 1849 1253 Romanis
1879 1193 2013 1271 llypticis
2036 1198 2101 1254 toto

1356 1280 1485 1342 adscribi
1506 1290 1608 1360 queat.
1638 1284 1702 1360 Qua
1723 1285 1761 1348 de
1781 1301 1815 1348 ve
1840 1287 1989 1349 maximas
2010 1288 2103 1350 hahe-

1355 1389 1425 1436 mus
1447 1375 1631 1456 egimusque
1652 1379 1714 1441 ileo
1736 1380 1859 1456 gratias,
1875 1396 1975 1459 eoque
1990 1381 2099 1457 magis,

1357 1469 1438 1547 quod
1461 1470 1548 1532 nobis
1563 1470 1596 1533 in
1613 1488 1756 1551 suprema
1778 1473 1930 1537 Ecclesiae
1945 1475 2100 1549 cathedra,

1325 1597 1326 1606 ι
1355 1565 1428 1627 iicet
1449 1565 1618 1641 immerito,
1640 1566 1883 1642 considentibus,
1896 1569 1927 1630 id
1947 1567 2102 1632 felicitatis

1357 1657 1514 1736 evenerit;
1538 1675 1571 1720 ac
1591 1659 1803 1738 pessinunte
1825 1663 1974 1740 praeside,
1997 1662 2102 1725 minus

1357 1752 1469 1813 timere
1490 1751 1527 1812 de
1549 1751 1631 1814 iliius
1651 1752 1761 1830 Gregis
1783 1763 1880 1833 parte,
1897 1771 1976 1834 quac
1997 1757 2034 1818 ab
2055 1755 2101 1817 in-

1356 1844 1474 1906 sidiosis
1487 1845 1782 1926 Pseudo-Episcopis
1793 1848 2003 1925 circumsessa,
2021 1848 2102 1912 dele·

1357 1937 1470 2000 rendae
1490 1938 1677 2028 orthodoxae
1689 1941 1760 2003 fidei
1783 1941 1921 2020 periculo
1942 1944 2104 2006 obiicieba·
2132 1973 2137 1985 ·

1357 2037 1426 2108 tur;
1448 2039 1555 2094 contra
1577 2048 1652 2095 vero
1678 2034 1778 2113 aliqua
1799 2035 1869 2100 duci
1893 2052 1958 2115 spe,
1981 2036 2046 2100 iore
2068 2045 2102 2102 ut

1357 2125 1469 2204 reliqui
1481 2126 1513 2186 in
1529 2126 1641 2188 Christi
1658 2127 1740 2190 ovile
1754 2130 1931 2193 restituant.
1954 2132 2103 2210 Magnum

1358 2220 1454 2296 igitur
1477 2227 1567 2283 tuum
1594 2221 1745 2285 meritum
1767 2230 1829 2300 est,
1851 2223 1885 2284 in
1913 2224 2103 2290 Orientalem

1353 2434 1413 2480 fecti
1427 2435 1594 2492 invasissent,
1608 2447 1713 2483 ornnem
1728 2437 1843 2496 lapidem
1858 2439 2028 2488 Patriarchae
2041 2445 2104 2488 oon-

1354 2501 1584 2560 stantiuopolitani
1605 2509 1753 2560 moverunt,
1772 2508 1802 2551 ut
1823 2506 1898 2553 illam
1919 2507 1972 2554 sibi
1993 2509 2103 2555 subiice-

1353 2570 1425 2622 rent;
1440 2569 1554 2614 maxime
1568 2581 1629 2616 vero
1650 2573 1789 2630 postquam
1810 2574 1974 2620 oecumenici
1990 2574 2100 2624 titulum

1354 2635 1461 2682 sibimet
1478 2639 1652 2694 arrogarunt:
1674 2650 1758 2696 neque
1772 2639 1799 2684 id
1813 2639 1920 2688 frustra.
1944 2645 2009 2689 Nam
2029 2655 2101 2692 occu·

1354 2706 1416 2760 pata
1430 2704 1535 2749 saeculo
1549 2703 1661 2761 septimo
1676 2706 1753 2760 syria
1767 2718 1821 2752 una
1834 2719 1893 2753 cum
1908 2709 2034 2766 proximis
2046 2723 2104 2768 pro·

1354 2769 1448 2816 vinciis
1462 2781 1478 2816 a
1493 2772 1638 2826 saracenis,
1652 2775 1678 2818 et
1692 2771 1753 2818 inde
1771 2776 1876 2820 saeculo
1891 2776 1992 2823 dommo
2007 2779 2040 2824 ab
2054 2781 2103 2824 Im·

1354 2839 1476 2895 peratore
1491 2839 1634 2896 Nicephoro
1655 2840 1739 2886 Phoca
1754 2853 1785 2886 ex
1799 2831 1891 2888 eorum
1912 2845 2035 2891 manibus
2049 2857 2103 2892 ere·

1354 2908 1408 2961 pta,
1423 2903 1450 2950 in
1465 2916 1621 2961 graecorum
1636 2906 1828 2964 imperatorum
1842 2913 2001 2966 potestatem
2017 2913 2103 2958 antio·

1355 2972 1415 3018 chia
1438 2973 1556 3018 devenit:
1580 2974 1690 3032 proinde
1713 2975 1870 3023 antiocheni
1894 2979 2065 3025 Patriarchae
2086 2991 2103 3026 a

1355 3041 1645 3098 constantinopolitane
1665 3043 1764 3098 aelecti,
1786 3043 1954 3103 ordinatique
1976 3051 2050 3102 sunit
2064 3050 2105 3094 at·

1355 3119 1405 3166 que
1422 3107 1460 3153 ita
1470 3109 1607 3154 Molchitae
1622 3113 1780 3155 Graecorum
1795 3111 1959 3158 schismatici
1973 3124 2001 3158 se
2015 3125 2043 3158 se
2056 3113 2104 3159 im·

1355 3174 1504 3226 miscentes,
1519 3175 1656 3221 Melchitae
1670 3176 1761 3222 oraeci
1775 3187 1836 3223 mox
1851 3179 1978 3237 appellati
1993 3184 2061 3226 sunt.

1396 3245 1456 3288 Post
1470 3243 1543 3298 haec,
1558 3243 1666 3288 ineunte
1680 3245 1785 3291 saeculo
1799 3247 1946 3304 undecimo,
1956 3251 2050 3296 Petras
2060 3253 2101 3296 111.

1354 3309 1510 3356 patriarcba
1520 3311 1704 3366 antiochenus,
1713 3310 1744 3355 de
1755 3321 1828 3358 more
1838 3317 2036 3361 antecessorum
2046 3327 2104 3368 suo

1354 3387 1423 3432 rum,
1439 3379 1613 3423 S.l.eone1x.
1629 3379 1746 3424 Romam
1761 3379 1885 3426 Pontifice
1901 3392 1928 3426 se
1942 3381 1975 3427 ad
1989 3382 2103 3428 Patriar-

1353 3447 1448 3490 chatus
1463 3444 1620 3502 dignitatem
1634 3445 1716 3490 fuisse
1730 3449 1881 3503 promotum
1896 3447 2063 3504 significavit,
2075 3449 2103 3494 in

1354 3523 1385 3558 ea
1399 3515 1490 3570 petens
1505 3512 1538 3556 ab
1553 3511 1600 3556 illo
1621 3512 1782 3568 confirmari,
1803 3513 1882 3558 sicuti
1903 3525 1996 3560 revera
2009 3516 2103 3562 contir-

1355 3587 1443 3626 matus
1458 3582 1507 3634 est,
1521 3591 1537 3626 a
1551 3580 1693 3626 schismate
1708 3581 1757 3626 hac
1771 3581 1874 3627 ratione
1885 3582 2013 3628 secedens.
2027 3585 2104 3629 Doro-

1355 3649 1433 3692 theus
1448 3651 1466 3693 i.
1483 3658 1542 3692 cnm
1558 3647 1674 3694 Ecclesia
1688 3651 1807 3694 Romana
1818 3648 1845 3693 in
1856 3649 1971 3694 Concilio
1982 3652 2104 3696 oecume-

1355 3714 1413 3760 nico
1434 3713 1588 3761 Florentino
1603 3726 1659 3760 sese
1680 3715 1823 3760 coniunxit.
1846 3719 1910 3762 oum
1929 3718 2020 3762 autem
2034 3717 2102 3762 idem

1355 3783 1555 3828 Patriarchatus
1576 3792 1670 3828 rursus
1688 3785 1757 3828 esset
1773 3782 1799 3827 in
1814 3783 1965 3830 schismatis
1981 3785 2103 3830 tenebras

1354 3849 1485 3906 delapsus,
1501 3849 1576 3894 nulla
1597 3847 1795 3905 resipiscentiae
1809 3849 1856 3895 lux
1876 3849 1986 3906 affulsit,
2001 3851 2053 3896 nisi
2068 3851 2105 3897 la·

1355 3916 1432 3961 bonta
1447 3917 1552 3962 saeculo
1566 3915 1667 3962 decimo
1682 3917 1802 3973 septimo,
1816 3918 1850 3963 ad
1864 3929 1943 3975 quam
1955 3918 2007 3963 iter
2017 3918 2104 3974 primo

1355 3983 1451 4028 stravit
1466 3983 1626 4039 Euthymios
1637 3981 1769 4038 llelcbita,
1779 3984 1841 4040 Tyri
1852 3987 1878 4030 et
1889 3984 1991 4030 Sidonis
2001 3985 2105 4030 archie-

1355 4049 1488 4106 piscopus:
1503 4049 1596 4094 deinde
1611 4049 1772 4096 Athanasius
1791 4051 1951 4106 Patriarcha,
1966 4049 2064 4109 quique
2079 4051 2104 4097 ei

1355 4116 1459 4161 Primus
1470 4116 1595 4162 successit
1605 4116 1729 4173 cyrillus,
1741 4119 1898 4164 transmissa
1908 4117 1940 4164 ad
1951 4120 2017 4164 hanc
2029 4122 2105 4164 Sanc·

1356 4187 1411 4231 tam
1426 4184 1517 4230 sedem
1533 4183 1594 4229 fidei
1615 4185 1787 4242 professione:
1802 4184 1845 4230 cui
1860 4189 1955 4231 Sancta
1970 4185 2048 4231 sedes
2063 4198 2105 4244 pe-

1355 4253 1428 4298 nitus
1443 4263 1494 4296 non
1509 4249 1648 4309 acquievit,
1663 4252 1772 4310 proinde
1791 4263 1838 4297 nec
1851 4251 1929 4298 Pallii
1943 4252 2103 4309 dignitatem

1355 4320 1409 4365 iliis
1423 4319 1564 4365 concedere
1578 4322 1756 4376 opportunum
1771 4319 1904 4364 indicavit.

1395 4388 1466 4430 Unus
1480 4384 1507 4429 id
1522 4384 1649 4442 temporis
1664 4385 1818 4430 Patriarcha
1839 4385 1955 4442 cyrillus
1969 4385 2039 4430 alter
2054 4389 2103 4442 est,

1356 4451 1401 4507 qui
1422 4450 1556 4508 praesenti
1576 4451 1681 4496 saeculo
1702 4451 1736 4496 ad
1754 4451 1968 4498 Patriarchatum
1989 4457 2104 4509 evectus,

1356 4515 1492 4562 electionis
1506 4527 1570 4562 suae
1584 4529 1600 4562 a
1614 4521 1710 4576 Sancta
1725 4518 1789 4562 sade
1801 4519 2029 4565 confirmationem
2039 4519 2105 4565 obti-

1356 4584 1424 4638 nuit,
1439 4593 1499 4628 cum
1513 4594 1577 4630 suae
1591 4595 1655 4641 erga
1669 4585 1737 4630 hanc
1751 4589 1873 4631 Sanctam
1884 4587 1976 4632 sedern
1986 4585 2106 4633 obedien·

1356 4652 1410 4698 tiae
1424 4651 1501 4708 signa
1523 4651 1631 4698 minime
1652 4653 1733 4698 dubia
1746 4653 1857 4709 dederit,
1874 4654 2104 4712 fortissimumque

1356 4731 1383 4764 se
1397 4719 1511 4775 gesserit
1531 4719 1558 4763 in
1573 4729 1603 4764 ea
1624 4721 1767 4766 asserenda
1788 4722 1915 4768 adversus
1936 4723 2103 4778 sylvestrum

1356 4787 1563 4842 schismaticum,
1577 4787 1623 4843 qui
1645 4787 1737 4832 sedem
1758 4789 1967 4834 Patriarcbalem
1990 4790 2104 4846 invasit;

1355 4855 1526 4912 quamobrem
1540 4855 1568 4899 in
1583 4855 1670 4900 Monte
1680 4855 1778 4901 Libano
1788 4856 1895 4902 exulare
1905 4855 2016 4914 cogitur.
2029 4861 2105 4903 Prae·

1355 4927 1396 4969 eet
1410 4923 1518 4979 insuper
1532 4920 1647 4978 cyrillus
1658 4926 1748 4969 noster
1757 4923 1839 4980 genti,
1849 4935 1917 4981 quaa
1927 4923 2005 4969 hodie
2014 4925 2103 4971 catho-

1355 4990 1419 5036 licos
1434 4989 1537 5046 ingenti
1556 5001 1667 5036 numero
1687 4989 1879 5048 complectitur,
1899 5001 2017 5048 quaeque
2032 5001 2048 5037 a
2062 4991 2106 5036 de·

1355 5069 1412 5102 cem
1427 5055 1567 5114 Episcopis,
1582 5057 1628 5114 qui
1643 5057 1730 5114 ipsum
1745 5060 1881 5115 tamquam
1897 5057 2048 5116 legitimum
2060 5061 2106 5104 Pa·

1356 5123 1502 5170 triarcham
1517 5126 1678 5169 venerantur
1692 5127 1719 5170 et
1737 5125 1835 5180 colunt,
1849 5124 1958 5182 provide
1977 5125 2106 5182 guberua-

1356 5194 1407 5236 tur.
1424 5195 1508 5248 Atque
1522 5192 1550 5237 in
1565 5191 1696 5238 Melchitis
1712 5191 1782 5238 hisce
1792 5203 1853 5238 vere
1863 5192 2020 5238 orthodoxis
2031 5205 2105 5238 vene

1355 5259 1453 5304 nabiles
1468 5259 1646 5305 antiochenae
1657 5258 1787 5304 Ecclesiae
1797 5258 1935 5316 reliquiae,
1946 5258 2104 5316 iampridem

1355 5327 1532 5384 consepultae,
1547 5326 1715 5373 reviviscunt.
1733 5326 1799 5371 iluic
1812 5324 1901 5382 itaque
1910 5327 2059 5372 venerando
2070 5325 2106 5371 vi·

1356 5407 1395 5450 ro,
1409 5394 1472 5439 huic
1492 5395 1627 5452 praeclaro
1648 5394 1813 5439 orthodoxae
1829 5393 1889 5438 fidei
1908 5393 2103 5450 propugnatori

1356 5472 1403 5506 nos
1417 5461 1445 5506 in
1460 5462 1508 5506 hoc
1523 5460 1579 5518 ipso
1593 5460 1751 5506 consistorio
1773 5461 1900 5505 honorem
1915 5459 1989 5517 pallii
2003 5461 2035 5504 de
2050 5471 2105 5506 cor·

1356 5540 1418 5586 pore
1439 5529 1512 5574 Beati
1533 5529 1604 5573 Petri
1626 5528 1734 5584 sumpti,
1748 5526 1776 5572 in
1791 5538 1843 5584 quo
1864 5526 2007 5573 Pastoralis
2022 5527 2105 5573 oflicii

1356 5595 1493 5653 plenitudo
1513 5595 1673 5646 continetur,
1695 5597 1834 5652 postquam
1856 5594 2021 5656 orthodoxae
2043 5593 2105 5638 fidei

1356 5662 1544 5720 professionem
1559 5673 1648 5708 coram
1663 5673 1702 5716 eo,
1716 5661 1758 5706 cui
1774 5660 1801 5704 id
1814 5661 2003 5717 delegabimus,
2014 5660 2106 5706 emise-

1356 5730 1401 5780 rit.
1417 5729 1530 5774 libenter
1550 5729 1733 5786 impe1·timur;
1755 5729 1785 5772 ut
1799 5727 1875 5772 factis
1897 5727 2104 5784 comprobemus,

1356 5795 1383 5840 id
1397 5797 1466 5852 quod
1480 5800 1530 5842 Leo
1545 5799 1585 5842 ix.
1600 5796 1668 5840 dixit
1681 5797 1759 5840 Petro
1769 5797 1810 5839 111.
1826 5794 1981 5840 Antiochiae
1992 5794 2107 5839 Patriar-

1356 5863 1421 5908 chae
1436 5863 1611 5921 respondens:
1630 5877 1643 5904 a
1653 5865 1776 5907 Maxima
1790 5863 1883 5909 Meter,
1900 5863 2025 5906 Romana
2038 5865 2106 5905 scilt-

1357 5945 1370 5972 »
1383 5935 1421 5976 cet
1434 5942 1465 5976 ac
1475 5935 1570 5985 prima
1585 5933 1667 5979 Series
1685 5934 1741 5974 tant
1755 5932 1864 5974 dimotae
1872 5931 1921 5972 sibl
1930 5931 2008 5982 filiae,
2021 5931 2104 5973 immo

1357 6003 1525 6048 »concoctae
1542 6008 1680 6052 nimquam
1693 6001 1719 6040 et
1732 6006 1878 6050 nunquam
1892 5996 2004 6040 demo.»
