<?xml version="1.0" encoding="UTF-8"?>
<!DOCTYPE html PUBLIC "-//W3C//DTD XHTML 1.0 Transitional//EN"
    "http://www.w3.org/TR/xhtml1/DTD/xhtml1-transitional.dtd">
<html xmlns="http://www.w3.org/1999/xhtml" xml:lang="en" lang="en">
 <head>
  <title>
</title>
<meta http-equiv="Content-Type" content="text/html;charset=utf-8" />
  <meta name='ocr-system' content='tesseract 3.04.00' />
  <meta name='ocr-capabilities' content='ocr_page ocr_carea ocr_par ocr_line ocrx_word'/>
</head>
<body>
  <div class='ocr_page' id='page_1' title='image "./iurispontificii02martgoog_0212.png"; bbox 0 0 4744 6976; ppageno 0'>
   <div class='ocr_carea' id='block_1_1' title="bbox 325 549 623 618">
    <p class='ocr_par' dir='ltr' id='par_1_1' title="bbox 325 549 623 618">
     <span class='ocr_line' id='line_1_1' title="bbox 325 549 623 618; baseline 0.007 -14"><span class='ocrx_word' id='word_1_1' title='bbox 325 549 378 606; x_wconf 79' lang='lat' dir='ltr'><strong>An.</strong></span> <span class='ocrx_word' id='word_1_2' title='bbox 392 554 423 606; x_wconf 82' lang='lat' dir='ltr'><strong>O.</strong></span> <span class='ocrx_word' id='word_1_3' title='bbox 444 553 514 606; x_wconf 76' lang='lat' dir='ltr'><strong>tete</strong></span> <span class='ocrx_word' id='word_1_4' title='bbox 567 553 623 618; x_wconf 72' lang='lat'><strong>196</strong></span> 
     </span>
    </p>
   </div>
   <div class='ocr_carea' id='block_1_2' title="bbox 544 687 1320 1429">
    <p class='ocr_par' dir='ltr' id='par_1_2' title="bbox 544 687 1320 971">
     <span class='ocr_line' id='line_1_2' title="bbox 545 687 1319 773; baseline -0.014 -15"><span class='ocrx_word' id='word_1_5' title='bbox 545 696 626 773; x_wconf 86' lang='lat' dir='ltr'><strong>piae,</strong></span> <span class='ocrx_word' id='word_1_6' title='bbox 657 696 839 758; x_wconf 85' lang='lat' dir='ltr'>mandamus</span> <span class='ocrx_word' id='word_1_7' title='bbox 865 701 900 756; x_wconf 95' lang='lat' dir='ltr'><strong>ut</strong></span> <span class='ocrx_word' id='word_1_8' title='bbox 927 693 989 755; x_wconf 83' lang='lat' dir='ltr'><strong>llll.</strong></span> <span class='ocrx_word' id='word_1_9' title='bbox 1017 691 1077 754; x_wconf 86' lang='lat' dir='ltr'><strong>OD.</strong></span> <span class='ocrx_word' id='word_1_10' title='bbox 1106 687 1290 752; x_wconf 90' lang='lat' dir='ltr'><strong>llissionarii</strong></span> <span class='ocrx_word' id='word_1_11' title='bbox 1317 687 1319 702; x_wconf 92' lang='lat'>&#39;</span> 
     </span>
     <span class='ocr_line' id='line_1_3' title="bbox 544 783 1291 866; baseline -0.007 -15"><span class='ocrx_word' id='word_1_12' title='bbox 544 789 622 866; x_wconf 89' lang='lat' dir='ltr'><strong>Galli</strong></span> <span class='ocrx_word' id='word_1_13' title='bbox 644 806 700 852; x_wconf 92' lang='lat' dir='ltr'><strong>suo</strong></span> <span class='ocrx_word' id='word_1_14' title='bbox 729 789 795 851; x_wconf 90' lang='lat' dir='ltr'><strong>zelo</strong></span> <span class='ocrx_word' id='word_1_15' title='bbox 828 787 904 852; x_wconf 91' lang='lat' dir='ltr'><strong>illud</strong></span> <span class='ocrx_word' id='word_1_16' title='bbox 933 787 1052 865; x_wconf 91' lang='lat' dir='ltr'><strong>pondus</strong></span> <span class='ocrx_word' id='word_1_17' title='bbox 1077 786 1112 847; x_wconf 91' lang='lat' dir='ltr'><strong>ad</strong></span> <span class='ocrx_word' id='word_1_18' title='bbox 1139 783 1291 846; x_wconf 88' lang='lat' dir='ltr'><strong>maiorem</strong></span> 
     </span>
     <span class='ocr_line' id='line_1_4' title="bbox 546 879 1320 971; baseline -0.01 -25"><span class='ocrx_word' id='word_1_19' title='bbox 546 883 601 946; x_wconf 91' lang='lat' dir='ltr'><strong>Dei</strong></span> <span class='ocrx_word' id='word_1_20' title='bbox 623 883 756 962; x_wconf 78' lang='lat' dir='ltr'><strong>gloriam</strong></span> <span class='ocrx_word' id='word_1_21' title='bbox 775 883 930 946; x_wconf 87' lang='lat' dir='ltr'><strong>sustinere</strong></span> <span class='ocrx_word' id='word_1_22' title='bbox 952 879 1149 943; x_wconf 89' lang='lat' dir='ltr'><strong>continuent.</strong></span> <span class='ocrx_word' id='word_1_23' title='bbox 1318 950 1320 971; x_wconf 46' lang='grc' dir='ltr'>Ι</span> 
     </span>
    </p>

    <p class='ocr_par' dir='ltr' id='par_1_3' title="bbox 545 973 1320 1429">
     <span class='ocr_line' id='line_1_5' title="bbox 586 973 1319 1051; baseline -0.003 -15"><span class='ocrx_word' id='word_1_24' title='bbox 586 993 641 1037; x_wconf 86' lang='grc' dir='ltr'><strong>ιιι.</strong></span> <span class='ocrx_word' id='word_1_25' title='bbox 669 976 823 1051; x_wconf 84' lang='lat' dir='ltr'><strong>Quantum</strong></span> <span class='ocrx_word' id='word_1_26' title='bbox 857 974 891 1037; x_wconf 91' lang='lat' dir='ltr'><strong>ad</strong></span> <span class='ocrx_word' id='word_1_27' title='bbox 928 974 1122 1037; x_wconf 85' lang='lat' dir='ltr'><strong>Prouinciam</strong></span> <span class='ocrx_word' id='word_1_28' title='bbox 1155 973 1291 1050; x_wconf 76' lang='lat' dir='ltr'><strong>Dounon</strong></span> <span class='ocrx_word' id='word_1_29' title='bbox 1318 974 1319 983; x_wconf 78' lang='grc'>’</span> 
     </span>
     <span class='ocr_line' id='line_1_6' title="bbox 546 1067 1303 1145; baseline -0.007 -13"><span class='ocrx_word' id='word_1_30' title='bbox 546 1070 688 1133; x_wconf 90' lang='lat' dir='ltr'><strong>omnium</strong></span> <span class='ocrx_word' id='word_1_31' title='bbox 710 1069 872 1145; x_wconf 89' lang='lat' dir='ltr'><strong>maiorem,</strong></span> <span class='ocrx_word' id='word_1_32' title='bbox 898 1068 1065 1131; x_wconf 89' lang='lat' dir='ltr'><strong>subiacebit</strong></span> <span class='ocrx_word' id='word_1_33' title='bbox 1094 1067 1223 1130; x_wconf 94' lang='lat' dir='ltr'><strong>omnino</strong></span> <span class='ocrx_word' id='word_1_34' title='bbox 1245 1083 1303 1129; x_wconf 76' lang='lat' dir='ltr'><strong>ca.</strong></span> 
     </span>
     <span class='ocr_line' id='line_1_7' title="bbox 545 1161 1320 1239; baseline -0.003 -15"><span class='ocrx_word' id='word_1_35' title='bbox 545 1163 628 1225; x_wconf 90' lang='lat' dir='ltr'><strong>ritati</strong></span> <span class='ocrx_word' id='word_1_36' title='bbox 651 1163 712 1225; x_wconf 86' lang='lat' dir='ltr'><strong>llR.</strong></span> <span class='ocrx_word' id='word_1_37' title='bbox 734 1163 791 1225; x_wconf 93' lang='lat' dir='ltr'><strong>PP.</strong></span> <span class='ocrx_word' id='word_1_38' title='bbox 815 1161 988 1239; x_wconf 89' lang='lat' dir='ltr'><strong>Societatis;</strong></span> <span class='ocrx_word' id='word_1_39' title='bbox 1011 1167 1165 1224; x_wconf 82' lang='lat' dir='ltr'><strong>reseruata</strong></span> <span class='ocrx_word' id='word_1_40' title='bbox 1187 1167 1291 1222; x_wconf 90' lang='lat' dir='ltr'><strong>tamen</strong></span> <span class='ocrx_word' id='word_1_41' title='bbox 1319 1166 1320 1177; x_wconf 59' lang='lat'>¹</span> 
     </span>
     <span class='ocr_line' id='line_1_8' title="bbox 546 1255 1288 1335; baseline -0.004 -17"><span class='ocrx_word' id='word_1_42' title='bbox 546 1255 679 1318; x_wconf 76' lang='lat' dir='ltr'><strong>liltltb.</strong></span> <span class='ocrx_word' id='word_1_43' title='bbox 703 1256 901 1320; x_wconf 90' lang='lat' dir='ltr'><strong>llissionariis</strong></span> <span class='ocrx_word' id='word_1_44' title='bbox 922 1255 1015 1319; x_wconf 91' lang='lat' dir='ltr'><strong>Gallis</strong></span> <span class='ocrx_word' id='word_1_45' title='bbox 1032 1255 1156 1317; x_wconf 89' lang='lat' dir='ltr'><strong>eeclesia</strong></span> <span class='ocrx_word' id='word_1_46' title='bbox 1177 1255 1288 1335; x_wconf 68' lang='lat' dir='ltr'><strong>Biana,</strong></span> 
     </span>
     <span class='ocr_line' id='line_1_9' title="bbox 546 1349 940 1429; baseline -0.01 -16"><span class='ocrx_word' id='word_1_47' title='bbox 546 1365 624 1429; x_wconf 90' lang='lat' dir='ltr'><strong>quae</strong></span> <span class='ocrx_word' id='word_1_48' title='bbox 646 1351 681 1412; x_wconf 91' lang='lat' dir='ltr'><strong>ad</strong></span> <span class='ocrx_word' id='word_1_49' title='bbox 704 1349 772 1412; x_wconf 92' lang='lat' dir='ltr'><strong>illos</strong></span> <span class='ocrx_word' id='word_1_50' title='bbox 794 1349 940 1429; x_wconf 78' lang='lat' dir='ltr'><strong>pertinet.</strong></span> 
     </span>
    </p>
   </div>
   <div class='ocr_carea' id='block_1_3' title="bbox 335 1443 1291 1514">
    <p class='ocr_par' dir='ltr' id='par_1_4' title="bbox 335 1443 1291 1514">
     <span class='ocr_line' id='line_1_10' title="bbox 335 1443 1291 1514; baseline 0.005 -12"><span class='ocrx_word' id='word_1_51' title='bbox 335 1455 440 1514; x_wconf 77' lang='lat' dir='ltr'><strong>Aliquot</strong></span> <span class='ocrx_word' id='word_1_52' title='bbox 453 1453 528 1500; x_wconf 76' lang='lat' dir='ltr'><strong>eccle·</strong></span> <span class='ocrx_word' id='word_1_53' title='bbox 585 1461 657 1506; x_wconf 82' lang='lat' dir='ltr'><strong>rrrr.</strong></span> <span class='ocrx_word' id='word_1_54' title='bbox 680 1444 720 1506; x_wconf 90' lang='lat' dir='ltr'><strong>Et</strong></span> <span class='ocrx_word' id='word_1_55' title='bbox 741 1443 864 1506; x_wconf 88' lang='lat' dir='ltr'><strong>ultimo.</strong></span> <span class='ocrx_word' id='word_1_56' title='bbox 888 1444 931 1505; x_wconf 89' lang='lat' dir='ltr'><strong>De</strong></span> <span class='ocrx_word' id='word_1_57' title='bbox 952 1444 1096 1507; x_wconf 87' lang='lat' dir='ltr'><strong>Ecclesiis</strong></span> <span class='ocrx_word' id='word_1_58' title='bbox 1121 1445 1186 1508; x_wconf 90' lang='lat' dir='ltr'><strong>Sac.</strong></span> <span class='ocrx_word' id='word_1_59' title='bbox 1212 1444 1291 1507; x_wconf 87' lang='lat' dir='ltr'><strong>Gou-</strong></span> 
     </span>
    </p>
   </div>
   <div class='ocr_carea' id='block_1_4' title="bbox 315 1509 530 1728">
    <p class='ocr_par' dir='ltr' id='par_1_5' title="bbox 315 1509 530 1728">
     <span class='ocr_line' id='line_1_11' title="bbox 315 1509 528 1566; baseline -0.009 -10"><span class='ocrx_word' id='word_1_60' title='bbox 315 1510 410 1557; x_wconf 83' lang='lat' dir='ltr'><strong>slarnm</strong></span> <span class='ocrx_word' id='word_1_61' title='bbox 448 1509 528 1566; x_wconf 88' lang='lat' dir='ltr'><strong>pert&#39;-</strong></span> 
     </span>
     <span class='ocr_line' id='line_1_12' title="bbox 316 1562 506 1612; baseline -0.021 -1"><span class='ocrx_word' id='word_1_62' title='bbox 316 1563 431 1612; x_wconf 75' lang='lat' dir='ltr'><strong>nentium</strong></span> <span class='ocrx_word' id='word_1_63' title='bbox 445 1562 506 1608; x_wconf 89' lang='lat' dir='ltr'><strong>remi</strong></span> 
     </span>
     <span class='ocr_line' id='line_1_13' title="bbox 315 1615 530 1664; baseline -0.014 0"><span class='ocrx_word' id='word_1_64' title='bbox 315 1617 348 1664; x_wconf 86' lang='lat' dir='ltr'><strong>tlt</strong></span> <span class='ocrx_word' id='word_1_65' title='bbox 368 1615 463 1663; x_wconf 90' lang='lat' dir='ltr'><strong>iudicio</strong></span> <span class='ocrx_word' id='word_1_66' title='bbox 487 1617 530 1662; x_wconf 89' lang='lat' dir='ltr'><strong>Sa·</strong></span> 
     </span>
     <span class='ocr_line' id='line_1_14' title="bbox 315 1673 530 1728; baseline -0.005 -11"><span class='ocrx_word' id='word_1_67' title='bbox 315 1682 372 1718; x_wconf 80' lang='lat' dir='ltr'><strong>erac</strong></span> <span class='ocrx_word' id='word_1_68' title='bbox 387 1673 530 1728; x_wconf 75' lang='lat' dir='ltr'><strong>congrega·</strong></span> 
     </span>
    </p>
   </div>
   <div class='ocr_carea' id='block_1_5' title="bbox 316 1725 402 1772">
    <p class='ocr_par' dir='ltr' id='par_1_6' title="bbox 316 1725 402 1772">
     <span class='ocr_line' id='line_1_15' title="bbox 316 1725 402 1772; baseline -0.023 0"><span class='ocrx_word' id='word_1_69' title='bbox 316 1725 402 1772; x_wconf 87' lang='lat' dir='ltr'><strong>tionis.</strong></span> 
     </span>
    </p>
   </div>
   <div class='ocr_carea' id='block_1_6' title="bbox 510 1537 1289 1616">
    <p class='ocr_par' dir='ltr' id='par_1_7' title="bbox 510 1537 1289 1616">
     <span class='ocr_line' id='line_1_16' title="bbox 510 1537 1289 1616; baseline -0.004 -16"><span class='ocrx_word' id='word_1_70' title='bbox 510 1565 529 1608; x_wconf 71' lang='lat' dir='ltr'><strong>r.</strong></span> <span class='ocrx_word' id='word_1_71' title='bbox 548 1537 837 1616; x_wconf 82' lang='lat' dir='ltr'><strong>gregationis,quae</strong></span> <span class='ocrx_word' id='word_1_72' title='bbox 853 1552 959 1598; x_wconf 89' lang='lat' dir='ltr'><strong>ornnes</strong></span> <span class='ocrx_word' id='word_1_73' title='bbox 974 1537 1007 1598; x_wconf 93' lang='lat' dir='ltr'><strong>in</strong></span> <span class='ocrx_word' id='word_1_74' title='bbox 1023 1537 1212 1600; x_wconf 79' lang='lat' dir='ltr'><strong>districtibus</strong></span> <span class='ocrx_word' id='word_1_75' title='bbox 1228 1537 1289 1600; x_wconf 79' lang='lat' dir='ltr'><strong>llll.</strong></span> 
     </span>
    </p>
   </div>
   <div class='ocr_carea' id='block_1_7' title="bbox 547 1629 1294 2550">
    <p class='ocr_par' dir='ltr' id='par_1_8' title="bbox 547 1629 1294 2550">
     <span class='ocr_line' id='line_1_17' title="bbox 548 1629 1291 1710; baseline -0.003 -16"><span class='ocrx_word' id='word_1_76' title='bbox 548 1631 608 1695; x_wconf 83' lang='lat' dir='ltr'><strong>EO.</strong></span> <span class='ocrx_word' id='word_1_77' title='bbox 623 1629 888 1693; x_wconf 89' lang='lat' dir='ltr'><strong>missionariorum</strong></span> <span class='ocrx_word' id='word_1_78' title='bbox 904 1629 1064 1692; x_wconf 79' lang='lat' dir='ltr'><strong>Gallorum</strong></span> <span class='ocrx_word' id='word_1_79' title='bbox 1080 1632 1291 1710; x_wconf 88' lang='lat' dir='ltr'><strong>reperiuntur,</strong></span> 
     </span>
     <span class='ocr_line' id='line_1_18' title="bbox 547 1722 1292 1802; baseline -0.003 -16"><span class='ocrx_word' id='word_1_80' title='bbox 547 1723 663 1786; x_wconf 79' lang='lat' dir='ltr'><strong>scilicet</strong></span> <span class='ocrx_word' id='word_1_81' title='bbox 678 1724 710 1785; x_wconf 93' lang='lat' dir='ltr'><strong>in</strong></span> <span class='ocrx_word' id='word_1_82' title='bbox 726 1722 869 1786; x_wconf 86' lang='lat' dir='ltr'><strong>Pbacdra</strong></span> <span class='ocrx_word' id='word_1_83' title='bbox 892 1723 1051 1802; x_wconf 86' lang='lat' dir='ltr'><strong>provincia</strong></span> <span class='ocrx_word' id='word_1_84' title='bbox 1069 1723 1181 1796; x_wconf 79' lang='lat' dir='ltr'><strong>dulae,</strong></span> <span class='ocrx_word' id='word_1_85' title='bbox 1200 1723 1292 1785; x_wconf 87' lang='lat' dir='ltr'><strong>altera</strong></span> 
     </span>
     <span class='ocr_line' id='line_1_19' title="bbox 547 1815 1292 1895; baseline 0 -17"><span class='ocrx_word' id='word_1_86' title='bbox 547 1818 582 1879; x_wconf 94' lang='lat' dir='ltr'><strong>in</strong></span> <span class='ocrx_word' id='word_1_87' title='bbox 604 1816 747 1894; x_wconf 81' lang='lat' dir='ltr'><strong>anpen,</strong></span> <span class='ocrx_word' id='word_1_88' title='bbox 773 1817 864 1878; x_wconf 91' lang='lat' dir='ltr'><strong>tertia</strong></span> <span class='ocrx_word' id='word_1_89' title='bbox 887 1818 918 1878; x_wconf 94' lang='lat' dir='ltr'><strong>in</strong></span> <span class='ocrx_word' id='word_1_90' title='bbox 941 1815 1068 1888; x_wconf 71' lang='lat' dir='ltr'><strong>Nerati,</strong></span> <span class='ocrx_word' id='word_1_91' title='bbox 1086 1825 1117 1878; x_wconf 95' lang='lat' dir='ltr'><strong>et</strong></span> <span class='ocrx_word' id='word_1_92' title='bbox 1136 1825 1244 1895; x_wconf 90' lang='lat' dir='ltr'><strong>quarta</strong></span> <span class='ocrx_word' id='word_1_93' title='bbox 1260 1816 1292 1878; x_wconf 92' lang='lat' dir='ltr'><strong>iu</strong></span> 
     </span>
     <span class='ocr_line' id='line_1_20' title="bbox 550 1910 1290 1992; baseline -0.008 -16"><span class='ocrx_word' id='word_1_94' title='bbox 550 1910 738 1992; x_wconf 79' lang='lat' dir='ltr'><strong>Nbantlanq</strong></span> <span class='ocrx_word' id='word_1_95' title='bbox 762 1919 836 1986; x_wconf 85' lang='lat' dir='ltr'><strong>etc,</strong></span> <span class='ocrx_word' id='word_1_96' title='bbox 859 1910 939 1972; x_wconf 90' lang='lat' dir='ltr'><strong>nihil</strong></span> <span class='ocrx_word' id='word_1_97' title='bbox 961 1912 1109 1972; x_wconf 84' lang='lat' dir='ltr'><strong>audemus</strong></span> <span class='ocrx_word' id='word_1_98' title='bbox 1139 1917 1290 1972; x_wconf 90' lang='lat' dir='ltr'><strong>statuere:</strong></span> 
     </span>
     <span class='ocr_line' id='line_1_21' title="bbox 548 2005 1293 2082; baseline -0.005 -14"><span class='ocrx_word' id='word_1_99' title='bbox 548 2022 620 2068; x_wconf 91' lang='lat' dir='ltr'><strong>cum</strong></span> <span class='ocrx_word' id='word_1_100' title='bbox 636 2007 720 2068; x_wconf 92' lang='lat' dir='ltr'><strong>enim</strong></span> <span class='ocrx_word' id='word_1_101' title='bbox 736 2005 832 2068; x_wconf 88' lang='lat' dir='ltr'><strong>dictae</strong></span> <span class='ocrx_word' id='word_1_102' title='bbox 853 2005 997 2068; x_wconf 85' lang='lat' dir='ltr'><strong>ecclesiae</strong></span> <span class='ocrx_word' id='word_1_103' title='bbox 1012 2006 1127 2082; x_wconf 89' lang='lat' dir='ltr'><strong>absque</strong></span> <span class='ocrx_word' id='word_1_104' title='bbox 1141 2019 1293 2066; x_wconf 90' lang='lat' dir='ltr'><strong>consensu</strong></span> 
     </span>
     <span class='ocr_line' id='line_1_22' title="bbox 548 2097 1293 2174; baseline -0.005 -13"><span class='ocrx_word' id='word_1_105' title='bbox 548 2105 579 2162; x_wconf 89' lang='lat' dir='ltr'><strong>et</strong></span> <span class='ocrx_word' id='word_1_106' title='bbox 599 2100 667 2160; x_wconf 92' lang='lat' dir='ltr'><strong>sine</strong></span> <span class='ocrx_word' id='word_1_107' title='bbox 689 2099 812 2162; x_wconf 90' lang='lat' dir='ltr'><strong>lieentia</strong></span> <span class='ocrx_word' id='word_1_108' title='bbox 833 2099 972 2162; x_wconf 89' lang='lat' dir='ltr'><strong>eiusdem</strong></span> <span class='ocrx_word' id='word_1_109' title='bbox 993 2097 1058 2161; x_wconf 92' lang='lat' dir='ltr'><strong>Sac.</strong></span> <span class='ocrx_word' id='word_1_110' title='bbox 1074 2099 1293 2174; x_wconf 74' lang='lat' dir='ltr'><strong>congregatio-</strong></span> 
     </span>
     <span class='ocr_line' id='line_1_23' title="bbox 548 2190 1293 2268; baseline -0.003 -13"><span class='ocrx_word' id='word_1_111' title='bbox 548 2194 598 2256; x_wconf 91' lang='lat' dir='ltr'><strong>nis</strong></span> <span class='ocrx_word' id='word_1_112' title='bbox 627 2199 763 2255; x_wconf 90' lang='lat' dir='ltr'><strong>structae</strong></span> <span class='ocrx_word' id='word_1_113' title='bbox 790 2191 926 2266; x_wconf 86' lang='lat' dir='ltr'><strong>luerint,</strong></span> <span class='ocrx_word' id='word_1_114' title='bbox 966 2192 1131 2268; x_wconf 91' lang='lat' dir='ltr'><strong>nullasque</strong></span> <span class='ocrx_word' id='word_1_115' title='bbox 1162 2190 1293 2253; x_wconf 88' lang='lat' dir='ltr'><strong>babeant</strong></span> 
     </span>
     <span class='ocr_line' id='line_1_24' title="bbox 548 2284 1294 2363; baseline -0.004 -14"><span class='ocrx_word' id='word_1_116' title='bbox 548 2285 788 2350; x_wconf 73' lang='lat' dir='ltr'><strong>christianitates</strong></span> <span class='ocrx_word' id='word_1_117' title='bbox 809 2285 865 2347; x_wconf 89' lang='lat' dir='ltr'><strong>sibi</strong></span> <span class='ocrx_word' id='word_1_118' title='bbox 888 2286 1032 2360; x_wconf 85' lang='lat' dir='ltr'><strong>adnexas,</strong></span> <span class='ocrx_word' id='word_1_119' title='bbox 1048 2284 1115 2345; x_wconf 90' lang='lat' dir='ltr'><strong>illas</strong></span> <span class='ocrx_word' id='word_1_120' title='bbox 1129 2299 1294 2363; x_wconf 84' lang='lat' dir='ltr'><strong>supremae</strong></span> 
     </span>
     <span class='ocr_line' id='line_1_25' title="bbox 548 2377 1294 2458; baseline -0.007 -15"><span class='ocrx_word' id='word_1_121' title='bbox 548 2379 739 2458; x_wconf 83' lang='lat' dir='ltr'><strong>dispositioni</strong></span> <span class='ocrx_word' id='word_1_122' title='bbox 771 2379 869 2441; x_wconf 90' lang='lat' dir='ltr'><strong>dictae</strong></span> <span class='ocrx_word' id='word_1_123' title='bbox 900 2377 1007 2440; x_wconf 89' lang='lat' dir='ltr'><strong>Sacrae</strong></span> <span class='ocrx_word' id='word_1_124' title='bbox 1036 2377 1294 2454; x_wconf 78' lang='lat' dir='ltr'><strong>congregationis</strong></span> 
     </span>
     <span class='ocr_line' id='line_1_26' title="bbox 549 2472 767 2550; baseline -0.018 -16"><span class='ocrx_word' id='word_1_125' title='bbox 549 2472 767 2550; x_wconf 88' lang='lat' dir='ltr'><strong>relinquimus.</strong></span> 
     </span>
    </p>
   </div>
   <div class='ocr_carea' id='block_1_8' title="bbox 340 2565 1293 2644">
    <p class='ocr_par' dir='ltr' id='par_1_9' title="bbox 340 2565 1293 2644">
     <span class='ocr_line' id='line_1_27' title="bbox 340 2565 1293 2644; baseline 0.001 -19"><span class='ocrx_word' id='word_1_126' title='bbox 340 2569 459 2616; x_wconf 83' lang='lat' dir='ltr'><strong>rronrnct</strong></span> <span class='ocrx_word' id='word_1_127' title='bbox 473 2569 531 2614; x_wconf 80' lang='lat' dir='ltr'><strong>mis·</strong></span> <span class='ocrx_word' id='word_1_128' title='bbox 589 2567 684 2629; x_wconf 88' lang='lat' dir='ltr'><strong>Porro</strong></span> <span class='ocrx_word' id='word_1_129' title='bbox 698 2568 734 2628; x_wconf 92' lang='lat' dir='ltr'><strong>ad</strong></span> <span class='ocrx_word' id='word_1_130' title='bbox 749 2567 893 2629; x_wconf 84' lang='lat' dir='ltr'><strong>evitanda</strong></span> <span class='ocrx_word' id='word_1_131' title='bbox 908 2565 1056 2641; x_wconf 91' lang='lat' dir='ltr'><strong>scandala,</strong></span> <span class='ocrx_word' id='word_1_132' title='bbox 1070 2581 1149 2644; x_wconf 90' lang='lat' dir='ltr'><strong>quae</strong></span> <span class='ocrx_word' id='word_1_133' title='bbox 1159 2581 1198 2626; x_wconf 80' lang='lat' dir='ltr'><strong>eu</strong></span> <span class='ocrx_word' id='word_1_134' title='bbox 1213 2565 1293 2628; x_wconf 93' lang='lat' dir='ltr'><strong>mul-</strong></span> 
     </span>
    </p>
   </div>
   <div class='ocr_carea' id='block_1_9' title="bbox 318 2623 530 2670">
    <p class='ocr_par' dir='ltr' id='par_1_10' title="bbox 318 2623 530 2670">
     <span class='ocr_line' id='line_1_28' title="bbox 318 2623 530 2670; baseline -0.005 -1"><span class='ocrx_word' id='word_1_135' title='bbox 318 2623 438 2670; x_wconf 85' lang='lat' dir='ltr'><strong>siouarils</strong></span> <span class='ocrx_word' id='word_1_136' title='bbox 461 2633 530 2669; x_wconf 85' lang='lat' dir='ltr'><strong>exer·</strong></span> 
     </span>
    </p>
   </div>
   <div class='ocr_carea' id='block_1_10' title="bbox 318 2659 1294 2738">
    <p class='ocr_par' dir='ltr' id='par_1_11' title="bbox 318 2659 1294 2738">
     <span class='ocr_line' id='line_1_29' title="bbox 318 2659 1294 2738; baseline -0.003 -16"><span class='ocrx_word' id='word_1_137' title='bbox 318 2677 408 2724; x_wconf 77' lang='lat' dir='ltr'><strong>cretum</strong></span> <span class='ocrx_word' id='word_1_138' title='bbox 425 2687 531 2724; x_wconf 80' lang='lat' dir='ltr'><strong>suarum</strong></span> <span class='ocrx_word' id='word_1_139' title='bbox 551 2659 687 2722; x_wconf 90' lang='lat' dir='ltr'><strong>titudine</strong></span> <span class='ocrx_word' id='word_1_140' title='bbox 708 2660 919 2738; x_wconf 86' lang='lat' dir='ltr'><strong>operariorum</strong></span> <span class='ocrx_word' id='word_1_141' title='bbox 942 2660 1055 2722; x_wconf 88' lang='lat' dir='ltr'><strong>diversi</strong></span> <span class='ocrx_word' id='word_1_142' title='bbox 1079 2659 1214 2721; x_wconf 91' lang='lat' dir='ltr'><strong>instituti</strong></span> <span class='ocrx_word' id='word_1_143' title='bbox 1242 2665 1294 2720; x_wconf 88' lang='lat' dir='ltr'><strong>aul</strong></span> 
     </span>
    </p>
   </div>
   <div class='ocr_carea' id='block_1_11' title="bbox 318 2730 531 2842">
    <p class='ocr_par' dir='ltr' id='par_1_12' title="bbox 318 2730 531 2842">
     <span class='ocr_line' id='line_1_30' title="bbox 318 2730 531 2777; baseline 0 -1"><span class='ocrx_word' id='word_1_144' title='bbox 318 2730 467 2777; x_wconf 82' lang='lat' dir='ltr'><strong>laenitatem</strong></span> <span class='ocrx_word' id='word_1_145' title='bbox 490 2741 531 2776; x_wconf 83' lang='lat' dir='ltr'><strong>en-</strong></span> 
     </span>
     <span class='ocr_line' id='line_1_31' title="bbox 318 2784 530 2842; baseline 0 -11"><span class='ocrx_word' id='word_1_146' title='bbox 318 2788 360 2831; x_wconf 85' lang='lat' dir='ltr'><strong>tra</strong></span> <span class='ocrx_word' id='word_1_147' title='bbox 399 2784 530 2842; x_wconf 89' lang='lat' dir='ltr'><strong>proprium</strong></span> 
     </span>
    </p>
   </div>
   <div class='ocr_carea' id='block_1_12' title="bbox 550 2749 1294 2831">
    <p class='ocr_par' dir='ltr' id='par_1_13' title="bbox 550 2749 1294 2831">
     <span class='ocr_line' id='line_1_32' title="bbox 550 2749 1294 2831; baseline -0.003 -18"><span class='ocrx_word' id='word_1_148' title='bbox 550 2751 666 2814; x_wconf 87' lang='lat' dir='ltr'><strong>ordinis</strong></span> <span class='ocrx_word' id='word_1_149' title='bbox 687 2759 875 2826; x_wconf 89' lang='lat' dir='ltr'><strong>nascuntur,</strong></span> <span class='ocrx_word' id='word_1_150' title='bbox 904 2752 1107 2831; x_wconf 90' lang='lat' dir='ltr'><strong>praecipimus</strong></span> <span class='ocrx_word' id='word_1_151' title='bbox 1129 2758 1163 2813; x_wconf 94' lang='lat' dir='ltr'><strong>ut</strong></span> <span class='ocrx_word' id='word_1_152' title='bbox 1188 2749 1294 2813; x_wconf 91' lang='lat' dir='ltr'><strong>nullus</strong></span> 
     </span>
    </p>
   </div>
   <div class='ocr_carea' id='block_1_13' title="bbox 295 2837 1293 2920">
    <p class='ocr_par' dir='ltr' id='par_1_14' title="bbox 295 2837 1293 2920">
     <span class='ocr_line' id='line_1_33' title="bbox 295 2837 1293 2920; baseline 0.004 -20"><span class='ocrx_word' id='word_1_153' title='bbox 295 2837 470 2890; x_wconf 63' lang='lat' dir='ltr'><strong>0⁶¹⁸²f¹⁰l¹¹¹¹l</strong></span> <span class='ocrx_word' id='word_1_154' title='bbox 550 2844 764 2907; x_wconf 90' lang='lat' dir='ltr'><strong>missionarius</strong></span> <span class='ocrx_word' id='word_1_155' title='bbox 784 2845 849 2905; x_wconf 88' lang='lat' dir='ltr'><strong>sire</strong></span> <span class='ocrx_word' id='word_1_156' title='bbox 866 2845 1031 2908; x_wconf 88' lang='lat' dir='ltr'><strong>saecularis</strong></span> <span class='ocrx_word' id='word_1_157' title='bbox 1048 2845 1114 2905; x_wconf 88' lang='lat' dir='ltr'><strong>sire</strong></span> <span class='ocrx_word' id='word_1_158' title='bbox 1129 2844 1293 2920; x_wconf 85' lang='lat' dir='ltr'><strong>regularis,</strong></span> 
     </span>
    </p>
   </div>
   <div class='ocr_carea' id='block_1_14' title="bbox 322 4796 358 4886">
    <p class='ocr_par' dir='ltr' id='par_1_15' title="bbox 322 4796 358 4886">
     <span class='ocr_line' id='line_1_34' title="bbox 322 4796 358 4886; baseline 0 -42"><span class='ocrx_word' id='word_1_159' title='bbox 322 4796 358 4886; x_wconf 60' lang='lat' dir='ltr'><strong>gl)</strong></span> 
     </span>
    </p>
   </div>
   <div class='ocr_carea' id='block_1_15' title="bbox 548 2937 1297 4435">
    <p class='ocr_par' dir='ltr' id='par_1_16' title="bbox 548 2937 1297 4435">
     <span class='ocr_line' id='line_1_35' title="bbox 549 2937 1297 3013; baseline -0.004 -14"><span class='ocrx_word' id='word_1_160' title='bbox 549 2937 643 2999; x_wconf 90' lang='lat' dir='ltr'><strong>etiam</strong></span> <span class='ocrx_word' id='word_1_161' title='bbox 665 2954 682 2999; x_wconf 93' lang='lat' dir='ltr'><strong>e</strong></span> <span class='ocrx_word' id='word_1_162' title='bbox 705 2937 856 3000; x_wconf 89' lang='lat' dir='ltr'><strong>Societate</strong></span> <span class='ocrx_word' id='word_1_163' title='bbox 876 2939 955 3013; x_wconf 89' lang='lat' dir='ltr'><strong>lesu,</strong></span> <span class='ocrx_word' id='word_1_164' title='bbox 979 2945 1065 2999; x_wconf 82' lang='lat' dir='ltr'><strong>extra</strong></span> <span class='ocrx_word' id='word_1_165' title='bbox 1091 2937 1297 2998; x_wconf 83' lang='lat' dir='ltr'><strong>christianita-</strong></span> 
     </span>
     <span class='ocr_line' id='line_1_36' title="bbox 551 3029 1294 3107; baseline -0.003 -16"><span class='ocrx_word' id='word_1_166' title='bbox 551 3035 595 3092; x_wconf 84' lang='lat' dir='ltr'><strong>les</strong></span> <span class='ocrx_word' id='word_1_167' title='bbox 616 3030 674 3092; x_wconf 92' lang='lat' dir='ltr'><strong>sibi</strong></span> <span class='ocrx_word' id='word_1_168' title='bbox 695 3031 861 3107; x_wconf 83' lang='lat' dir='ltr'><strong>assignatas</strong></span> <span class='ocrx_word' id='word_1_169' title='bbox 883 3031 984 3093; x_wconf 91' lang='lat' dir='ltr'><strong>ullum</strong></span> <span class='ocrx_word' id='word_1_170' title='bbox 1006 3029 1227 3092; x_wconf 89' lang='lat' dir='ltr'><strong>iurisdictionis</strong></span> <span class='ocrx_word' id='word_1_171' title='bbox 1248 3045 1294 3090; x_wconf 90' lang='lat' dir='ltr'><strong>ac-</strong></span> 
     </span>
     <span class='ocr_line' id='line_1_37' title="bbox 550 3123 1295 3199; baseline -0.004 -14"><span class='ocrx_word' id='word_1_172' title='bbox 550 3130 617 3185; x_wconf 87' lang='lat' dir='ltr'><strong>tum</strong></span> <span class='ocrx_word' id='word_1_173' title='bbox 640 3137 785 3187; x_wconf 84' lang='lat' dir='ltr'><strong>exercere</strong></span> <span class='ocrx_word' id='word_1_174' title='bbox 807 3124 927 3199; x_wconf 88' lang='lat' dir='ltr'><strong>audeat,</strong></span> <span class='ocrx_word' id='word_1_175' title='bbox 942 3132 995 3185; x_wconf 94' lang='lat' dir='ltr'><strong>aut</strong></span> <span class='ocrx_word' id='word_1_176' title='bbox 1008 3123 1081 3185; x_wconf 93' lang='lat' dir='ltr'><strong>ullis</strong></span> <span class='ocrx_word' id='word_1_177' title='bbox 1101 3123 1295 3185; x_wconf 82' lang='lat' dir='ltr'><strong>facultatibus</strong></span> 
     </span>
     <span class='ocr_line' id='line_1_38' title="bbox 548 3216 1295 3295; baseline -0.004 -16"><span class='ocrx_word' id='word_1_178' title='bbox 548 3216 606 3279; x_wconf 92' lang='lat' dir='ltr'><strong>sibi</strong></span> <span class='ocrx_word' id='word_1_179' title='bbox 628 3217 779 3280; x_wconf 85' lang='lat' dir='ltr'><strong>concessis</strong></span> <span class='ocrx_word' id='word_1_180' title='bbox 801 3217 846 3279; x_wconf 92' lang='lat' dir='ltr'><strong>uti</strong></span> <span class='ocrx_word' id='word_1_181' title='bbox 865 3217 974 3295; x_wconf 84' lang='lat' dir='ltr'><strong>possit;</strong></span> <span class='ocrx_word' id='word_1_182' title='bbox 997 3233 1085 3278; x_wconf 90' lang='lat' dir='ltr'><strong>secus</strong></span> <span class='ocrx_word' id='word_1_183' title='bbox 1108 3224 1223 3290; x_wconf 90' lang='lat' dir='ltr'><strong>tamen,</strong></span> <span class='ocrx_word' id='word_1_184' title='bbox 1239 3217 1295 3277; x_wconf 90' lang='lat' dir='ltr'><strong>sia</strong></span> 
     </span>
     <span class='ocr_line' id='line_1_39' title="bbox 549 3309 1295 3374; baseline -0.005 0"><span class='ocrx_word' id='word_1_185' title='bbox 549 3310 723 3374; x_wconf 88' lang='lat' dir='ltr'><strong>Gentilibus</strong></span> <span class='ocrx_word' id='word_1_186' title='bbox 743 3309 793 3371; x_wconf 89' lang='lat' dir='ltr'><strong>rel</strong></span> <span class='ocrx_word' id='word_1_187' title='bbox 814 3310 870 3372; x_wconf 90' lang='lat' dir='ltr'><strong>alia</strong></span> <span class='ocrx_word' id='word_1_188' title='bbox 886 3309 1059 3372; x_wconf 84' lang='lat' dir='ltr'><strong>rationabili</strong></span> <span class='ocrx_word' id='word_1_189' title='bbox 1081 3311 1117 3372; x_wconf 89' lang='lat' dir='ltr'><strong>de</strong></span> <span class='ocrx_word' id='word_1_190' title='bbox 1139 3327 1228 3371; x_wconf 90' lang='lat' dir='ltr'><strong>causa</strong></span> <span class='ocrx_word' id='word_1_191' title='bbox 1243 3325 1295 3370; x_wconf 82' lang='lat' dir='ltr'><strong>ex·</strong></span> 
     </span>
     <span class='ocr_line' id='line_1_40' title="bbox 551 3402 1295 3480; baseline -0.004 -14"><span class='ocrx_word' id='word_1_192' title='bbox 551 3411 595 3466; x_wconf 86' lang='lat' dir='ltr'><strong>tra</strong></span> <span class='ocrx_word' id='word_1_193' title='bbox 615 3419 687 3466; x_wconf 90' lang='lat' dir='ltr'><strong>suos</strong></span> <span class='ocrx_word' id='word_1_194' title='bbox 708 3402 823 3464; x_wconf 89' lang='lat' dir='ltr'><strong>limites</strong></span> <span class='ocrx_word' id='word_1_195' title='bbox 844 3403 928 3464; x_wconf 79' lang='lat' dir='ltr'><strong>exire</strong></span> <span class='ocrx_word' id='word_1_196' title='bbox 949 3409 1087 3480; x_wconf 79' lang='lat' dir='ltr'><strong>cogatur,</strong></span> <span class='ocrx_word' id='word_1_197' title='bbox 1112 3410 1187 3464; x_wconf 91' lang='lat' dir='ltr'><strong>tunc</strong></span> <span class='ocrx_word' id='word_1_198' title='bbox 1208 3403 1245 3466; x_wconf 91' lang='lat' dir='ltr'><strong>de</strong></span> <span class='ocrx_word' id='word_1_199' title='bbox 1260 3402 1295 3463; x_wconf 95' lang='lat' dir='ltr'><strong>li-</strong></span> 
     </span>
     <span class='ocr_line' id='line_1_41' title="bbox 550 3495 1294 3575; baseline -0.001 -14"><span class='ocrx_word' id='word_1_200' title='bbox 550 3497 650 3562; x_wconf 90' lang='lat' dir='ltr'><strong>centia</strong></span> <span class='ocrx_word' id='word_1_201' title='bbox 685 3495 795 3559; x_wconf 89' lang='lat' dir='ltr'><strong>Vicarii</strong></span> <span class='ocrx_word' id='word_1_202' title='bbox 828 3495 994 3575; x_wconf 74' lang='lat' dir='ltr'><strong>apostolici</strong></span> <span class='ocrx_word' id='word_1_203' title='bbox 1015 3505 1046 3558; x_wconf 90' lang='lat' dir='ltr'><strong>et</strong></span> <span class='ocrx_word' id='word_1_204' title='bbox 1075 3497 1113 3558; x_wconf 91' lang='lat' dir='ltr'><strong>de</strong></span> <span class='ocrx_word' id='word_1_205' title='bbox 1141 3511 1294 3560; x_wconf 90' lang='lat' dir='ltr'><strong>consensu</strong></span> 
     </span>
     <span class='ocr_line' id='line_1_42' title="bbox 551 3591 1295 3657; baseline 0.001 -2"><span class='ocrx_word' id='word_1_206' title='bbox 551 3592 737 3655; x_wconf 89' lang='lat' dir='ltr'><strong>missionaril</strong></span> <span class='ocrx_word' id='word_1_207' title='bbox 758 3592 852 3655; x_wconf 91' lang='lat' dir='ltr'><strong>buius</strong></span> <span class='ocrx_word' id='word_1_208' title='bbox 874 3591 1030 3657; x_wconf 89' lang='lat' dir='ltr'><strong>districtus</strong></span> <span class='ocrx_word' id='word_1_209' title='bbox 1060 3610 1205 3656; x_wconf 84' lang='lat' dir='ltr'><strong>exercere</strong></span> <span class='ocrx_word' id='word_1_210' title='bbox 1226 3594 1295 3657; x_wconf 90' lang='lat' dir='ltr'><strong>lun-</strong></span> 
     </span>
     <span class='ocr_line' id='line_1_43' title="bbox 550 3685 1294 3767; baseline 0 -19"><span class='ocrx_word' id='word_1_211' title='bbox 550 3685 667 3748; x_wconf 91' lang='lat' dir='ltr'><strong>ctiones</strong></span> <span class='ocrx_word' id='word_1_212' title='bbox 687 3685 792 3748; x_wconf 90' lang='lat' dir='ltr'><strong>solitas</strong></span> <span class='ocrx_word' id='word_1_213' title='bbox 814 3687 936 3764; x_wconf 90' lang='lat' dir='ltr'><strong>poterit.</strong></span> <span class='ocrx_word' id='word_1_214' title='bbox 961 3687 1000 3748; x_wconf 89' lang='lat' dir='ltr'><strong>Et</strong></span> <span class='ocrx_word' id='word_1_215' title='bbox 1020 3688 1091 3767; x_wconf 93' lang='lat' dir='ltr'><strong>quia</strong></span> <span class='ocrx_word' id='word_1_216' title='bbox 1108 3689 1140 3750; x_wconf 93' lang='lat' dir='ltr'><strong>iu</strong></span> <span class='ocrx_word' id='word_1_217' title='bbox 1155 3688 1211 3750; x_wconf 90' lang='lat' dir='ltr'><strong>bac</strong></span> <span class='ocrx_word' id='word_1_218' title='bbox 1226 3704 1294 3767; x_wconf 93' lang='lat' dir='ltr'><strong>pro-</strong></span> 
     </span>
     <span class='ocr_line' id='line_1_44' title="bbox 551 3779 1295 3860; baseline 0.005 -20"><span class='ocrx_word' id='word_1_219' title='bbox 551 3779 701 3841; x_wconf 86' lang='lat' dir='ltr'><strong>hibitione</strong></span> <span class='ocrx_word' id='word_1_220' title='bbox 723 3795 786 3840; x_wconf 91' lang='lat' dir='ltr'><strong>non</strong></span> <span class='ocrx_word' id='word_1_221' title='bbox 810 3780 1004 3843; x_wconf 86' lang='lat' dir='ltr'><strong>intendimus</strong></span> <span class='ocrx_word' id='word_1_222' title='bbox 1031 3783 1295 3860; x_wconf 87' lang='lat' dir='ltr'><strong>comprehendere</strong></span> 
     </span>
     <span class='ocr_line' id='line_1_45' title="bbox 550 3875 1296 3954; baseline 0.003 -20"><span class='ocrx_word' id='word_1_223' title='bbox 550 3889 636 3935; x_wconf 91' lang='lat' dir='ltr'><strong>casus</strong></span> <span class='ocrx_word' id='word_1_224' title='bbox 658 3881 820 3951; x_wconf 79' lang='lat' dir='ltr'><strong>urgentes,</strong></span> <span class='ocrx_word' id='word_1_225' title='bbox 844 3875 876 3936; x_wconf 93' lang='lat' dir='ltr'><strong>in</strong></span> <span class='ocrx_word' id='word_1_226' title='bbox 899 3876 1011 3954; x_wconf 92' lang='lat' dir='ltr'><strong>quibus</strong></span> <span class='ocrx_word' id='word_1_227' title='bbox 1033 3876 1222 3938; x_wconf 87' lang='lat' dir='ltr'><strong>missionaril</strong></span> <span class='ocrx_word' id='word_1_228' title='bbox 1245 3891 1296 3936; x_wconf 87' lang='lat' dir='ltr'><strong>vo-</strong></span> 
     </span>
     <span class='ocr_line' id='line_1_46' title="bbox 550 3966 1295 4044; baseline 0.003 -16"><span class='ocrx_word' id='word_1_229' title='bbox 550 3972 661 4028; x_wconf 92' lang='lat' dir='ltr'><strong>cantur</strong></span> <span class='ocrx_word' id='word_1_230' title='bbox 681 3968 717 4029; x_wconf 93' lang='lat' dir='ltr'><strong>ad</strong></span> <span class='ocrx_word' id='word_1_231' title='bbox 740 3966 893 4044; x_wconf 80' lang='lat' dir='ltr'><strong>infirmos,</strong></span> <span class='ocrx_word' id='word_1_232' title='bbox 916 3969 983 4031; x_wconf 90' lang='lat' dir='ltr'><strong>siue</strong></span> <span class='ocrx_word' id='word_1_233' title='bbox 999 3985 1083 4032; x_wconf 92' lang='lat' dir='ltr'><strong>mora</strong></span> <span class='ocrx_word' id='word_1_234' title='bbox 1099 3969 1161 4032; x_wconf 92' lang='lat' dir='ltr'><strong>illis</strong></span> <span class='ocrx_word' id='word_1_235' title='bbox 1182 3968 1295 4031; x_wconf 91' lang='lat' dir='ltr'><strong>debent</strong></span> 
     </span>
     <span class='ocr_line' id='line_1_47' title="bbox 550 4061 1295 4139; baseline 0.005 -19"><span class='ocrx_word' id='word_1_236' title='bbox 550 4075 746 4137; x_wconf 82' lang='lat' dir='ltr'><strong>succurrere3</strong></span> <span class='ocrx_word' id='word_1_237' title='bbox 769 4061 846 4139; x_wconf 91' lang='lat' dir='ltr'><strong>quin</strong></span> <span class='ocrx_word' id='word_1_238' title='bbox 862 4062 925 4124; x_wconf 91' lang='lat' dir='ltr'><strong>imo</strong></span> <span class='ocrx_word' id='word_1_239' title='bbox 939 4063 1102 4125; x_wconf 90' lang='lat' dir='ltr'><strong>hortamur</strong></span> <span class='ocrx_word' id='word_1_240' title='bbox 1117 4079 1226 4125; x_wconf 90' lang='lat' dir='ltr'><strong>omnes</strong></span> <span class='ocrx_word' id='word_1_241' title='bbox 1241 4079 1295 4124; x_wconf 92' lang='lat' dir='ltr'><strong>no·</strong></span> 
     </span>
     <span class='ocr_line' id='line_1_48' title="bbox 550 4155 1296 4231; baseline 0.003 -15"><span class='ocrx_word' id='word_1_242' title='bbox 550 4161 629 4216; x_wconf 89' lang='lat' dir='ltr'><strong>stros</strong></span> <span class='ocrx_word' id='word_1_243' title='bbox 651 4169 721 4217; x_wconf 92' lang='lat' dir='ltr'><strong>ven.</strong></span> <span class='ocrx_word' id='word_1_244' title='bbox 737 4155 846 4218; x_wconf 87' lang='lat' dir='ltr'><strong>iratres</strong></span> <span class='ocrx_word' id='word_1_245' title='bbox 862 4157 1082 4231; x_wconf 88' lang='lat' dir='ltr'><strong>missionarios,</strong></span> <span class='ocrx_word' id='word_1_246' title='bbox 1097 4163 1132 4218; x_wconf 90' lang='lat' dir='ltr'><strong>ut</strong></span> <span class='ocrx_word' id='word_1_247' title='bbox 1146 4173 1212 4219; x_wconf 90' lang='lat' dir='ltr'><strong>sese</strong></span> <span class='ocrx_word' id='word_1_248' title='bbox 1227 4172 1296 4218; x_wconf 88' lang='lat' dir='ltr'><strong>mu·</strong></span> 
     </span>
     <span class='ocr_line' id='line_1_49' title="bbox 551 4248 1296 4327; baseline 0 -17"><span class='ocrx_word' id='word_1_249' title='bbox 551 4248 1296 4327; x_wconf 55' lang='lat' dir='ltr'><strong>mmmmmmfflwmm</strong></span> 
     </span>
     <span class='ocr_line' id='line_1_50' title="bbox 552 4341 1246 4435; baseline 0.003 -35"><span class='ocrx_word' id='word_1_250' title='bbox 552 4341 585 4402; x_wconf 92' lang='lat' dir='ltr'><strong>in</strong></span> <span class='ocrx_word' id='word_1_251' title='bbox 608 4342 739 4435; x_wconf 83' lang='lat' dir='ltr'><strong>Ciuitate</strong></span> <span class='ocrx_word' id='word_1_252' title='bbox 762 4341 864 4404; x_wconf 86' lang='lat' dir='ltr'><strong>Aaiae</strong></span> <span class='ocrx_word' id='word_1_253' title='bbox 886 4342 936 4404; x_wconf 87' lang='lat' dir='ltr'><strong>die</strong></span> <span class='ocrx_word' id='word_1_254' title='bbox 958 4359 992 4405; x_wconf 93' lang='grc' dir='ltr'><strong>ιι.</strong></span> <span class='ocrx_word' id='word_1_255' title='bbox 1018 4343 1085 4405; x_wconf 93' lang='lat' dir='ltr'><strong>iulii</strong></span> <span class='ocrx_word' id='word_1_256' title='bbox 1107 4357 1246 4406; x_wconf 80' lang='lat' dir='ltr'><strong>nocant.</strong></span> 
     </span>
    </p>
   </div>
   <div class='ocr_carea' id='block_1_16' title="bbox 793 4463 1264 4637">
    <p class='ocr_par' dir='ltr' id='par_1_17' title="bbox 793 4463 1264 4637">
     <span class='ocr_line' id='line_1_51' title="bbox 793 4463 1264 4544; baseline 0 -19"><span class='ocrx_word' id='word_1_257' title='bbox 793 4463 839 4525; x_wconf 90' lang='lat' dir='ltr'><strong>El.</strong></span> <span class='ocrx_word' id='word_1_258' title='bbox 863 4465 896 4526; x_wconf 86' lang='lat' dir='ltr'><strong>F.</strong></span> <span class='ocrx_word' id='word_1_259' title='bbox 923 4464 1090 4544; x_wconf 82' lang='lat' dir='ltr'><strong>Episcopus</strong></span> <span class='ocrx_word' id='word_1_260' title='bbox 1111 4463 1264 4526; x_wconf 89' lang='lat' dir='ltr'><strong>Halicarn.</strong></span> 
     </span>
     <span class='ocr_line' id='line_1_52' title="bbox 856 4555 1224 4637; baseline -0.005 -19"><span class='ocrx_word' id='word_1_261' title='bbox 856 4555 1002 4619; x_wconf 79' lang='lat' dir='ltr'><strong>Visiiator</strong></span> <span class='ocrx_word' id='word_1_262' title='bbox 1023 4557 1224 4637; x_wconf 69' lang='lat' dir='ltr'><strong>apostolicus.</strong></span> 
     </span>
    </p>
   </div>
   <div class='ocr_carea' id='block_1_17' title="bbox 374 4720 1297 4796">
    <p class='ocr_par' dir='ltr' id='par_1_18' title="bbox 374 4720 1297 4796">
     <span class='ocr_line' id='line_1_53' title="bbox 374 4720 1297 4796; baseline 0.005 -20"><span class='ocrx_word' id='word_1_263' title='bbox 374 4732 533 4779; x_wconf 79' lang='lat' dir='ltr'><strong>rranetscanr</strong></span> <span class='ocrx_word' id='word_1_264' title='bbox 593 4721 612 4796; x_wconf 65' lang='grc' dir='ltr'><strong>ς</strong></span> <span class='ocrx_word' id='word_1_265' title='bbox 633 4720 661 4782; x_wconf 79' lang='lat' dir='ltr'><strong>b.</strong></span> <span class='ocrx_word' id='word_1_266' title='bbox 685 4720 877 4784; x_wconf 90' lang='lat' dir='ltr'><strong>Praeinserta</strong></span> <span class='ocrx_word' id='word_1_267' title='bbox 897 4737 973 4784; x_wconf 86' lang='lat' dir='ltr'><strong>vero</strong></span> <span class='ocrx_word' id='word_1_268' title='bbox 993 4721 1115 4784; x_wconf 90' lang='lat' dir='ltr'><strong>decreta</strong></span> <span class='ocrx_word' id='word_1_269' title='bbox 1135 4721 1239 4784; x_wconf 88' lang='lat' dir='ltr'><strong>statim</strong></span> <span class='ocrx_word' id='word_1_270' title='bbox 1254 4728 1297 4781; x_wconf 89' lang='lat' dir='ltr'><strong>at·</strong></span> 
     </span>
    </p>
   </div>
   <div class='ocr_carea' id='block_1_18' title="bbox 362 4795 378 4886">
    <p class='ocr_par' dir='ltr' id='par_1_19' title="bbox 362 4795 378 4886">
     <span class='ocr_line' id='line_1_54' title="bbox 362 4795 378 4886; baseline 0 0"><span class='ocrx_word' id='word_1_271' title='bbox 362 4795 378 4886; x_wconf 73' lang='grc' dir='ltr'><em>ἓ</em></span> 
     </span>
    </p>
   </div>
   <div class='ocr_carea' id='block_1_19' title="bbox 384 4783 517 4832">
    <p class='ocr_par' dir='ltr' id='par_1_20' title="bbox 384 4783 517 4832">
     <span class='ocr_line' id='line_1_55' title="bbox 384 4783 517 4832; baseline 0.015 -1"><span class='ocrx_word' id='word_1_272' title='bbox 384 4783 481 4832; x_wconf 81' lang='lat' dir='ltr'><strong>ellani</strong></span> <span class='ocrx_word' id='word_1_273' title='bbox 503 4797 517 4832; x_wconf 84' lang='lat' dir='ltr'><strong>a</strong></span> 
     </span>
    </p>
   </div>
   <div class='ocr_carea' id='block_1_20' title="bbox 379 4839 458 4886">
    <p class='ocr_par' dir='ltr' id='par_1_21' title="bbox 379 4839 458 4886">
     <span class='ocr_line' id='line_1_56' title="bbox 379 4839 458 4886; baseline -0.013 0"><span class='ocrx_word' id='word_1_274' title='bbox 379 4839 458 4886; x_wconf 87' lang='lat' dir='ltr'><strong>edem.</strong></span> 
     </span>
    </p>
   </div>
   <div class='ocr_carea' id='block_1_21' title="bbox 518 4786 1295 4893">
    <p class='ocr_par' dir='ltr' id='par_1_22' title="bbox 518 4786 1295 4893">
     <span class='ocr_line' id='line_1_57' title="bbox 518 4786 1295 4893; baseline -0.003 -17"><span class='ocrx_word' id='word_1_275' title='bbox 518 4786 614 4893; x_wconf 64' lang='lat' dir='ltr'><strong>“que</strong></span> <span class='ocrx_word' id='word_1_276' title='bbox 635 4815 718 4876; x_wconf 91' lang='lat' dir='ltr'><strong>idem</strong></span> <span class='ocrx_word' id='word_1_277' title='bbox 740 4814 897 4877; x_wconf 88' lang='lat' dir='ltr'><strong>Eizearius</strong></span> <span class='ocrx_word' id='word_1_278' title='bbox 919 4814 1096 4878; x_wconf 87' lang='lat' dir='ltr'><strong>Franciscus</strong></span> <span class='ocrx_word' id='word_1_279' title='bbox 1117 4815 1295 4893; x_wconf 88' lang='lat' dir='ltr'><strong>Episcopus,</strong></span> 
     </span>
    </p>
   </div>
   <div class='ocr_carea' id='block_1_22' title="bbox 552 4907 1298 6020">
    <p class='ocr_par' dir='ltr' id='par_1_23' title="bbox 552 4907 1298 6020">
     <span class='ocr_line' id='line_1_58' title="bbox 553 4907 1296 4987; baseline -0.004 -17"><span class='ocrx_word' id='word_1_280' title='bbox 553 4907 747 4986; x_wconf 78' lang='lat' dir='ltr'><strong>apostolicus</strong></span> <span class='ocrx_word' id='word_1_281' title='bbox 769 4908 926 4984; x_wconf 87' lang='lat' dir='ltr'><strong>Visitator,</strong></span> <span class='ocrx_word' id='word_1_282' title='bbox 950 4907 1107 4987; x_wconf 90' lang='lat' dir='ltr'><strong>proposuit</strong></span> <span class='ocrx_word' id='word_1_283' title='bbox 1122 4923 1156 4970; x_wconf 93' lang='lat' dir='ltr'><strong>ac</strong></span> <span class='ocrx_word' id='word_1_284' title='bbox 1177 4907 1296 4986; x_wconf 89' lang='lat' dir='ltr'><strong>publica</strong></span> 
     </span>
     <span class='ocr_line' id='line_1_59' title="bbox 553 5000 1295 5076; baseline -0.003 -14"><span class='ocrx_word' id='word_1_285' title='bbox 553 5000 642 5076; x_wconf 89' lang='lat' dir='ltr'><strong>lecit,</strong></span> <span class='ocrx_word' id='word_1_286' title='bbox 673 5003 819 5064; x_wconf 85' lang='lat' dir='ltr'><strong>antedicti</strong></span> <span class='ocrx_word' id='word_1_287' title='bbox 848 5001 956 5063; x_wconf 87' lang='lat' dir='ltr'><strong>iratres</strong></span> <span class='ocrx_word' id='word_1_288' title='bbox 987 5000 1108 5064; x_wconf 88' lang='lat' dir='ltr'><strong>Ordinis</strong></span> <span class='ocrx_word' id='word_1_289' title='bbox 1140 5001 1295 5064; x_wconf 83' lang='lat' dir='ltr'><strong>bliuorum</strong></span> 
     </span>
     <span class='ocr_line' id='line_1_60' title="bbox 553 5093 1297 5158; baseline -0.007 0"><span class='ocrx_word' id='word_1_290' title='bbox 553 5094 657 5158; x_wconf 87' lang='lat' dir='ltr'><strong>Sancti</strong></span> <span class='ocrx_word' id='word_1_291' title='bbox 678 5095 832 5158; x_wconf 83' lang='lat' dir='ltr'><strong>Francisci</strong></span> <span class='ocrx_word' id='word_1_292' title='bbox 854 5097 891 5158; x_wconf 91' lang='lat' dir='ltr'><strong>de</strong></span> <span class='ocrx_word' id='word_1_293' title='bbox 911 5095 1112 5158; x_wconf 80' lang='lat' dir='ltr'><strong>Obseruantia</strong></span> <span class='ocrx_word' id='word_1_294' title='bbox 1138 5093 1297 5156; x_wconf 78' lang='lat' dir='ltr'><strong>Excalcea-</strong></span> 
     </span>
     <span class='ocr_line' id='line_1_61' title="bbox 552 5184 1298 5267; baseline -0.005 -17"><span class='ocrx_word' id='word_1_295' title='bbox 552 5193 657 5250; x_wconf 89' lang='lat' dir='ltr'><strong>torum</strong></span> <span class='ocrx_word' id='word_1_296' title='bbox 679 5188 945 5267; x_wconf 69' lang='lat' dir='ltr'><strong>adapostolicam</strong></span> <span class='ocrx_word' id='word_1_297' title='bbox 971 5188 1049 5250; x_wconf 93' lang='lat' dir='ltr'><strong>hauc</strong></span> <span class='ocrx_word' id='word_1_298' title='bbox 1077 5187 1221 5250; x_wconf 90' lang='lat' dir='ltr'><strong>Sanctam</strong></span> <span class='ocrx_word' id='word_1_299' title='bbox 1245 5184 1298 5248; x_wconf 90' lang='lat' dir='ltr'><strong>Se-</strong></span> 
     </span>
     <span class='ocr_line' id='line_1_62' title="bbox 552 5278 1296 5362; baseline -0.004 -19"><span class='ocrx_word' id='word_1_300' title='bbox 552 5282 624 5343; x_wconf 92' lang='lat' dir='ltr'><strong>dem</strong></span> <span class='ocrx_word' id='word_1_301' title='bbox 645 5281 857 5362; x_wconf 80' lang='lat' dir='ltr'><strong>appellarunt3</strong></span> <span class='ocrx_word' id='word_1_302' title='bbox 881 5283 964 5344; x_wconf 93' lang='lat' dir='ltr'><strong>unde</strong></span> <span class='ocrx_word' id='word_1_303' title='bbox 985 5281 1021 5341; x_wconf 92' lang='lat' dir='ltr'><strong>ad</strong></span> <span class='ocrx_word' id='word_1_304' title='bbox 1042 5280 1194 5343; x_wconf 90' lang='lat' dir='ltr'><strong>laudatam</strong></span> <span class='ocrx_word' id='word_1_305' title='bbox 1217 5278 1296 5341; x_wconf 86' lang='lat' dir='ltr'><strong>Gon-</strong></span> 
     </span>
     <span class='ocr_line' id='line_1_63' title="bbox 553 5371 1296 5454; baseline -0.007 -18"><span class='ocrx_word' id='word_1_306' title='bbox 553 5374 768 5453; x_wconf 82' lang='lat' dir='ltr'><strong>gregatiouem</strong></span> <span class='ocrx_word' id='word_1_307' title='bbox 790 5375 1006 5454; x_wconf 80' lang='lat' dir='ltr'><strong>Propagaudae</strong></span> <span class='ocrx_word' id='word_1_308' title='bbox 1030 5373 1127 5448; x_wconf 87' lang='lat' dir='ltr'><strong>Fidei,</strong></span> <span class='ocrx_word' id='word_1_309' title='bbox 1150 5389 1183 5434; x_wconf 89' lang='lat' dir='ltr'><strong>ac</strong></span> <span class='ocrx_word' id='word_1_310' title='bbox 1204 5371 1296 5450; x_wconf 88' lang='lat' dir='ltr'><strong>potis-</strong></span> 
     </span>
     <span class='ocr_line' id='line_1_64' title="bbox 552 5465 1296 5547; baseline -0.005 -17"><span class='ocrx_word' id='word_1_311' title='bbox 552 5469 668 5531; x_wconf 91' lang='lat' dir='ltr'><strong>simum</strong></span> <span class='ocrx_word' id='word_1_312' title='bbox 696 5468 732 5530; x_wconf 92' lang='lat' dir='ltr'><strong>ad</strong></span> <span class='ocrx_word' id='word_1_313' title='bbox 764 5467 983 5547; x_wconf 90' lang='lat' dir='ltr'><strong>particularem</strong></span> <span class='ocrx_word' id='word_1_314' title='bbox 1016 5465 1296 5544; x_wconf 78' lang='lat' dir='ltr'><strong>congregationem</strong></span> 
     </span>
     <span class='ocr_line' id='line_1_65' title="bbox 553 5557 1297 5637; baseline -0.012 -10"><span class='ocrx_word' id='word_1_315' title='bbox 553 5562 782 5627; x_wconf 88' lang='lat' dir='ltr'><strong>nonnullorum</strong></span> <span class='ocrx_word' id='word_1_316' title='bbox 805 5560 1014 5625; x_wconf 83' lang='lat' dir='ltr'><strong>Cardinalium</strong></span> <span class='ocrx_word' id='word_1_317' title='bbox 1036 5575 1129 5637; x_wconf 91' lang='lat' dir='ltr'><strong>super</strong></span> <span class='ocrx_word' id='word_1_318' title='bbox 1144 5557 1297 5620; x_wconf 90' lang='lat' dir='ltr'><strong>missioni-</strong></span> 
     </span>
     <span class='ocr_line' id='line_1_66' title="bbox 553 5653 1297 5732; baseline -0.011 -12"><span class='ocrx_word' id='word_1_319' title='bbox 553 5659 610 5720; x_wconf 88' lang='lat' dir='ltr'><strong>bus</strong></span> <span class='ocrx_word' id='word_1_320' title='bbox 636 5654 793 5719; x_wconf 92' lang='lat' dir='ltr'><strong>lndiarum</strong></span> <span class='ocrx_word' id='word_1_321' title='bbox 819 5653 1021 5718; x_wconf 85' lang='lat' dir='ltr'><strong>Orientalium</strong></span> <span class='ocrx_word' id='word_1_322' title='bbox 1050 5653 1221 5732; x_wconf 89' lang='lat' dir='ltr'><strong>specialiter</strong></span> <span class='ocrx_word' id='word_1_323' title='bbox 1247 5654 1297 5715; x_wconf 92' lang='lat' dir='ltr'><strong>de·</strong></span> 
     </span>
     <span class='ocr_line' id='line_1_67' title="bbox 553 5746 1296 5830; baseline -0.008 -18"><span class='ocrx_word' id='word_1_324' title='bbox 553 5755 744 5830; x_wconf 88' lang='lat' dir='ltr'><strong>putatorum,</strong></span> <span class='ocrx_word' id='word_1_325' title='bbox 768 5747 944 5810; x_wconf 88' lang='lat' dir='ltr'><strong>remisimus</strong></span> <span class='ocrx_word' id='word_1_326' title='bbox 960 5746 1149 5826; x_wconf 91' lang='lat' dir='ltr'><strong>praeinserta</strong></span> <span class='ocrx_word' id='word_1_327' title='bbox 1164 5747 1296 5819; x_wconf 87' lang='lat' dir='ltr'><strong>decreta,</strong></span> 
     </span>
     <span class='ocr_line' id='line_1_68' title="bbox 554 5837 1297 5908; baseline -0.012 0"><span class='ocrx_word' id='word_1_328' title='bbox 554 5851 589 5908; x_wconf 88' lang='lat' dir='ltr'><strong>ut</strong></span> <span class='ocrx_word' id='word_1_329' title='bbox 606 5853 728 5907; x_wconf 90' lang='lat' dir='ltr'><strong>mature</strong></span> <span class='ocrx_word' id='word_1_330' title='bbox 742 5841 1006 5904; x_wconf 83' lang='lat' dir='ltr'><strong>examinarentur.</strong></span> <span class='ocrx_word' id='word_1_331' title='bbox 1024 5837 1179 5902; x_wconf 84' lang='lat' dir='ltr'><strong>Praefatae</strong></span> <span class='ocrx_word' id='word_1_332' title='bbox 1194 5843 1297 5900; x_wconf 88' lang='lat' dir='ltr'><strong>autem</strong></span> 
     </span>
     <span class='ocr_line' id='line_1_69' title="bbox 555 5932 1295 6020; baseline -0.005 -22"><span class='ocrx_word' id='word_1_333' title='bbox 555 5935 745 6020; x_wconf 89' lang='lat' dir='ltr'><strong>particularis</strong></span> <span class='ocrx_word' id='word_1_334' title='bbox 776 5933 1033 6012; x_wconf 75' lang='lat' dir='ltr'><strong>congregationis</strong></span> <span class='ocrx_word' id='word_1_335' title='bbox 1065 5932 1295 6009; x_wconf 87' lang='lat' dir='ltr'><strong>Cardinalium,</strong></span> 
     </span>
    </p>
   </div>
   <div class='ocr_carea' id='block_1_23' title="bbox 1064 569 1559 616">
    <p class='ocr_par' dir='ltr' id='par_1_24' title="bbox 1064 569 1559 616">
     <span class='ocr_line' id='line_1_70' title="bbox 1064 569 1559 616; baseline -0.004 -2"><span class='ocrx_word' id='word_1_336' title='bbox 1064 571 1127 616; x_wconf 85' lang='lat' dir='ltr'><strong>lUss.</strong></span> <span class='ocrx_word' id='word_1_337' title='bbox 1152 570 1241 614; x_wconf 71' lang='lat' dir='ltr'><strong>PONE·</strong></span> <span class='ocrx_word' id='word_1_338' title='bbox 1267 569 1306 612; x_wconf 81' lang='lat' dir='ltr'><strong>ltu</strong></span> <span class='ocrx_word' id='word_1_339' title='bbox 1328 569 1356 613; x_wconf 79' lang='lat' dir='ltr'><strong>P·</strong></span> <span class='ocrx_word' id='word_1_340' title='bbox 1382 570 1410 614; x_wconf 79' lang='lat' dir='ltr'><strong>F·</strong></span> <span class='ocrx_word' id='word_1_341' title='bbox 1436 571 1517 616; x_wconf 76' lang='lat' dir='ltr'><strong>PARS</strong></span> <span class='ocrx_word' id='word_1_342' title='bbox 1540 572 1559 614; x_wconf 90' lang='grc' dir='ltr'><strong>Ι.</strong></span> 
     </span>
    </p>
   </div>
   <div class='ocr_carea' id='block_1_24' title="bbox 2120 538 2355 628">
    <p class='ocr_par' dir='ltr' id='par_1_25' title="bbox 2120 538 2355 628">
     <span class='ocr_line' id='line_1_71' title="bbox 2120 538 2355 628; baseline 0.004 -22"><span class='ocrx_word' id='word_1_343' title='bbox 2120 553 2220 609; x_wconf 67' lang='lat' dir='ltr'><strong>Aac.</strong></span> <span class='ocrx_word' id='word_1_344' title='bbox 2244 559 2309 608; x_wconf 76' lang='lat' dir='ltr'><strong>trae</strong></span> <span class='ocrx_word' id='word_1_345' title='bbox 2354 538 2355 628; x_wconf 79' lang='lat' dir='ltr'><strong>l</strong></span> 
     </span>
    </p>
   </div>
   <div class='ocr_carea' id='block_1_25' title="bbox 1346 688 2357 6010">
    <p class='ocr_par' dir='ltr' id='par_1_26' title="bbox 1346 688 2357 4045">
     <span class='ocr_line' id='line_1_72' title="bbox 1346 688 2087 770; baseline 0.008 -20"><span class='ocrx_word' id='word_1_346' title='bbox 1346 691 1400 766; x_wconf 94' lang='lat' dir='ltr'><strong>qui</strong></span> <span class='ocrx_word' id='word_1_347' title='bbox 1414 688 1461 750; x_wconf 91' lang='lat' dir='ltr'><strong>die</strong></span> <span class='ocrx_word' id='word_1_348' title='bbox 1474 705 1541 751; x_wconf 89' lang='grc' dir='ltr'><strong>ιιιιι.</strong></span> <span class='ocrx_word' id='word_1_349' title='bbox 1554 692 1670 754; x_wconf 90' lang='lat' dir='ltr'><strong>mensis</strong></span> <span class='ocrx_word' id='word_1_350' title='bbox 1681 694 1864 770; x_wconf 90' lang='lat' dir='ltr'><strong>septembris</strong></span> <span class='ocrx_word' id='word_1_351' title='bbox 1874 709 1925 757; x_wconf 89' lang='lat' dir='ltr'><strong>an.</strong></span> <span class='ocrx_word' id='word_1_352' title='bbox 1934 713 2087 758; x_wconf 82' lang='lat' dir='ltr'><strong>nuceum.</strong></span> 
     </span>
     <span class='ocr_line' id='line_1_73' title="bbox 1346 784 2090 864; baseline 0.008 -17"><span class='ocrx_word' id='word_1_353' title='bbox 1346 787 1466 847; x_wconf 91' lang='lat' dir='ltr'><strong>decreta</strong></span> <span class='ocrx_word' id='word_1_354' title='bbox 1481 784 1659 848; x_wconf 88' lang='lat' dir='ltr'><strong>huiusmodi</strong></span> <span class='ocrx_word' id='word_1_355' title='bbox 1675 787 1711 848; x_wconf 94' lang='lat' dir='ltr'><strong>ad</strong></span> <span class='ocrx_word' id='word_1_356' title='bbox 1730 790 1892 864; x_wconf 88' lang='lat' dir='ltr'><strong>trutinam,</strong></span> <span class='ocrx_word' id='word_1_357' title='bbox 1909 790 1993 852; x_wconf 82' lang='lat' dir='ltr'><strong>iuxta</strong></span> <span class='ocrx_word' id='word_1_358' title='bbox 2009 807 2090 853; x_wconf 93' lang='lat' dir='ltr'><strong>nun·</strong></span> 
     </span>
     <span class='ocr_line' id='line_1_74' title="bbox 1348 877 2090 959; baseline 0.013 -21"><span class='ocrx_word' id='word_1_359' title='bbox 1348 877 1417 954; x_wconf 90' lang='lat' dir='ltr'><strong>tias,</strong></span> <span class='ocrx_word' id='word_1_360' title='bbox 1440 885 1638 956; x_wconf 89' lang='lat' dir='ltr'><strong>acceptasque</strong></span> <span class='ocrx_word' id='word_1_361' title='bbox 1661 887 1736 943; x_wconf 91' lang='lat' dir='ltr'><strong>tunc</strong></span> <span class='ocrx_word' id='word_1_362' title='bbox 1757 881 1873 959; x_wconf 87' lang='lat' dir='ltr'><strong>primas</strong></span> <span class='ocrx_word' id='word_1_363' title='bbox 1894 897 2002 947; x_wconf 91' lang='lat' dir='ltr'><strong>rerum</strong></span> <span class='ocrx_word' id='word_1_364' title='bbox 2023 901 2090 947; x_wconf 91' lang='lat' dir='ltr'><strong>om·</strong></span> 
     </span>
     <span class='ocr_line' id='line_1_75' title="bbox 1348 972 2090 1054; baseline 0.015 -22"><span class='ocrx_word' id='word_1_365' title='bbox 1348 972 1435 1034; x_wconf 93' lang='lat' dir='ltr'><strong>nium</strong></span> <span class='ocrx_word' id='word_1_366' title='bbox 1460 975 1613 1049; x_wconf 89' lang='lat' dir='ltr'><strong>notiones,</strong></span> <span class='ocrx_word' id='word_1_367' title='bbox 1630 977 1852 1052; x_wconf 86' lang='lat' dir='ltr'><strong>expenderant,</strong></span> <span class='ocrx_word' id='word_1_368' title='bbox 1870 977 2009 1054; x_wconf 89' lang='lat' dir='ltr'><strong>consilio,</strong></span> <span class='ocrx_word' id='word_1_369' title='bbox 2025 995 2090 1043; x_wconf 91' lang='lat' dir='ltr'><strong>non</strong></span> 
     </span>
     <span class='ocr_line' id='line_1_76' title="bbox 1346 1066 2323 1146; baseline 0.01 -20"><span class='ocrx_word' id='word_1_370' title='bbox 1346 1066 1448 1128; x_wconf 92' lang='lat' dir='ltr'><strong>solum</strong></span> <span class='ocrx_word' id='word_1_371' title='bbox 1463 1068 1632 1146; x_wconf 90' lang='lat' dir='ltr'><strong>saepedicta</strong></span> <span class='ocrx_word' id='word_1_372' title='bbox 1647 1070 1766 1130; x_wconf 90' lang='lat' dir='ltr'><strong>decreta</strong></span> <span class='ocrx_word' id='word_1_373' title='bbox 1782 1069 1831 1132; x_wconf 90' lang='lat' dir='ltr'><strong>die</strong></span> <span class='ocrx_word' id='word_1_374' title='bbox 1846 1085 1900 1134; x_wconf 89' lang='grc' dir='ltr'><strong>ιιιι.</strong></span> <span class='ocrx_word' id='word_1_375' title='bbox 1914 1071 2091 1136; x_wconf 88' lang='lat' dir='ltr'><strong>immediate</strong></span> <span class='ocrx_word' id='word_1_376' title='bbox 2159 1078 2206 1123; x_wconf 72' lang='lat' dir='ltr'><strong>Sed</strong></span> <span class='ocrx_word' id='word_1_377' title='bbox 2223 1077 2323 1123; x_wconf 66' lang='lat' dir='ltr'><strong>carrara</strong></span> 
     </span>
     <span class='ocr_line' id='line_1_77' title="bbox 1346 1133 2325 1244; baseline 0.005 -22"><span class='ocrx_word' id='word_1_378' title='bbox 1346 1162 1487 1240; x_wconf 84' lang='lat' dir='ltr'><strong>sequenti</strong></span> <span class='ocrx_word' id='word_1_379' title='bbox 1510 1162 1648 1224; x_wconf 89' lang='lat' dir='ltr'><strong>eiusdem</strong></span> <span class='ocrx_word' id='word_1_380' title='bbox 1672 1163 1787 1224; x_wconf 89' lang='lat' dir='ltr'><strong>mensis</strong></span> <span class='ocrx_word' id='word_1_381' title='bbox 1809 1172 1840 1226; x_wconf 94' lang='lat' dir='ltr'><strong>et</strong></span> <span class='ocrx_word' id='word_1_382' title='bbox 1861 1133 2325 1244; x_wconf 50' lang='lat' dir='ltr'><strong>omnipontid·ss?⁰a¹r¹11&#39;r&#39;r³r¹r².313ii¹rf</strong></span> 
     </span>
     <span class='ocr_line' id='line_1_78' title="bbox 1346 1255 2357 1336; baseline 0.012 -20"><span class='ocrx_word' id='word_1_383' title='bbox 1346 1255 1393 1316; x_wconf 93' lang='lat' dir='ltr'><strong>cio</strong></span> <span class='ocrx_word' id='word_1_384' title='bbox 1414 1255 1498 1317; x_wconf 90' lang='lat' dir='ltr'><strong>vocis</strong></span> <span class='ocrx_word' id='word_1_385' title='bbox 1520 1263 1643 1318; x_wconf 90' lang='lat' dir='ltr'><strong>nostrae</strong></span> <span class='ocrx_word' id='word_1_386' title='bbox 1657 1258 1780 1320; x_wconf 89' lang='lat' dir='ltr'><strong>oraculo</strong></span> <span class='ocrx_word' id='word_1_387' title='bbox 1801 1259 1963 1336; x_wconf 88' lang='lat' dir='ltr'><strong>approbata</strong></span> <span class='ocrx_word' id='word_1_388' title='bbox 1978 1267 2093 1324; x_wconf 91' lang='lat' dir='ltr'><strong>etcou-</strong></span> <span class='ocrx_word' id='word_1_389' title='bbox 2356 1272 2357 1278; x_wconf 77' lang='grc'>’</span> 
     </span>
     <span class='ocr_line' id='line_1_79' title="bbox 1348 1350 2092 1429; baseline 0.007 -18"><span class='ocrx_word' id='word_1_390' title='bbox 1348 1350 1480 1424; x_wconf 83' lang='lat' dir='ltr'><strong>sarmata,</strong></span> <span class='ocrx_word' id='word_1_391' title='bbox 1513 1351 1757 1425; x_wconf 86' lang='lat' dir='ltr'><strong>verumetiam,</strong></span> <span class='ocrx_word' id='word_1_392' title='bbox 1785 1350 1883 1429; x_wconf 91' lang='lat' dir='ltr'><strong>quoad</strong></span> <span class='ocrx_word' id='word_1_393' title='bbox 1912 1351 2040 1414; x_wconf 89' lang='lat' dir='ltr'><strong>tertium</strong></span> <span class='ocrx_word' id='word_1_394' title='bbox 2061 1361 2092 1416; x_wconf 90' lang='lat' dir='ltr'><strong>et</strong></span> 
     </span>
     <span class='ocr_line' id='line_1_80' title="bbox 1348 1443 2092 1524; baseline 0.004 -19"><span class='ocrx_word' id='word_1_395' title='bbox 1348 1451 1494 1520; x_wconf 90' lang='lat' dir='ltr'><strong>quartum</strong></span> <span class='ocrx_word' id='word_1_396' title='bbox 1515 1445 1649 1516; x_wconf 90' lang='lat' dir='ltr'><strong>decreta,</strong></span> <span class='ocrx_word' id='word_1_397' title='bbox 1671 1444 1814 1522; x_wconf 89' lang='lat' dir='ltr'><strong>ampliata</strong></span> <span class='ocrx_word' id='word_1_398' title='bbox 1837 1443 1977 1521; x_wconf 85' lang='lat' dir='ltr'><strong>luerunt,</strong></span> <span class='ocrx_word' id='word_1_399' title='bbox 2001 1455 2092 1524; x_wconf 92' lang='lat' dir='ltr'><strong>prout</strong></span> 
     </span>
     <span class='ocr_line' id='line_1_81' title="bbox 1347 1537 2094 1616; baseline 0.005 -18"><span class='ocrx_word' id='word_1_400' title='bbox 1347 1537 1499 1615; x_wconf 91' lang='lat' dir='ltr'><strong>sequitur:</strong></span> <span class='ocrx_word' id='word_1_401' title='bbox 1524 1537 1764 1616; x_wconf 82' lang='lat' dir='ltr'><strong>Inianpendnm</strong></span> <span class='ocrx_word' id='word_1_402' title='bbox 1786 1537 1941 1600; x_wconf 83' lang='lat' dir='ltr'><strong>Patribus</strong></span> <span class='ocrx_word' id='word_1_403' title='bbox 1957 1539 2094 1602; x_wconf 83' lang='lat' dir='ltr'><strong>Frarrci·</strong></span> 
     </span>
     <span class='ocr_line' id='line_1_82' title="bbox 1348 1629 2092 1712; baseline 0.008 -22"><span class='ocrx_word' id='word_1_404' title='bbox 1348 1630 1455 1692; x_wconf 84' lang='lat' dir='ltr'><strong>scanie</strong></span> <span class='ocrx_word' id='word_1_405' title='bbox 1483 1631 1582 1691; x_wconf 84' lang='lat' dir='ltr'><strong>etium</strong></span> <span class='ocrx_word' id='word_1_406' title='bbox 1609 1630 1644 1691; x_wconf 89' lang='lat' dir='ltr'><strong>in</strong></span> <span class='ocrx_word' id='word_1_407' title='bbox 1671 1631 1795 1692; x_wconf 81' lang='lat' dir='ltr'><strong>uirtute</strong></span> <span class='ocrx_word' id='word_1_408' title='bbox 1820 1639 1851 1692; x_wconf 90' lang='lat' dir='ltr'><strong>et</strong></span> <span class='ocrx_word' id='word_1_409' title='bbox 1872 1629 1930 1692; x_wconf 83' lang='lat' dir='ltr'><strong>stab</strong></span> <span class='ocrx_word' id='word_1_410' title='bbox 1961 1635 2092 1712; x_wconf 70' lang='lat' dir='ltr'><strong>formali</strong></span> 
     </span>
     <span class='ocr_line' id='line_1_83' title="bbox 1347 1721 2092 1808; baseline 0.005 -24"><span class='ocrx_word' id='word_1_411' title='bbox 1347 1731 1513 1801; x_wconf 84' lang='lat' dir='ltr'><strong>praerepto</strong></span> <span class='ocrx_word' id='word_1_412' title='bbox 1530 1723 1561 1786; x_wconf 88' lang='lat' dir='ltr'><strong>S.</strong></span> <span class='ocrx_word' id='word_1_413' title='bbox 1583 1721 1799 1798; x_wconf 86' lang='lat' dir='ltr'><strong>Obedientiae,</strong></span> <span class='ocrx_word' id='word_1_414' title='bbox 1818 1731 1854 1788; x_wconf 90' lang='lat' dir='ltr'><strong>nt</strong></span> <span class='ocrx_word' id='word_1_415' title='bbox 1870 1744 1888 1788; x_wconf 90' lang='lat' dir='ltr'><strong>a</strong></span> <span class='ocrx_word' id='word_1_416' title='bbox 1907 1733 1971 1788; x_wconf 91' lang='lat' dir='ltr'><strong>toto</strong></span> <span class='ocrx_word' id='word_1_417' title='bbox 1987 1725 2092 1808; x_wconf 79' lang='lat' dir='ltr'><strong>Reque</strong></span> 
     </span>
     <span class='ocr_line' id='line_1_84' title="bbox 1351 1817 2092 1898; baseline 0.004 -18"><span class='ocrx_word' id='word_1_418' title='bbox 1351 1817 1564 1882; x_wconf 86' lang='lat' dir='ltr'><strong>Gocincbinae</strong></span> <span class='ocrx_word' id='word_1_419' title='bbox 1593 1819 1720 1880; x_wconf 83' lang='lat' dir='ltr'><strong>amerino</strong></span> <span class='ocrx_word' id='word_1_420' title='bbox 1750 1821 1912 1892; x_wconf 86' lang='lat' dir='ltr'><strong>recedent,</strong></span> <span class='ocrx_word' id='word_1_421' title='bbox 1939 1839 2031 1898; x_wconf 88' lang='lat' dir='ltr'><strong>seque</strong></span> <span class='ocrx_word' id='word_1_422' title='bbox 2058 1823 2092 1883; x_wconf 90' lang='lat' dir='ltr'><strong>in</strong></span> 
     </span>
     <span class='ocr_line' id='line_1_85' title="bbox 1350 1909 2091 1993; baseline 0.007 -22"><span class='ocrx_word' id='word_1_423' title='bbox 1350 1913 1534 1988; x_wconf 83' lang='lat' dir='ltr'><strong>prociarum</strong></span> <span class='ocrx_word' id='word_1_424' title='bbox 1559 1909 1904 1992; x_wconf 81' lang='lat' dir='ltr'><strong>CantbudiaaRepnune</strong></span> <span class='ocrx_word' id='word_1_425' title='bbox 1920 1915 2091 1993; x_wconf 87' lang='lat' dir='ltr'><strong>recipiant,</strong></span> 
     </span>
     <span class='ocr_line' id='line_1_86' title="bbox 1351 2002 2093 2086; baseline 0.005 -20"><span class='ocrx_word' id='word_1_426' title='bbox 1351 2002 1406 2066; x_wconf 87' lang='lat' dir='ltr'><strong>ubi</strong></span> <span class='ocrx_word' id='word_1_427' title='bbox 1438 2007 1546 2068; x_wconf 87' lang='lat' dir='ltr'><strong>rnessis</strong></span> <span class='ocrx_word' id='word_1_428' title='bbox 1573 2006 1698 2084; x_wconf 88' lang='lat' dir='ltr'><strong>quidem</strong></span> <span class='ocrx_word' id='word_1_429' title='bbox 1727 2007 1831 2070; x_wconf 84' lang='lat' dir='ltr'><strong>muita</strong></span> <span class='ocrx_word' id='word_1_430' title='bbox 1861 2015 1922 2078; x_wconf 86' lang='lat' dir='ltr'><strong>est,</strong></span> <span class='ocrx_word' id='word_1_431' title='bbox 1953 2009 2093 2086; x_wconf 85' lang='lat' dir='ltr'><strong>operarii</strong></span> 
     </span>
     <span class='ocr_line' id='line_1_87' title="bbox 1350 2099 2093 2180; baseline 0.001 -19"><span class='ocrx_word' id='word_1_432' title='bbox 1350 2107 1458 2161; x_wconf 86' lang='lat' dir='ltr'><strong>autent</strong></span> <span class='ocrx_word' id='word_1_433' title='bbox 1480 2099 1526 2160; x_wconf 85' lang='lat' dir='ltr'><strong>uel</strong></span> <span class='ocrx_word' id='word_1_434' title='bbox 1554 2101 1651 2176; x_wconf 84' lang='lat' dir='ltr'><strong>peruri</strong></span> <span class='ocrx_word' id='word_1_435' title='bbox 1678 2099 1726 2160; x_wconf 85' lang='lat' dir='ltr'><strong>rei</strong></span> <span class='ocrx_word' id='word_1_436' title='bbox 1752 2101 1838 2163; x_wconf 80' lang='lat' dir='ltr'><strong>nielli</strong></span> <span class='ocrx_word' id='word_1_437' title='bbox 1870 2111 1967 2174; x_wconf 88' lang='lat' dir='ltr'><strong>saat;</strong></span> <span class='ocrx_word' id='word_1_438' title='bbox 1991 2100 2093 2180; x_wconf 88' lang='lat' dir='ltr'><strong>ibique</strong></span> 
     </span>
     <span class='ocr_line' id='line_1_88' title="bbox 1350 2191 2092 2273; baseline 0.007 -22"><span class='ocrx_word' id='word_1_439' title='bbox 1350 2191 1631 2254; x_wconf 85' lang='lat' dir='ltr'><strong>missionariorarn</strong></span> <span class='ocrx_word' id='word_1_440' title='bbox 1660 2209 1779 2256; x_wconf 86' lang='lat' dir='ltr'><strong>maetas</strong></span> <span class='ocrx_word' id='word_1_441' title='bbox 1801 2201 1830 2256; x_wconf 88' lang='lat' dir='ltr'><strong>et</strong></span> <span class='ocrx_word' id='word_1_442' title='bbox 1858 2195 1920 2256; x_wconf 79' lang='lat' dir='ltr'><strong>seli</strong></span> <span class='ocrx_word' id='word_1_443' title='bbox 1945 2196 1998 2257; x_wconf 89' lang='lat' dir='ltr'><strong>sni</strong></span> <span class='ocrx_word' id='word_1_444' title='bbox 2020 2211 2092 2273; x_wconf 88' lang='lat' dir='ltr'><strong>par·-</strong></span> 
     </span>
     <span class='ocr_line' id='line_1_89' title="bbox 1352 2285 2095 2366; baseline 0.007 -20"><span class='ocrx_word' id='word_1_445' title='bbox 1352 2293 1396 2346; x_wconf 89' lang='lat' dir='ltr'><strong>tes</strong></span> <span class='ocrx_word' id='word_1_446' title='bbox 1418 2285 1579 2364; x_wconf 84' lang='lat' dir='ltr'><strong>eapleant,</strong></span> <span class='ocrx_word' id='word_1_447' title='bbox 1592 2285 1651 2348; x_wconf 90' lang='lat' dir='ltr'><strong>sab</strong></span> <span class='ocrx_word' id='word_1_448' title='bbox 1667 2290 1866 2351; x_wconf 85' lang='lat' dir='ltr'><strong>auctoritate</strong></span> <span class='ocrx_word' id='word_1_449' title='bbox 1881 2297 1911 2350; x_wconf 88' lang='lat' dir='ltr'><strong>et</strong></span> <span class='ocrx_word' id='word_1_450' title='bbox 1927 2289 2095 2366; x_wconf 85' lang='lat' dir='ltr'><strong>protectio-</strong></span> 
     </span>
     <span class='ocr_line' id='line_1_90' title="bbox 1349 2377 2093 2464; baseline 0.007 -26"><span class='ocrx_word' id='word_1_451' title='bbox 1349 2396 1387 2438; x_wconf 90' lang='lat' dir='ltr'><strong>ae</strong></span> <span class='ocrx_word' id='word_1_452' title='bbox 1403 2379 1521 2442; x_wconf 88' lang='lat' dir='ltr'><strong>Sacrae</strong></span> <span class='ocrx_word' id='word_1_453' title='bbox 1540 2377 1805 2462; x_wconf 80' lang='lat' dir='ltr'><strong>Conpreqationis</strong></span> <span class='ocrx_word' id='word_1_454' title='bbox 1821 2390 1851 2444; x_wconf 83' lang='lat' dir='ltr'><strong>et</strong></span> <span class='ocrx_word' id='word_1_455' title='bbox 1863 2381 1922 2446; x_wconf 88' lang='lat' dir='ltr'><strong>snb</strong></span> <span class='ocrx_word' id='word_1_456' title='bbox 1938 2383 2093 2464; x_wconf 79' lang='lat' dir='ltr'><strong>repintine</strong></span> 
     </span>
     <span class='ocr_line' id='line_1_91' title="bbox 1349 2470 2093 2546; baseline 0.011 -18"><span class='ocrx_word' id='word_1_457' title='bbox 1349 2477 1377 2530; x_wconf 89' lang='lat' dir='ltr'><strong>et</strong></span> <span class='ocrx_word' id='word_1_458' title='bbox 1402 2470 1577 2532; x_wconf 75' lang='lat' dir='ltr'><strong>directione</strong></span> <span class='ocrx_word' id='word_1_459' title='bbox 1601 2471 1732 2543; x_wconf 86' lang='lat' dir='ltr'><strong>l&#39;iearii,</strong></span> <span class='ocrx_word' id='word_1_460' title='bbox 1748 2489 1804 2534; x_wconf 91' lang='lat' dir='ltr'><strong>sen</strong></span> <span class='ocrx_word' id='word_1_461' title='bbox 1821 2472 2036 2546; x_wconf 84' lang='lat' dir='ltr'><strong>Pro-Vicarii,</strong></span> <span class='ocrx_word' id='word_1_462' title='bbox 2055 2479 2093 2536; x_wconf 86' lang='lat' dir='ltr'><strong>A·</strong></span> 
     </span>
     <span class='ocr_line' id='line_1_92' title="bbox 1348 2563 2093 2642; baseline 0.008 -18"><span class='ocrx_word' id='word_1_463' title='bbox 1348 2563 1496 2640; x_wconf 83' lang='lat' dir='ltr'><strong>postolici</strong></span> <span class='ocrx_word' id='word_1_464' title='bbox 1517 2579 1574 2640; x_wconf 88' lang='lat' dir='ltr'><strong>pro</strong></span> <span class='ocrx_word' id='word_1_465' title='bbox 1597 2569 1734 2642; x_wconf 85' lang='lat' dir='ltr'><strong>tempore</strong></span> <span class='ocrx_word' id='word_1_466' title='bbox 1749 2585 1767 2628; x_wconf 90' lang='lat' dir='ltr'><strong>a</strong></span> <span class='ocrx_word' id='word_1_467' title='bbox 1785 2566 1816 2629; x_wconf 88' lang='lat' dir='ltr'><strong>S.</strong></span> <span class='ocrx_word' id='word_1_468' title='bbox 1829 2565 1905 2630; x_wconf 88' lang='lat' dir='ltr'><strong>Sede</strong></span> <span class='ocrx_word' id='word_1_469' title='bbox 1920 2569 2093 2631; x_wconf 88' lang='lat' dir='ltr'><strong>constituti</strong></span> 
     </span>
     <span class='ocr_line' id='line_1_93' title="bbox 1349 2657 2093 2740; baseline 0.011 -24"><span class='ocrx_word' id='word_1_470' title='bbox 1349 2662 1381 2717; x_wconf 89' lang='lat' dir='ltr'><strong>et</strong></span> <span class='ocrx_word' id='word_1_471' title='bbox 1403 2658 1815 2733; x_wconf 70' lang='lat' dir='ltr'><strong>respecticeoroastitaendi</strong></span> <span class='ocrx_word' id='word_1_472' title='bbox 1838 2661 1873 2720; x_wconf 92' lang='lat' dir='ltr'><strong>in</strong></span> <span class='ocrx_word' id='word_1_473' title='bbox 1898 2657 2016 2740; x_wconf 81' lang='lat' dir='ltr'><strong>Reqnis</strong></span> <span class='ocrx_word' id='word_1_474' title='bbox 2040 2662 2093 2724; x_wconf 89' lang='lat' dir='ltr'><strong>Co-</strong></span> 
     </span>
     <span class='ocr_line' id='line_1_94' title="bbox 1350 2749 2094 2834; baseline 0.011 -26"><span class='ocrx_word' id='word_1_475' title='bbox 1350 2749 1530 2820; x_wconf 84' lang='lat' dir='ltr'><strong>ciacbinae,</strong></span> <span class='ocrx_word' id='word_1_476' title='bbox 1556 2750 1706 2829; x_wconf 85' lang='lat' dir='ltr'><strong>Giampae</strong></span> <span class='ocrx_word' id='word_1_477' title='bbox 1728 2759 1757 2813; x_wconf 90' lang='lat' dir='ltr'><strong>et</strong></span> <span class='ocrx_word' id='word_1_478' title='bbox 1783 2751 1981 2824; x_wconf 74' lang='lat' dir='ltr'><strong>comoediae,</strong></span> <span class='ocrx_word' id='word_1_479' title='bbox 1999 2772 2018 2815; x_wconf 93' lang='lat' dir='ltr'><strong>a</strong></span> <span class='ocrx_word' id='word_1_480' title='bbox 2034 2773 2094 2834; x_wconf 88' lang='lat' dir='ltr'><strong>quo</strong></span> 
     </span>
     <span class='ocr_line' id='line_1_95' title="bbox 1349 2841 2094 2924; baseline 0.009 -21"><span class='ocrx_word' id='word_1_481' title='bbox 1349 2841 1525 2922; x_wconf 73' lang='lat' dir='ltr'><strong>facultates</strong></span> <span class='ocrx_word' id='word_1_482' title='bbox 1552 2844 1749 2906; x_wconf 86' lang='lat' dir='ltr'><strong>necessarias</strong></span> <span class='ocrx_word' id='word_1_483' title='bbox 1777 2852 1807 2906; x_wconf 88' lang='lat' dir='ltr'><strong>ei</strong></span> <span class='ocrx_word' id='word_1_484' title='bbox 1834 2853 2031 2924; x_wconf 85' lang='lat' dir='ltr'><strong>opportunas</strong></span> <span class='ocrx_word' id='word_1_485' title='bbox 2053 2849 2094 2910; x_wconf 88' lang='lat' dir='ltr'><strong>ad</strong></span> 
     </span>
     <span class='ocr_line' id='line_1_96' title="bbox 1350 2935 2089 3015; baseline 0.001 -16"><span class='ocrx_word' id='word_1_486' title='bbox 1350 2935 1516 2999; x_wconf 85' lang='lat' dir='ltr'><strong>Missioncs</strong></span> <span class='ocrx_word' id='word_1_487' title='bbox 1542 2937 1739 3015; x_wconf 82' lang='lat' dir='ltr'><strong>eaeqaendns</strong></span> <span class='ocrx_word' id='word_1_488' title='bbox 1771 2939 1914 3015; x_wconf 83' lang='lat' dir='ltr'><strong>accipere</strong></span> <span class='ocrx_word' id='word_1_489' title='bbox 1948 2939 2089 3002; x_wconf 87' lang='lat' dir='ltr'><strong>debeant.</strong></span> 
     </span>
     <span class='ocr_line' id='line_1_97' title="bbox 1353 3027 2095 3110; baseline 0.004 -21"><span class='ocrx_word' id='word_1_490' title='bbox 1353 3027 1511 3090; x_wconf 80' lang='lat' dir='ltr'><strong>Ecclesiae</strong></span> <span class='ocrx_word' id='word_1_491' title='bbox 1532 3046 1615 3102; x_wconf 84' lang='lat' dir='ltr'><strong>cero,</strong></span> <span class='ocrx_word' id='word_1_492' title='bbox 1639 3047 1717 3108; x_wconf 87' lang='lat' dir='ltr'><strong>qaas</strong></span> <span class='ocrx_word' id='word_1_493' title='bbox 1738 3031 1780 3093; x_wconf 91' lang='lat' dir='ltr'><strong>ad</strong></span> <span class='ocrx_word' id='word_1_494' title='bbox 1803 3030 1877 3092; x_wconf 87' lang='lat' dir='ltr'><strong>baec</strong></span> <span class='ocrx_word' id='word_1_495' title='bbox 1899 3049 1997 3110; x_wconf 86' lang='lat' dir='ltr'><strong>nsque</strong></span> <span class='ocrx_word' id='word_1_496' title='bbox 2019 3041 2095 3095; x_wconf 87' lang='lat' dir='ltr'><strong>tent-</strong></span> 
     </span>
     <span class='ocr_line' id='line_1_98' title="bbox 1349 3123 2094 3206; baseline 0.011 -26"><span class='ocrx_word' id='word_1_497' title='bbox 1349 3136 1428 3198; x_wconf 83' lang='lat' dir='ltr'><strong>pora</strong></span> <span class='ocrx_word' id='word_1_498' title='bbox 1459 3123 1494 3182; x_wconf 91' lang='lat' dir='ltr'><strong>in</strong></span> <span class='ocrx_word' id='word_1_499' title='bbox 1531 3131 1704 3185; x_wconf 87' lang='lat' dir='ltr'><strong>memorato</strong></span> <span class='ocrx_word' id='word_1_500' title='bbox 1737 3124 1949 3187; x_wconf 83' lang='lat' dir='ltr'><strong>Cocincltinue</strong></span> <span class='ocrx_word' id='word_1_501' title='bbox 1989 3123 2094 3206; x_wconf 81' lang='lat' dir='ltr'><strong>Repeto</strong></span> 
     </span>
     <span class='ocr_line' id='line_1_99' title="bbox 1348 3214 2095 3292; baseline 0.008 -18"><span class='ocrx_word' id='word_1_502' title='bbox 1348 3215 1506 3292; x_wconf 83' lang='lat' dir='ltr'><strong>praedicti</strong></span> <span class='ocrx_word' id='word_1_503' title='bbox 1527 3214 1643 3278; x_wconf 86' lang='lat' dir='ltr'><strong>Patres</strong></span> <span class='ocrx_word' id='word_1_504' title='bbox 1670 3217 1801 3279; x_wconf 84' lang='lat' dir='ltr'><strong>Ordinis</strong></span> <span class='ocrx_word' id='word_1_505' title='bbox 1824 3217 1936 3280; x_wconf 82' lang='lat' dir='ltr'><strong>Sancti</strong></span> <span class='ocrx_word' id='word_1_506' title='bbox 1959 3219 2095 3281; x_wconf 86' lang='lat' dir='ltr'><strong>Franci·</strong></span> 
     </span>
     <span class='ocr_line' id='line_1_100' title="bbox 1349 3309 2092 3388; baseline 0.008 -20"><span class='ocrx_word' id='word_1_507' title='bbox 1349 3309 1395 3368; x_wconf 88' lang='lat' dir='ltr'><strong>sci</strong></span> <span class='ocrx_word' id='word_1_508' title='bbox 1423 3309 1470 3368; x_wconf 33' lang='lat' dir='ltr'><strong>&#39;recl</strong></span> <span class='ocrx_word' id='word_1_509' title='bbox 1498 3317 1697 3388; x_wconf 79' lang='lat' dir='ltr'><strong>aperuerecnt</strong></span> <span class='ocrx_word' id='word_1_510' title='bbox 1724 3311 1771 3372; x_wconf 89' lang='lat' dir='ltr'><strong>eel</strong></span> <span class='ocrx_word' id='word_1_511' title='bbox 1800 3311 2092 3387; x_wconf 80' lang='lat' dir='ltr'><strong>administrarant,</strong></span> 
     </span>
     <span class='ocr_line' id='line_1_101' title="bbox 1350 3403 2136 3482; baseline 0.006 -19"><span class='ocrx_word' id='word_1_512' title='bbox 1350 3409 1537 3466; x_wconf 83' lang='lat' dir='ltr'><strong>remaeeeaat</strong></span> <span class='ocrx_word' id='word_1_513' title='bbox 1558 3403 1617 3466; x_wconf 87' lang='lat' dir='ltr'><strong>snb</strong></span> <span class='ocrx_word' id='word_1_514' title='bbox 1632 3403 1733 3468; x_wconf 85' lang='lat' dir='ltr'><strong>libera</strong></span> <span class='ocrx_word' id='word_1_515' title='bbox 1749 3404 1958 3482; x_wconf 81' lang='lat' dir='ltr'><strong>dispositione</strong></span> <span class='ocrx_word' id='word_1_516' title='bbox 1976 3405 2094 3468; x_wconf 83' lang='lat' dir='ltr'><strong>Vicarii</strong></span> <span class='ocrx_word' id='word_1_517' title='bbox 2126 3409 2136 3432; x_wconf 80' lang='lat'><strong><em>⁹</em></strong></span> 
     </span>
     <span class='ocr_line' id='line_1_102' title="bbox 1350 3497 2096 3577; baseline 0 -17"><span class='ocrx_word' id='word_1_518' title='bbox 1350 3497 1535 3575; x_wconf 86' lang='lat' dir='ltr'><strong>Apostolici,</strong></span> <span class='ocrx_word' id='word_1_519' title='bbox 1559 3499 1700 3575; x_wconf 84' lang='lat' dir='ltr'><strong>correptis</strong></span> <span class='ocrx_word' id='word_1_520' title='bbox 1729 3507 1835 3560; x_wconf 86' lang='lat' dir='ltr'><strong>taenea</strong></span> <span class='ocrx_word' id='word_1_521' title='bbox 1857 3499 1910 3570; x_wconf 88' lang='lat' dir='ltr'><strong>iis,</strong></span> <span class='ocrx_word' id='word_1_522' title='bbox 1939 3515 2018 3577; x_wconf 89' lang='lat' dir='ltr'><strong>qaae</strong></span> <span class='ocrx_word' id='word_1_523' title='bbox 2037 3513 2096 3576; x_wconf 84' lang='lat' dir='ltr'><strong>per</strong></span> 
     </span>
     <span class='ocr_line' id='line_1_103' title="bbox 1352 3591 2093 3672; baseline 0.001 -19"><span class='ocrx_word' id='word_1_524' title='bbox 1352 3593 1508 3655; x_wconf 87' lang='lat' dir='ltr'><strong>receresita</strong></span> <span class='ocrx_word' id='word_1_525' title='bbox 1523 3593 1649 3655; x_wconf 87' lang='lat' dir='ltr'><strong>decreta</strong></span> <span class='ocrx_word' id='word_1_526' title='bbox 1669 3592 1871 3654; x_wconf 76' lang='lat' dir='ltr'><strong>l&#39;isitatioois</strong></span> <span class='ocrx_word' id='word_1_527' title='bbox 1884 3591 2093 3672; x_wconf 86' lang='lat' dir='ltr'><strong>Apostolicae,</strong></span> 
     </span>
     <span class='ocr_line' id='line_1_104' title="bbox 1351 3685 2095 3751; baseline 0 -3"><span class='ocrx_word' id='word_1_528' title='bbox 1351 3688 1396 3749; x_wconf 83' lang='lat' dir='ltr'><strong>ael</strong></span> <span class='ocrx_word' id='word_1_529' title='bbox 1420 3685 1575 3751; x_wconf 83' lang='lat' dir='ltr'><strong>Patribus</strong></span> <span class='ocrx_word' id='word_1_530' title='bbox 1598 3687 1767 3749; x_wconf 87' lang='lat' dir='ltr'><strong>Societatis</strong></span> <span class='ocrx_word' id='word_1_531' title='bbox 1790 3685 1860 3747; x_wconf 84' lang='lat' dir='ltr'><strong>lesa</strong></span> <span class='ocrx_word' id='word_1_532' title='bbox 1882 3687 1929 3746; x_wconf 89' lang='lat' dir='ltr'><strong>eei</strong></span> <span class='ocrx_word' id='word_1_533' title='bbox 1950 3687 2095 3748; x_wconf 86' lang='lat' dir='ltr'><strong>sacerdo·</strong></span> 
     </span>
     <span class='ocr_line' id='line_1_105' title="bbox 1351 3778 2095 3844; baseline -0.004 -2"><span class='ocrx_word' id='word_1_534' title='bbox 1351 3779 1437 3844; x_wconf 85' lang='lat' dir='ltr'><strong>tibus</strong></span> <span class='ocrx_word' id='word_1_535' title='bbox 1462 3781 1636 3842; x_wconf 84' lang='lat' dir='ltr'><strong>Serrtinarii</strong></span> <span class='ocrx_word' id='word_1_536' title='bbox 1663 3778 1860 3842; x_wconf 87' lang='lat' dir='ltr'><strong>Purisiensis</strong></span> <span class='ocrx_word' id='word_1_537' title='bbox 1886 3779 2095 3842; x_wconf 84' lang='lat' dir='ltr'><strong>adiudicatae</strong></span> 
     </span>
     <span class='ocr_line' id='line_1_106' title="bbox 1349 3871 2094 3952; baseline -0.004 -18"><span class='ocrx_word' id='word_1_538' title='bbox 1349 3883 1439 3945; x_wconf 87' lang='lat' dir='ltr'><strong>sant,</strong></span> <span class='ocrx_word' id='word_1_539' title='bbox 1455 3875 1559 3952; x_wconf 74' lang='lat' dir='ltr'><strong>piratis</strong></span> <span class='ocrx_word' id='word_1_540' title='bbox 1576 3871 1815 3935; x_wconf 83' lang='lat' dir='ltr'><strong>remanentibus</strong></span> <span class='ocrx_word' id='word_1_541' title='bbox 1832 3879 1902 3934; x_wconf 84' lang='lat' dir='ltr'><strong>tura</strong></span> <span class='ocrx_word' id='word_1_542' title='bbox 1917 3873 1954 3932; x_wconf 89' lang='lat' dir='ltr'><strong>in</strong></span> <span class='ocrx_word' id='word_1_543' title='bbox 1968 3890 2003 3934; x_wconf 91' lang='lat' dir='ltr'><strong>ea</strong></span> <span class='ocrx_word' id='word_1_544' title='bbox 2019 3888 2094 3950; x_wconf 81' lang='lat' dir='ltr'><strong>par·</strong></span> 
     </span>
     <span class='ocr_line' id='line_1_107' title="bbox 1352 3965 2011 4045; baseline -0.009 -15"><span class='ocrx_word' id='word_1_545' title='bbox 1352 3975 1392 4040; x_wconf 90' lang='lat' dir='ltr'><strong>te,</strong></span> <span class='ocrx_word' id='word_1_546' title='bbox 1417 3975 1486 4030; x_wconf 85' lang='lat' dir='ltr'><strong>turn</strong></span> <span class='ocrx_word' id='word_1_547' title='bbox 1509 3969 1543 4030; x_wconf 86' lang='lat' dir='ltr'><strong>in</strong></span> <span class='ocrx_word' id='word_1_548' title='bbox 1565 3967 1710 4045; x_wconf 86' lang='lat' dir='ltr'><strong>reliquis,</strong></span> <span class='ocrx_word' id='word_1_549' title='bbox 1734 3967 1842 4028; x_wconf 87' lang='lat' dir='ltr'><strong>iisdem</strong></span> <span class='ocrx_word' id='word_1_550' title='bbox 1865 3965 2011 4028; x_wconf 86' lang='lat' dir='ltr'><strong>decretis.</strong></span> 
     </span>
    </p>

    <p class='ocr_par' dir='ltr' id='par_1_27' title="bbox 1350 4061 2333 6010">
     <span class='ocr_line' id='line_1_108' title="bbox 1390 4061 2332 4164; baseline -0.002 -38"><span class='ocrx_word' id='word_1_551' title='bbox 1390 4064 1408 4138; x_wconf 74' lang='grc' dir='ltr'><strong>ἓ</strong></span> <span class='ocrx_word' id='word_1_552' title='bbox 1429 4063 1458 4126; x_wconf 79' lang='lat'><strong>5.</strong></span> <span class='ocrx_word' id='word_1_553' title='bbox 1483 4065 1507 4124; x_wconf 80' lang='grc' dir='ltr'>Α</span> <span class='ocrx_word' id='word_1_554' title='bbox 1530 4062 1641 4142; x_wconf 90' lang='lat' dir='ltr'><strong>quibus</strong></span> <span class='ocrx_word' id='word_1_555' title='bbox 1655 4076 1729 4123; x_wconf 88' lang='lat' dir='ltr'><strong>sane</strong></span> <span class='ocrx_word' id='word_1_556' title='bbox 1744 4061 1873 4123; x_wconf 88' lang='lat' dir='ltr'><strong>decretis</strong></span> <span class='ocrx_word' id='word_1_557' title='bbox 1889 4062 1942 4136; x_wconf 88' lang='lat' dir='ltr'><strong>ita,</strong></span> <span class='ocrx_word' id='word_1_558' title='bbox 1959 4069 1994 4123; x_wconf 93' lang='lat' dir='ltr'><strong>ut</strong></span> <span class='ocrx_word' id='word_1_559' title='bbox 2009 4077 2094 4140; x_wconf 88' lang='lat' dir='ltr'><strong>prue—</strong></span> <span class='ocrx_word' id='word_1_560' title='bbox 2133 4065 2230 4162; x_wconf 38' lang='lat' dir='ltr'><strong>lictum}</strong></span> <span class='ocrx_word' id='word_1_561' title='bbox 2248 4077 2332 4164; x_wconf 68' lang='lat' dir='ltr'><strong>rsecur-</strong></span> 
     </span>
     <span class='ocr_line' id='line_1_109' title="bbox 1351 4128 2332 4270; baseline -0.004 -50"><span class='ocrx_word' id='word_1_562' title='bbox 1351 4158 1500 4233; x_wconf 88' lang='lat' dir='ltr'><strong>mittitur,</strong></span> <span class='ocrx_word' id='word_1_563' title='bbox 1523 4156 1705 4235; x_wconf 89' lang='lat' dir='ltr'><strong>approbatis‚</strong></span> <span class='ocrx_word' id='word_1_564' title='bbox 1721 4154 1910 4216; x_wconf 80' lang='lat' dir='ltr'><strong>confirmatis</strong></span> <span class='ocrx_word' id='word_1_565' title='bbox 1925 4163 1956 4216; x_wconf 93' lang='lat' dir='ltr'><strong>et</strong></span> <span class='ocrx_word' id='word_1_566' title='bbox 1971 4155 2096 4233; x_wconf 91' lang='lat' dir='ltr'><strong>amplia·</strong></span> <span class='ocrx_word' id='word_1_567' title='bbox 2114 4128 2243 4234; x_wconf 52' lang='lat' dir='ltr'><strong>fii‘s&#39;rffl‘q</strong></span> <span class='ocrx_word' id='word_1_568' title='bbox 2255 4207 2261 4226; x_wconf 96' lang='lat'>‚</span> <span class='ocrx_word' id='word_1_569' title='bbox 2273 4131 2332 4270; x_wconf 42' lang='lat'><strong>³3¹3}</strong></span> 
     </span>
     <span class='ocr_line' id='line_1_110' title="bbox 1351 4226 2333 4327; baseline 0 -15"><span class='ocrx_word' id='word_1_570' title='bbox 1351 4253 1401 4327; x_wconf 88' lang='lat' dir='ltr'><strong>tis,</strong></span> <span class='ocrx_word' id='word_1_571' title='bbox 1424 4251 1527 4313; x_wconf 88' lang='lat' dir='ltr'><strong>habito</strong></span> <span class='ocrx_word' id='word_1_572' title='bbox 1549 4252 1583 4313; x_wconf 87' lang='lat' dir='ltr'><strong>ad</strong></span> <span class='ocrx_word' id='word_1_573' title='bbox 1606 4266 1662 4312; x_wconf 92' lang='lat' dir='ltr'><strong>nos</strong></span> <span class='ocrx_word' id='word_1_574' title='bbox 1684 4265 1830 4324; x_wconf 90' lang='lat' dir='ltr'><strong>recursu,</strong></span> <span class='ocrx_word' id='word_1_575' title='bbox 1861 4247 1991 4311; x_wconf 89' lang='lat' dir='ltr'><strong>dilectus</strong></span> <span class='ocrx_word' id='word_1_576' title='bbox 2013 4247 2095 4310; x_wconf 90' lang='lat' dir='ltr'><strong>illius</strong></span> <span class='ocrx_word' id='word_1_577' title='bbox 2113 4226 2251 4324; x_wconf 50' lang='lat' dir='ltr'><strong>{igffir&#39;irdn&#39;r‘</strong></span> <span class='ocrx_word' id='word_1_578' title='bbox 2271 4239 2333 4325; x_wconf 56' lang='lat' dir='ltr'><strong>eng]</strong></span> 
     </span>
     <span class='ocr_line' id='line_1_111' title="bbox 1351 4333 2256 4419; baseline -0.002 -13"><span class='ocrx_word' id='word_1_579' title='bbox 1351 4346 1433 4407; x_wconf 84' lang='lat' dir='ltr'><strong>uices</strong></span> <span class='ocrx_word' id='word_1_580' title='bbox 1454 4345 1665 4407; x_wconf 88' lang='lat' dir='ltr'><strong>Procuratoris</strong></span> <span class='ocrx_word' id='word_1_581' title='bbox 1686 4341 1843 4405; x_wconf 88' lang='lat' dir='ltr'><strong>Generalis</strong></span> <span class='ocrx_word' id='word_1_582' title='bbox 1865 4357 1978 4419; x_wconf 78' lang='lat' dir='ltr'><strong>gerens</strong></span> <span class='ocrx_word' id='word_1_583' title='bbox 1993 4341 2026 4402; x_wconf 95' lang='lat' dir='ltr'><strong>in</strong></span> <span class='ocrx_word' id='word_1_584' title='bbox 2041 4341 2096 4403; x_wconf 91' lang='lat' dir='ltr'><strong>bac</strong></span> <span class='ocrx_word' id='word_1_585' title='bbox 2114 4333 2256 4378; x_wconf 73' lang='lat' dir='ltr'>⁰⁰¹¹⁰¹¹⁰ffl·</span> 
     </span>
     <span class='ocr_line' id='line_1_112' title="bbox 1350 4433 2097 4511; baseline -0.008 -11"><span class='ocrx_word' id='word_1_586' title='bbox 1350 4437 1487 4500; x_wconf 85' lang='lat' dir='ltr'><strong>Romana</strong></span> <span class='ocrx_word' id='word_1_587' title='bbox 1500 4437 1591 4500; x_wconf 85' lang='lat' dir='ltr'><strong>Curia</strong></span> <span class='ocrx_word' id='word_1_588' title='bbox 1607 4435 1757 4511; x_wconf 88' lang='lat' dir='ltr'><strong>residens,</strong></span> <span class='ocrx_word' id='word_1_589' title='bbox 1770 4437 1952 4496; x_wconf 89' lang='lat' dir='ltr'><strong>eorumdem</strong></span> <span class='ocrx_word' id='word_1_590' title='bbox 1963 4433 2097 4495; x_wconf 88' lang='lat' dir='ltr'><strong>fratrum</strong></span> 
     </span>
     <span class='ocr_line' id='line_1_113' title="bbox 1352 4527 2097 4596; baseline -0.011 0"><span class='ocrx_word' id='word_1_591' title='bbox 1352 4531 1474 4596; x_wconf 89' lang='lat' dir='ltr'><strong>Ordinis</strong></span> <span class='ocrx_word' id='word_1_592' title='bbox 1501 4530 1658 4592; x_wconf 88' lang='lat' dir='ltr'><strong>liliuorum</strong></span> <span class='ocrx_word' id='word_1_593' title='bbox 1687 4527 1718 4591; x_wconf 89' lang='lat' dir='ltr'><strong>S.</strong></span> <span class='ocrx_word' id='word_1_594' title='bbox 1742 4528 1894 4590; x_wconf 85' lang='lat' dir='ltr'><strong>Francisci</strong></span> <span class='ocrx_word' id='word_1_595' title='bbox 1924 4527 1961 4588; x_wconf 92' lang='lat' dir='ltr'><strong>de</strong></span> <span class='ocrx_word' id='word_1_596' title='bbox 1989 4527 2097 4590; x_wconf 90' lang='lat' dir='ltr'><strong>Obser-</strong></span> 
     </span>
     <span class='ocr_line' id='line_1_114' title="bbox 1351 4613 2097 4686; baseline -0.004 -3"><span class='ocrx_word' id='word_1_597' title='bbox 1351 4625 1455 4686; x_wconf 80' lang='lat' dir='ltr'><strong>uantia</strong></span> <span class='ocrx_word' id='word_1_598' title='bbox 1477 4613 1728 4685; x_wconf 86' lang='lat' dir='ltr'><strong>Excalceatorum</strong></span> <span class='ocrx_word' id='word_1_599' title='bbox 1744 4621 1872 4684; x_wconf 90' lang='lat' dir='ltr'><strong>nomine</strong></span> <span class='ocrx_word' id='word_1_600' title='bbox 1887 4621 1975 4682; x_wconf 93' lang='lat' dir='ltr'><strong>nobis</strong></span> <span class='ocrx_word' id='word_1_601' title='bbox 1994 4620 2097 4681; x_wconf 89' lang='lat' dir='ltr'><strong>bumi-</strong></span> 
     </span>
     <span class='ocr_line' id='line_1_115' title="bbox 1352 4714 2097 4796; baseline -0.005 -17"><span class='ocrx_word' id='word_1_602' title='bbox 1352 4719 1423 4780; x_wconf 93' lang='lat' dir='ltr'><strong>liter</strong></span> <span class='ocrx_word' id='word_1_603' title='bbox 1453 4717 1566 4796; x_wconf 85' lang='lat' dir='ltr'><strong>exponi</strong></span> <span class='ocrx_word' id='word_1_604' title='bbox 1598 4715 1670 4777; x_wconf 90' lang='lat' dir='ltr'><strong>lecit</strong></span> <span class='ocrx_word' id='word_1_605' title='bbox 1701 4714 1926 4793; x_wconf 89' lang='lat' dir='ltr'><strong>praeiudicium</strong></span> <span class='ocrx_word' id='word_1_606' title='bbox 1955 4731 1987 4776; x_wconf 91' lang='lat' dir='ltr'><strong>ac</strong></span> <span class='ocrx_word' id='word_1_607' title='bbox 2014 4716 2097 4778; x_wconf 91' lang='lat' dir='ltr'><strong>dam·</strong></span> 
     </span>
     <span class='ocr_line' id='line_1_116' title="bbox 1352 4809 2094 4890; baseline -0.007 -16"><span class='ocrx_word' id='word_1_608' title='bbox 1352 4827 1441 4886; x_wconf 89' lang='lat' dir='ltr'><strong>num,</strong></span> <span class='ocrx_word' id='word_1_609' title='bbox 1474 4812 1554 4890; x_wconf 89' lang='lat' dir='ltr'><strong>quod</strong></span> <span class='ocrx_word' id='word_1_610' title='bbox 1576 4827 1615 4872; x_wconf 86' lang='lat' dir='ltr'><strong>ex</strong></span> <span class='ocrx_word' id='word_1_611' title='bbox 1642 4811 1733 4871; x_wconf 90' lang='lat' dir='ltr'><strong>tertio</strong></span> <span class='ocrx_word' id='word_1_612' title='bbox 1755 4816 1786 4870; x_wconf 92' lang='lat' dir='ltr'><strong>et</strong></span> <span class='ocrx_word' id='word_1_613' title='bbox 1814 4817 1924 4887; x_wconf 91' lang='lat' dir='ltr'><strong>quarto</strong></span> <span class='ocrx_word' id='word_1_614' title='bbox 1952 4809 2094 4882; x_wconf 86' lang='lat' dir='ltr'><strong>decretis,</strong></span> 
     </span>
     <span class='ocr_line' id='line_1_117' title="bbox 1352 4902 2096 4981; baseline -0.004 -14"><span class='ocrx_word' id='word_1_615' title='bbox 1352 4913 1420 4967; x_wconf 92' lang='lat' dir='ltr'><strong>tum</strong></span> <span class='ocrx_word' id='word_1_616' title='bbox 1442 4904 1527 4966; x_wconf 83' lang='lat' dir='ltr'><strong>iuxta</strong></span> <span class='ocrx_word' id='word_1_617' title='bbox 1548 4902 1681 4964; x_wconf 57' lang='lat' dir='ltr'><strong>‘formam</strong></span> <span class='ocrx_word' id='word_1_618' title='bbox 1703 4910 1734 4963; x_wconf 92' lang='lat' dir='ltr'><strong>et</strong></span> <span class='ocrx_word' id='word_1_619' title='bbox 1756 4911 1898 4964; x_wconf 90' lang='lat' dir='ltr'><strong>tenorem</strong></span> <span class='ocrx_word' id='word_1_620' title='bbox 1920 4903 1956 4964; x_wconf 92' lang='lat' dir='ltr'><strong>ab</strong></span> <span class='ocrx_word' id='word_1_621' title='bbox 1978 4903 2042 4981; x_wconf 92' lang='lat' dir='ltr'><strong>ipso</strong></span> <span class='ocrx_word' id='word_1_622' title='bbox 2057 4903 2096 4964; x_wconf 76' lang='lat' dir='ltr'><strong>A·</strong></span> 
     </span>
     <span class='ocr_line' id='line_1_118' title="bbox 1350 4995 2096 5075; baseline -0.005 -17"><span class='ocrx_word' id='word_1_623' title='bbox 1350 4997 1500 5075; x_wconf 92' lang='lat' dir='ltr'><strong>postolico</strong></span> <span class='ocrx_word' id='word_1_624' title='bbox 1530 4995 1694 5058; x_wconf 77' lang='lat' dir='ltr'><strong>visitatore</strong></span> <span class='ocrx_word' id='word_1_625' title='bbox 1719 4995 1890 5073; x_wconf 89' lang='lat' dir='ltr'><strong>conceptis,</strong></span> <span class='ocrx_word' id='word_1_626' title='bbox 1919 5002 1986 5058; x_wconf 93' lang='lat' dir='ltr'><strong>tum</strong></span> <span class='ocrx_word' id='word_1_627' title='bbox 2013 4995 2096 5057; x_wconf 80' lang='lat' dir='ltr'><strong>iuria</strong></span> 
     </span>
     <span class='ocr_line' id='line_1_119' title="bbox 1352 5087 2135 5168; baseline 0 -18"><span class='ocrx_word' id='word_1_628' title='bbox 1352 5089 1586 5168; x_wconf 90' lang='lat' dir='ltr'><strong>ampliationem</strong></span> <span class='ocrx_word' id='word_1_629' title='bbox 1601 5090 1782 5151; x_wconf 87' lang='lat' dir='ltr'><strong>eorumdem</strong></span> <span class='ocrx_word' id='word_1_630' title='bbox 1798 5106 1813 5148; x_wconf 92' lang='lat' dir='ltr'><strong>a</strong></span> <span class='ocrx_word' id='word_1_631' title='bbox 1829 5087 1948 5150; x_wconf 87' lang='lat' dir='ltr'><strong>laudata</strong></span> <span class='ocrx_word' id='word_1_632' title='bbox 1960 5089 2097 5165; x_wconf 81' lang='lat' dir='ltr'><strong>Congre-</strong></span> <span class='ocrx_word' id='word_1_633' title='bbox 2128 5147 2135 5168; x_wconf 64' lang='grc'>,</span> 
     </span>
     <span class='ocr_line' id='line_1_120' title="bbox 1353 5180 2097 5261; baseline 0 -19"><span class='ocrx_word' id='word_1_634' title='bbox 1353 5183 1476 5260; x_wconf 83' lang='lat' dir='ltr'><strong>gatione</strong></span> <span class='ocrx_word' id='word_1_635' title='bbox 1498 5182 1674 5261; x_wconf 90' lang='lat' dir='ltr'><strong>particulari</strong></span> <span class='ocrx_word' id='word_1_636' title='bbox 1687 5181 1894 5245; x_wconf 90' lang='lat' dir='ltr'><strong>Cardiualium</strong></span> <span class='ocrx_word' id='word_1_637' title='bbox 1917 5180 2025 5242; x_wconf 88' lang='lat' dir='ltr'><strong>lectam</strong></span> <span class='ocrx_word' id='word_1_638' title='bbox 2048 5183 2097 5242; x_wconf 93' lang='lat' dir='ltr'><strong>iis-</strong></span> 
     </span>
     <span class='ocr_line' id='line_1_121' title="bbox 1353 5275 2097 5339; baseline 0 -2"><span class='ocrx_word' id='word_1_639' title='bbox 1353 5276 1422 5338; x_wconf 89' lang='lat' dir='ltr'><strong>dem</strong></span> <span class='ocrx_word' id='word_1_640' title='bbox 1438 5277 1585 5339; x_wconf 89' lang='lat' dir='ltr'><strong>iratribus</strong></span> <span class='ocrx_word' id='word_1_641' title='bbox 1601 5275 1801 5338; x_wconf 89' lang='lat' dir='ltr'><strong>inlerebatur.</strong></span> <span class='ocrx_word' id='word_1_642' title='bbox 1824 5276 1901 5338; x_wconf 90' lang='lat' dir='ltr'><strong>llinc</strong></span> <span class='ocrx_word' id='word_1_643' title='bbox 1916 5275 2000 5336; x_wconf 91' lang='lat' dir='ltr'><strong>enim</strong></span> <span class='ocrx_word' id='word_1_644' title='bbox 2015 5291 2097 5337; x_wconf 89' lang='lat' dir='ltr'><strong>ema-</strong></span> 
     </span>
     <span class='ocr_line' id='line_1_122' title="bbox 1354 5359 2097 5450; baseline -0.003 -18"><span class='ocrx_word' id='word_1_645' title='bbox 1354 5371 1445 5432; x_wconf 90' lang='lat' dir='ltr'><strong>nabat</strong></span> <span class='ocrx_word' id='word_1_646' title='bbox 1466 5369 1613 5450; x_wconf 87' lang='lat' dir='ltr'><strong>quaedam</strong></span> <span class='ocrx_word' id='word_1_647' title='bbox 1636 5367 1734 5432; x_wconf 87' lang='lat' dir='ltr'><strong>reluti</strong></span> <span class='ocrx_word' id='word_1_648' title='bbox 1755 5359 1936 5432; x_wconf 89' lang='lat' dir='ltr'><strong>eorumdem</strong></span> <span class='ocrx_word' id='word_1_649' title='bbox 1959 5369 2097 5448; x_wconf 84' lang='lat' dir='ltr'><strong>expulsio</strong></span> 
     </span>
     <span class='ocr_line' id='line_1_123' title="bbox 1351 5463 2097 5527; baseline -0.003 -1"><span class='ocrx_word' id='word_1_650' title='bbox 1351 5465 1388 5526; x_wconf 90' lang='lat' dir='ltr'><strong>ab</strong></span> <span class='ocrx_word' id='word_1_651' title='bbox 1410 5464 1555 5527; x_wconf 91' lang='lat' dir='ltr'><strong>omnibus</strong></span> <span class='ocrx_word' id='word_1_652' title='bbox 1576 5463 1774 5525; x_wconf 88' lang='lat' dir='ltr'><strong>missionibus</strong></span> <span class='ocrx_word' id='word_1_653' title='bbox 1797 5463 2001 5525; x_wconf 90' lang='lat' dir='ltr'><strong>Gocincbinae</strong></span> <span class='ocrx_word' id='word_1_654' title='bbox 2016 5470 2046 5524; x_wconf 91' lang='lat' dir='ltr'><strong>et</strong></span> <span class='ocrx_word' id='word_1_655' title='bbox 2061 5463 2097 5524; x_wconf 89' lang='lat' dir='ltr'><strong>ab</strong></span> 
     </span>
     <span class='ocr_line' id='line_1_124' title="bbox 1352 5555 2097 5635; baseline -0.004 -16"><span class='ocrx_word' id='word_1_656' title='bbox 1352 5555 2097 5635; x_wconf 86' lang='lat' dir='ltr'><strong>ecclesiis1·esidentiisque‚quasipsilratres‚pro-</strong></span> 
     </span>
     <span class='ocr_line' id='line_1_125' title="bbox 1354 5649 2098 5728; baseline -0.004 -14"><span class='ocrx_word' id='word_1_657' title='bbox 1354 5659 1389 5714; x_wconf 92' lang='lat' dir='ltr'><strong>ut</strong></span> <span class='ocrx_word' id='word_1_658' title='bbox 1410 5652 1611 5725; x_wconf 87' lang='lat' dir='ltr'><strong>asserebatur,</strong></span> <span class='ocrx_word' id='word_1_659' title='bbox 1628 5650 1709 5712; x_wconf 90' lang='lat' dir='ltr'><strong>insto</strong></span> <span class='ocrx_word' id='word_1_660' title='bbox 1731 5649 1934 5728; x_wconf 81' lang='lat' dir='ltr'><strong>legitimoque</strong></span> <span class='ocrx_word' id='word_1_661' title='bbox 1950 5649 2051 5724; x_wconf 91' lang='lat' dir='ltr'><strong>titulo,</strong></span> <span class='ocrx_word' id='word_1_662' title='bbox 2067 5658 2098 5711; x_wconf 90' lang='lat' dir='ltr'><strong>et</strong></span> 
     </span>
     <span class='ocr_line' id='line_1_126' title="bbox 1352 5743 2096 5820; baseline -0.001 -14"><span class='ocrx_word' id='word_1_663' title='bbox 1352 5745 1534 5808; x_wconf 89' lang='lat' dir='ltr'><strong>auctoritate</strong></span> <span class='ocrx_word' id='word_1_664' title='bbox 1551 5743 1746 5805; x_wconf 76' lang='lat' dir='ltr'><strong>vicariorum</strong></span> <span class='ocrx_word' id='word_1_665' title='bbox 1762 5743 2020 5820; x_wconf 82' lang='lat' dir='ltr'><strong>Apostolicorum,</strong></span> <span class='ocrx_word' id='word_1_666' title='bbox 2034 5759 2096 5805; x_wconf 91' lang='lat' dir='ltr'><strong>nou</strong></span> 
     </span>
     <span class='ocr_line' id='line_1_127' title="bbox 1351 5837 2095 5915; baseline -0.001 -17"><span class='ocrx_word' id='word_1_667' title='bbox 1351 5837 1454 5900; x_wconf 90' lang='lat' dir='ltr'><strong>odioso</strong></span> <span class='ocrx_word' id='word_1_668' title='bbox 1467 5839 1647 5900; x_wconf 86' lang='lat' dir='ltr'><strong>invasorum</strong></span> <span class='ocrx_word' id='word_1_669' title='bbox 1658 5845 1940 5915; x_wconf 87' lang='lat' dir='ltr'><strong>occupatorumque</strong></span> <span class='ocrx_word' id='word_1_670' title='bbox 1955 5837 2095 5911; x_wconf 88' lang='lat' dir='ltr'><strong>nomine,</strong></span> 
     </span>
     <span class='ocr_line' id='line_1_128' title="bbox 1352 5928 2097 6010; baseline 0.001 -20"><span class='ocrx_word' id='word_1_671' title='bbox 1352 5929 1449 5993; x_wconf 91' lang='lat' dir='ltr'><strong>veluti</strong></span> <span class='ocrx_word' id='word_1_672' title='bbox 1477 5928 1703 6010; x_wconf 90' lang='lat' dir='ltr'><strong>quodammodo</strong></span> <span class='ocrx_word' id='word_1_673' title='bbox 1732 5928 1934 6006; x_wconf 88' lang='lat' dir='ltr'><strong>notabantur,</strong></span> <span class='ocrx_word' id='word_1_674' title='bbox 1957 5929 2097 5991; x_wconf 87' lang='lat' dir='ltr'><strong>obtentas</strong></span> 
     </span>
    </p>
   </div>
   <div class='ocr_carea' id='block_1_26' title="bbox 0 0 2384 6976">
    <p class='ocr_par' dir='ltr' id='par_1_28' title="bbox 0 0 2384 6976">
     <span class='ocr_line' id='line_1_129' title="bbox 0 0 2384 6976; baseline 0 0"><span class='ocrx_word' id='word_1_675' title='bbox 0 0 2384 6976; x_wconf 95' lang='lat' dir='ltr'><strong> </strong></span> 
     </span>
    </p>
   </div>
  </div>
 </body>
</html>
