4820 6980
950 559 1147 604 nummolenus
1169 558 1233 605 ΧΠ.

320 679 443 745 reculis
459 679 768 745 commendatoriis
784 681 928 762 Sulpitio,
945 683 998 761 qni
1015 683 1066 747 Se-

319 792 414 838 uerus
443 774 693 851 cognominatur,
717 792 780 839 nou
808 776 903 840 otiam
935 778 972 839 dc
994 775 1063 852 alio,

319 869 373 949 qui
388 868 469 932 Pius
491 867 586 946 uulgo
599 869 695 946 audit,
711 870 865 934 excimtur
885 878 1067 931 controver-

319 963 373 1037 sia,
402 962 441 1024 sit
470 977 510 1023 no
531 978 547 1022 a
570 963 702 1042 sulpitio
736 963 852 1028 Severo
874 961 906 1025 S.
940 963 1065 1025 blartini

320 1056 468 1152 discipulo
483 1057 706 1135 secernendum
722 1072 800 1137 quae
814 1064 919 1119 tamen
942 1063 1065 1118 contro-

321 1151 420 1214 versia
447 1157 515 1228 post
543 1151 767 1213 correctionem
800 1151 916 1214 Urbani
946 1149 1065 1212 Vilio

320 1245 424 1308 medio
444 1243 562 1306 sublata
577 1250 633 1306 est.
657 1245 700 1306 De
722 1245 847 1320 gemino
870 1244 1002 1324 sulpitio
1016 1247 1065 1309 lii-

322 1337 471 1403 turiaensi
493 1337 642 1416 Episcopo
667 1338 873 1400 consulendus
895 1339 1065 1402 Cardinalis

320 1433 471 1494 Batonius
493 1438 574 1492 tomo
596 1433 618 1492 5
641 1431 803 1494 Romanae
827 1431 1000 1502 Editioais‚
1023 1433 1065 1496 ad

321 1541 399 1588 ann.
418 1523 542 1588 Christi
558 1539 703 1600 cornua,
720 1525 738 1600 §
754 1522 812 1587 Sed
826 1523 911 1586 iilud
927 1524 979 1586 hic
994 1543 1064 1587 con·

320 1616 550 1691 siderandum·
580 1625 610 1679 et
632 1617 664 1679 in
693 1618 778 1679 uotis
802 1616 844 1679 ad
872 1615 1064 1695 Murtprolo·

322 1712 411 1790 pium
427 1709 606 1772 Romanurn
621 1710 671 1773 die
683 1727 771 1772 nara.
784 1709 867 1785 ian.,·
878 1711 982 1774 Patres
996 1711 1064 1773 liol-

321 1803 457 1867 landiani
474 1805 523 1866 die
539 1819 627 1866 nxru.
644 1803 797 1866 ianuarii
813 1807 848 1867 in
862 1805 932 1868 vita
948 1804 978 1868 S.
992 1804 1064 1874 Sul·

321 1898 400 1975 pilii
427 1897 533 1960 Severi
564 1896 713 1976 Episcopi
740 1898 1005 1974 Bituriaensis,§
1026 1901 1062 1971 2,

322 2007 410 2053 nura.
437 1991 719 2066 12,·llabillorrius
741 1992 776 2052 iu
804 1989 986 2054 Annalibus
1011 1993 1064 2053 Ee-

321 2085 506 2154 nedictinis,
521 2081 575 2147 lib.
588 2088 623 2156 2,
638 2101 728 2149 num.
743 2084 784 2146 91
799 2083 841 2147 ad
853 2100 906 2147 uu.
917 2101 1062 2159 ocxurr,

208 2237 210 2240 .
321 2185 352 2241 et
373 2179 409 2240 in
430 2179 514 2242 actis
538 2178 731 2242 Sanctorum
756 2178 887 2242 Ordinis
915 2177 944 2240 S.
970 2179 1064 2240 Bene-

322 2271 413 2340 dicti,
438 2270 503 2335 Sec.
528 2275 551 2333 2
573 2271 614 2334 ad
636 2287 713 2334 anrr.
737 2287 879 2348 nuncin,
896 2272 930 2332 in
956 2269 1064 2335 Obser-

320 2360 508 2424 aationihus
531 2364 670 2439 praeviis
691 2363 732 2425 ad
753 2363 855 2424 eitam
879 2361 908 2424 S.
927 2360 1063 2440 Sulpitii

321 2454 545 2528 Pii,num.1,·
567 2455 729 2535 Dionysius
751 2454 1008 2520 sammarthanus
1029 2456 1064 2517 ia

324 2549 431 2613 Gallia
461 2550 662 2618 Christiano,
687 2553 806 2612 toruo2
829 2549 981 2612 editionis
1004 2549 1065 2611 Pa·

321 2643 480 2712 ruiensis,
497 2659 550 2706 aa.
565 2659 722 2720 ananan,
736 2659 806 2724 pap.
825 2644 881 2714 14,
898 2658 986 2703 nura.
1004 2643 1062 2713 25,

321 2745 351 2799 et
372 2753 444 2817 pap.
460 2738 508 2800 25
528 2742 559 2799 et
572 2753 644 2817 pap.
664 2739 717 2810 16,
736 2754 824 2800 num.
845 2736 900 2810 19,·
914 2736 955 2798 Le
971 2739 1063 2801 Colat

321 2831 356 2891 iu
368 2829 551 2894 Annalibus
566 2831 790 2895 ecclesiasticis
807 2830 1008 2894 Francorum
1023 2831 1064 2894 ad

290 2971 293 2978 .
321 2941 397 2988 ann.
418 2923 542 2986 Christi
557 2941 659 2999 axau,
673 2941 747 3006 pap.
767 2923 845 2994 392,
863 2925 915 2986 ubi
938 2927 972 2985 arl
995 2941 1064 2988 rem

135 4607 303 4656 bollandiani

88 4661 218 4708 instant
251 4673 304 4718 pro

87 4715 216 4762 Theodori
238 4717 306 4762 Pon-

88 4767 165 4814 tillcis
186 4769 304 4826 nominem

85 4823 304 4871 sedrelictuntur.

321 3025 458 3080 nostram
481 3019 521 3079 ita
542 3019 646 3081 scribit
669 3018 929 3082 luculentissime:
955 3019 991 3080 ln
1014 3035 1065 3080 aa·

322 3109 436 3173 thedru
451 3111 653 3172 Bituriceusi
668 3111 730 3174 duo
745 3111 897 3174 sederunt
915 3110 1061 3189 suipitii.

321 3203 380 3266 llic
402 3203 509 3266 Severi
531 3220 643 3266 nornen
665 3203 819 3276 obtinuit,
840 3211 879 3267 ut
900 3202 940 3268 ub
961 3205 1063 3268 altero

321 3295 592 3378 distingueretur,
616 3299 669 3360 cui
692 3315 858 3379 cognomen
878 3297 923 3360 Pii
951 3299 1063 3372 cessit,-

321 3395 417 3468 atqne
438 3391 512 3452 inde
533 3393 659 3470 sactum
679 3399 738 3464 est,
769 3401 806 3454 ut
832 3410 851 3454 u
875 3392 1064 3469 posterioris

321 3483 391 3547 aeoi
415 3481 630 3562 scriptoribus
658 3485 838 3562 discipulas
867 3482 899 3547 S.
923 3483 1064 3548 Martini

320 3575 576 3654 praedicaretur,
595 3594 633 3638 aa
649 3578 726 3639 talis
741 3578 776 3638 io
793 3577 1063 3657 lilartprolopiunt

321 3667 498 3731 Romanurn
529 3669 685 3748 irreperet
707 3675 822 3749 quarto
847 3668 998 3733 hulendas
1019 3672 1064 3750 p-

322 3760 464 3836 bruarii,·
476 3762 571 3824 douec
586 3761 731 3826 Urbanus
746 3763 824 3827 Vltt.
838 3762 975 3826 Romani
984 3763 1065 3826 Pon-

322 3855 418 3934 tificio
430 3854 634 3918 authoritate
645 3854 779 3920 abrasae
793 3864 873 3920 sunt
888 3857 962 3922 ithae
977 3875 1064 3919 voces

321 3949 464 4026 discipuli
485 3946 516 4010 S.
535 3949 668 4025 Martini,
693 3949 743 4010 his
766 3950 943 4015 dumtanut
961 3969 1065 4015 seraa-

323 4041 382 4103 tis:
406 4043 532 4120 «Apud
554 4042 722 4104 Bituricus
746 4043 775 4106 S.
801 4043 938 4122 suipitii
960 4044 1065 4108 Seueri

322 4134 489 4214 Episcopi,
519 4134 713 4208 uirtutibus,
736 4142 767 4198 et
792 4137 974 4200 eruditione
995 4155 1067 4198 coa-

322 4228 427 4304 spicui
439 4246 469 4289 a.
487 4228 677 4291 Consulenrli
693 4233 970 4309 quoquehnnatus
981 4227 1069 4292 teba

324 4319 497 4400 theologiae
517 4322 682 4398 positivae,
707 4331 773 4385 art.
793 4325 853 4395 26,
877 4331 907 4386 et
928 4325 1068 4387 Domini-

322 4431 375 4476 cus
396 4414 547 4491 Georgius
569 4414 603 4474 in
625 4416 711 4477 notis
733 4416 774 4480 ad
795 4416 1066 4498 Martyrolopiurn

322 4506 443 4570 Adonis
465 4507 516 4569 die
536 4523 613 4570 xvrr.
637 4509 795 4572 ianuarii.

364 4614 472 4662 xurrrr.
498 4601 723 4664 Eruditissimis
737 4603 877 4666 Patribus
895 4604 1066 4667 Bollandia-

324 4695 372 4755 nis
388 4698 463 4755 tom.
479 4697 500 4756 3
515 4695 631 4755 mensis
643 4696 735 4766 maii,
748 4697 798 4758 die
809 4713 889 4772 xtu,
904 4713 975 4778 pap.
986 4699 1065 4770 263,

325 4787 441 4849 mirum
463 4787 553 4864 plane
573 4788 668 4862 subit,
682 4791 762 4866 quod
785 4791 816 4852 in
839 4791 976 4854 Romano
991 4793 1069 4854 blar-

325 4880 477 4960 tyrolagio
489 4879 641 4942 Theodori
651 4882 774 4945 Summi
784 4883 940 4946 Pontificis
952 4901 1067 4947 nomen

324 4973 436 5037 nullibi
459 4982 614 5049 occurrat,
643 4991 713 5036 cum
743 4975 827 5038 illius
852 4991 994 5055 expressa
1016 4979 1068 5041 liat

325 5066 442 5129 mentio
456 5065 488 5127 in
505 5067 631 5141 gemino
643 5067 861 5145 Martyrologio
873 5069 1066 5146 Florentino,

324 5160 422 5222 altero
443 5159 547 5235 Magni
569 5160 659 5222 Ducis
682 5161 836 5237 Etruriae,
853 5161 949 5224 altero
972 5161 1066 5226 Sena-

327 5253 400 5314 toris
416 5250 551 5328 Str·ozzi;
568 5252 680 5330 quibus
692 5261 723 5315 et
738 5252 814 5315 illud
830 5257 1066 5331 accensendum,

325 5343 405 5420 quod
437 5341 612 5404 Florentiae
634 5344 714 5421 typis
741 5360 892 5406 excusum
919 5355 965 5408 est
986 5361 1068 5408 anno

326 5450 524 5498 ncouxxxnr.
547 5435 625 5498 Hinc
640 5453 674 5498 ea
689 5436 961 5501 Bollandianorum
978 5455 1068 5519 expo·

324 5527 463 5590 stolatio:
490 5529 633 5608 Contigit
656 5531 732 5592 haec
753 5530 916 5608 depositio,
940 5548 996 5594 seu
1016 5548 1069 5610 pa-

328 5620 394 5682 tius
416 5623 484 5683 eius
506 5621 693 5704 (Theodori)
715 5621 831 5693 obitus,
848 5624 908 5687 hac
928 5624 981 5687 die
1002 5641 1067 5688 xrr.

326 5713 408 5776 maii
428 5731 502 5777 ann.
525 5731 672 5793 ouxtrx.;
695 5716 759 5790 sed,
783 5716 865 5795 quod
893 5719 1064 5791 miramur,

326 5806 519 5872 uuitisatiis
534 5811 643 5890 fastis,
659 5811 800 5874 manime
817 5809 982 5885 Romanis,
1000 5812 1070 5874 eius

328 5917 439 5963 nornen
467 5902 626 5964 insertum
653 5905 842 5982 reperimus.
872 5903 954 5980 Quae
976 5907 1070 5969 verba

1122 677 1160 739 de
1181 678 1341 748 Theodoro
1363 681 1385 742 l.
1415 679 1546 744 Summo
1573 679 1723 748 Pantilius
1751 679 1866 743 intelli-

1122 775 1220 852 genda
1242 791 1308 837 esse
1329 776 1478 855 temporis
1492 774 1618 838 delinita
1641 775 1718 837 ratio
1739 775 1867 838 demon·

1121 873 1214 946 strat,
1237 885 1309 931 cum
1331 868 1509 931 Theodorus
1524 870 1560 932 ll.
1578 877 1645 946 post
1666 869 1728 932 dies
1750 867 1866 945 viginti

1121 965 1154 1025 in
1175 963 1357 1041 pontificatu
1373 974 1452 1026 actos
1468 979 1507 1025 cn
1521 965 1577 1026 trac
1598 963 1660 1024 vita
1682 961 1867 1038 migraverit

1121 1071 1203 1118 anno
1225 1072 1292 1118 cur.
1315 1055 1511 1119 Bollandistis
1526 1055 1670 1118 adhaeret
1685 1057 1866 1119 Franciscus

1121 1149 1193 1226 Pagi
1217 1150 1253 1211 in
1273 1150 1342 1212 aito
1368 1149 1521 1212 Theodori
1542 1151 1580 1222 1.,
1600 1157 1681 1212 torno
1699 1151 1716 1210 1
1734 1149 1866 1212 Brevia·

1121 1241 1167 1304 rii
1183 1242 1401 1305 Romanorum
1416 1243 1621 1323 Pontificum.
1641 1243 1743 1306 Mirari
1759 1250 1865 1306 tamen

1121 1335 1241 1398 desinet
1271 1336 1410 1414 quisquis
1439 1335 1682 1410 animadvertat,
1713 1342 1864 1398 correcto

1121 1443 1169 1488 res
1184 1427 1336 1490 Romanos
1352 1443 1384 1490 ea
1407 1435 1531 1491 tantum
1554 1431 1585 1491 in
1608 1426 1862 1506 blartyrologium

1120 1520 1315 1582 transtulisse
1341 1521 1528 1584 Sanctorum
1551 1523 1692 1596 nomina,
1722 1537 1800 1600 quae
1826 1538 1865 1584 ex

1122 1613 1278 1675 veteribus
1306 1614 1500 1693 probatisque
1529 1614 1756 1692 martyrologiis
1780 1623 1866 1694 pete-

1122 1707 1244 1770 bantur.
1267 1708 1364 1769 Porro
1387 1715 1502 1770 tantam
1513 1709 1736 1771 authoritatem
1752 1717 1866 1771 'rocen-

1119 1800 1185 1860 sitis
1207 1800 1432 1878 martyrologiis
1459 1801 1682 1865 conciliandam
1712 1819 1775 1866 non
1798 1819 1864 1866 esse

1119 1892 1258 1955 arbitrati
1286 1902 1375 1955 sunt:
1401 1894 1499 1969 binc,
1515 1911 1585 1957 cum
1608 1894 1665 1957 alia
1694 1897 1864 1960 deficerent

1121 1992 1336 2060 monumenta,
1353 1986 1408 2048 uni
1423 1987 1564 2050 codicum
1585 1987 1711 2051 illorum
1730 1989 1802 2051 lrdei
1817 2006 1865 2052 ac-

1120 2081 1277 2158 quiescere
1298 2079 1478 2142 noluerunt.

1159 2187 1243 2234 narn.
1268 2173 1352 2248 Quod
1375 2189 1449 2236 nero
1480 2176 1550 2237 satis
1578 2175 1685 2238 mirari
1712 2193 1774 2239 non
1796 2193 1863 2257 pos·
1921 2188 1979 2237 atta
1998 2188 2030 2236 aa
2051 2189 2096 2236 sr-

1119 2283 1237 2342 sumus,
1262 2266 1338 2329 illud
1354 2276 1410 2343 est,
1427 2267 1529 2330 Siricii
1550 2269 1706 2332 Pontifiois
1721 2271 1861 2348 nomine,
1880 2242 2096 2343 {¹3ffrrb‘ffifli2

1881 2349 2054 2396 Florentlnlns
2064 2359 2095 2397 so

1880 2402 2096 2459 Norlslusprosi·

1119 2453 1301 2531 quamplura
1323 2453 1551 2532 martyrologia,
1571 2470 1648 2533 quae
1663 2472 1679 2516 a
1694 2455 1863 2519 Bollandia·
1880 2456 1943 2503 11010
1955 2456 2093 2504 ausuum.

1119 2362 1200 2438 quod
1226 2365 1347 2423 vetusta
1378 2375 1475 2439 aeque
1499 2361 1683 2439 ac'prebata
1713 2363 1863 2428 exbibent

1121 2545 1169 2607 nis
1183 2559 1470 2610 commemorantur
1487 2552 1508 2610 t.
1524 2545 1731 2629 illebruarii,
1744 2549 1859 2627 p.282,

1121 2631 1239 2718 uosque
1260 2640 1339 2702 inira
1361 2640 1576 2716 iudicabimus,
1600 2641 1730 2704 Romani
1752 2643 1863 2723 Marty-

1120 2733 1230 2810 rologii
1251 2733 1389 2796 codicem
1410 2734 1528 2797 tamdiu
1550 2736 1692 2798 caruisse.
1723 2736 1780 2800 Ubi
1801 2739 1863 2816 pri·

1120 2843 1209 2889 mum
1229 2821 1302 2906 post'
1327 2829 1541 2906 gregorianam
1571 2831 1795 2893 correctionem
1816 2832 1864 2894 in·

1120 2922 1234 2996 notuit,
1250 2922 1401 2984 eiusmodi
1424 2921 1580 2985 Pontificis
1601 2938 1717 2986 nomeu
1733 2925 1765 2986 in
1781 2925 1864 2988 diem

1121 3032 1206 3077 auur.
1231 3015 1411 3077 novembris
1433 3015 1564 3078 relatum
1587 3033 1650 3078 noa
1673 3016 1779 3092 luisse,
1805 3018 1864 3082 cla·

1122 3127 1173 3171 rus
1195 3109 1244 3170 vir
1263 3108 1443 3170 Franciscus
1465 3109 1557 3171 llario
1578 3109 1789 3173 Florentinius
1811 3114 1864 3175 do-

1119 3209 1199 3264 ctam
1220 3201 1341 3280 scripsit
1356 3203 1622 3278 exercitationem,
1638 3221 1717 3283 quae
1732 3204 1767 3265 ia
1778 3205 1864 3270 trar-

1121 3295 1273 3375 tprolopii
1293 3294 1364 3356 suis
1385 3295 1471 3356 notis
1488 3294 1530 3357 ad
1545 3295 1664 3358 dictum
1687 3299 1864 3362 novembris

1120 3389 1201 3450 diem
1224 3390 1307 3452 iacet
1322 3387 1433 3450 ordine
1449 3390 1476 3450 X
1481 3388 1541 3460 Vn,
1558 3389 1662 3468 inqua
1677 3390 1775 3453 multa
1790 3409 1865 3455 sane

1119 3497 1190 3545 cum
1205 3481 1295 3544 laude
1310 3499 1342 3544 ac
1359 3481 1536 3545 eruditione
1554 3483 1758 3560 demonstrat,
1771 3501 1864 3564 quam

1120 3583 1362 3638 consentaneum
1391 3577 1447 3650 sit,
1471 3585 1504 3638 ut
1527 3576 1604 3638 tanti
1630 3576 1787 3641 Pontificis
1808 3595 1863 3641 no·

1120 3669 1206 3735 utine
1220 3667 1474 3746 martyrologium
1488 3668 1614 3732 ditetur.
1626 3673 1665 3732 lit
1679 3671 1863 3737 Florentinii

1120 3762 1292 3825 lucubratio
1312 3776 1369 3822 suo
1383 3761 1481 3823 caruit
1502 3760 1626 3837 edecta,
1642 3780 1714 3826 cum
1736 3767 1863 3830 nonnisi

1121 3863 1187 3932 post
1208 3855 1379 3917 absolutam
1394 3853 1604 3932 Martyralogii
1625 3860 1862 3936 correctionem,

1121 3948 1250 4009 Romam
1278 3948 1467 4026 pervenerit.
1498 3947 1614 4011 lterum
1642 3950 1783 4015 instituta
1802 3954 1864 4016 'Ur-

1122 4040 1191 4102 bani
1214 4039 1289 4102 Vlll.
1313 4046 1455 4118 tempore
1475 4057 1553 4102 nova
1569 4041 1778 4122 Martyrologii
1799 4062 1864 4108 cor-

1121 4134 1277 4209 rectione,
1302 4133 1386 4196 uulla
1408 4135 1446 4197 de
1472 4134 1573 4198 Siricii
1600 4137 1729 4200 nomine
1756 4139 1864 4204 incidit

1123 4227 1252 4302 mentio,
1265 4228 1336 4306 quia
1351 4227 1429 4290 nulli
1450 4244 1543 4291 curae
1555 4227 1615 4291 luit
1630 4231 1779 4295 eiusmodi
1795 4251 1865 4297 cau-

1121 4337 1207 4395 sam,
1221 4337 1279 4398 qua
1301 4320 1425 4382 decebat
1448 4319 1479 4381 vi
1501 4326 1532 4382 et
1553 4321 1720 4399 alacritate,
1735 4333 1875 4396 tractau-¹

1123 4413 1192 4475 dam
1217 4413 1384 4492 suscipere.
1418 4415 1497 4477 Cum
1529 4429 1603 4476 vero
1636 4415 1797 4480 Clemente
1825 4420 1865 4483 X.

1124 4507 1277 4568 Ecclesiae
1291 4505 1413 4568 clavum
1429 4507 1633 4583 gubernante,
1645 4525 1720 4572 sacr.
1738 4510 1867 4575 Rituum

1125 4600 1331 4676 congregatio
1364 4599 1509 4661 Basilicas
1539 4598 1738 4665 lateranensi
1765 4603 1868 4668 Officia

1124 4692 1244 4773 propria
1257 4692 1441 4755 Sanctorum
1455 4693 1609 4756 Romanae
1625 4695 1775 4758 Ecclesiae
1790 4699 1870 4760 Pou-

1124 4786 1243 4848 tificum
1265 4786 1480 4862 concessisset,
1504 4785 1614 4850 Siricio
1638 4791 1867 4868 praetermisso,

1125 4895 1232 4940 rursus
1248 4878 1286 4940 de
1302 4878 1596 4942 buiusuePontiticis
1613 4882 1773 4944 sanctitate
1788 4884 1868 4946 eius-

1125 4987 1185 5052 que
1215 4971 1305 5034 oliiaii
1338 4973 1533 5036 concessione
1563 4973 1612 5050 agi
1640 4983 1798 5054 coeptum:
1829 4977 1869 5039 ir·

1124 5065 1186 5126 rito
1209 5074 1311 5126 tamen
1333 5070 1466 5144 ereutu;
1489 5067 1644 5145 siquidem
1658 5068 1870 5147 archiepisco·

1125 5174 1182 5235 pus
1204 5158 1318 5235 birsae,
1341 5159 1395 5236 qui
1418 5166 1493 5221 tunc
1517 5160 1663 5236 temporis
1684 5147 1869 5241 promotoris

1126 5251 1197 5313 fidei
1220 5267 1351 5313 munere
1378 5251 1583 5328 tangebatur,
1606 5253 1717 5315 acriter
1739 5254 1868 5332 obstitit,

1125 5343 1205 5423 quod
1229 5343 1330 5408 Sirioii
1353 5361 1468 5406 nomen
1484 5345 1517 5406 in
1532 5345 1669 5408 nomano
1691 5346 1870 5426 Martyrolo·

1126 5439 1176 5515 gio
1191 5454 1345 5516 nusquam
1361 5444 1552 5516 occurreret3
1569 5455 1603 5500 ea
1619 5455 1755 5518 namque
1768 5457 1870 5504 sacrae

1126 5531 1383 5608 congregationis
1404 5547 1494 5593 mens
1523 5541 1605 5607 erat,
1630 5541 1664 5594 ut
1685 5531 1870 5598 Sanctorum

1127 5625 1312 5687 Pontificum
1333 5624 1560 5700 Romanorum,
1583 5641 1716 5703 quorum
1743 5629 1871 5690 nomina

1127 5718 1158 5779 in
1172 5717 1427 5796 martyrologium
1438 5717 1532 5780 relata
1543 5716 1677 5794 lucrant,
1690 5718 1788 5782 officia
1800 5737 1871 5784 cun·

1126 5812 1321 5874 cederentur.
1346 5811 1384 5872 Et
1395 5811 1542 5890 quoniam
1563 5811 1693 5890 ipsemet
1715 5813 1786 5875 fidei
1801 5830 1872 5893 pro·

1127 5911 1228 5968 motor·
1242 5904 1275 5966 in
1292 5905 1355 5968 suis
1376 5905 1695 5968 animadversionibus
1717 5907 1816 5970 obiter
1829 5915 1872 5972 at·

1790 543 1847 608 751
1898 542 1952 598 An.
1966 542 1997 597 0.
2019 541 2088 597 tete
