4732 7014
303 529 400 585 auc.
423 532 489 586 1741
542 536 581 598 38

522 675 853 762 Dominouadimplerc.
885 679 1046 760 Siquidem
1067 680 1166 758 primo
1188 661 1266 742 Pon-

524 767 654 832 tificatus
676 771 774 833 nostri
796 788 878 834 anno
899 772 935 833 ad
957 771 1120 852 Episcopus
1142 772 1265 835 illarum

522 861 669 938 partium,
699 862 864 941 inquibus
892 865 1043 944 praedicta
1076 865 1264 940 acciderant,

522 953 708 1031 plenissimis
730 957 806 1018 datis
827 957 951 1032 litteris,
975 958 1112 1035 graviter
1133 973 1265 1036 conque-

521 1047 559 1108 sti
582 1064 689 1110 snmus
710 1047 748 1111 de
762 1050 940 1114 huiusmodi
961 1051 1123 1129 pravitate,
1139 1067 1217 1130 quae
1233 1052 1265 1112 in

522 1139 653 1203 Ecclesia
668 1141 722 1204 Dei
744 1143 941 1221 tolerabatur,
959 1146 1038 1208 etad
1054 1161 1122 1206 earn
1143 1145 1267 1207 abolen-

521 1232 588 1294 dam
611 1249 719 1297 eorum
740 1235 858 1298 animos
883 1237 1005 1314 erigere
1031 1247 1062 1299 et
1084 1239 1266 1317 pastoralem

523 1327 625 1390 zelum
654 1331 819 1392 accendere
848 1331 1038 1393 curavimus:
1069 1331 1265 1410 quodetiam

522 1421 643 1498 egimus
663 1439 735 1484 cum
757 1423 822 1485 aliis
850 1424 979 1486 aliarum
1008 1425 1173 1501 regionum
1196 1423 1266 1502 Epi-

522 1515 629 1594 scopiS,
654 1516 706 1579 ubi
728 1515 903 1578 huiusmodi
927 1534 1056 1596 pravum
1079 1518 1265 1580 dirimendo-

524 1623 595 1670 rum
622 1610 893 1674 matrimoniorum
922 1627 1012 1673 usum
1039 1611 1197 1689 irrepsisse
1217 1627 1267 1674 co-

522 1703 699 1778 gnevimus.

563 1797 582 1871 g
602 1796 630 1856 3.
654 1795 772 1858 lerum
787 1797 875 1859 nobis
890 1815 1072 1877 responsum
1085 1807 1142 1874 est,
1160 1799 1188 1860 id
1203 1815 1267 1861 sae·

522 1908 558 1970 pe
580 1893 764 1967 contingere
787 1893 898 1970 partim
914 1909 953 1954 61
968 1893 1055 1972 culpa
1077 1893 1204 1955 illorum
1220 1895 1265 1956 iu-

522 1985 626 2048 dicum
647 1986 758 2064 quibus
774 1986 823 2047 vel
845 1986 877 2049 in
898 1988 997 2066 prima
1019 1987 1176 2062 instantia,
1193 2003 1264 2050 cum

521 2095 609 2139 cansa
631 2094 734 2140 coram
756 2078 855 2141 iudice
878 2079 1032 2141 ordinario
1048 2097 1085 2142 61
1107 2082 1208 2160 aliqua
1224 2081 1266 2142 16-

522 2172 628 2247 gitima
660 2188 748 2234 causa
771 2173 913 2249 cognosci
941 2174 1066 2252 nequit,
1094 2174 1143 2236 vel
1167 2177 1199 2237 in
1220 2190 1266 2236 se-

521 2267 631 2341 cunda,
655 2283 725 2328 cunr
743 2268 774 2328 11
790 2267 925 2346 partibus
939 2267 1046 2330 nullus
1061 2267 1144 2330 adest
1159 2268 1264 2341 ludex,

520 2357 557 2420 ad
579 2361 665 2422 cuius
688 2361 824 2422 tribunal
852 2377 938 2424 causa
960 2361 1004 2426 in.
1016 2363 1111 2438 gradu
1136 2361 1267 2440 appella-

522 2452 615 2514 tionis
626 2453 819 2528 devolvatur,
832 2455 882 2516 vel
894 2455 919 2515 si
931 2456 1026 2531 adest,
1038 2456 1117 2516 iusta
1130 2457 1166 2517 de
1177 2472 1265 2518 causa

521 2561 624 2608 coram
647 2563 682 2606 eo
704 2545 865 2624 disceptari
888 2548 1009 2626 nequit,
1032 2565 1139 2610 causae
1160 2549 1266 2609 matri·

521 2640 670 2701 moniales
687 2640 862 2702 huiusmodi
877 2657 892 2700 a
908 2641 986 2704 Sede
1000 2641 1171 2719 Apostolica
1182 2658 1265 2703 com-

521 2735 703 2809 mittuntur,
719 2734 772 2813 qui
789 2734 839 2796 vel
855 2734 893 2794 ob
908 2734 1061 2796 inscitiam
1085 2735 1134 2796 vel
1150 2735 1187 2796 ob
1203 2752 1265 2796 ma·

522 2827 582 2888 lam
599 2828 791 2890 voluntatem
807 2827 958 2906 proclives
969 2835 1044 2889 sunt
1058 2826 1093 2887 ad
1106 2829 1266 2890 matrimo-

522 2920 572 2980 nia
594 2920 797 2995 dissolvenda,
817 2929 910 2999 atque
932 2921 1038 2982 eadem
1054 2921 1262 2996 matrimonia,

522 3011 583 3074 1611
606 3013 656 3073 161
676 3015 769 3074 etiam
784 3013 872 3074 nullo
887 3013 992 3075 babilo
1007 3014 1161 3088 examine,
1178 3014 1264 3074 irrita

521 3122 553 3167 ac
566 3105 697 3167 invalida
710 3105 879 3181 declarant3
898 3107 1009 3184 partim
1024 3107 1117 3168 etiam
1133 3123 1171 3168 en
1186 3104 1264 3168 lacto

520 3197 689 3274 coniugum
712 3214 805 3275 super
832 3199 975 3262 nullitate
1002 3216 1131 3261 suorum
1159 3201 1264 3261 matri·

521 3292 699 3352 naeniarum
737 3291 945 3368 litigantium,
979 3309 1049 3355 cum
1082 3293 1264 3371 frequenter

522 3400 602 3444 unus
634 3391 756 3446 tantum
787 3401 913 3462 eorum,
943 3386 997 3464 qui
1028 3386 1262 3449 dissolutionem

521 3479 712 3539 matrimonii
734 3478 876 3557 postulat,
894 3481 926 3540 11
942 3479 1054 3541 iudicio
1077 3490 1261 3558 compareat,

521 3580 551 3632 et
572 3572 742 3648 sententia,
776 3572 863 3634 nullo
885 3573 1131 3647 contradicente,
1154 3589 1263 3636 secun·

520 3663 594 3725 dum
610 3682 663 3725 sua
677 3672 747 3727 vota
763 3665 899 3741 obtenta,
917 3669 951 3728 ad
967 3666 1040 3728 alias
1055 3669 1177 3747 nuptias
1192 3685 1264 3730 con·

521 3758 618 3834 volat;
641 3759 688 3819 vel
705 3759 854 3820 ambobus
868 3760 1051 3836 coniugibus
1068 3761 1098 3820 in
1115 3760 1263 3824 iudicium

522 3851 736 3926 venientibus,
769 3851 863 3926 alter,
887 3853 940 3932 qul
962 3869 1016 3930 pro
1045 3854 1262 3929 matrimonio,

520 3945 598 4005 alter
619 3960 705 4019 vero,
728 3946 780 4024 qui
809 3952 916 4008 contra
938 3946 1016 4021 agit,
1049 3947 1204 4008 sententia
1226 3948 1263 4008 de

520 4037 664 4099 nullitate
686 4039 879 4101 matrimonii
907 4039 1039 4117 prolata,
1070 4039 1176 4100 nullus
1205 4047 1261 4114 est,

519 4132 571 4209 qui
594 4132 629 4192 ad
651 4134 841 4210 superiorem
864 4134 996 4195 iudicem
1025 4133 1263 4211 appellationem

520 4225 713 4304 interponat,
743 4227 793 4288 vel
819 4229 889 4306 quia
922 4227 1077 4302 litigantes
1104 4228 1136 4287 in
1163 4228 1264 4304 specie

519 4319 643 4395 quidem
665 4321 828 4394 discordes,
845 4335 879 4381 16
900 4337 972 4381 vera
996 4321 1077 4381 inter
1091 4337 1123 4381 se
1138 4335 1263 4397 concor·

518 4408 570 4470 des
581 4418 665 4484 sunt,
678 4419 709 4472 et
722 4411 855 4473 invicem
867 4413 1058 4474 colludentes
1069 4419 1263 4473 contractum

519 4504 755 4566 matrimonium
784 4505 909 4566 dissolvi
939 4505 1086 4582 cupiuut;
1115 4504 1164 4565 vel
1192 4505 1262 4582 quia

518 4614 598 4676 pars,
621 4615 699 4676 quac
727 4616 781 4676 pro
806 4598 961 4660 validitate
992 4597 1182 4658 matrimonii
1204 4608 1263 4658 sta-

517 4693 579 4766 bat,
602 4691 730 4771 eiusque
752 4691 928 4753 nvdlitatcm
954 4691 1065 4754 acriter
1086 4700 1192 4752 contra
1214 4692 1262 4752 ad-

518 4787 689 4848 versarium
712 4786 930 4868 impugnabat,
955 4785 1013 4846 lata
1035 4802 1050 4844 a
1073 4785 1171 4847 iudice
1194 4801 1264 4846 sen-

518 4881 611 4942 tentia
634 4889 740 4942 contra
762 4880 1008 4953 matrimonium,
1031 4885 1129 4939 mutat
1152 4878 1262 4938 volun-

519 4983 630 5048 tatem,
662 4974 712 5035 vel
735 4974 864 5052 pecunia
892 4972 949 5033 sibi
971 4969 1006 5033 ad
1028 4981 1169 5049 sumptos
1201 4970 1263 5031 litis

518 5086 581 5130 non
604 5074 799 5146 suppetente,
822 5066 872 5128 vel
893 5065 959 5126 aliis
982 5065 1195 5127 deficientibus
1211 5081 1264 5125 aiu·

519 5161 599 5222 viliis
621 5163 655 5223 ad
679 5161 863 5238 litigandum
886 5158 1075 5231 necessariis,
1089 5164 1119 5217 et
1141 5157 1263 5234 incoep-

518 5264 585 5318 tum
608 5271 682 5334 opus
704 5273 737 5317 ac
752 5269 874 5316 causam
896 5260 963 5330 post
984 5251 1117 5328 primam
1138 5259 1264 5312 senten-

473 5397 474 5400 *
519 5348 592 5410 tiam
614 5349 737 5410 deserit.
760 5349 824 5423 Quo
842 5348 887 5420 lrt,
905 5357 938 5408 ut
961 5344 1071 5407 deinde
1085 5344 1174 5405 ambo
1190 5337 1261 5420 cpit-

518 5441 615 5517 iuges,
632 5441 681 5502 vel
704 5457 785 5502 unus
797 5456 907 5502 eorum
923 5439 957 5499 ad
973 5439 1054 5500 aliud
1077 5437 1263 5499 contraben-

517 5536 592 5596 dum
614 5533 848 5595 matrimonium
870 5549 903 5594 se
924 5533 1072 5594 conterat.

557 5629 624 5702 Sd.
649 5628 734 5702 Quod
763 5634 867 5689 autem
899 5628 934 5686 ad
967 5626 1081 5687 ludices
1113 5625 1260 5704 pertinet,

517 5721 628 5798 paribus
657 5729 743 5782 entra
769 5721 939 5781 Romanam
971 5719 1096 5782 Curiam
1124 5735 1179 5796 pro
1201 5719 1261 5780 liti-

518 5815 657 5890 gantium
690 5817 851 5875 rovnrnorlo
884 5831 988 5875 carasco
1021 5813 1261 5874 rrrartrirnoniales

518 5907 769 5981 cornmitluntor,
794 5916 920 5984 paterna
945 5908 990 5967 illa
1017 5907 1186 5982 vigilantia,
1203 5923 1260 5982 tptra

1041 559 1104 606 lon.
1130 559 1220 605 PONT·
1245 559 1286 606 DE
1307 560 1336 606 1³.
1360 562 1389 608 Γ.
1414 563 1496 609 PARS
1517 563 1538 608 l.

1322 681 1359 743 de
1381 681 1497 744 iustitia
1519 681 1689 761 unicuique
1706 681 1829 758 integre
1848 679 2067 759 sapienterque

1321 774 1564 837 administranda
1591 773 1713 836 solliciti
1734 789 1800 860 esse
1827 773 1990 848 debemus,
2013 787 2067 834 en-

1322 867 1442 946 cyclicis
1470 867 1582 930 litteris
1603 867 1638 930 ad
1664 867 1857 929 venerabiles
1882 865 1991 932 fratres
2012 866 2067 927 Pa-

1323 961 1479 1035 triarcbas,
1495 961 1657 1036 Primates,
1670 960 1932 1038 archiepiscopos,
1949 966 1979 1022 et
1996 959 2066 1038 Epi-

1321 1070 1426 1132 scopus
1447 1053 1566 1132 scriptis
1581 1053 1725 1116 vicesima
1739 1061 1824 1114 sexta
1845 1053 1968 1128 angusti
1984 1067 2066 1113 anno

1321 1148 1456 1209 secundo
1477 1147 1678 1209 pontificatus
1698 1145 1808 1220 nostri,
1832 1145 1993 1224 providere
2014 1161 2067 1206 cu-

1322 1243 1470 1317 ravimus,
1483 1241 1515 1302 in
1528 1240 1639 1319 quibus
1660 1256 1694 1302 ea
1709 1238 1971 1318 praescripsimus,
1988 1253 2066 1315 quae

1320 1335 1412 1397 sacris
1433 1334 1613 1409 canonibus,
1630 1341 1660 1396 et
1676 1333 1802 1397 Concilii
1825 1331 1999 1394 Tridentini
2015 1332 2065 1393 de-

1322 1427 1413 1490 cretis
1434 1444 1578 1502 consona,
1595 1430 1618 1489 si
1634 1427 1813 1504 diligenter,
1836 1433 1872 1489 ut
1892 1441 2065 1504 speramus,

1321 1528 1501 1596 serventur,
1533 1521 1565 1583 in
1595 1528 1753 1599 posterum
1782 1535 1890 1582 causac
1919 1518 2066 1581 nonnisi

1321 1615 1460 1692 personis
1482 1629 1615 1691 congrua
1637 1613 1713 1676 iuris
1735 1613 1856 1692 peritia,
1879 1619 1910 1674 et
1930 1627 2066 1673 necessa·

1322 1708 1367 1769 rio
1395 1706 1554 1786 probitatis
1587 1712 1802 1784 spectataeque
1833 1703 1902 1766 fidei
1934 1705 2065 1766 munitis

1321 1800 1469 1878 praesidio
1480 1795 1726 1862 committantur.
1740 1799 1871 1876 insuper
1882 1800 1918 1860 ad
1929 1815 1975 1872 ea,
1988 1814 2066 1877 quac

1322 1895 1354 1956 11
1376 1893 1483 1955 iisdem
1499 1893 1660 1972 encyclicis
1672 1892 1783 1954 litteris
1798 1893 1963 1954 constituta
1979 1900 2064 1966 saint,

1322 1986 1351 2049 id
1374 1989 1467 2049 etiam
1489 1987 1696 2064 inpraesenti
1725 1985 1939 2061 adiungimus:
1969 1987 2063 2063 quod,

1322 2079 1463 2157 quamvis
1480 2078 1609 2141 Concilii
1624 2078 1799 2140 Tridentini
1815 2077 2065 2156 decretumque

1322 2189 1427 2236 causae
1458 2171 1701 2236 matrimoniales
1733 2171 1908 2234 subtractae
1937 2171 2067 2233 luerunt

1321 2267 1438 2341 decani,
1451 2265 1668 2340 archidiaconi,
1686 2273 1716 2328 et
1731 2264 1863 2326 aliorum
1881 2263 2065 2326 interiorum

1321 2361 1449 2434 iudicio,
1479 2366 1509 2422 et
1537 2359 1758 2436 Episcoporum
1786 2365 1909 2420 tantum
1931 2358 2065 2419 examini

1321 2463 1352 2516 et
1373 2451 1578 2514 iurisdictioni
1600 2459 1787 2527 reservatae,
1816 2453 1976 2513 dumtaxat
1997 2467 2065 2530 pro

1320 2545 1406 2607 cedat
1428 2546 1465 2607 de
1479 2544 1710 2619 archidiaconis,
1727 2544 1860 2618 decanis,
1876 2544 2005 2621 aliisque
2019 2545 2065 2606 in·

1320 2639 1500 2713 levioribus
1530 2639 1638 2716 quiin
1664 2637 1772 2699 eadem
1800 2637 1932 2699 dioecesi
1952 2638 2066 2699 consti-

1321 2731 1392 2807 tuti,
1415 2732 1465 2794 vel
1487 2731 1650 2810 privilegio
1671 2730 1773 2809 aliquo
1788 2731 1839 2792 vel
1855 2731 2066 2809 praescriptio-

1320 2842 1371 2899 ne,
1394 2825 1504 2887 saltem
1519 2825 1551 2885 in
1572 2823 1759 2898 visitatione,
1776 2839 1938 2885 causarum
1960 2823 2066 2885 matri·

1320 2917 1503 2979 monialium
1532 2917 1744 2993 cognitionem
1771 2917 1827 2978 sibi
1860 2917 2063 2994 adrogabant3

1321 3013 1433 3074 idcirco
1444 3012 1574 3072 minime
1587 3010 1684 3073 obstet
1696 3009 1975 3083 commissionibus,
1988 3025 2067 3088 quae

1320 3121 1374 3183 pro
1391 3105 1497 3165 iisdem
1512 3104 1609 3165 causis
1625 3101 1903 3164 matrimonialibus
1915 3103 2065 3166 delinien-

1320 3198 1365 3260 dis
1386 3213 1401 3257 a
1423 3195 1501 3260 Sede
1522 3195 1693 3274 Apostolica
1722 3195 1812 3257 alicui
1835 3211 1942 3257 eorum
1965 3196 1997 3256 11
2018 3211 2064 3256 se·

1319 3291 1418 3352 cauda
1442 3289 1589 3350 instantia
1611 3290 1738 3364 sierent3
1759 3288 1961 3350 nibilominus
1979 3303 2064 3366 prae-

1319 3384 1449 3460 cipimus
1480 3400 1513 3443 ac
1543 3383 1725 3444 mandamus
1757 3381 1810 3457 iis,
1843 3382 1879 3442 ad
1907 3399 1983 3460 quos
2008 3383 2065 3444 111-

1320 3477 1451 3539 iusmodi
1478 3465 1732 3536 commissionum
1758 3491 1813 3536 seu
1835 3476 2064 3552 delegaticnum

1318 3568 1581 3648 expediendarum
1602 3584 1676 3628 cura
1699 3569 1848 3646 pertinet,
1873 3577 1905 3633 ut
1929 3571 1960 3632 in
1982 3570 2064 3632 lutu-

1318 3662 2064 3740 rumcausarummatrimonialiamcognitionem

1319 3772 1381 3818 non
1404 3755 1600 3818 committant
1623 3755 1681 3815 nisi
1708 3756 1862 3834 Episcopis
1883 3759 2063 3836 praesertim

1319 3850 1537 3923 vicinioribus,
1560 3847 1628 3924 vel,
1651 3851 1676 3909 si
1707 3850 1812 3911 nullus
1834 3851 1872 3912 sit
1898 3851 2065 3930 Episcopus

1318 3943 1368 4006 cul
1390 3960 1427 4004 61
1450 3943 1588 4018 legitima
1616 3959 1702 4004 causa
1725 3945 1886 4005 commode
1911 3946 2063 4007 committi

1319 4039 1430 4115 possit,
1462 4045 1529 4099 tuni
1557 4037 1732 4098 commissio
1760 4045 1790 4099 et
1817 4039 1969 4114 delegatio
1991 4041 2064 4102 diri-

1319 4140 1409 4207 gatur
1439 4130 1554 4191 11161
1577 4131 1624 4205 iis,
1656 4131 1709 4208 qui
1728 4131 1900 4192 secundum
1922 4134 2063 4195 ordinem

1319 4232 1351 4286 et
1372 4224 1500 4286 modum
1523 4240 1538 4282 a
1561 4224 1650 4284 nobis
1676 4225 1709 4283 in
1733 4225 1873 4301 praelatis
1901 4227 2063 4303 encyclicis

1319 4318 1430 4379 litteris
1453 4316 1674 4395 praescriptum
1697 4333 1752 4395 pro
1775 4317 1873 4379 iudice
1897 4319 2005 4382 idoneo
2027 4320 2064 4382 ab

1320 4411 1469 4488 Episcopo
1498 4425 1569 4470 cum
1591 4410 1719 4471 consilio
1740 4411 1787 4472 sui
1816 4411 1941 4489 capituli
1964 4415 2062 4475 nomi-

1319 4511 1409 4564 natus
1430 4503 1535 4564 luerit.

1358 4598 1376 4671 g
1405 4597 1433 4656 5.
1459 4599 1545 4670 Quod
1575 4613 1649 4657 vero
1671 4597 1705 4658 ad
1728 4598 1869 4660 ordinem
1897 4610 1929 4661 61
1950 4603 2062 4664 seriem

1318 4688 1504 4752 iudiciorum
1525 4690 1557 4750 in
1581 4689 1680 4750 causis
1706 4692 1986 4755 matrimonialibus
2008 4712 2062 4775 pro

1318 4781 1419 4843 debita
1440 4792 1471 4844 61
1493 4799 1630 4858 congrua
1647 4799 1755 4845 earum
1769 4787 1990 4850 terminatione
2000 4807 2062 4852 ser·

1319 4877 1454 4938 vandum
1476 4885 1602 4954 spectat,
1616 4883 1703 4938 motu
1720 4881 1853 4957 proprio,
1869 4891 1951 4942 certa
1964 4884 2062 4945 scien·

1321 4969 1371 5044 tia,
1394 4985 1427 5030 ac
1449 4977 1569 5030 matura
1586 4969 1808 5033 deliberatione
1824 4975 1947 5049 nostris,
1964 4977 2062 5053 deqcre

1318 5063 1499 5141 apostolicae
1511 5064 1667 5141 potestatis
1680 5064 1885 5142 plenitudine,
1895 5069 1949 5131 bac
1959 5079 2061 5134 nostra

1319 5157 1351 5217 in
1374 5163 1560 5235 perpetuum
1578 5157 1711 5218 valitura
1726 5161 1882 5222 sanctione
1903 5165 2064 5227 constitui-

1319 5265 1399 5324 muS,
1423 5251 1631 5326 decernimus,
1655 5270 1688 5314 ac
1711 5253 1863 5330 iubemus,
1887 5265 1921 5318 ut
1943 5259 1979 5319 ab
1998 5275 2064 5320 om-

1319 5343 1410 5404 nibus
1425 5352 1456 5404 61
1471 5345 1602 5421 singulis
1618 5347 1755 5408 locorum
1770 5349 1938 5412 Ordinariis
1953 5352 1985 5413 11
2000 5355 2062 5415 suis

1319 5438 1490 5515 respective
1513 5438 1702 5500 dioecesibus
1727 5457 1856 5519 persona
1878 5443 1977 5522 aliqua
2002 5447 2061 5508 ido-

1319 5545 1376 5591 nea
1398 5530 1542 5606 eligatur,
1556 5533 1625 5593 etsi
1641 5533 1707 5593 sieri
1730 5542 1838 5611 potest,
1862 5553 1901 5596 61
1924 5539 2061 5602 ecclesia-

1318 5623 1394 5684 stico
1416 5631 1518 5699 coetu,
1541 5625 1617 5704 ioris
1638 5627 1764 5688 scientia
1788 5630 1902 5706 pariter
1923 5639 1954 5692 et
1971 5635 2062 5708 vitae

1320 5716 1470 5794 probitate
1498 5719 1650 5795 praedita,
1679 5736 1756 5796 quae
1788 5723 2060 5788 matrimoniorum

1319 5809 1700 5884 1111111111·1111111111111,
1717 5832 1786 5874 cum
1801 5815 1942 5878 lacrrllale
1959 5825 2061 5881 111111

1320 5920 1385 5964 carru
1409 5907 1628 5983 suspendemli,
1654 5907 1702 5968 vel
1726 5911 1919 5984 1111111111,
1936 5913 1959 5970 si
1984 5915 2061 5974 iusta

2097 543 2150 596 An.
2165 543 2195 595 C.
2218 535 2316 593 1741
