4744 6976
85 601 121 650 hu.
132 595 154 646 C.
172 589 229 640 1744

882 599 1038 644 manenter
1043 599 1078 642 l's
1102 598 1164 642 xlv.

253 709 393 777 domibus
415 712 712 794 secularibusque
734 713 898 792 quibusvis
920 715 996 778 otiis

253 806 389 868 ecclesiis
410 808 458 868 oct
488 807 663 887 borccficiis,
685 809 752 871 sine
773 809 994 890 repa-loribus,

251 901 312 962 sive
326 901 550 966 soecularibus
562 903 796 966 incumbentem
812 909 994 976 erercocnt,

250 994 311 1053 eice
335 993 414 1054 eliis
440 995 655 1058 ecclesiastico
687 1001 911 1070 accremento,
934 1002 996 1060 out

251 1101 349 1146 virttem
370 1102 411 1148 em
433 1086 501 1150 illis
533 1087 741 1161 ministrent,
763 1091 896 1166 procnio
920 1090 994 1169 Epi-

248 1178 332 1256 scopi
353 1179 489 1243 licentio
511 1187 541 1242 et
563 1179 810 1259 approbantem
830 1183 896 1244 sice
922 1200 995 1261 quo-

250 1289 306 1350 quo
326 1275 416 1336 modo
440 1273 474 1334 in
495 1273 602 1336 dictoe
622 1291 720 1337 curce
744 1276 911 1349 coercitio,
935 1283 995 1339 ont

252 1365 284 1426 in
299 1365 479 1427 eorumdem
493 1360 772 1430 sacramentorum
788 1369 835 1430 oei
849 1368 994 1433 alicuius

249 1474 286 1518 eo
309 1456 375 1520 illis
396 1458 685 1522 administratione
706 1461 742 1522 de
757 1463 858 1540 sacto,
880 1461 994 1540 nbsqne

252 1549 321 1611 ullo
354 1552 573 1623 auctoritate,
600 1569 633 1612 sc
664 1553 834 1633 impunem
863 1555 898 1616 in
930 1555 991 1629 bis,

250 1659 328 1720 quoe
351 1641 507 1706 eiusmodi
528 1662 642 1707 curem
659 1664 716 1708 seu
734 1648 994 1713 administratio-

251 1751 319 1796 nem
341 1743 549 1808 concernunt,
563 1741 738 1804 omnimode
753 1742 991 1816 iurisdictioni,

249 1827 433 1890 nt‘sitotiomi
455 1837 484 1891 et
503 1832 697 1894 correctioni
718 1833 896 1896 dioecesani
919 1835 993 1911 Epi·

247 1921 350 1998 scopi,
386 1927 549 2000 tamquam
572 1923 661 1987 Sedis
687 1928 887 2004 Apostolicne
915 1928 993 1990 dele·

248 2017 330 2094 poti,
351 2015 444 2093 plene
464 2017 498 2078 in
520 2017 667 2081 omnibus
687 2019 922 2084 subiicientnr.

76 2117 231 2230 .qb{⁰.bb¹³e²ee²¹oii²r³-
285 2109 353 2184 §h
378 2110 439 2171 Hac
467 2113 676 2174 controversia
706 2129 762 2191 per
790 2115 992 2177 Constitutio-

75 2227 230 2275 metnilnmnm

74 2281 185 2342 annitente.
194 2278 231 2340 de·
247 2293 315 2356 ideo

76 2346 121 2378 :nire
133 2332 221 2378 intendit

247 2217 320 2262 nem
350 2201 574 2277 Gregorianam
597 2205 738 2266 emedio
766 2205 899 2282 sublata,
927 2224 990 2269 nou

334 2293 372 2356 ab
392 2295 458 2356 aliis
479 2297 711 2374 quaestionibus
733 2305 763 2360 et
785 2299 891 2361 litibus
912 2300 990 2362 circa

248 2387 329 2448 idem
350 2403 457 2448 rerum
480 2403 580 2464 genus
601 2392 822 2467 promovendis
837 2400 990 2454 cessatum

248 2479 320 2555 luit,
343 2479 492 2558 pluraque
514 2481 604 2543 dubia
627 2483 743 2544 tamin
770 2484 990 2562 congregatio-

246 2572 337 2634 nibus
358 2571 389 2634 S.
407 2570 443 2631 lt.
462 2573 497 2633 E.
522 2573 747 2648 cardinalium,
770 2591 863 2654 quam
878 2575 911 2638 in
928 2577 989 2638 hu-

246 2664 355 2727 ditorio
378 2665 491 2740 Rotae,
515 2663 696 2744 iunocenter
720 2669 831 2742 agitata
855 2674 886 2729 et
908 2685 990 2730 reso-

245 2757 307 2818 luta
322 2757 464 2832 luerunt,
481 2757 559 2820 circa
575 2758 768 2836 peculiarum
782 2761 988 2837 quorumdam

244 2859 369 2913 actuum
385 2859 538 2924 naturam,
554 2866 593 2912 an
608 2851 724 2913 scilicet
746 2853 840 2915 iidem
860 2870 988 2916 censen-

244 2944 274 3005 di
294 2949 397 3004 essent
418 2943 454 3003 ad
475 2945 651 3006 animarum
671 2961 788 3020 curam,
812 2962 867 3007 seu
889 2948 924 3010 ad
943 2965 990 3009 sa·

244 3046 476 3098 crementorum
491 3037 803 3113 administrationem,
817 3041 986 3118 pertinere;

243 3135 273 3189 et
294 3137 533 3207 consequenter,
556 3145 595 3190 an
618 3129 785 3209 Episcopus
808 3133 840 3193 iu
862 3133 987 3194 visitan-

243 3221 288 3280 dis
308 3220 512 3296 Regularium
539 3222 686 3297 ecclesiis,
709 3223 821 3301 quibus
843 3225 987 3287 imminet

243 3316 418 3376 animarum
439 3330 513 3376 cura
535 3330 741 3392 personarum
768 3318 985 3393 saecularium,

242 3413 353 3486 posset,
371 3424 428 3469 nec
443 3422 494 3482 ne,
506 3424 595 3470 suam
609 3410 687 3470 cirea
710 3410 886 3472 huiusmodi
903 3421 986 3474 actus

242 3502 488 3564 iurisdictionem
520 3515 681 3578 exercere;
713 3511 780 3565 tum
809 3504 919 3578 etiam,
947 3521 985 3566 an

242 3595 298 3656 hoc
319 3601 372 3656 aut
393 3593 470 3656 illud
494 3596 720 3657 monasterium
741 3597 799 3657 dici
821 3605 924 3674 posset
938 3613 986 3658 or·

242 3688 358 3750 dinaria
379 3695 410 3749 et
431 3687 611 3765 principalis
634 3688 726 3751 Sedes
742 3689 865 3750 hbbatis
886 3690 985 3752 Gene-

242 3782 325 3856 ralis,
341 3797 397 3842 seu
419 3780 534 3858 Capitis
556 3780 691 3854 OrdiniS,
707 3782 837 3860 ideoque
860 3783 984 3845 ecclesia

241 3872 421 3938 huiusmodi
453 3873 643 3934 monasterio
675 3873 809 3949 adnexa,
843 3878 985 3954 quamvis

241 3965 420 4044 parochialis
447 3965 545 4040 ieret,
576 3967 724 4045 Episcopo
751 3969 782 4028 in
809 3967 986 4031 visitatione

239 4059 373 4121 subiecta
394 4074 459 4119 non
481 4066 571 4120 esset.
598 4059 678 4121 Cum
699 4060 796 4135 igitur
823 4061 985 4125 resolutio-

240 4169 297 4214 nes
318 4153 350 4213 in
372 4151 533 4230 praedictis
555 4152 666 4214 Curiae
687 4161 811 4216 nostrae
832 4155 986 4218 'tribuna-

240 4245 320 4307 libus
340 4247 419 4307 circa
433 4244 527 4306 hunius
544 4247 667 4322 generis
682 4248 877 4326 quaestiones
900 4249 985 4310 iden·

239 4339 335 4401 tidem
358 4343 475 4415 captas,
505 4354 678 4418 earumque
707 4342 840 4404 rationes
861 4351 892 4406 et
913 4343 984 4405 iun-

238 4435 393 4504 damenta,
415 4432 584 4508 diligenter
597 4440 628 4493 et
642 4434 832 4496 considerate
854 4451 983 4515 perpen-

237 4526 387 4601 derimus,
409 4527 577 4590 consilium
599 4540 722 4605 quoque
742 4535 774 4588 et
794 4531 983 4591 sententiam

237 4619 428 4682 audierimus
460 4619 576 4697 aliquot
602 4635 640 4679 ex
669 4621 898 4684 venerabilibus
925 4621 985 4683 lra-

238 4713 338 4774 tribus
360 4711 474 4774 nostris
495 4711 526 4774 S.
544 4713 579 4774 R.
601 4713 635 4774 E.
660 4713 888 4789 decimalibus,
911 4715 984 4777 alio-

237 4821 372 4884 rumque
393 4807 535 4867 virorum
556 4805 589 4867 in
606 4805 681 4868 iuris
703 4808 841 4870 canonici
857 4809 983 4870 scientia

237 4899 477 4977 praestantium;
500 4899 653 4962 nonnulla
673 4915 768 4978 super
789 4900 834 4960 his
857 4901 893 4962 de
914 4917 985 4979 apo-

236 4991 361 5052 stolicae
393 4991 552 5069 potestatis
587 4992 784 5070 plenitudine
816 4991 984 5054 decernere

236 5083 495 5160 deliberavimus3
519 5100 551 5146 ao
572 5085 728 5162 praesenti
745 5092 849 5146 nostra
865 5085 984 5148 Consti·

237 5174 359 5236 tutione
391 5174 607 5237 inviolabilem
640 5177 806 5253 quamdam
841 5191 983 5238 normam

237 5267 414 5342 praefinire,
437 5283 496 5344 qua
524 5268 632 5344 posita,
666 5282 775 5329 ontnes
802 5268 983 5331 decaetero

238 5357 306 5418 lites
327 5368 359 5419 et
380 5359 613 5420 controversiae
636 5361 799 5436 praedictis
819 5361 857 5420 de
879 5361 981 5436 rebus,

236 5451 261 5510 si
283 5452 352 5512 fieri
372 5452 478 5529 possit,
502 5451 626 5529 penitus
649 5452 868 5528 eliminentur,
891 5463 983 5532 atque

237 5543 340 5604 omnia
361 5544 608 5606 submoveantur
633 5544 804 5620 obstacula,
834 5563 911 5624 quae
932 5549 984 5608 de·

237 5636 332 5698 bitum
361 5637 565 5699 Decretorum
592 5636 676 5700 Sacri
703 5637 881 5700 Tridentini
903 5639 983 5701 Cou-

236 5728 299 5790 cilii
324 5729 544 5792 executionem
574 5730 607 5792 in
635 5747 670 5791 re
698 5739 761 5792 tam
793 5731 896 5806 gravis
918 5747 984 5792 mo·

237 5821 334 5884 menti
365 5822 517 5899 impedire
551 5830 604 5885 aut
639 5825 795 5886 retardare
833 5824 983 5886 hactenus

236 5921 480 5976 consueverunt.

1723 581 1778 644 {87
1829 582 1882 634 An.
1897 585 1926 636 d.
1949 586 2018 636 1744

1092 715 1111 789 ἓ
1132 717 1161 778 d.
1175 716 1297 794 Optimo
1308 733 1380 780 sane
1392 717 1519 780 consilio
1530 717 1567 778 ah
1580 716 1736 795 Episcopis
1748 734 1799 796 pa·
1817 728 2030 828 ffifffioquvffisff-

1051 809 1197 870 storalem
1219 809 1428 872 visitationem
1443 809 1693 886 aggredientibus
1712 825 1798 887 prae·
1815 838 2027 952 {{⁸bigtfb³¹{‘i1⁰0¹'i

1052 902 1134 963 mitti
1148 903 1250 964 solent
1266 902 1298 964 in
1310 903 1451 979 singulae
1462 903 1608 965 dioecesis
1624 902 1687 966 loca
1702 903 1796 980 aliqui
1815 942 1969 988 montanario
2003 954 2028 988 ,.

1051 993 1221 1056 sacerdotes
1247 995 1452 1070 missiouarii,
1482 995 1630 1073 quiante
1657 995 1796 1074 ipsorum
1814 995 1903 1040 ΜΗ
1936 955 2028 1042 “⁵¹8¹-

1051 1089 1239 1164 adventum,
1270 1088 1546 1166 praedicationibus
1573 1087 1660 1148 verbi
1690 1087 1742 1148 Dei
1765 1096 1796 1148 et
1814 1051 2027 1200 ξἰῗέἶηρέῗὲῗῗὲἱ-

1050 1181 1317 1242 administratione
1338 1180 1611 1244 sacramentorum
1632 1179 1796 1242 Poeniten·
1814 1153 1868 1264 3¹13?
1881 1165 2027 1256 Jssfifflffl'

1052 1275 1151 1336 tiaeet
1167 1274 1387 1348 Eucharistiae,
1400 1273 1592 1351 spiritualem
1607 1272 1796 1352 populorum

1050 1367 1225 1446 proiectum
1246 1373 1276 1428 et
1298 1367 1474 1428 animarum
1495 1364 1641 1440 salutem,
1667 1366 1721 1444 qui
1742 1380 1795 1442 po-

1052 1462 1188 1522 tissimus
1210 1469 1255 1522 est
1276 1458 1437 1522 Pastoralis
1462 1457 1647 1520 visitationis
1673 1473 1794 1536 scopus,
1888 1523 1893 1534 ,

1050 1555 1193 1616 studeant
1215 1567 1410 1630 promovere.
1442 1550 1567 1613 inventi
1587 1559 1662 1612 sunt
1688 1559 1794 1614 autem

1048 1661 1088 1707 ex
1109 1647 1145 1707 iis
1173 1644 1388 1721 Regularibus,
1416 1660 1552 1722 quorum
1583 1644 1720 1706 ecclesiis
1748 1645 1795 1706 in·

1048 1739 1166 1801 cumbit
1187 1737 1368 1816 parochialis
1395 1737 1600 1799 saecularium
1631 1753 1716 1812 cura,
1740 1738 1794 1815 qui

1049 1833 1081 1894 in
1104 1831 1233 1894 dubium
1254 1837 1449 1905 revocarent,
1466 1847 1504 1892 an
1520 1829 1699 1894 huiusmodi
1722 1831 1796 1892 mis-

1048 1927 1208 1998 sionarios,
1230 1924 1296 1985 sive
1316 1922 1486 1985 saeculares
1509 1923 1577 1985 sive
1597 1922 1724 1986 alterius
1746 1925 1795 1986 ln-

1047 2019 1150 2080 stituti
1171 2017 1221 2078 vel
1242 2016 1363 2079 Ordinis
1384 2017 1566 2092 Regulares,
1587 2016 1624 2078 ab
1646 2016 1794 2095 Episcopo

1048 2111 1156 2172 missos
1175 2119 1331 2188 tamquam
1353 2109 1539 2171 visitationis
1553 2125 1626 2172 suae
1638 2125 1795 2188 praenun-

1050 2205 1117 2278 tios,
1142 2205 1174 2265 in
1202 2204 1336 2283 propriis
1368 2203 1504 2265 ecclesiis
1532 2212 1562 2266 et
1588 2204 1729 2267 domibus
1757 2204 1792 2266 ad

1048 2299 1218 2360 exercenda
1233 2311 1363 2358 munera
1375 2295 1491 2358 eudem
1506 2297 1668 2358 commissa
1683 2296 1794 2358 admit-

1048 2396 1113 2450 tere
1135 2399 1165 2450 et
1187 2389 1324 2467 recipere
1346 2387 1404 2466 ipsi
1420 2396 1614 2451 tenerentur.
1638 2390 1723 2464 Quod
1738 2389 1793 2452 du-

1048 2482 1151 2557 bium,
1183 2497 1280 2559 quum
1310 2483 1343 2542 in
1374 2480 1789 2558 congregationibus.

1048 2573 1257 2636 Gurdinalium
1290 2574 1425 2649 negotiis
1452 2581 1484 2634 et
1512 2573 1792 2638 consultationibus

1048 2666 1269 2745 Episcoporum
1281 2673 1311 2728 et
1323 2666 1527 2742 Regularium
1539 2667 1708 2745 praeposita
1723 2683 1793 2728 exa-

1047 2759 1202 2822 minatum
1223 2757 1330 2821 luisset
1352 2759 1409 2820 sub
1423 2758 1473 2819 die
1494 2759 1792 2835 xxx1.augustian·

1046 2853 1078 2914 ui
1101 2869 1293 2928 uncnxun,
1317 2851 1500 2913 affirmative
1522 2851 1696 2914 resolutum
1718 2851 1788 2928 iuit3

1046 2955 1080 3007 ut
1100 2945 1215 3007 scilicet
1235 2944 1384 3022 praedicti
1402 2943 1588 3005 missionarii
1604 2945 1697 3006 etiam
1712 2961 1728 3006 a
1742 2959 1789 3006 re-

1045 3037 1204 3116 gularibus
1225 3035 1365 3115 parochis
1386 3052 1440 3098 seu
1455 3036 1568 3099 curatis
1589 3036 1723 3100 libenter
1737 3053 1789 3100 ex·

1045 3130 1105 3209 cipi
1135 3130 1282 3204 debeant,
1310 3129 1517 3208 omnibusque
1547 3129 1641 3192 rebus
1670 3131 1787 3206 iuvari,

1044 3222 1156 3301 quibus
1177 3220 1212 3283 ad
1235 3222 1413 3284 iniunctum
1434 3222 1494 3284 sibi
1515 3237 1594 3283 onus
1618 3223 1789 3302 adimplen-

1044 3315 1119 3377 dum
1140 3331 1216 3394 opus
1237 3314 1299 3375 illis
1320 3329 1386 3375 esse
1412 3314 1589 3390 contigerit.
1620 3315 1705 3390 Quod
1727 3315 1789 3378 Nos

1044 3424 1166 3487 quoque
1188 3406 1354 3485 probamus
1374 3414 1405 3468 et
1427 3407 1609 3468 auctoritate
1625 3408 1788 3485 apostolica

1043 3503 1275 3574 confirmamus,
1299 3506 1392 3578 atque
1412 3498 1444 3559 iu
1467 3508 1625 3577 posterum
1646 3500 1787 3581 (quoties

1043 3598 1073 3660 id
1095 3611 1171 3672 opus
1202 3608 1286 3666 esse,
1318 3593 1465 3670 prudenti
1492 3593 1633 3672 Episcopi
1660 3594 1786 3656 arbitrio

1042 3689 1213 3752 iudicatum
1235 3686 1346 3767 luerit)
1373 3688 1410 3749 ab
1436 3690 1581 3750 omnibus
1608 3690 1787 3753 huiusmodi

1042 3783 1182 3862 pnrocms
1202 3797 1258 3845 seu
1269 3784 1382 3846 curatis
1397 3781 1601 3862 praecipimus
1616 3783 1783 3848 observari,

1081 3878 1100 3952 ς
1121 3877 1150 3938 6.
1176 3876 1287 3939 Sedet
1316 3878 1348 3938 in
1375 3876 1441 3954 ipso
1470 3877 1654 3938 visitationis
1680 3893 1783 3950 cursu,
1817 3885 2018 3952 ttdectstonen

1042 3977 1134 4050 atque
1155 3970 1249 4032 etiam
1271 3977 1357 4031 extra
1379 3970 1475 4045 illam,
1498 3968 1593 4048 aliqui
1618 3968 1785 4045 Regulares
1804 3940 1879 4056 ἓξὲξ·
1900 3941 2016 3998 ⁰⁰⁰⁰¹¹¹¹’

1041 4063 1079 4124 de
1098 4078 1229 4125 suornm
1250 4062 1489 4140 privilegiorum
1503 4068 1534 4123 ct
1549 4061 1784 4139 exemptionum

1042 4156 1246 4218 indemnitate
1267 4156 1336 4234 plus
1357 4156 1456 4218 nimio
1475 4155 1599 4228 soliciti,
1622 4154 1700 4216 hanc
1716 4154 1785 4233 Epi·
1803 4205 1914 4251 secessus
1933 4208 1967 4252 no
2007 4232 2017 4242 ·

1041 4249 1139 4327 scopis
1160 4251 1406 4311 controversiam
1426 4255 1607 4323 moverunt,
1624 4253 1732 4310 utrum
1748 4248 1785 4308 iis
1803 4257 1898 4305 tartum
1909 4219 2017 4308 combib-

1043 4343 1166 4420 liceret,
1190 4344 1223 4406 in
1251 4345 1389 4422 ipsorum
1414 4342 1608 4418 regularium
1636 4340 1784 4415 ecclesiis,
1803 4316 1891 4358 strare.

1041 4440 1107 4501 sive
1129 4439 1352 4518 parochialibus
1372 4439 1439 4501 sive
1460 4455 1524 4501 non
1545 4436 1783 4517 parochialibus,

1040 4541 1270 4595 sacramentum
1291 4532 1534 4595 confirmationis
1554 4531 1784 4606 administrare

1041 4641 1119 4704 quae
1150 4627 1277 4705 quidem
1305 4627 1574 4688 controversiain
1609 4627 1785 4702 congrega·

1042 4719 1127 4781 tinne
1147 4717 1290 4792 Concilii,
1306 4719 1444 4796 partibus
1459 4718 1639 4796 plenissime
1659 4716 1784 4792 auditis,

1040 4826 1095 4888 pro
1118 4811 1273 4889 Episcopis
1301 4811 1400 4874 decisa
1423 4811 1498 4885 luit,
1521 4809 1785 4889 quemadmodum

1041 4909 1072 4964 et
1092 4918 1147 4964 nos
1169 4904 1358 4980 generaliter
1372 4909 1403 4966 et
1418 4905 1484 4965 sine
1499 4904 1681 4982 exceptione
1703 4919 1784 4966 eam·

1041 4995 1111 5056 dem
1133 4996 1308 5058 delinimus.

1079 5087 1098 5160 ,ἣ
1120 5085 1148 5148 7.
1172 5087 1205 5150 ln
1228 5088 1408 5167 exequenda
1423 5103 1498 5150 vero
1513 5088 1659 5153 Pastorali
1680 5091 1785 5153 visita·
1819 5089 1936 5189 begeat
1950 5101 2016 5190 ‹1qu}

1040 5181 1125 5243 tione
1140 5180 1338 5242 ecclesiarum
1354 5181 1586 5258 parochialium,
1603 5199 1681 5261 quae
1696 5199 1711 5242 a
1727 5183 1785 5244 Re-
1803 5153 2015 5260 b¹b¹vscf3pbss⁵⁸vn

1041 5272 1198 5349 gularibus
1220 5273 1489 5351 administrantur,
1513 5276 1643 5338 minime
1658 5277 1783 5356 quidem
1802 5250 2017 5360 {ffiffissfflsffiff

1039 5364 1110 5425 licet
1126 5364 1392 5443 Episcopohmnia
1407 5368 1607 5431 ecclesiarum
1620 5369 1784 5433 huiusmo·
1803 5356 1905 5404 tartum.

1039 5456 1069 5517 di
1091 5457 1196 5518 altaria
1217 5458 1356 5535 visitare,
1379 5459 1431 5522 sed
1452 5461 1529 5522 illud
1554 5464 1726 5537 dumtaxat,
1750 5463 1783 5525 in

1039 5564 1100 5626 quo
1122 5549 1357 5613 sanctissimum
1379 5553 1588 5615 Eucharistiae
1604 5555 1783 5618 Sacramen-

1040 5647 1108 5704 tum
1132 5651 1317 5719 asservatur,
1346 5651 1377 5705 et
1403 5654 1630 5724 consequenter
1655 5645 1783 5709 Sacrum

1040 5733 1141 5812 ipsum
1159 5734 1412 5813 tabernaculum3
1435 5736 1555 5800 iontem
1576 5755 1700 5817 quoque
1714 5739 1785 5819 bap-

1894 3995 1976 4050 possit
1990 3998 2017 4041 lt·

1804 4049 2018 4104 prseopussacra·

1803 4104 1920 4145 mentum
1951 4112 2015 4146 con-

1804 4152 1956 4199 llrmationls
1989 4155 2016 4200 ln

1040 5825 1162 5902 tisterii,
1178 5827 1204 5888 si
1225 5829 1316 5906 adsit;
1340 5829 1415 5891 item
1430 5829 1664 5908 confessionale,
1678 5833 1711 5896 iu
1723 5850 1785 5912 quo

1039 5919 1189 5997 parochus
1201 5921 1237 5982 ad
1251 5922 1416 5984 audiendas
1427 5921 1634 5988 consessiones
1649 5926 1785 5988 residere
