4798 6978
367 533 421 586 An.
436 534 466 586 0.
488 535 556 587 1757
604 531 664 596 696

585 671 734 743 iacerent,
746 665 799 746 qui
814 679 888 729 sane
908 661 1059 727 mandatis
1073 660 1187 724 nostris
1198 658 1330 736 diligen-

585 770 633 826 ter
663 764 930 838 obtemperantes,
959 755 1121 820 sententiis
1148 754 1212 816 suis
1240 751 1327 814 docte

585 857 818 935 prudenterque
838 849 1030 930 conscriptis,
1050 847 1242 910 unanimiter
1255 860 1328 907 cen·

583 955 727 1022 suerunt,
749 944 936 1026 praedictam
957 941 1129 1021 epistolam,
1152 947 1260 1018 utpote
1280 953 1328 1000 re-

514 1059 517 1065 ·
584 1041 696 1104 tertam
726 1036 946 1102 assertionibus
971 1035 1142 1114 respective
1163 1033 1261 1108 falsie,
1285 1039 1329 1094 te-

584 1135 737 1208 merariis,
748 1131 942 1208 scandalosis,
957 1127 1145 1194 multimode
1158 1127 1327 1202 iniuriosis,

584 1227 829 1302 contumeliosis,
851 1223 1096 1308 impudentibus,
1118 1221 1268 1300 captiosis,
1282 1237 1329 1282 se·

584 1320 700 1384 ditiosis
711 1327 742 1383 et
753 1320 909 1382 schismati
923 1317 1111 1393 laventibus,
1123 1312 1328 1377 damnandam

585 1431 600 1476 a
622 1414 712 1477 nobis
732 1421 763 1476 et
784 1411 1034 1493 proscribendum
1050 1410 1125 1472 lore.

381 1527 477 1590 xorem
496 1525 567 1572 auae
624 1509 693 1585 52.
716 1506 824 1569 Relato
851 1505 1068 1584 theologorum
1100 1501 1235 1567 examini
1261 1517 1329 1563 suc·

353 1579 566 1696 {Zffiipfffif'fiffiffl
584 1603 675 1665 cessit
694 1601 788 1676 aliud,
811 1602 891 1680 quod
915 1600 1041 1679 nosipsi
1063 1597 1180 1678 pariter
1200 1596 1328 1660 commi·

354 1685 419 1732 '¹⁰¹¹'
444 1687 468 1732 3·
490 1687 517 1733 ¹³·
541 1691 565 1750 l*
584 1699 682 1759 simus
717 1695 876 1759 nonnullis
907 1709 1002 1757 venu.
1037 1692 1182 1756 iratribus
1212 1692 1327 1753 nostris

353 1738 566 1840 fiffidenssknfflc
584 1790 755 1869 praedictae
777 1790 807 1853 S.
823 1790 860 1852 R.
878 1789 912 1852 it.
938 1787 1149 1851 cardinalibus
1177 1785 1327 1862 theologi·

351 1845 566 1905 eiusdemcpisto·
728 1883 733 1896 .
772 1883 777 1894 .
817 1883 822 1894 .
986 1883 991 1894 .
1054 1882 1058 1892 .
1247 1879 1252 1889 .

352 1898 564 1948 xaeexamenruxt
583 1900 691 1947 carum
706 1883 937 1960 disciplinarum
952 1889 1077 1946 scientia
1090 1879 1325 1959 praestantxhus3

351 1953 498 2000 πωπω·
582 1976 636 2057 qui
656 1975 763 2039 eadem
784 1975 911 2054 epistola
933 1982 1053 2038 mature
1074 1989 1235 2053 perpensa,
1251 1987 1327 2052 pon·

581 2067 919 2148 deratisquedictorum
934 2066 1149 2142 theologorum
1160 2064 1325 2141 suffragiis,

581 2163 614 2224 iu
636 2164 778 2225 eamdem
807 2177 878 2226 cum
902 2161 974 2239 ipsis
994 2159 1184 2223 sententiam
1214 2173 1326 2221 conve-

581 2262 709 2332 nerunt,
727 2271 868 2335 quaeque
882 2255 920 2317 ah
935 2255 994 2318 illis
1009 2255 1137 2317 adducta
1158 2260 1190 2314 et
1204 2252 1326 2314 firmate

581 2355 667 2425 sunt,
689 2351 752 2412 suis
773 2365 898 2430 quoque
919 2348 1043 2414 calculis
1064 2348 1315 2424 comprobarunt.

397 2461 459 2506 nem
481 2463 562 2507 iotam
621 2443 640 2518 ἓ
661 2443 690 2504 3.
713 2441 775 2506 Nos
796 2442 930 2520 denique
959 2441 1034 2521 ipsi,
1056 2457 1270 2520 quaecumque
1291 2441 1324 2503 in

350 2512 682 2617 7718177171797111111110
703 2544 735 2599 et
755 2537 851 2598 altero
872 2535 1015 2598 examine
1035 2535 1168 2598 discussa
1189 2533 1325 2609 inerant,

350 2619 564 2678 ⁰¹l⁰¹¹⁰¹h¹¹⁰⁸⁰·
582 2631 745 2710 inspicere,
768 2630 873 2707 legere
894 2637 924 2691 et
945 2629 1140 2692 considerare
1160 2643 1224 2689 non
1240 2643 1325 2707 prae-

350 2673 563 2774 ffiffiltcffi
582 2725 789 2800 termisimus3
818 2723 976 2803 dictaeque
1005 2722 1149 2802 epistolae
1183 2727 1326 2783 tenorem

349 2779 562 2986 {affiggfigffiogi
581 2833 652 2880 cum
674 2819 758 2882 illius
773 2833 902 2896 censura
916 2817 1052 2881 studiose
1066 2815 1323 2895 comparavimus.

360 2943 562 2998 amarescente.
581 2913 719 2977 Subinde
740 2917 886 2976 veronus
907 2913 965 2991 ipsi
988 2928 1054 2974 rem
1076 2918 1173 2974 totam
1187 2927 1326 2974 commu-

349 2993 407 3041 cam
422 2995 529 3044 iudicer.
581 3007 753 3070 nicavimus
766 3023 838 3070 cum
853 3006 1082 3071 venerabilibus
1103 3004 1249 3068 iratribus
1271 3022 1328 3067 no-

579 3100 651 3163 stris
672 3096 702 3161 S.
719 3100 755 3162 li.
773 3101 808 3162 Ε.
831 3099 1046 3162 Gardiuaiihus
1067 3099 1100 3161 in
1123 3105 1184 3162 tota
1206 3099 1323 3178 Repub.

581 3193 694 3258 christ.
719 3193 913 3271 generalibus
928 3191 1164 3272 inquisitoribus
1180 3192 1327 3254 adversus

580 3288 766 3350 haereticam
788 3287 973 3366 pravitatem
999 3286 1181 3349 anctoritate
1208 3291 1326 3363 aposto-

580 3381 636 3442 lica
658 3381 823 3459 deputatis,
845 3381 878 3442 in
900 3395 1058 3444 sacrorum
1080 3381 1241 3444 canonum
1256 3396 1325 3441 san-

579 3472 752 3550 ctionibus,
775 3473 1018 3552 graviorumque
1040 3473 1244 3550 negociorum
1265 3480 1325 3534 tra-

579 3568 712 3630 ctatione
744 3566 881 3645 apprime
912 3567 1058 3643 versatis3
1087 3566 1198 3645 quibus
1226 3581 1324 3644 quum

579 3662 683 3723 omnia
704 3660 846 3723 distincte
868 3660 1113 3738 exposuerimus,
1130 3675 1208 3737 quae
1230 3665 1324 3721 tuma

580 3754 668 3816 nobis
686 3761 770 3829 gesta
783 3759 869 3828 sunt,
885 3761 984 3815 tuma
1000 3747 1159 3830 praedictis
1175 3751 1325 3828 theologis

579 3853 611 3908 et
631 3845 844 3909 cardinalibus
865 3845 898 3908 iu
920 3845 1015 3925 priori
1037 3854 1068 3906 et
1086 3845 1246 3924 posteriori
1261 3844 1324 3922 epi-

578 3939 673 4001 stolae
693 3940 834 4001 examine
856 3955 928 4017 prae
949 3939 1045 4000 oculis
1060 3938 1161 4000 habita
1177 3936 1322 4014 luerunt3

578 4033 626 4094 his
646 4047 771 4110 quoque
791 4033 988 4094 censentibus
1007 4032 1191 4111 praedictam
1212 4033 1325 4110 episto·

577 4129 639 4191 lam
667 4127 870 4191 damnandam
896 4135 927 4189 et
959 4127 1209 4208 proscribendum
1241 4142 1322 4203 esse;

348 4235 559 4336 exrdmssh‘ssiefft‘
578 4239 646 4299 noe,
669 4222 871 4285 inhaerentes
901 4221 1079 4284 huiusmodi
1106 4219 1323 4296 theologorum

249 4389 251 4394 ,
348 4342 511 4398 damnatur,
536 4355 561 4388 θ.
578 4325 610 4378 et
632 4315 841 4379 cardinalium
864 4315 983 4377 iudiciis
1008 4324 1100 4392 atque
1122 4313 1269 4389 consiliis,
1291 4330 1325 4375 ac

348 4396 560 4512 {ggifffflssfflfg
579 4410 673 4472 etiam
697 4417 783 4471 motu
805 4410 940 4488 proprio,
964 4417 994 4470 et
1015 4413 1098 4470 certa
1119 4407 1246 4469 scientia
1269 4421 1323 4468 no-

347 4501 559 4612 igixxfssrifflssinsst
578 4512 650 4577 stra,
669 4501 878 4580 praesentium
900 4500 1061 4561 literarum
1084 4505 1204 4574 tenore,
1219 4512 1323 4576 saepe-

553 4591 690 4660 'dictam
722 4594 895 4675 epistolam,
922 4603 1079 4673 tamquam
1107 4593 1322 4656 continentem

577 4690 761 4752 assertiones
792 4689 964 4766 respective
991 4685 1097 4762 ialsas,
1132 4687 1321 4763 temerarias,

576 4782 777 4858 scandalosas,
799 4781 984 4844 multimode
1012 4779 1188 4854 iniuriosae,
1214 4789 1322 4842 contu-

577 4878 728 4953 meliosas,
752 4876 959 4955 impudentes,
982 4875 1143 4953 captiosas,
1165 4875 1322 4936 seditiosas

577 4978 608 5034 et
634 4971 790 5034 schismati
818 4969 967 5044 faventes,
996 4967 1177 5030 auctoritate
1204 4975 1321 5044 aposto-

577 5066 632 5128 lica
663 5067 845 5127 damnamus
876 5069 906 5124 et
938 5061 1157 5140 reprobamus,
1193 5061 1322 5139 eiusque

576 5157 717 5237 exempla
744 5156 819 5234 legi,
847 5154 989 5230 describi,
1012 5161 1043 5216 et
1067 5153 1197 5216 retineri
1218 5153 1322 5232 prohi-

577 5253 703 5314 bemus:
737 5251 919 5312 mandantes
950 5247 1097 5310 omnibus
1128 5257 1158 5308 et
1189 5248 1321 5325 singulis

578 5343 847 5419 christifidelibus,
869 5343 921 5421 qui
943 5341 1094 5404 eiusmodi
1115 5341 1257 5422 exempla
1271 5357 1322 5421 pe·

577 5454 631 5500 nes
652 5454 685 5500 se
706 5436 886 5512 habuerint,
909 5452 964 5498 seu
987 5437 1018 5496 in
1046 5451 1183 5515 quorum
1211 5451 1321 5498 manns

576 5529 706 5595 subinde
726 5531 941 5608 pervenerint,
963 5536 998 5591 ut
1019 5529 1083 5604 illa,
1105 5529 1210 5591 statim
1230 5537 1322 5608 atque

576 5632 752 5703 praesentes
774 5622 881 5686 literae
902 5624 945 5684 eis
966 5623 1176 5697 innotuerint,
1191 5623 1322 5686 haereti-

576 5733 627 5780 cae
658 5717 816 5797 pravitatis
847 5716 1096 5795 inquisitoribus,
1125 5732 1181 5778 seu
1212 5733 1321 5779 eorum

577 5809 717 5886 llicariis,
739 5810 793 5872 ubi
814 5811 892 5874 adsit
914 5809 1016 5873 Sancti
1036 5809 1133 5873 cilicii
1160 5810 1319 5887 Tribunal,

576 5902 713 5981 alioquin
735 5903 892 5982 Episcopis
912 5918 966 5965 seu
981 5903 1148 5966 ordinariis
1171 5904 1321 5983 locorum,

1108 542 1172 587 icti.
1195 539 1287 586 bour.
1310 537 1350 583 DE
1372 537 1401 581 Ρ.
1424 535 1454 582 F.
1478 536 1561 583 PARS
1582 537 1603 581 l.

2150 523 2198 579 An.
2210 530 2237 582 c.
2254 533 2305 588 itti

1384 655 1506 718 tradere
1527 665 1558 720 et
1578 657 1759 736 consignare
1782 663 1962 721 teneantur:
1985 657 2042 720 sub
2055 673 2124 736 poe·

1384 765 1422 810 na
1443 750 1772 813 excommunicationis
1792 751 1928 826 maioris,
1940 752 2037 829 quoad
2058 766 2126 829 per-

1383 857 1473 904 sonas
1490 841 1672 922 saeculares
1692 859 1753 922 quo
1769 859 1844 907 vero
1864 843 1900 905 ad
1923 859 2066 922 personas
2080 859 2126 906 ec·

1383 935 1582 1014 clesiasticas,
1615 937 1710 1000 etiam
1743 936 1919 1015 regulares,
1951 936 2126 1000 huiusmodi

1384 1029 1526 1092 mandato
1548 1038 1654 1092 nostro
1675 1046 1739 1092 non
1762 1031 1939 1094 obedientes
1956 1038 1987 1093 et
2008 1037 2128 1094 contra·

1383 1121 1540 1200 iacientes,
1556 1123 1614 1186 suh
1634 1139 1731 1203 poena
1753 1125 1960 1205 suspensionis
1975 1123 2125 1200 adivinis,

1384 1219 1449 1297 ipso
1471 1216 1561 1294 iacto,
1584 1219 1698 1297 absque
1720 1219 1777 1281 alia
1798 1217 2005 1282 declaratione
2024 1219 2127 1281 incur-

1383 1311 1507 1390 rendis;
1530 1327 1662 1390 quarum
1683 1312 1909 1376 absolutionem
1932 1320 1963 1375 et
1985 1312 2128 1391 respecti-

1384 1421 1422 1467 ve
1437 1405 1669 1480 relaxationem,
1686 1406 1774 1469 nobis
1788 1413 1819 1468 et
1833 1405 2058 1469 successoribus
2073 1421 2127 1468 no·

1383 1501 1453 1562 stris
1464 1501 1610 1564 Romanis
1624 1500 1823 1565 Pontificibus
1838 1518 1893 1581 pro
1908 1509 2047 1581 tempore
2064 1501 2127 1563 exi-

1383 1595 1547 1671 stentibus,
1570 1611 1781 1674 reservamus3
1804 1603 1931 1675 excepto
1952 1597 2126 1672 dumtaxat,

1383 1687 1482 1768 quoad
1504 1690 1857 1753 excommunicationem
1880 1689 2076 1768 praedictam,
2093 1706 2128 1750 u·

1384 1781 1609 1862 uiuscuiusque
1623 1783 1731 1846 mortis
1746 1783 1887 1858 articulo,
1899 1800 1961 1862 quo
1975 1782 2128 1846 nimirum

1383 1874 1585 1938 confessarius
1599 1877 1730 1956 quilibet
1743 1877 1781 1939 ab
1792 1875 1970 1939 huiusmodi
1984 1891 2128 1950 censura,

1384 1975 1419 2030 ut
1440 1968 1625 2046 praefertur,
1649 1971 1788 2046 incursa,
1811 1969 1969 2034 absolvere
1993 1969 2119 2049 poterit.
2194 1979 2196 1983 ·

1422 2061 1491 2136 §la
1513 2061 1588 2138 Quia
1609 2078 1683 2125 vero
1704 2078 1839 2142 aequum
1860 2079 1924 2126 non
1945 2071 2002 2138 est,
2019 2071 2055 2126 ut
2069 2062 2128 2125 im-

1382 2156 1510 2236 punitus
1525 2167 1682 2220 remaneat
1696 2166 1802 2220 auctor
1816 2159 1987 2237 praedictae
2001 2158 2129 2219 damna·

1384 2257 1430 2312 tae
1450 2258 1482 2312 et
1502 2251 1691 2330 proscriptae
1711 2250 1868 2329 epistolae,
1884 2251 1939 2328 qui
1961 2267 2015 2329 per
2030 2266 2129 2312 asser·

1383 2347 1493 2420 tiones,
1517 2352 1552 2409 ut
1573 2361 1675 2423 supra,
1692 2345 1879 2425 reprobatas,
1894 2361 2021 2423 carpere
2034 2353 2129 2424 atque

1383 2440 1542 2503 traducere
1562 2456 1653 2502 ausus
1675 2447 1721 2500 est
1732 2439 1930 2502 rectissimam
1953 2438 2065 2516 agendi
2080 2455 2128 2498 ra-

1383 2537 1502 2598 tionem
1523 2549 1632 2596 eornm
1661 2533 1889 2609 cardinalium,
1914 2547 2049 2610 quorum
2071 2547 2129 2592 nos

1381 2626 1508 2690 consilio
1536 2635 1567 2690 et
1588 2643 1680 2707 opera
1713 2627 1759 2688 usi
1786 2642 1912 2700 sumus,
1941 2625 1993 2687 uhi
2021 2631 2129 2686 actum

1382 2722 1441 2785 luit
1452 2725 1489 2785 de
1503 2720 1721 2784 conscribenda
1733 2719 1859 2799 epistola
1871 2717 2033 2797 encyclica,
2047 2731 2129 2795 quae

1382 2817 1494 2894 prodiit
1525 2815 1684 2894 superiore
1716 2833 1866 2881 uncuxvr.
1893 2818 1951 2881 sub
1981 2819 2047 2880 Dat.
2077 2817 2128 2879 die

1383 2931 1446 2976 xvi.
1464 2912 1578 2975 mensis
1589 2910 1737 2986 octobris;
1750 2913 1896 2992 idemque
1907 2919 2013 2976 contra
2029 2911 2127 2990 ipsam
2153 2967 2156 2974 .

1380 3005 1543 3087 epistolam
1574 3015 1713 3070 nostram
1745 3005 1932 3086 encyclicam
1964 3005 2126 3084 audendo,

1382 3101 1554 3176 nosetiam,
1571 3101 1624 3179 qui
1638 3117 1704 3164 eam
1719 3101 1968 3179 conscripsimus,
1983 3100 2128 3178 maligni·

1381 3195 1450 3257 tatis
1471 3211 1544 3256 suae
1566 3192 1671 3257 iaculis
1691 3203 1796 3272 petere
1819 3210 1882 3257 non
1908 3202 2057 3270 veretur3
2081 3195 2127 3257 id·

1380 3289 1461 3352 circo
1482 3303 1538 3349 nos
1553 3286 1658 3350 Oiilcio
1673 3283 1801 3349 Sanctae
1815 3287 2028 3366 inquisitionis
2043 3303 2129 3348 com·

1383 3381 1535 3444 mittimus
1560 3387 1592 3442 et
1620 3379 1835 3456 iniungimus,
1868 3387 1904 3442 ut
1934 3379 2127 3442 exactissima

1380 3475 1539 3552 diligentia
1561 3474 1707 3549 adhibita,
1731 3481 1818 3535 curet
1838 3481 1998 3536 auctorem
2018 3490 2125 3552 saepe·

1380 3572 1477 3634 dictae
1498 3571 1660 3632 damnatae
1689 3567 1808 3646 epistol.
1832 3568 1886 3645 qui
1912 3569 2011 3630 adhuc
2037 3568 2125 3644 latet,

1379 3666 1525 3741 detegere
1539 3671 1570 3724 et
1585 3678 1765 3739 agnoscere:
1789 3661 1940 3738 volentes,
1964 3670 1998 3724 ut
2019 3663 2127 3724 statim

1379 3774 1412 3819 ao
1433 3755 1559 3819 collecta
1589 3755 1705 3818 luerint
1727 3754 1853 3829 indicia,
1876 3770 1955 3833 quae
1982 3755 2126 3834 semiple

1380 3865 1462 3924 nam,
1480 3857 1514 3911 ut
1528 3850 1627 3923 aiunt,
1643 3847 1859 3927 probationem
1874 3848 2076 3925 constituant,
2090 3849 2127 3910 ad

1378 3951 1536 4021 capturam
1553 3941 1599 4003 rei
1615 3941 1767 4003 eiusmodi
1789 3941 1909 4004 indiciis
1930 3943 2061 4018 gravati,
2077 3944 2127 4005 iu·

1379 4044 1429 4099 xta
1450 4036 1566 4113 stylum
1595 4041 1626 4096 et
1647 4034 1906 4097 consuetudinem
1929 4033 2031 4097 Sancti
2052 4034 2129 4098 oth-

1378 4133 1432 4208 cii,
1465 4132 1669 4210 deveniatur;
1700 4132 1875 4212 deindeque
1906 4135 2060 4213 completo
2092 4145 2124 4200 et

1377 4228 1520 4291 concluso
1541 4244 1696 4306 processu,
1709 4227 1743 4288 ad
1761 4228 1922 4290 ulteriores
1944 4242 2058 4306 poenas
2073 4232 2126 4294 ad·

1378 4339 1485 4386 versus
1501 4338 1575 4384 eum
1590 4321 1783 4402 procedatur,
1796 4322 1880 4384 iuxta
1894 4337 2052 4384 sacrorum
2070 4325 2124 4386 ca-

1378 4425 1541 4478 nonumet
1557 4415 1787 4479 constitiunum
1798 4415 2041 4492 Apostolicarum
2055 4434 2126 4479 san-
2228 4473 2233 4484 .
2259 4443 2265 4450 ·

1377 4509 1510 4584 ctiones;
1532 4509 1575 4570 sic
1596 4508 1742 4586 exigente
1763 4507 1879 4569 iustitia
1900 4507 2032 4584 publica,
2045 4525 2142 4588 quae¹

1378 4602 1564 4681 perniciosos
1584 4600 1761 4664 huiusmodi
1778 4617 1868 4663 ausus
1882 4601 2032 4663 severiori
2052 4603 2123 4664 vin-

1377 4695 1455 4758 dicta
1477 4695 1611 4757 coerceri
1633 4694 1729 4756 iubet.

1416 4789 1435 4864 ἓ
1456 4788 1484 4850 5.
1509 4788 1549 4850 Ut
1563 4795 1668 4850 antem
1683 4787 1807 4848 eaedem
1823 4794 1999 4866 praesentes
2014 4787 2122 4851 literae
2166 4793 2278 4839 publicat.
2293 4791 2320 4835 lt·

1514 4883 1519 4892 .
1658 4882 1663 4892 .
1684 4881 1689 4892 .
1815 4881 1819 4891 .
1838 4881 1843 4891 .
2140 4857 2194 4893 rum
2213 4846 2293 4892 literar.
2305 4855 2321 4888 a·

1377 4883 1412 4944 ad
1435 4897 1578 4945 oxnnium
1600 4887 1743 4944 notxtxam
1765 4879 1884 4943 lacibus
1899 4879 2119 4958 perducantur,
2140 4907 2202 4958 pon.
2224 4899 2320 4946 desert.
2362 4905 2363 4946 i

1377 4990 1434 5037 nec
1455 4974 1617 5054 quisquam
1639 4973 1763 5036 iliarum
1781 4973 1987 5050 ignorantiam
2009 4973 2121 5051 allega·
2138 4955 2321 5065 ssfflgffiffffiffi

1377 5084 1410 5130 re
1432 5067 1537 5147 possit,
1559 5066 1704 5129 volumus
1719 5073 1750 5128 et
1767 5065 1947 5128 auctoritate
1969 5066 2120 5146 praedicta
2138 5061 2178 5108 ‘¹³-

1377 5161 1584 5234 decernimus,
1607 5159 1674 5221 illas
1697 5158 1731 5220 ad
1754 5159 2014 5222 valvasBasilicae
2034 5160 2119 5223 Prin-

1375 5253 1449 5333 cipis
1471 5253 1689 5332 Apostolorum
1714 5262 1745 5315 et
1767 5247 1972 5316 cancellariae
1994 5253 2121 5331 hposto-

1377 5347 1462 5421 licae,
1487 5361 1630 5409 necnon
1654 5346 1764 5408 curiae
1786 5345 1940 5422 generalis
1961 5345 1994 5408 in
2015 5345 2120 5409 lionte

1377 5439 1523 5502 Gitatorio
1545 5447 1576 5502 et
1592 5440 1623 5500 iu
1639 5439 1712 5502 licie
1733 5439 1840 5518 campi
1860 5439 1968 5502 Florae
1985 5439 2022 5500 de
2037 5439 2121 5503 Urbe

1377 5549 1432 5611 per
1452 5533 1586 5612 aliquem
1607 5550 1643 5596 ex
1666 5533 1844 5596 cursoribus
1856 5534 1982 5609 nostris,
1997 5543 2033 5595 ut
2054 5549 2119 5596 mo

1376 5627 1418 5688 ris
1438 5633 1496 5701 est,
1519 5625 1680 5704 publicari,
1704 5619 1891 5704 illarumque
1914 5627 2056 5706 exempla
2077 5627 2120 5689 ibi
2200 5675 2204 5684 .

1376 5719 1463 5780 affixa
1485 5719 1638 5798 relinqui;
1660 5719 1703 5782 sic
1721 5735 1796 5780 vero
1817 5717 1995 5798 publicatas,
2011 5735 2120 5781 omnes

1377 5821 1407 5874 et
1428 5812 1580 5889 singulos,
1604 5827 1679 5891 quos
1700 5819 1905 5887 concernunt,
1928 5812 2056 5890 pen'nde
2076 5811 2119 5874 ai·

1376 5907 1480 5982 licere,
1492 5923 1525 5971 ac
1539 5907 1565 5968 si
1579 5905 1750 5985 uuicuique
1771 5906 1895 5968 illarum
1913 5905 2117 5985 personaliter
