4838 6982
80 551 131 598 An.
147 549 178 598 C.
203 547 274 598 1754

79 1342 215 1398 ignoratio
228 1339 291 1386 haec

73 1407 121 1441 non
141 1396 289 1450 episcopor.

72 1450 162 1504 culpae
186 1460 233 1493 sen
249 1457 290 1492 ne·

72 1501 225 1566 migentius,
247 1501 290 1546 sed

73 1559 292 1670 tixltlhttt

72 1661 200 1707 vertenda
227 1661 292 1706 ditt-

938 561 1133 605 nexuntcxus
1155 559 1217 604 ΧΠ.

305 687 578 760 expectantesque,
589 682 641 760 qui
657 699 728 744 cum
745 687 923 760 paupertate
937 694 1053 741 vexen-

308 785 368 848 tnr,
392 774 518 852 suisque
543 775 686 837 manibus
707 775 764 836 sibi
786 774 905 836 victum
932 774 1053 852 qnaeri-

307 871 386 941 tent,
410 867 649 945 quamcitissime
670 867 801 946 cupiunt
822 867 904 928 Urbe
925 869 1053 928 excede-

307 977 352 1037 re,
377 961 408 1022 in
431 962 542 1040 patrias
564 963 678 1024 reverti
701 967 966 1040 suas‚.optatoqne
987 977 1053 1021 sese

308 1055 439 1131 iungere
460 1055 670 1130 matrimonio,
687 1056 774 1117 cuius
788 1071 877 1116 cansa
899 1055 958 1115 iter
978 1053 1053 1114 arri-

309 1155 457 1227 puerunt,
481 1150 694 1229 publicaeque,
712 1165 769 1212 nec
784 1149 874 1223 levis,
892 1149 1053 1226 poeniten·

309 1241 369 1302 tiae
392 1241 584 1304 incommoda
606 1260 668 1306 non
692 1245 915 1306 detrectarunt.

349 1337 368 1412 ἓ
388 1337 419 1398 2.
443 1337 641 1400 pontificatus
656 1337 753 1400 nostri
769 1337 870 1412 initio,
887 1335 1055 1413 encyclicas

310 1430 414 1492 literas
435 1429 587 1506 dedimus,
610 1431 722 1508 quibus
753 1445 823 1492 ven.
848 1430 978 1492 iratrum
1000 1445 1056 1490 no·

310 1531 449 1586 strurum
481 1523 547 1585 zelo
569 1523 711 1586 stimulos
740 1525 838 1586 veluti
865 1523 1054 1597 addidimus,

312 1624 346 1679 ut
374 1633 452 1695 quae
480 1617 665 1678 christianae
687 1618 843 1680 doctrinae
873 1624 947 1679 sunt
974 1615 1056 1678 rxxdi-

311 1718 416 1772 menta
437 1717 469 1771 et
491 1715 667 1789 praecepta,
691 1711 722 1772 in
744 1727 797 1774 sua
823 1711 955 1788 quisque
975 1709 1058 1770 diue-

311 1803 370 1866 cesi
383 1801 574 1880 explananda
585 1811 707 1865 curaret
717 1812 748 1865 et
760 1801 950 1864 addiscenda.
969 1801 1054 1862 Dine·

310 1911 433 1958 cesanas
455 1911 565 1957 eurum
587 1893 726 1973 Synodos
747 1895 881 1972 legimns
911 1893 1060 1956 vetustio-

311 2009 359 2054 res
381 2008 413 2052 ac
429 1992 634 2067 recentiores,
658 1990 801 2053 novimus
816 2005 865 2050 eas
882 1988 1058 2051 instructiu-

312 2087 403 2150 nibus
431 2091 462 2146 et
492 2085 757 2146 adhortationibus
788 2084 880 2161 plane
911 2082 1058 2156 refertae,

311 2179 454 2256 nihilque
476 2178 507 2238 in
530 2178 566 2238 iis
581 2178 757 2254 desiderari,
771 2179 852 2255 qnod
867 2177 902 2238 ad
918 2175 1059 2251 gravissi·

313 2288 401 2334 mum
413 2271 607 2334 Christianae
624 2271 785 2333 Doctrinae
802 2271 966 2331 tradendae
983 2284 1060 2346 opus

312 2363 535 2446 perficiendum
561 2365 733 2426 conducere
754 2361 905 2426 rideatur.
926 2364 1060 2438 Quapro-

313 2467 382 2538 pter
396 2475 433 2520 ex
449 2459 552 2521 animo
564 2457 765 2534 affirmamus,
778 2473 956 2536 persuasum
973 2456 1073 2518 nobis¹

314 2553 483 2628 esse,inter
495 2551 574 2630 ipsus
585 2550 713 2628 reperiri
725 2551 815 2628 plane
825 2548 1059 2628 neminem‚qui

314 2646 478 2726 apostolico
504 2644 562 2706 sihi
587 2645 763 2706 concredito
793 2644 917 2706 muneri
945 2645 1001 2705 hac
1029 2643 1060 2703 in

314 2758 349 2804 re
365 2738 510 2813 deluerit,
527 2746 558 2800 et
573 2737 792 2814 ignorantiam,
815 2737 848 2798 in
871 2754 930 2815 qua
946 2735 1060 2797 versari

317 2833 485 2898 nonnullos
505 2847 543 2893 ex
565 2831 628 2892 suis
651 2829 841 2892 Diuecesauis
867 2835 1060 2908 compertum

316 2936 373 3002 est,
387 2926 467 2987 haud
483 2924 610 3004 quidem
626 2923 698 3001 ipsis
714 2922 820 3002 culpae
835 2922 885 2984 vel
900 2922 1061 2999 negligen-

316 3023 377 3084 tiae
399 3016 658 3093 vertendam,sed
681 3017 881 3094 repetendam
903 3014 992 3093 plane
1013 3015 1062 3076 vel

317 3131 356 3176 ex
377 3113 626 3176 eorumderumet
657 3110 854 3172 subditurum
882 3109 1060 3186 pervicacia,

317 3224 388 3286 qua,
412 3205 561 3282 neglectis
583 3204 781 3282 superiorum
796 3204 958 3280 mandatis,
974 3202 1063 3265 Chri·

317 3301 435 3362 stianae
456 3299 617 3362 Doctrinae
642 3297 853 3360 institutiones
878 3298 1063 3375 refugerunt

318 3397 405 3459 etad
428 3393 656 3458 exaudiendum
679 3394 732 3454 Dei
758 3391 890 3456 verbum
911 3409 967 3471 pro
993 3408 1063 3454 con-

318 3491 406 3553 cione
427 3489 627 3568 explanatum
655 3505 736 3563 raro,
760 3488 809 3550 vel
832 3487 959 3549 tortasse
983 3505 1063 3550 nun-

319 3601 424 3664 quam,
440 3590 675 3659 convenerunt,
698 3582 749 3644 vel
769 3581 878 3645 saltem
900 3599 938 3643 ex
959 3583 1064 3645 hebeti

320 3678 548 3742 nonnullorum
576 3678 704 3754 ingenio
729 3677 761 3740 in
792 3676 828 3738 iis
856 3676 1063 3751 addiscendis,

319 3789 398 3854 qnae
419 3772 581 3846 docentum
606 3771 655 3832 vel
677 3770 812 3848 deniqne
834 3787 871 3832 ex
893 3786 954 3848 quo
978 3771 1064 3834 Chri-

319 3869 437 3928 stianae
459 3865 621 3927 Doctrinae
636 3865 813 3926 rudimenta
829 3863 935 3942 primis
958 3864 1064 3926 aetatis

319 3977 393 4024 suae
414 3959 505 4020 anuis
526 3957 716 4036 exceperint,
734 3957 786 4018 uhi
807 3972 882 4018 vero
902 3964 999 4018 aetate
1015 3956 1066 4018 illa

321 4068 490 4126 excessere,
510 4041 592 4112 nihil
613 4050 726 4114 exinde
746 4048 864 4111 luerint
886 4049 1006 4112 solliciti
1030 4051 1066 4112 ad

321 4163 356 4208 ea
378 4146 441 4207 loca
463 4146 617 4218 accedere,
644 4144 696 4205 ubi
719 4145 934 4222 percommode
955 4159 988 4206 ac
1004 4144 1068 4207 lru-

1110 677 1194 738 nitns
1217 692 1279 740 non
1302 677 1352 752 sit,
1376 684 1488 754 quanta
1505 677 1662 752 peregerit
1684 673 1714 738 S.
1727 672 1852 736 Carolus

1110 779 1311 840 Burromaeus
1334 787 1401 842 tum
1419 779 1450 840 in
1466 774 1565 856 ampla
1581 793 1634 838 sua
1647 773 1776 838 dioecesi
1793 775 1855 836 ide-

1110 873 1291 945 diolanensi,
1309 881 1376 935 tum
1401 871 1429 934 in
1451 872 1596 934 universa
1618 871 1788 948 provincia,
1803 869 1853 931 cui

1110 973 1249 1044 praeerat
1271 966 1537 1044 Metropolitanus,
1554 972 1588 1026 ut
1610 964 1777 1044 proficuam
1794 971 1854 1024 tra-

1110 1059 1228 1122 dendae
1260 1059 1451 1122 Christianae
1479 1058 1642 1120 Doctrinae
1672 1058 1854 1120 methodum

1111 1154 1326 1227 constituerem
1342 1159 1536 1230 quantosque
1550 1152 1712 1229 pertulerit
1725 1151 1854 1227 labores,

1114 1255 1147 1310 ut
1169 1247 1349 1322 religiosum
1365 1247 1421 1308 hoc
1442 1246 1622 1308 institutum
1640 1245 1771 1307 tirmiter
1785 1263 1857 1309 cun-

1111 1340 1278 1402 stabiliret:
1312 1355 1447 1416 cumque
1478 1339 1758 1415 animadvertisset,
1792 1356 1855 1401 non

1113 1449 1185 1494 enm
1198 1433 1311 1510 cepisse
1323 1449 1362 1494 ex
1374 1441 1418 1494 tot
1432 1431 1586 1494 laboribus
1600 1431 1749 1507 fructum,
1762 1449 1856 1512 qoem

1113 1526 1290 1604 exoptabat,
1316 1525 1395 1586 hand
1427 1524 1587 1602 despondit
1616 1525 1775 1604 animnm;
1805 1527 1856 1589 sed

1114 1619 1271 1680 ueteribus
1293 1634 1388 1680 novas
1409 1618 1618 1697 superaddidit
1639 1635 1726 1683 curas
1747 1626 1779 1681 et
1800 1620 1860 1680 sol-

1114 1713 1301 1786 licitudines,
1324 1711 1587 1790 quemadmodum
1614 1712 1859 1791 deprehenditur

1114 1823 1151 1868 ex
1173 1807 1281 1885 quinta
1304 1805 1522 1868 Mediolanensi
1539 1805 1675 1884 Synodo:
1701 1807 1763 1870 Nos
1778 1807 1861 1868 mul-

1117 1905 1182 1960 tum
1214 1897 1370 1960 haectenus
1402 1897 1608 1976 diligentiam
1639 1897 1858 1972 adhibuimus,

1116 1997 1154 2054 ut
1177 2007 1280 2053 ootncs
1309 1998 1338 2052 ct
1367 1991 1491 2070 singuli
1517 1988 1745 2070 Christifidelcs
1770 1992 1805 2054 in
1826 1993 1860 2073 fi-

1116 2085 1166 2147 dei
1188 2085 1388 2148 christianae
1403 2084 1662 2146 rudimentorum
1678 2086 1863 2148 institutio·

1116 2194 1154 2238 ne
1175 2178 1407 2247 erudiremur,-
1428 2177 1481 2239 sed
1497 2167 1569 2238 cum
1585 2193 1701 2255 purum
1716 2195 1771 2240 nos
1787 2179 1862 2242 huc·

1117 2288 1215 2348 usque
1244 2269 1416 2350 profecisse
1448 2272 1599 2334 tantuin
1623 2285 1658 2333 re
1683 2273 1863 2351 coqooneri-

1117 2364 1339 2444 presumserit
1361 2365 1560 2442 periculique
1571 2365 1796 2444 magnitudine
1808 2365 1862 2427 ad-

1119 2459 1219 2531 ducti,
1245 2457 1320 2520 hoec
1349 2465 1517 2536 praetereo
1545 2459 1754 2520 decernimus.
1784 2458 1863 2522 Satis

1119 2568 1254 2632 namque
1275 2551 1335 2614 fuit
1357 2549 1561 2614 Sanctissimo
1585 2552 1721 2613 Praesuli
1742 2567 1863 2630 perspe-

1118 2655 1198 2709 ctam
1222 2646 1288 2707 deri
1318 2645 1481 2722 vigentem
1510 2645 1726 2720 indigentiam,
1752 2655 1787 2706 nt
1808 2646 1865 2705 ite·

1118 2757 1188 2802 rum
1212 2755 1342 2800 manum
1365 2739 1450 2816 operi
1473 2737 1663 2812 admoveret,
1679 2753 1768 2800 curas
1782 2737 1864 2799 curis

1119 2833 1357 2906 accumulando,
1388 2831 1579 2908 parvipensis
1607 2832 1763 2908 omnibus,
1785 2847 1863 2912 quae

1119 2927 1189 2988 satis
1206 2924 1303 2986 inulta
1318 2939 1455 3001 eousque
1469 2929 1645 3002 peregeram
1664 2926 1699 2986 ad
1714 2941 1787 2986 eum
1802 2925 1864 3004 pia-

1120 3037 1159 3083 ne
1180 3021 1319 3094 mudum,
1336 3032 1397 3096 qno
1415 3017 1609 3093 Assyriorum
1634 3018 1699 3080 Rex
1720 3020 1791 3080 satis
1813 3021 1865 3081 ha·

1120 3114 1198 3188 buit,
1222 3112 1360 3175 delatum
1375 3113 1410 3174 ad
1426 3128 1458 3172 se
1473 3110 1578 3185 luisse,
1593 3113 1735 3188 ignorare
1757 3119 1865 3188 gentes

1120 3215 1279 3287 praecepta
1292 3206 1360 3267 Dei:
1380 3204 1643 3282 Nunciotumque
1654 3211 1700 3266 est
1716 3203 1793 3284 Regi
1810 3205 1866 3266 As-

1119 3299 1293 3377 syriorum,
1312 3306 1341 3360 et
1365 3297 1507 3359 dictum.-
1529 3301 1648 3376 qentcs,
1665 3311 1743 3374 quas
1759 3306 1866 3361 trans-

1122 3394 1243 3464 tulisti,
1267 3397 1297 3453 ct
1319 3383 1468 3454 habitare
1489 3391 1597 3470 fecisti
1619 3391 1655 3452 in
1677 3390 1865 3456 ciuitatibus

1123 3491 1300 3562 Samariae,
1323 3489 1478 3568 ignorant
1501 3485 1646 3564 tepet-lma
1667 3483 1724 3547 Dei
1748 3492 1866 3560 terroe,-

1122 3584 1268 3647 utstatim
1286 3583 1338 3643 illo
1353 3581 1494 3642 mitteret
1509 3579 1710 3653 sacerdotem,
1723 3578 1777 3657 qni
1792 3594 1867 3656 gen·
1898 3585 1901 3592 '

1122 3686 1167 3740 tes
1189 3677 1256 3738 illas
1270 3676 1324 3738 Dei
1339 3681 1496 3755 praecepta
1519 3674 1675 3735 edoceret:
1701 3671 1867 3751 Praecepit

1121 3777 1231 3834 nutem
1254 3769 1321 3831 Reno
1336 3767 1545 3845 Assyriorum
1558 3767 1683 3828 dicens:
1706 3767 1815 3828 ducite
1831 3768 1869 3830 t'l·

1116 3865 1176 3940 luc
1198 3879 1300 3926 annm
1323 3864 1359 3926 de
1379 3857 1610 3930 sacerdotibus,
1624 3875 1700 3938 qnos
1723 3861 1795 3922 inde
1817 3879 1867 3924 ca-

1122 3959 1226 4036 plicas
1242 3956 1441 4026 abducistis,
1457 3961 1486 4016 et
1503 3953 1601 4016 eadat
1615 3959 1645 4015 et
1658 3951 1781 4016 habitet
1796 3972 1867 4016 cum

1123 4053 1179 4123 eis,
1204 4057 1234 4111 et
1261 4050 1370 4112 docent
1400 4065 1449 4108 eos
1481 4047 1626 4125 legitimo
1655 4045 1712 4108 Dei
1742 4053 1867 4110 terrae.-

1124 4143 1385 4226 quemadmodum
1400 4137 1613 4217 legiturtibd
1627 4139 1757 4220 Regum,
1773 4159 1798 4202 c.
1807 4143 1854 4202 17
1859 4187 1866 4202 .

1773 537 1832 598 575
1882 541 1935 588 An.
1951 540 1980 588 C.
2002 537 2071 588 1754

1164 4237 1232 4314 §ln
1257 4235 1317 4299 Nos
1339 4235 1442 4314 itaque
1464 4231 1494 4296 S.
1519 4234 1619 4296 Caroli
1641 4234 1815 4298 Dorromaei
1838 4252 1870 4298 e·
1914 4255 1974 4302 ruso
1994 4256 2100 4302 amq.

1124 4332 1284 4410 xemplum
1315 4345 1389 4408 prae
1419 4329 1514 4391 oculis
1536 4328 1694 4403 habentes,
1727 4332 1869 4407 quamvis
1888 4309 2101 4410 {ffinffissaffisssssffl

1125 4441 1218 4489 omne
1240 4424 1389 4487 hactenus
1416 4422 1554 4484 studium
1586 4422 1801 4500 impenderitis
1827 4433 1871 4488 at·
1889 4413 2058 4466 adhibendas,

321 4239 458 4303 ctuosins
473 4237 599 4300 tortasse
615 4237 707 4298 eliam
724 4237 895 4316 potuissent
906 4237 1068 4302 obfirmata

322 4339 420 4394 aetate
432 4332 600 4412 percipere,
612 4348 691 4410 quae
703 4332 773 4411 ipsis
789 4334 927 4411 puerulis
938 4334 1068 4396 luerunt

323 4427 445 4501 tradita,
468 4427 542 4488 adeo
564 4433 599 4487 ut
619 4425 652 4486 hi
675 4426 821 4504 paulatim
836 4427 1017 4504 redigantur
1032 4427 1067 4488 ad

110 5837 218 5884 hDertnr
233 5837 312 5888 S.‚Ca·

99 5891 144 5936 mli
162 5889 310 5938 Borromaei

99 5945 203 6004 exempl.

322 4520 532 4583 conditionem
561 4519 590 4582 ei
611 4522 741 4582 omnino
771 4511 925 4596 similent,
949 4520 981 4583 in
1009 4537 1069 4600 qua

323 4613 529 4676 obversantur
556 4612 746 4690 quicumque
768 4631 825 4676 nec
846 4615 944 4693 prima
973 4621 1070 4676 aetate

324 4707 436 4782 edocti,
459 4722 518 4768 nec
540 4705 730 4770 Christianae
757 4708 921 4770 Doctrinae
945 4709 1069 4770 iustitu-

325 4800 460 4862 tionibus
482 4816 630 4878 umquam
652 4799 875 4862 interluernrtt.
899 4801 1070 4863 incommo-

324 4895 360 4956 da
381 4894 456 4954 haee
477 4893 603 4972 quidem
624 4901 710 4968 sunt,
723 4910 801 4972 quae
817 4895 957 4973 quamvis
979 4895 1071 4956 obre·

325 4986 443 5060 neriut,
466 4985 697 5066 obveniantque
712 4987 852 5063 luctasse,
867 4988 950 5049 curis
971 4988 1073 5050 omni-

324 5081 381 5142 bus
404 5095 458 5158 per
481 5094 551 5139 ven.
570 5077 679 5139 batres
695 5087 817 5140 nostrus
838 5080 993 5156 adhibitis,
1007 5095 1071 5142 non

325 5172 439 5234 exinde
461 5180 565 5232 tamen
587 5187 644 5233 nos
666 5171 771 5233 levant
792 5188 887 5234 onere
909 5173 1072 5252 encyclicis

325 5265 408 5326 hisce
429 5263 527 5325 literis
547 5279 659 5326 eorum
680 5264 784 5326 zelum
806 5265 915 5328 iterato
937 5266 1073 5328 excitan-

326 5357 373 5434 di3
397 5373 453 5419 nec
478 5357 536 5436 ipsi
568 5367 728 5437 propterea
761 5358 962 5436 eximuntur,
993 5360 1071 5438 quin

326 5451 425 5514 studia
446 5451 733 5531 sollicitudinesque
748 5467 784 5514 eo
804 5468 927 5531 semper
943 5453 1072 5515 maiores

327 5543 470 5608 coulerre
495 5546 626 5607 debeant
648 5545 681 5606 in
703 5546 750 5622 id,
773 5547 857 5608 unde
884 5545 1074 5609 concredita·

327 5653 401 5700 rum
422 5637 478 5700 sibi
501 5638 675 5702 animarum
698 5639 889 5718 sempiterna
903 5640 983 5702 salus
999 5653 1073 5717 pen-

324 5729 402 5801 dere
423 5732 624 5808 dignoscitur.
992 5749 995 5755 ·

369 5825 388 5899 §
409 5825 437 5886 3.
462 5824 629 5886 Neminem
649 5824 774 5888 tortasse
796 5825 933 5906 reperire
952 5826 1011 5887 erit
1027 5827 1074 5888 in-

331 5926 379 5982 ter
399 5935 465 5995 ros,
488 5933 560 5981 ren.
583 5917 709 5997 iratres,
732 5920 782 5984 cui
803 5927 1001 6001 perspectum
1022 5935 1073 6001 pe·

1125 4535 1186 4599 que
1206 4517 1415 4590 sedulitatem,
1431 4516 1592 4577 hortamur
1607 4515 1706 4578 adhuc
1726 4527 1871 4593 rogantes

1125 4629 1180 4676 vos
1202 4627 1256 4691 per
1278 4611 1346 4672 iesu
1368 4609 1482 4672 Christi
1505 4609 1633 4683 viscera,
1656 4625 1707 4684 ne,
1731 4609 1762 4672 iu
1787 4619 1871 4674 tauto

1126 4723 1218 4785 opere
1241 4703 1379 4768 tradendi
1394 4704 1579 4766 christianae
1596 4705 1664 4766 sxdei
1682 4707 1870 4781 rudimenta,

1126 4801 1266 4862 animum
1289 4798 1513 4877 despondeatis.
1538 4797 1599 4858 Hoc
1621 4797 1713 4874 agite,
1733 4806 1764 4860 ut
1786 4813 1872 4877 poru-

1126 4894 1258 4956 churum
1289 4893 1438 4970 quisque,
1462 4907 1540 4970 quae
1572 4907 1657 4952 sacro
1689 4891 1873 4955 Tridentino

1129 4987 1277 5060 Concilio,
1300 5002 1379 5064 quae
1402 4985 1512 5048 vestris
1532 4984 1729 5062 synodalibus
1751 4988 1873 5049 statutis

1128 5082 1287 5155 iubentur,
1310 5079 1418 5142 sedulo
1439 5087 1624 5156 exequatur:
1649 5087 1683 5139 ut
1704 5080 1790 5142 statis
1811 5081 1873 5143 die·

1129 5177 1185 5238 bus
1206 5174 1381 5236 scholarum
1414 5171 1553 5249 magistri
1574 5181 1604 5234 et
1636 5171 1801 5249 magistrae
1822 5174 1874 5236 do-

1129 5269 1260 5332 ctrinam
1274 5267 1392 5329 tradant
1404 5265 1620 5327 christianam:
1638 5272 1671 5328 ut
1684 5266 1872 5345 confessarii,
1901 5285 2029 5331 recenset.
2039 5293 2104 5329 com-

1128 5377 1206 5439 quae
1228 5359 1369 5422 muneris
1389 5359 1436 5419 sni
1465 5367 1539 5422 sunt
1566 5359 1731 5438 impleant,
1754 5360 1873 5438 quoties
1893 5337 1956 5395 ''¹¹¹‘'

1129 5456 1292 5533 qnisquam
1308 5469 1339 5514 se
1353 5453 1488 5530 ipsorum
1499 5483 1501 5486 ·
1513 5452 1659 5514 tribunali
1680 5451 1771 5527 sistit,
1788 5453 1875 5530 igno·
1923 5511 1929 5533 ,

1129 5563 1201 5609 rans
1222 5563 1299 5626 quae
1322 5545 1511 5608 necessitate
1532 5544 1630 5605 medii
1650 5547 1774 5607 suntad
1797 5547 1875 5608 saln-

1131 5648 1194 5703 tem
1220 5639 1410 5716 uecessaria;
1439 5639 1636 5717 idipsumque
1661 5646 1820 5717 praestent
1845 5647 1876 5700 et

1130 5733 1263 5813 parochi,
1276 5739 1444 5810 antequam
1455 5747 1581 5808 sponsos
1592 5732 1789 5794 matrimonio
1803 5747 1877 5793 con-

1130 5829 1278 5904 iungant:
1303 5834 1404 5906 patres
1425 5824 1572 5900 tamilias,
1600 5833 1690 5903 atque
1712 5824 1876 5887 domorum

1131 5919 1210 5997 heri,
1221 5918 1304 5982 serio
1317 5926 1506 5984 moneantur
1521 5919 1559 5982 de
1573 5917 1715 5998 imposita
1728 5917 1786 5982 sibi
1801 5917 1877 5994 obite
