4708 6978
358 519 412 577 An.
427 523 456 578 0.
478 517 547 576 1747

596 519 655 590 330

577 662 796 735 monasteriis,
807 669 867 726 oot
882 659 1074 724 christianis
1085 661 1166 722 utris
1181 667 1240 724 out
1252 675 1321 722 soo-

579 754 712 820 lieribus
735 755 835 818 Deum
868 752 1072 828 timentibus,
1095 758 1134 817 nt
1160 752 1219 817 sub
1250 770 1321 816 coo·

577 849 756 913 versatione
778 847 903 912 cultum
924 847 997 928 fidei
1020 848 1159 921 discant,
1175 852 1271 926 utque
1285 847 1321 908 io

576 941 691 1005 melios
713 941 863 1006 fruticosi
895 946 962 1006 tom
984 941 1018 1003 io
1046 939 1201 1014 northus,
1226 955 1321 1019 quom

524 1035 525 1038 ’
576 1036 611 1097 in
632 1035 692 1113 pide
704 1035 887 1116 proficiunt.
908 1035 942 1100 Si
955 1044 1060 1100 autem
1074 1043 1236 1115 postquam
1251 1035 1320 1098 ado-

385 4409 558 4484 v.⁰0uomodo

346 4490 468 4550 probetur
510 4483 558 4527 ha-

363 4545 469 4592 tismum
484 4533 559 4584 colla·

345 4557 401 4646 funs
421 4595 499 4642 fuisse
517 4589 557 4634 lu-

345 4650 418 4699 fautl.
517 4668 521 4675 ·

575 1129 723 1206 leverim,
738 1146 795 1192 suo
817 1130 874 1209 Ipsi
895 1129 1068 1192 infortunio
1085 1129 1266 1192 catholicam
1287 1128 1321 1189 fr-

576 1225 647 1286 dem
668 1225 848 1286 desererent
870 1231 900 1286 et
920 1224 1126 1286 hebraeorum
1138 1221 1250 1285 ritibus
1271 1220 1321 1281 ad-

576 1319 750 1396 haererent,
773 1325 879 1381 contra
892 1319 1016 1380 eosdem
1031 1316 1151 1395 legibus
1166 1314 1320 1379 utendum

575 1418 666 1489 esset,
690 1419 850 1500 utcontra
875 1411 1056 1488 haeretIcos,
1075 1411 1165 1490 juxte
1187 1411 1321 1472 decreto-

576 1505 638 1569 lem
668 1506 817 1570 Bonifatii
844 1503 921 1570 VIII.
953 1505 988 1566 in
1012 1507 1088 1583 dap.
1120 1505 1251 1575 Contra,
1285 1502 1321 1564 de

577 1599 759 1674 haereticis,
780 1601 816 1661 in
837 1604 943 1661 scoto.-
968 1599 1088 1662 Cootro
1111 1597 1317 1668 christianos,

576 1694 630 1773 qui
645 1695 686 1758 od
701 1694 805 1756 rdtorn
821 1691 1015 1756 transierint
1031 1691 1079 1752 ool
1097 1691 1253 1754 redierint
1270 1689 1320 1750 a'o-

576 1788 738 1860 docorem,
765 1785 893 1850 etiarnsi
918 1785 1104 1848 huiusmodi
1136 1785 1317 1854 redeuntes,

576 1881 652 1944 dom
674 1883 767 1942 erunt
798 1880 944 1959 insontes
971 1883 1029 1941 etc.
1063 1877 1224 1956 baptizoti
1251 1877 1320 1956 fne-

576 1977 668 2046 rnnt,
692 1973 755 2035 erit
778 1976 940 2051 tomqoonc
955 1979 1068 2036 contro
1088 1970 1275 2043 haereticos,
1291 1970 1320 2031 si

576 2067 704 2148 foeoiot
726 2066 762 2128 de
783 2068 840 2127 hoc
861 2066 1008 2148 confessi,
1024 2069 1085 2130 ont
1100 2081 1155 2143 per
1169 2063 1321 2126 christio-

576 2173 644 2232 oos,
665 2173 721 2220 seo
744 2157 873 2221 iudaeos
902 2157 1041 2219 conuicti
1063 2161 1121 2217 etc.
1154 2155 1321 2234 proceden-

576 2252 664 2314 dum.
728 2255 729 2260 ’

614 2349 633 2425 ἓ
654 2348 704 2412 30.
728 2350 810 2412 Dura
825 2347 987 2410 nonnullis
1001 2347 1073 2409 haec
1087 2343 1242 2434 sententia
1253 2342 1321 2403 visa

576 2451 634 2520 est,
656 2444 710 2522 qui
731 2443 873 2506 eamdem
894 2449 929 2504 ut
950 2442 1056 2504 minus
1084 2454 1223 2519 asperam
1244 2435 1322 2498 face-

576 2547 662 2615 rent,
695 2537 913 2600 existimarunt
933 2535 978 2598 fas
1000 2551 1076 2610 esse,
1108 2531 1252 2613 puerulos
1274 2531 1322 2594 Iu-

576 2634 657 2696 daeis
669 2631 846 2710 parentibus
858 2628 1033 2704 restituere,
1047 2626 1215 2691 dummodo
1227 2625 1322 2705 ipsius

576 2732 717 2806 parentes
745 2725 889 2788 cautibus
918 2731 970 2786 aut
1007 2720 1204 2784 fideiussione
1237 2720 1320 2795 data,

578 2820 712 2896 ingenue
727 2820 908 2898 spondeant,
922 2817 958 2879 ab
973 2833 1005 2878 sc
1023 2816 1110 2890 filios,
1123 2815 1176 2877 vin
1199 2829 1270 2877 cum
1285 2813 1320 2874 ad

575 2913 817 2975 convenientem
844 2917 975 2973 aetatem
1003 2907 1216 2988 pervenerint,
1243 2905 1322 2969 chri-

575 3005 758 3068 stifidelibus
769 3005 989 3078 restituendos,
1002 3002 1239 3080 necquidquam
1251 3015 1322 3061 cou-

578 3107 623 3162 tra
644 3097 738 3159 fidem
758 3096 934 3159 catholicam
949 3093 1129 3157 edocendos.
1154 3093 1196 3153 lte
1219 3091 1322 3169 opina·

578 3197 626 3253 tus
647 3196 693 3252 est
714 3189 896 3254 Galderinus
911 3188 945 3250 in
960 3205 1018 3250 suo
1042 3185 1160 3250 Consti.
1177 3185 1198 3244 3
1220 3185 1256 3247 de
1271 3182 1322 3245 In-

576 3284 674 3356 doec's,
697 3297 792 3363 quem
812 3287 962 3361 sequutus
983 3286 1030 3342 est
1051 3277 1180 3342 Grattius
1202 3279 1237 3339 in
1252 3277 1321 3338 suis

576 3377 669 3440 decis.
688 3393 752 3439 cos.
769 3376 939 3448 conscios„
954 3378 1042 3452 port.
1058 3373 1093 3446 2,
1106 3369 1160 3434 tot.
1177 3375 1212 3445 2,
1230 3387 1254 3432 c.
1265 3370 1320 3443 23,

576 3487 608 3532 n.
631 3471 685 3532 23.
709 3469 827 3533 Verum
849 3469 922 3531 haec
956 3467 1110 3532 Calderiui
1129 3467 1321 3530 sententiaa

575 3567 702 3631 caeteris
724 3564 868 3629 omuibus
882 3562 997 3625 erroris
1008 3560 1185 3624 insimulata
1201 3561 1271 3637 fuit,
1288 3568 1322 3622 nt

578 3659 688 3723 hfllict.
712 3658 851 3721 deolsn.
868 3657 921 3718 13.
946 3655 1062 3734 Sperel.
1081 3655 1173 3717 decis.
1185 3657 1216 3728 1,
1234 3656 1323 3718 o.42

576 3753 663 3817 Sessa
686 3753 722 3815 de
744 3751 882 3824 lodoea's,
900 3766 968 3829 cop.
986 3750 1031 3812 55
1045 3757 1076 3812 et
1091 3767 1123 3811 n.
1140 3750 1196 3810 64.
1218 3749 1319 3812 Piton.

578 3845 717 3927 Discept.
734 3848 851 3920 eccles,
867 3862 898 3925 p.
915 3846 947 3918 4,
970 3846 1100 3924 dc'scept.
1122 3844 1193 3918 146,
1213 3841 1285 3907 dod.
1302 3845 1323 3903 3

576 3949 606 4004 et
627 3955 717 4003 oum.
744 3941 797 4002 33.
827 3941 915 4004 (lard.
938 3939 1039 4002 Albini
1060 3939 1095 4001 de
1124 3941 1261 4003 inconst.
1287 3939 1322 3999 in

575 4035 646 4116 fide,
670 4049 738 4115 cop.
765 4035 822 4107 11,
843 4048 931 4096 oum.
959 4033 1015 4094 33.
1040 4031 1084 4096 Et
1109 4034 1265 4094 cereseio
1288 4031 1322 4094 in

576 4129 635 4193 hoc
649 4127 749 4192 Sucro
767 4126 1028 4207 dooqrcpotc'ooe,
1041 4125 1180 4206 loquitur
1191 4125 1228 4188 de
1243 4125 1323 4188 Gon-

577 4226 757 4302 gregatione
772 4219 803 4283 S.
820 4219 927 4296 Officii,
943 4221 1136 4284 sententioso
1158 4219 1321 4283 Cotdcrini

577 4319 630 4381 oti
651 4331 814 4379 erroneum
835 4315 937 4396 fnisse
958 4313 1120 4376 reiectum.

617 4409 705 4486 §312
730 4411 764 4474 In
786 4407 969 4488 quibusdam
990 4405 1131 4485 praefatis
1160 4407 1322 4469 resolutio·

577 4505 668 4568 uibus
689 4503 844 4577 innuitur,
860 4517 944 4577 cum,
960 4500 1014 4579 qui
1029 4501 1232 4564 hebraeorum
1245 4501 1322 4562 filfos

575 4599 644 4660 sine
665 4604 832 4677 parentum
853 4610 1008 4657 consensu
1024 4594 1174 4673 baptismo
1190 4593 1322 4656 lustrare

577 4708 667 4754 ausus
688 4689 795 4765 fuerit,
824 4689 959 4767 exceptis
981 4688 1017 4749 ils
1046 4687 1176 4762 casibus,
1199 4689 1232 4750 in
1255 4689 1322 4768 qui·

577 4786 632 4849 bus
653 4785 710 4848 hoc
731 4785 832 4860 liceat,
855 4799 940 4860 eum,
965 4783 1105 4864 inquam,
1121 4799 1220 4863 poena
1241 4782 1321 4845 mul·

576 4881 723 4943 ctsndum
745 4895 825 4957 esse;
849 4878 1038 4957 baptismum
1053 4887 1157 4942 autem
1172 4879 1266 4941 unius
1279 4885 1322 4940 te-

575 4974 721 5036 stimonio
731 4973 934 5053 comprobari.
951 4971 992 5036 Ut
1002 4974 1120 5052 primae
1135 4973 1213 5052 parti
1228 4971 1322 5034 huius

576 5075 698 5130 nostrae
719 5068 933 5130 instruchonis
956 5077 1218 5131 extremamauus
1239 5081 1323 5128 acce·

575 5161 636 5237 dat,
659 5161 736 5222 uihil
759 5161 840 5223 aliud
856 5169 962 5238 restat,
978 5177 1072 5242 quam
1095 5160 1326 5239 praedictarum

575 5253 801 5318 resolutionem
815 5254 964 5317 iudicium
975 5256 1175 5330 confirmaro;
1192 5259 1223 5315 et
1234 5253 1321 5331 quid-

575 5348 649 5428 quid
670 5349 703 5410 iu
725 5348 841 5411 elsdem
863 5349 1055 5424 continetur,
1071 5355 1175 5410 nostra
1197 5363 1321 5427 quoquo

574 5442 728 5506 sententis
743 5443 890 5504 stabilire.
900 5441 1087 5522 Baptizantis
1101 5449 1241 5504 mentem
1256 5456 1322 5503 esse

576 5543 712 5599 sanctam
743 5542 921 5613 rectamque
950 5551 1013 5598 nou
1040 5535 1232 5614 dubitamus3
1255 5551 1321 5598 mo-

575 5629 631 5691 dus
653 5636 758 5691 autem
780 5629 909 5691 omuino
931 5629 1054 5692 illicitus
1076 5627 1236 5691 habendus
1258 5637 1320 5706 est;

575 5729 607 5784 et
629 5738 663 5784 ea
684 5723 875 5802 quicumque
896 5721 976 5799 facit,
999 5738 1077 5801 quae
1099 5721 1231 5784 Ecclesia
1253 5722 1322 5783 fueri

576 5822 671 5891 vetat,
687 5832 744 5896 pro
759 5815 866 5879 Iudicis
881 5815 1045 5894 prudentia
1060 5814 1204 5877 mulctari
1219 5815 1320 5891 debet,

577 5925 673 5996 poena
704 5910 820 5973 scillcet
844 5917 897 5972 aut
925 5909 1059 5988 mitiori,
1082 5907 1133 5970 vel
1158 5909 1319 5985 severiori,

1097 537 1160 586 tun.
1184 539 1275 587 PONT.
1300 535 1340 584 DE
1361 539 1390 582 P·
1414 536 1443 584 F.
1469 539 1550 590 snus
1573 543 1593 589 l·

1377 660 1461 722 iuxta
1482 663 1740 726 circumstantias.
1776 663 1908 727 Additur
1933 664 2044 741 etlam,
2068 665 2120 744 qui

1376 753 1509 816 infantes
1530 755 1735 820 hebraeorum
1757 757 1868 820 liberos
1900 758 2054 836 baptizare
2073 775 2121 821 so-

1377 847 1453 924 lent,
1476 865 1527 911 cos
1542 849 1729 930 plerumque
1750 858 1803 914 aut
1824 852 1926 928 laicos,
1943 859 1996 914 aut
2010 853 2123 916 mulie-

1377 958 1425 1003 res
1446 959 1531 1020 esse;
1554 944 1636 1022 quod
1658 946 1778 1008 neutris
1801 945 1906 1021 liceat,
1936 946 1993 1008 nisi
2017 963 2122 1010 neces-

1376 1034 1448 1097 sitas
1469 1035 1660 1113 interfuerit,
1683 1045 1719 1100 nt
1739 1036 1839 1101 rideri
1859 1045 1960 1118 potest
1982 1039 2018 1101 in
2040 1042 2120 1104 Coo.

1376 1129 1417 1190 ud
1439 1127 1556 1192 lintion
1576 1131 1630 1204 30,
1660 1137 1782 1208 quaest.
1808 1131 1841 1205 2,
1870 1132 1906 1194 in
1934 1131 2013 1194 Con.
2044 1133 2123 1196 Son·

1376 1226 1475 1295 ctum,
1500 1223 1534 1283 c'n
1560 1222 1637 1287 Gon.
1661 1225 1697 1286 in
1718 1226 1906 1290 necessitate
1921 1226 1957 1288 de
1975 1225 2120 1289 Consecr.

1377 1315 1452 1378 dist.
1476 1316 1509 1390 4,
1533 1318 1568 1378 in
1593 1319 1685 1382 Cone.
1704 1316 1791 1381 Flor.
1814 1321 1944 1383 Acmen.
1964 1322 2119 1384 instruct.

1377 1408 1414 1471 ln
1435 1425 1512 1473 cuso
1528 1415 1637 1474 cotem
1650 1412 1853 1476 necessitatis
1868 1430 1932 1476 ooo
1945 1415 2048 1476 sotum
2066 1415 2122 1478 So·

1376 1503 1565 1576 sordescet
1589 1503 1767 1581 Diaconos,
1802 1507 1854 1569 scd
1876 1509 1975 1570 etionc
2002 1507 2118 1582 laicus,

1376 1597 1423 1658 ool
1444 1597 1573 1670 molter,
1597 1599 1660 1661 icoo
1681 1599 1780 1663 etiem
1796 1615 1941 1680 poponus
1963 1606 1994 1662 et
2016 1601 2123 1664 hoere-

1378 1689 1462 1752 ticus
1484 1689 1652 1769 baptizare
1670 1697 1786 1770 potest.
1814 1693 1876 1755 lloc
1897 1694 1990 1756 etiam
2011 1695 2045 1756 in
2068 1695 2124 1757 tri-

1377 1783 1494 1860 gesimo
1514 1791 1621 1846 octavo
1643 1784 1774 1848 concilii
1797 1785 1981 1849 Illiberitani
1998 1787 2125 1850 Geuoue

1376 1884 1527 1940 statutum
1547 1884 1605 1955 est,
1627 1893 1755 1958 pereqre
1781 1879 1990 1959 nocipootcs,
2012 1888 2073 1943 ont
2094 1883 2125 1942 si

1377 1967 1506 2033 ecclesio
1528 1971 1563 2033 in
1583 1973 1731 2049 procoma
1753 1989 1815 2034 noo
1837 1975 1955 2052 fuerit,
1976 1989 2067 2052 posse
2088 1975 2125 2054 fi*

1377 2061 1486 2134 delent,
1510 2063 1565 2142 qni
1588 2065 1753 2127 looocrom
1767 2083 1864 2128 sonan
1887 2068 2051 2148 intepretes
2067 2067 2124 2131 lto·

1378 2155 1437 2229 bct,
1461 2174 1516 2219 occ
1537 2158 1582 2219 sit
1604 2154 1759 2238 bipennes,
1778 2157 1947 2237 baptizare
1969 2161 2003 2222 c'n
2020 2178 2123 2223 oeces-

1378 2253 1483 2315 situtc.
1517 2253 1557 2314 lto
1582 2255 1723 2332 quamuis
1752 2255 1895 2317 Petavius
1925 2255 1959 2318 in
1987 2259 2053 2319 not.
2083 2258 2125 2320 od

1379 2347 1534 2410 Sanctum
1557 2346 1672 2425 uptpt.
1696 2363 1769 2429 pop.
1792 2349 1857 2412 341
1884 2349 2027 2428 miretur,
2051 2368 2126 2414 cou-

1377 2443 1500 2518 ciIIum,
1531 2441 1651 2504 etiamsi
1677 2443 1842 2505 necessitas
1866 2443 2056 2521 interfuerit,
2081 2447 2127 2509 bi-

1377 2537 1491 2614 gamis,
1514 2552 1553 2596 ne
1582 2552 1770 2614 quemquam
1798 2536 1970 2614 baptizent,
1994 2539 2126 2602 interdi-

1376 2645 1460 2707 cere3
1477 2645 1550 2709 erpo
1561 2646 1632 2691 neo
1649 2628 1783 2709 biqcmis
1799 2627 1963 2708 baptizari
1976 2631 2011 2692 in
2028 2639 2125 2695 tuoto

1377 2723 1565 2786 antecessitote
1586 2739 1649 2785 non
1665 2722 1783 2785 licuit?
1802 2723 1948 2786 llendoza
1971 2731 2077 2786 tamen
2094 2733 2126 2786 et

1377 2816 1579 2894 hlbaspineus
1600 2816 1704 2891 aiunt,
1728 2817 1760 2878 in
1784 2817 1911 2881 Ganonc
1931 2833 2125 2896 quemquam

1378 2909 1524 2987 baptizari
1546 2925 1561 2970 e
1586 2909 1717 2986 bigamis
1739 2909 1893 2984 interdici,
1924 2925 1995 2972 cum
2017 2910 2126 2988 plures

1377 3003 1476 3064 adsint
1499 3002 1543 3064 rei
1565 3003 1772 3065 couil'ciendae
1787 3003 1885 3080 magis
1908 3002 2022 3078 idonei,
2041 3003 2124 3082 quod

1377 3095 1543 3158 catholicus
1566 3096 1702 3171 ethnico,
1716 3095 1810 3158 laicus
1831 3104 1938 3158 eutem
1960 3112 2023 3158 nou
2040 3096 2124 3172 biga-

1379 3205 1446 3251 mus
1468 3190 1536 3252 iure
1563 3190 1603 3251 sit
1631 3189 1752 3266 bigamo
1781 3191 2027 3268 anteponendus.
2060 3185 2125 3251 lam

1378 3299 1453 3346 vero
1474 3283 1648 3362 baptismati
1670 3281 1898 3361 comprobando
1924 3283 2018 3344 unius
2040 3282 2125 3345 sulli-

1378 3392 1446 3440 cere
1478 3376 1708 3452 testimonium,
1746 3385 1835 3439 retus
1869 3375 2125 3455 lurisperitorum

1377 3471 1497 3533 axioma
1519 3477 1580 3548 est;
1603 3477 1639 3532 ut
1659 3469 1784 3533 ridetur
1805 3469 1952 3532 inGlossa
1968 3469 2126 3547 Cupffo-

1376 3581 1444 3643 per,
1457 3566 1499 3628 od
1512 3562 1659 3627 verdum:
1683 3561 1750 3624 nisi
1770 3565 1917 3635 iuratos,
1934 3563 1971 3625 de
1986 3561 2125 3625 tostinus

1377 3663 1407 3720 et
1429 3657 1710 3722 attestationibus.
1738 3655 1930 3735 mundoque
1952 3661 2059 3720 tomen
2077 3655 2125 3720 be-

1378 3767 1415 3813 ne
1437 3751 1582 3814 creditur
1604 3751 1673 3825 oni,
1699 3751 1825 3830 quondo
1851 3768 1915 3814 non
1935 3750 1973 3832 fit
1992 3752 2125 3831 proeiu-

1379 3847 1499 3910 diciom
1529 3845 1652 3916 olienis
1679 3850 1761 3923 poto
1787 3853 1902 3907 otruan
1931 3843 2052 3924 aliquis
2079 3845 2125 3908 sit

1379 3939 1578 4019 baptizatos,
1595 3940 1641 4000 oei
1663 3943 1777 4001 utrum
1799 3944 1878 4000 esset
1899 3937 2029 4001 ecclesio
2052 3955 2125 4000 coo·

1377 4039 1502 4097 secroto
1518 4031 1618 4097 stubs·
1639 4034 1710 4112 quis
1731 4032 1804 4094 volt
1823 4030 1958 4110 probare
1978 4049 2011 4092 se
2024 4033 2125 4113 episse

1377 4128 1606 4206 poenitentiam
1627 4141 1684 4206 per
1710 4127 1917 4204 confessorem
1943 4141 2049 4187 soom.
2081 4127 2125 4188 Et

1379 4223 1413 4285 fo
1438 4223 1516 4285 uara.
1540 4223 1677 4301 plocot't,
1702 4221 1737 4282 in
1758 4217 1866 4282 cerdo.-
1890 4224 2062 4292 testentur,
2088 4221 2126 4283 de

1382 4314 1561 4378 Consecrot.
1579 4314 1655 4376 dist.
1668 4313 1700 4373 4.
1722 4313 1875 4376 CredItur
1892 4329 1964 4393 erqo
1983 4313 2127 4374 testimo·

1378 4411 1432 4472 oio
1452 4408 1553 4471 unios
1569 4407 1603 4469 io
1619 4405 1775 4486 baptismo
1792 4413 1822 4468 et
1837 4406 1873 4467 in
1887 4405 2126 4468 consecratione

1378 4503 1534 4565 ecclcsiae.
1568 4503 1632 4565 lloc
1659 4508 1764 4564 tamen
1793 4497 2036 4577 intelllgendum
2062 4509 2123 4576 est,

1377 4596 1544 4660 dummodo
1565 4595 1636 4658 testi
1659 4594 1816 4670 autmari,
1832 4601 1885 4656 aut
1906 4593 2070 4669 foeminae,
2090 4594 2124 4654 n-

1377 4690 1429 4752 des
1450 4691 1587 4754 adhiberi
1608 4691 1780 4770 prudenter
1801 4688 1908 4766 possIt,
1925 4696 1978 4752 aut
2000 4688 2087 4772 idem
2098 4687 2126 4749 si

1377 4792 1508 4848 testatur
1534 4785 1588 4865 qui
1619 4785 1802 4865 baptizorit3
1826 4783 1876 4845 hic
1905 4781 2060 4860 siquidem
2091 4797 2125 4844 se

1377 4881 1480 4958 ipsum
1501 4896 1639 4942 asserens
1661 4878 1848 4958 baptismum
1867 4876 2001 4939 hebraeo
2022 4875 2126 4938 infau-

1377 4973 1442 5036 tulo
1463 4973 1664 5050 ministrasse,
1678 4989 1741 5035 non
1762 4985 1829 5033 rom
1851 4969 1942 5032 modo
1964 4969 2001 5032 ab
2022 4985 2055 5031 se
2069 4985 2123 5048 ge·

1376 5075 1466 5143 stam,
1479 5066 1634 5128 sedetiam
1650 5081 1747 5146 poena
1759 5063 1971 5142 dignissimam
1988 5079 2046 5125 suo
2058 5063 2125 5142 ipse

1377 5161 1554 5222 testimonio
1576 5161 1786 5222 confirmaret.
1810 5157 1844 5220 ln
1862 5157 1891 5220 S.
1907 5155 2040 5236 SpIritus
2061 5157 2123 5220 Xe-

1378 5253 1577 5330 nodochium,
1590 5253 1799 5333 proiectorum
1814 5249 2004 5331 perfugium,
2017 5249 2124 5313 ferun·

1379 5354 1428 5409 tur
1450 5362 1514 5408 uon
1542 5361 1611 5406 raro
1633 5343 1766 5406 infantes
1788 5343 1926 5406 chartam
1952 5341 2030 5405 collo
2056 5359 2124 5405 sus·

1377 5454 1504 5518 pensam
1533 5436 1791 5518 praeseferentes,
1824 5437 1944 5515 inqua
1972 5435 2124 5515 scriptum

1378 5533 1493 5611 legitur
1507 5534 1568 5595 iam
1590 5532 1777 5611 baptismum
1792 5529 1896 5593 eidem
1917 5527 2062 5618 collatum
2077 5545 2123 5591 es·

1377 5643 1418 5688 se.
1455 5628 1535 5690 Cum
1560 5625 1660 5689 adhuc
1686 5627 1719 5688 iu
1748 5625 1922 5687 minoribus
1951 5641 1966 5685 a
1997 5623 2124 5686 secretis

1377 5721 1443 5786 Sac.
1468 5721 1723 5798 CongregationIs
1747 5718 1876 5784 Concilii
1898 5733 2031 5782 munere
2052 5716 2124 5781 fun·

1377 5814 1538 5892 gebamur,
1552 5813 1655 5877 Sancti
1678 5813 1812 5891 Spiritus
1826 5812 1976 5890 parochus
1991 5811 2124 5874 interro·

1379 5908 1473 5986 gavit,
1497 5906 1571 5987 quid
1592 5905 1650 5969 sibi
1671 5907 1835 5986 agendum
1855 5913 1935 5968 essct
1956 5905 1989 5968 in
2017 5903 2124 5968 huius·

2148 517 2198 573 Au.
2211 524 2238 576 (I.
2255 525 2307 581 ton
