4708 6978
332 541 387 594 An.
401 541 431 594 O.
453 540 521 592 1747
572 538 631 604 336

552 676 613 738 lruc
633 676 794 739 moraliter
814 683 1002 756 perseveret.
1038 675 1116 740 Nam
1138 676 1190 740 ubi
1213 675 1299 740 nulla

553 770 750 847 praecesserit
781 770 967 846 retractatio,
990 778 1021 832 et
1046 769 1206 832 moraliter
1231 787 1299 850 per·

552 865 663 926 durare
681 863 815 926 intentio
831 864 983 939 videatur,
1000 871 1046 926 est
1061 872 1146 926 certe
1160 864 1298 926 validum

553 955 797 1019 Sacramentum.
815 957 870 1019 llic
883 974 968 1021 casus
983 957 1018 1019 ad
1034 973 1087 1020 eos
1100 963 1227 1036 spectat,
1244 959 1297 1037 qui

550 1053 622 1110 ante
637 1047 776 1110 lurorem
798 1051 848 1112 vel
868 1067 1028 1123 somnum,
1044 1051 1232 1131 baptismum
1248 1069 1299 1132 pe

552 1148 634 1217 tunt,
656 1141 811 1222 accipiunt
832 1160 918 1220 vero,
941 1144 1016 1206 dum
1039 1153 1092 1208 ant
1113 1145 1230 1208 insania
1245 1161 1298 1207 ve-

552 1243 675 1309 xantur,
697 1245 750 1299 aut
770 1253 879 1299 somno
908 1237 1084 1314 indulgent,
1115 1245 1147 1300 et
1167 1239 1223 1302 hoc
1245 1255 1296 1316 ge-

552 1345 609 1390 nus
630 1330 796 1392 hominum
811 1330 910 1394 valide
926 1333 1115 1411 baptizatum
1133 1333 1246 1396 dicitur
1262 1335 1297 1395 in

553 1422 644 1485 Corte.
661 1423 718 1485 ill.
738 1423 943 1504 Carthapia,
962 1441 1030 1504 cap.
1049 1426 1106 1488 34.
1125 1423 1193 1486 Non
1209 1441 1296 1488 secus

550 1517 656 1579 accidit
679 1517 710 1580 S.
734 1517 902 1595 Augustini
926 1519 1035 1594 amico,
1058 1519 1113 1598 qui
1135 1517 1229 1580 lebris
1250 1535 1297 1580 ar-

549 1610 624 1673 dore
654 1609 804 1687 delirans,
837 1609 1025 1688 baptizatus
1058 1616 1105 1674 est
1137 1611 1293 1684 nesciens,

549 1710 652 1766 ruente
674 1710 768 1782 atque
788 1721 883 1766 sensu
905 1703 1159 1780 absentissimus,
1183 1715 1217 1770 ut
1247 1706 1296 1767 ha-

550 1798 641 1860 betur
661 1797 697 1859 iu
718 1796 773 1859 lib.
797 1799 821 1862 4
844 1797 995 1878 Goasess,
1012 1815 1080 1877 cap.
1105 1800 1139 1862 4.
1164 1800 1190 1860 ls
1211 1798 1297 1861 enim

549 1905 621 1953 cum
642 1890 741 1953 adhuc
756 1889 838 1952 inter
852 1892 1091 1955 catechumenos
1105 1901 1295 1967 versaretur,

549 1983 740 2062 propositum
771 1983 885 2063 absque
916 1985 1009 2047 dubio
1030 1986 1180 2048 babuerat
1201 1986 1298 2065 bapti-

549 2075 649 2138 zandi.
663 2077 707 2140 Ad
724 2076 802 2139 hanc
816 2092 882 2138 rem
898 2077 1166 2142 animadversione
1181 2078 1297 2156 dignis-

547 2170 623 2232 sima
646 2169 738 2232 verba
766 2177 840 2232 sunt
866 2172 1041 2234 innocentii
1063 2171 1112 2236 lll.
1131 2171 1205 2250 cop.
1230 2173 1297 2238 Ma-

549 2261 641 2334 iores,
665 2263 706 2326 ad
727 2263 746 2339 ἓ
771 2264 893 2335 Verum,
918 2263 955 2325 de
972 2260 1137 2344 baptismo,
1155 2265 1209 2328 ubi
1223 2265 1297 2328 haec

549 2355 712 2432 leguntur:
738 2355 938 2418 dormientes
960 2364 1066 2420 antem
1091 2364 1121 2420 et
1143 2366 1293 2430 amentes,

547 2449 576 2510 si
607 2448 796 2528 priusquam
827 2451 863 2512 in
901 2450 1076 2513 amentiam
1115 2451 1297 2514 inciderent

548 2548 608 2606 uut
629 2542 817 2615 dormirent,
844 2543 879 2605 in
900 2544 1157 2606 contradictione
1181 2546 1297 2623 persti-

550 2642 668 2708 terant,
703 2636 780 2714 quia
811 2635 845 2697 in
867 2638 912 2699 eir
942 2637 1145 2718 intellipitur
1167 2643 1297 2702 contra-

548 2727 700 2792 dictionis
732 2729 931 2806 propositum
962 2730 1152 2808 pertimere,
1176 2733 1204 2792 si
1226 2732 1295 2811 fne-

548 2821 618 2882 rint
639 2821 685 2882 sic
706 2822 860 2895 immersi,
879 2821 1096 2886 characterem
1117 2841 1180 2885 nort
1194 2825 1295 2886 susci-

548 2913 643 2990 piunt
667 2911 881 2988 sacramenti,
898 2932 987 2978 secus
1008 2922 1127 2988 antem,
1152 2917 1182 2978 si
1201 2917 1295 2994 prius

547 3005 765 3068 catechumeni
775 3008 973 3081 restitissent,
984 3017 1013 3071 et
1026 3008 1213 3072 hebetiorem
1223 3025 1296 3087 pro-

546 3099 687 3176 positum
710 3097 910 3179 baptizandi.

587 3192 675 3267 547.
697 3194 755 3268 Qui
784 3194 892 3271 vultu,
923 3202 1015 3274 atque
1036 3195 1149 3272 oculis,
1173 3213 1207 3260 ac
1230 3205 1293 3259 toto

546 3301 674 3364 corpore
698 3288 734 3349 ad
763 3288 945 3351 modestiam
973 3289 1159 3368 composito,
1183 3289 1293 3353 volun-

547 3388 609 3441 tate
630 3387 734 3442 tamen
756 3379 954 3458 alienissima,
976 3383 1012 3444 ad
1043 3383 1099 3444 boc
1120 3399 1302 3462 sacramen,

548 3481 615 3536 tum
630 3474 747 3550 veniat,
769 3474 793 3536 is
809 3473 927 3536 aditum
949 3475 1047 3554 aperit
1062 3476 1097 3538 ad
1114 3484 1293 3542 controver-

545 3565 623 3626 siam
645 3582 708 3628 non
730 3567 815 3644 parvi
838 3568 1002 3629 momenti.
1020 3568 1173 3646 Quidquid
1195 3570 1235 3631 sit
1256 3571 1292 3632 de

546 3660 692 3736 opinione
708 3659 880 3735 Camerini,
895 3659 949 3739 qui
959 3661 1105 3738 sustinet,
1118 3662 1292 3745 conterenti

546 3753 733 3814 exteriorem
752 3752 896 3815 sullicere
916 3753 1182 3831 compositionem,
1198 3756 1292 3817 etiam

545 3845 569 3906 si
593 3861 656 3907 non
672 3844 702 3907 id
716 3845 820 3908 animo
841 3853 993 3924 proponat
1014 3845 1124 3921 lacere,
1140 3849 1221 3925 quod
1238 3849 1292 3909 Ec·

545 3938 636 4001 clesia
657 3939 750 4015 solet,
773 3939 811 4001 de
837 3956 896 4018 qua
924 3939 1072 4018 opinione
1099 3939 1198 4002 multa
1220 3940 1292 4002 alibi

546 4035 681 4097 diximus
702 4036 735 4098 in
761 4042 868 4097 nostro
889 4031 1040 4098 'Tractatu
1068 4036 1105 4098 dc
1126 4034 1292 4113 Sacrificio

546 4128 674 4200 Missae,
697 4128 738 4190 ad
759 4133 845 4204 part.
871 4129 903 4200 4,
927 4137 1002 4190 sect.
1026 4128 1057 4202 2,
1083 4144 1172 4192 num.
1197 4127 1240 4190 76
1261 4135 1291 4192 et

545 4238 622 4299 seqq.
650 4221 737 4298 haec,
771 4221 912 4302 inquam,
941 4223 1046 4302 opinio
1074 4224 1179 4286 minus
1200 4224 1292 4286 habet

546 4315 744 4391 dillicultatis,
756 4331 828 4378 cum
844 4332 908 4378 non
923 4315 961 4378 de
975 4315 1154 4378 conserente
1169 4324 1290 4394 agatur,

545 4409 597 4470 sed
624 4408 661 4469 de
689 4409 858 4487 accipiente
886 4409 1085 4487 baptismum.
1119 4409 1291 4489 Propositio

546 4509 650 4564 autem
671 4501 708 4562 ab
728 4501 902 4564 alexandro
925 4500 1001 4564 lllll.
1025 4503 1178 4577 damnata,
1201 4503 1289 4567 obiici

547 4593 714 4658 Catherino
724 4593 824 4669 solita,
837 4594 1052 4657 conferentem
1074 4596 1210 4674 respicit,
1227 4613 1290 4659 non

545 4687 760 4765 accipientem:
795 4686 880 4750 Valet
905 4685 1083 4766 baptismus
1111 4689 1289 4754 collatura

545 4780 714 4854 rninistro,
744 4779 800 4860 qai
821 4797 943 4842 omrtern
973 4783 1078 4844 ritum
1106 4792 1286 4856 caeternum,

545 4877 743 4955 formamque
764 4872 915 4953 baptismi
934 4872 1090 4950 observat,
1107 4877 1197 4940 intus
1218 4894 1289 4939 cero

546 4975 575 5029 et
598 4968 633 5028 in
655 4967 745 5029 corde
765 4985 824 5030 suo
846 4968 988 5042 resoluit,
1006 4985 1069 5031 non
1088 4969 1218 5031 intendo
1240 4971 1290 5049 sa·

545 5077 625 5133 cere,
648 5060 728 5138 quod
750 5059 832 5140 facit
855 5061 1009 5124 Ecclesia.

584 5155 603 5229 5
625 5154 673 5215 te.
696 5153 956 5232 Quotiescumque
977 5172 1058 5218 sacra
1081 5155 1154 5218 haec
1176 5165 1289 5235 myste-

545 5248 589 5310 ria
610 5246 1025 5324 suscipiunturindillerenti
1046 5262 1172 5326 prorsus
1186 5250 1289 5312 animo

546 5357 578 5402 ac
593 5339 760 5420 proposito,
777 5347 888 5402 neutra
901 5337 1017 5402 scilicet
1028 5340 1202 5417 voluntate,
1219 5342 1291 5405 Car-

546 5433 655 5496 dinalis
670 5433 834 5498 caietanus
846 5440 911 5497 ort.
928 5431 951 5492 7
965 5433 1000 5495 in
1017 5434 1147 5498 Summa
1161 5435 1191 5498 S.
1214 5435 1289 5499 Tho·

546 5541 624 5599 mne,
641 5525 662 5584 3
676 5531 775 5604 part,
794 5533 916 5605 quaest.
933 5531 991 5600 58,
1008 5527 1135 5590 admissa
1157 5529 1191 5590 in
1213 5531 1290 5592 reci·

546 5619 650 5698 piente
661 5621 848 5683 intentionis
863 5623 1054 5697 necessitate,
1071 5623 1170 5698 docet,
1187 5623 1290 5685 inten-

547 5715 665 5775 tionem
687 5729 750 5776 non
771 5729 828 5792 per
848 5732 892 5787 se,
905 5723 940 5779 ot
960 5714 1081 5778 scholae
1102 5715 1287 5794 loquuntur,

546 5809 598 5868 sed
618 5821 674 5884 per
695 5808 853 5880 occidens,
876 5809 1080 5871 necessariam
1101 5822 1182 5885 esse,
1195 5811 1289 5872 utui-

546 5899 663 5972 mirum
674 5903 825 5964 contraria
839 5902 994 5983 voluutas,
1006 5903 1032 5966 si
1046 5901 1202 5980 adfuisset,
1218 5904 1291 5968 sub-

1070 554 1134 602 IUR·
1159 554 1250 603 PONT·
1275 551 1314 600 DE
1335 555 1364 599 P·
1389 553 1418 600 F·
1443 551 1524 598 PARS
1546 551 1567 597 1.

1355 675 1413 738 lata
1434 674 1560 754 penitus
1572 672 1776 750 intelligatur.
1798 672 1905 751 ltaque
1919 671 1944 732 si
1959 670 2026 750 quis
2041 685 2102 734 nec

1356 769 1506 842 abnuens,
1529 782 1586 829 nec
1606 767 1794 843 assentiens,
1818 771 1929 829 neutra
1956 765 2102 827 videlicet

1356 862 1536 937 voluntate,
1566 860 1791 940 baptizaretur,
1821 859 1994 921 censendos
2020 863 2103 919 esset

1356 956 1543 1035 baptismum
1564 953 1664 1015 valide
1685 949 1861 1032 suscepisse.
1885 951 1926 1014 lt
1946 950 2030 1013 enim
2047 949 2104 1012 So-

1356 1057 1405 1113 tus
1425 1049 1447 1108 4
1466 1052 1563 1119 sent,
1586 1047 1661 1109 dist.
1686 1048 1719 1120 5,
1744 1063 1771 1124 q.
1795 1045 1896 1117 unia,
1914 1049 1979 1108 ort.
2002 1043 2025 1104 7
2045 1045 2104 1108 Ga·

1356 1145 1456 1206 ietano
1484 1140 1760 1204 vehementissime
1787 1140 1984 1214 adversatur,
2014 1145 2044 1200 et
2065 1153 2101 1198 ea

1354 1235 1481 1315 quidem
1502 1233 1711 1310 felicitatem
1732 1231 1884 1311 plurimos
1905 1229 2014 1294 babeat
2027 1245 2101 1293 sen·

1356 1329 1470 1392 tentiae
1489 1345 1561 1390 suae
1590 1327 1750 1404 theologos
1776 1335 1951 1388 assertores.
1986 1324 2102 1389 Silvius

1356 1429 1428 1484 tom.
1452 1423 1488 1492 4,
1517 1422 1553 1483 ia
1575 1425 1596 1483 3
1622 1425 1711 1498 part.
1747 1419 1777 1482 S.
1814 1419 1957 1492 Thomae,
1990 1435 2016 1496 q.
2039 1419 2100 1489 68,

1355 1521 1419 1578 art.
1436 1514 1468 1588 7,
1487 1522 1649 1595 postquam
1666 1529 1733 1576 rem
1756 1513 1873 1594 prolixe
1889 1513 2041 1588 discussit,
2059 1513 2102 1575 ita

1354 1609 1524 1672 concludit:
1550 1609 1601 1670 Eu
1623 1607 1801 1670 iamdictis
1823 1613 1946 1669 certum
1961 1613 2019 1677 est,
2036 1623 2102 1668 noa

1354 1703 1506 1780 sufficere,
1530 1701 1611 1780 qnod
1633 1702 1704 1780 quis
1725 1717 1823 1779 nequa
1842 1701 1887 1762 sit
1908 1702 2026 1773 erotem,
2048 1715 2103 1760 ne-

1356 1812 1412 1874 que
1433 1796 1478 1856 sit
1500 1795 1621 1868 nolens,
1652 1795 1727 1874 quia
1751 1795 1828 1856 talis
1850 1809 1913 1856 non
1935 1791 2028 1856 hahet
2049 1795 2102 1855 in-

1356 1888 1529 1950 tentionem
1557 1887 1731 1966 recipiendi
1762 1893 2010 1949 sacromentum.
2042 1887 2103 1950 Va·

1356 1982 1449 2044 lentia
1472 1985 1544 2044 tom.
1564 1982 1586 2042 4
1606 1997 1741 2044 suorum
1756 1987 1920 2042 comment.
1943 1979 2099 2061 Theolop,

1355 2076 1435 2154 disp.
1458 2074 1491 2146 4,
1514 2092 1541 2154 q.
1566 2078 1599 2148 3,
1626 2081 1738 2152 punct.
1760 2074 1794 2145 2,
1821 2073 1966 2137 Caietano
1994 2073 2102 2137 valere

1355 2171 1448 2246 iusso,
1471 2168 1615 2231 adhaeret
1630 2167 1719 2232 Soto:
1739 2167 1827 2243 Quod
1841 2167 1870 2230 si
1886 2174 2000 2230 neuter
2010 2183 2101 2245 pror·

1353 2280 1408 2324 ons
1429 2262 1550 2341 aliquis
1572 2265 1662 2332 esset,
1686 2260 1720 2322 id
1741 2261 1857 2336 estqui
1879 2276 1976 2338 neque
1992 2260 2099 2334 uellet,

1354 2371 1452 2432 neque
1466 2354 1564 2418 nollet
1579 2345 1751 2430 suscipere,
1764 2352 1894 2429 putauit
1909 2353 2097 2426 caietanus,

1352 2448 1448 2508 sisic
1470 2446 1715 2525 baptizaretur,
1739 2447 1807 2526 sore
1829 2441 2023 2522 baptismum
2045 2463 2101 2509 oa·

1354 2540 1469 2613 lidum,
1492 2540 1545 2602 sed
1565 2539 1735 2603 admodum
1747 2537 1830 2620 falic
1847 2539 1880 2600 td
1900 2541 2040 2616 putauit,
2060 2546 2101 2602 ut

1353 2634 1467 2696 multis
1489 2633 1691 2714 ornamentis
1712 2629 1827 2711 prohat
1850 2631 1957 2695 Solus.
1982 2634 2101 2696 Consu-

1355 2727 1463 2789 lendus
1485 2741 1608 2806 quoque
1629 2733 1675 2788 est
1690 2724 1861 2789 Cardinalis
1877 2725 1986 2787 Lauria
2002 2723 2057 2788 lib.
2074 2727 2099 2786 4

1352 2828 1446 2892 sent,
1473 2827 1546 2883 tom.
1565 2819 1594 2892 1,
1613 2819 1694 2896 disp.
1719 2820 1772 2890 11,
1796 2836 1823 2898 q.
1844 2818 1879 2891 2,
1898 2819 2047 2883 nnm22
2069 2826 2101 2882 et

1351 2931 1430 2992 seqq.
1455 2913 1619 2977 caietanus
1641 2911 1752 2974 lulcire
1778 2913 1881 2976 studet
1907 2913 2100 2975 sententiam

1353 3024 1438 3071 suam
1460 3008 1643 3070 auctoritate
1664 3004 1829 3068 Decretalis
1847 3006 2020 3068 innocentii
2033 3007 2098 3083 lll.,

1353 3104 1388 3167 de
1411 3120 1469 3182 qua
1491 3119 1563 3164 rnox
1584 3118 1687 3165 sermo
1709 3102 1780 3176 erit,
1798 3102 1833 3163 in
1855 3115 1922 3178 cap.
1946 3099 2095 3174 Maiores,

1353 3198 1389 3258 de
1418 3195 1594 3275 baptismo,
1628 3196 1681 3258 ubi
1714 3194 1864 3272 leguntur
1885 3196 1959 3258 haec
1986 3196 2096 3258 verba:

1358 3291 1444 3354 Tunc
1466 3290 1684 3354 characterem
1711 3290 1958 3352 sacramentalia
1984 3290 2100 3367 impri-

1354 3387 1410 3446 mit
1433 3385 1587 3462 opcrutio,
1611 3399 1683 3445 cum
1705 3379 1822 3444 obicem
1841 3383 2027 3445 contrariae
2046 3400 2098 3444 oo·

1352 3478 1493 3542 luntatis
1509 3493 1573 3540 non
1589 3475 1712 3538 incenit
1728 3473 1947 3538 obsistentem:
1957 3476 2013 3539 ubi
2026 3493 2098 3540 sen·

1352 3572 1411 3633 tire
1432 3571 1567 3646 videtur,
1584 3569 1734 3648 baptismo
1754 3569 1826 3630 satis
1841 3586 1918 3645 esse,
1933 3570 2097 3650 recipienti
2122 3625 2133 3642 ,

1352 3664 1543 3726 voluntatem
1559 3680 1622 3726 non
1635 3663 1735 3725 inesse
1746 3663 1941 3725 contrariam.
1960 3664 1999 3729 At
2010 3666 2096 3728 enim

1351 3773 1425 3819 vero
1447 3757 1713 3842 animadvertatur,
1740 3771 1866 3820 necesse
1886 3763 1943 3832 est,
1970 3757 2099 3822 Pontifi-

1349 3865 1417 3912 cem
1444 3849 1665 3913 lnnocentium
1691 3848 1880 3928 respondere
1908 3852 2094 3928 quaestioni,

1350 3951 1457 4005 utrum
1478 3950 1619 4003 amentes
1641 3942 1786 4022 baptizari
1807 3942 1922 4022 absque
1942 3959 2096 4008 consensu

1350 4035 1478 4120 possint,
1501 4052 1534 4098 ac
1556 4036 1724 4097 decernere
1745 4035 1802 4098 boc
1824 4035 1928 4112 licere,
1944 4052 2055 4099 eorum
2069 4038 2098 4100 si

1348 4145 1516 4193 consensus
1547 4129 1679 4191 adiuerit
1699 4127 1811 4192 lurori·
1827 4131 1984 4209 praevius,
2007 4147 2097 4194 secus

1351 4238 1434 4300 vero,
1451 4224 1475 4284 si
1492 4222 1598 4286 nullus
1618 4223 1807 4286 dementiam
1825 4239 1994 4286 consensus
2008 4239 2098 4302 prae-

1349 4317 1474 4379 cesserit
1485 4333 1518 4378 ac
1532 4317 1686 4380 voluntas.
1704 4316 1808 4395 ltaque
1820 4317 1976 4380 Pontificio
1990 4325 2095 4396 postea

1348 4412 1511 4474 asserentis
1522 4409 2093 4489 sacramentoimprimicharacterem,

1349 4503 1474 4580 quando
1505 4520 1568 4564 non
1600 4503 1726 4565 incenit
1759 4499 1875 4566 obicem
1906 4504 2095 4568 contrariae

1348 4596 1540 4668 uoluntatis,
1557 4611 1650 4659 nemo
1665 4611 1728 4658 non
1740 4597 1837 4670 videt,
1852 4597 1931 4660 hane
1952 4605 2093 4660 mentem

1348 4703 1425 4763 esse,
1448 4688 1638 4767 baptismatis
1660 4688 1765 4751 haberi
1786 4689 1944 4765 ellectum,
1968 4689 2093 4768 quando

1347 4781 1416 4859 quis
1437 4779 1488 4842 vel
1514 4781 1546 4842 in
1575 4787 1644 4842 actu
1675 4797 1834 4844 assensum
1864 4782 2017 4859 praebeat,
2040 4783 2094 4845 vel

1349 4875 1408 4935 iam
1429 4881 1502 4936 ante
1522 4873 1708 4951 praebuerit.
1737 4874 1823 4950 Quod
1843 4875 1868 4935 si
1893 4875 2036 4938 Pontifex
2056 4891 2093 4938 ea

1347 4969 1380 5029 in
1410 4967 1565 5030 sententia
1597 4966 1722 5042 luisset,
1754 4967 1949 5045 suscipiendo
1980 4969 2094 5047 baptis-

1351 5061 1423 5124 mati
1445 5061 1517 5123 satis
1538 5077 1604 5122 esse
1632 5059 1828 5123 voluntatem
1849 5076 1913 5122 non
1942 5060 2093 5123 obsisten-

1349 5163 1422 5231 tem,
1435 5155 1545 5232 utique
1560 5170 1624 5216 non
1646 5153 1842 5227 decrevisset,
1860 5159 1894 5215 ut
1909 5170 2017 5218 revera
2031 5162 2091 5216 sta-

1349 5247 1419 5325 tuit,
1442 5247 1474 5310 in
1496 5246 1672 5309 amentibus
1698 5244 1892 5308 voluntatem
1920 5249 2090 5310 necessario

1347 5341 1463 5420 requiri
1485 5339 1731 5402 antecedentem.

1385 5434 1474 5511 §le
1503 5434 1636 5496 Domum
1665 5435 1691 5494 si
1721 5433 1890 5512 baptismus
1921 5435 2088 5510 violenter,

1346 5538 1437 5610 atque
1459 5529 1563 5590 animo
1592 5526 1692 5606 palam
1713 5528 1867 5589 contrario
1893 5528 2086 5606 suscipiatur,

1346 5622 1537 5702 supradictus
1565 5619 1708 5684 Pontilex
1733 5619 1934 5683 Innocentius
1956 5621 2005 5683 lll.
2038 5637 2091 5684 ea·

1346 5715 1413 5777 dem
1436 5714 1470 5776 in
1492 5715 1651 5777 decretali
1675 5711 1828 5785 Maiores,
1852 5714 1888 5776 de
1908 5715 2087 5792 Baptismo,

1346 5809 1544 5871 distinctione
1564 5809 1717 5870 utendum
1736 5805 1860 5870 iudicat.
1876 5808 2008 5870 Etenim
2023 5824 2086 5884 eos,

1346 5903 1399 5984 qui
1429 5903 1523 5964 minis
1549 5917 1582 5962 ac
1609 5909 1729 5964 terrore
1756 5901 1890 5982 correpti
1921 5901 2087 5966 violentiae
