4820 6980
360 539 413 596 Aa.
427 543 458 596 (l.
478 542 548 598 1748
598 537 656 602 760

577 672 655 737 Hinc
676 689 756 738 nova
779 673 1006 752 Hieronymum
1032 671 1154 736 incessit
1176 671 1320 752 suspicio,

578 783 678 829 novus
701 767 810 842 timor,
833 767 886 846 qai
913 767 1039 830 tandem
1061 766 1092 828 iu
1118 780 1219 842 voces,
1242 781 1322 844 quae

577 859 680 926 Siricii
701 859 872 937 integritati
894 859 1048 922 adversari
1069 859 1228 934 videntur,
1251 873 1321 920 eru-

577 953 632 1032 pit.
664 955 730 1030 Quo
761 950 860 1015 terme
891 958 976 1032 pacto
1003 951 1086 1037 inter
1112 951 1321 1028 collitigautes

577 1051 745 1108 occurrunt
765 1044 871 1125 aliqui,
891 1046 944 1126 qui
966 1063 1036 1108 cum
1059 1042 1172 1108 bonam
1195 1044 1321 1107 foveant

577 1155 717 1215 causam,
744 1138 770 1200 si
800 1139 934 1202 iudicem
954 1139 988 1202 in
1017 1138 1175 1202 adversam
1200 1147 1321 1218 partem

577 1231 769 1312 propendere
789 1234 996 1312 suspicantur,
1012 1233 1045 1296 in
1061 1235 1196 1297 iudicem
1218 1233 1321 1314 ipsum

577 1325 758 1403 insurgunt,
781 1326 1005 1406 obloquuntur,
1025 1329 1091 1390 cius
1113 1327 1253 1391 laudibus
1268 1326 1320 1388 ab

577 1427 725 1497 tractant;
748 1435 893 1496 munere,
908 1437 970 1499 quo
983 1420 1138 1498 iungitur,
1154 1419 1320 1498 iudignum

576 1511 744 1591 affirmant,
766 1513 865 1576 donec
880 1513 1041 1590 iudicium,
1057 1515 1094 1577 de
1109 1529 1170 1592 qua
1185 1513 1240 1575 sibi
1257 1528 1321 1576 me·

481 1645 483 1652 ·
579 1612 683 1682 luunt,
705 1606 882 1670 deliniatur.
907 1607 964 1669 Ubi
981 1602 1055 1668 ver'o
1077 1607 1138 1670 iuri
1153 1621 1321 1669 consonam

576 1699 670 1762 iudex
690 1699 878 1762 sententiam
894 1700 979 1775 tulit,
995 1699 1092 1763 versis
1113 1700 1242 1775 vicibus,
1258 1715 1323 1761 ser·

576 1809 704 1857 monem
716 1794 889 1871 corrigunt,
902 1794 1111 1874 suspicionem
1122 1801 1320 1872 execrantur,

576 1886 762 1967 palinodiam
783 1887 941 1966 recinunt,
964 1904 1182 1967 summamque
1203 1895 1321 1968 praeto-

577 1981 619 2043 ris
640 1981 801 2044 scientiam
823 1989 915 2062 atque
936 1981 1146 2060 integritatem
1164 1997 1321 2048 commen·

577 2073 661 2134 dant.
685 2074 764 2136 Haec
789 2075 897 2136 eadem
925 2071 1013 2137 lacile
1033 2073 1222 2152 Hieronymo
1253 2090 1320 2154 pos-

576 2174 651 2230 sunt
681 2167 915 2230 accommodari.
948 2167 1029 2230 Cum
1059 2169 1162 2244 enim,
1185 2170 1321 2248 pendulo

576 2261 675 2322 adhuc
695 2261 823 2336 iudidio,
838 2275 949 2338 anceps
963 2260 1070 2324 haeret
1090 2279 1123 2324 ac
1144 2261 1268 2339 dubius,
1284 2263 1321 2326 de

576 2352 686 2417 Siricia
708 2353 928 2431 conqueritur,
952 2362 982 2417 at
1003 2363 1120 2430 contra,
1136 2354 1320 2433 reintegra,

577 2452 607 2508 et
629 2441 743 2525 quavis
758 2447 933 2524 suspicione
954 2456 1083 2523 remota,
1099 2443 1248 2512 Siricium
1269 2463 1323 2512 ve-

577 2546 705 2602 neratur
725 2556 759 2602 ac
778 2539 876 2602 multa
893 2557 965 2603 cum
981 2539 1070 2604 laude
1084 2551 1321 2620 commemorat,

577 2641 613 2695 ut
633 2631 713 2694 intra
733 2633 860 2711 patebit.

360 2720 558 2809 'quiquam
617 2743 711 2804 uuxv.
741 2727 835 2790 Hasce
864 2728 1057 2791 coniecturas
1087 2730 1321 2809 amplectimur,

347 2806 560 2907 fflmflggfigqj
577 2836 656 2899 quae
676 2829 707 2884 et
728 2822 830 2886 Siricii
849 2822 1004 2886 sanctitati
1026 2830 1056 2886 et
1078 2822 1260 2904 Hieronymi
1282 2825 1323 2888 ia·

346 2913 559 3024 3{,²,„{‘,'q¹¹¹¹⁶¹¹¹²²
578 2931 646 2977 mae
660 2931 693 2977 ac
708 2915 850 2992 dignitati
867 2916 945 2979 bene
959 2917 1136 2980 consulunt.
1162 2919 1222 2980 Eos
1236 2935 1323 2982 uam·

443 3001 448 3014 '
577 3025 639 3087 que
660 3024 850 3085 aversamur,
871 3011 925 3088 qui
946 3008 984 3072 de
1005 3010 1201 3074 celeberrimi
1220 3013 1324 3076 Eccle-

577 3101 639 3163 siae
665 3101 802 3164 Doctoris
831 3102 950 3164 honore
978 3105 1095 3167 tuendo
1122 3105 1202 3167 nihil
1233 3106 1324 3184 plane

576 3194 704 3271 soliciti,
732 3203 767 3257 ut
794 3193 942 3260 Siricium
969 3197 1146 3273 vindicent,
1175 3200 1323 3263 damnant

577 3289 825 3368 Hieronymum,
863 3290 895 3352 iu
931 3305 1026 3369 quem
1060 3292 1172 3355 idcirco
1206 3293 1323 3357 nedum

577 3385 822 3461 maledicentiae,
843 3387 897 3448 sed
918 3393 949 3448 et
973 3385 1109 3448 invidiae
1136 3403 1168 3450 ac
1189 3388 1323 3452 ambitus

577 3479 708 3543 crimina
728 3487 914 3556 congerunt.
938 3481 1057 3542 Ferunt
1078 3482 1164 3546 enim
1185 3481 1262 3544 illud
1276 3499 1322 3545 se·

578 3577 677 3639 cunda
699 3575 805 3656 populi
826 3574 1046 3638 acclamatione
1066 3575 1100 3638 in
1116 3576 1234 3639 Damasi
1255 3595 1322 3642 suc·

578 3693 732 3740 cessorem
753 3676 954 3756 propositum,
971 3676 1024 3737 sed
1039 3689 1111 3735 mar
1126 3673 1158 3736 in
1173 3672 1322 3734 electione

578 3776 687 3842 Siricio
701 3776 921 3856 postbabitum,
938 3777 1031 3838 verba
1050 3777 1101 3840 illa
1115 3778 1148 3840 iu
1164 3777 1322 3841 aemulum

578 3873 734 3935 immerito
755 3869 812 3932 sibi
834 3871 1042 3949 praepositum
1060 3871 1238 3949 protulisse:
1262 3871 1322 3938 Mi·

578 3983 640 4030 ans
655 3969 702 4027 est
718 3969 822 4028 tenere
835 3964 1063 4038 sacerdotium,
1080 3981 1176 4044 qnam
1191 3969 1319 4030 mereri.

577 4060 804 4138 Praeposteram
827 4055 907 4119 hanc
934 4057 1102 4121 verborum
1124 4059 1192 4122 Divi
1217 4060 1322 4124 Hiero·

578 4152 665 4232 uymi
681 4149 972 4229 interpretationem
987 4151 1082 4214 relert
1096 4152 1321 4232 Florentioius,

577 4245 718 4326 quamvis
731 4260 799 4306 eam
814 4243 944 4306 omnino
956 4259 1019 4307 uou
1034 4247 1190 4325 approbet.
1214 4248 1254 4312 ht
1269 4265 1323 4311 uo·

577 4339 624 4402 bis
638 4337 726 4402 nullo
741 4339 833 4400 modo
846 4336 974 4401 terenda
995 4339 1134 4418 videtur;
1157 4344 1322 4406 nonenim

578 4431 653 4494 citra
674 4445 830 4492 summam
850 4430 996 4494 iniuriam
1018 4431 1094 4494 illud
1116 4433 1153 4496 de
1173 4435 1323 4516 Hierony-

578 4541 630 4588 mo
661 4533 715 4587 aut
744 4523 860 4586 sentire
884 4529 938 4588 aut
965 4526 1111 4602 suspicari
1139 4543 1321 4609 possumus,

579 4627 701 4682 tantum
723 4619 828 4680 virum
849 4634 948 4697 usque
970 4621 1045 4682 adeo
1065 4620 1198 4685 ambitus
1219 4624 1322 4686 crimi-

578 4727 618 4775 ne
639 4712 801 4792 abreptum
822 4711 926 4788 luisse,
949 4719 985 4774 ut
1006 4719 1037 4775 et
1058 4712 1201 4778 futurum
1222 4718 1323 4794 ponti·

579 4807 704 4869 dcatum
726 4806 948 4886 concupiverit,
968 4811 998 4868 et
1019 4806 1214 4887 deperditum
1236 4811 1322 4888 iuge-

579 4901 706 4964 muerit.

380 5007 477 5071 urum
495 5019 562 5074 mm·
619 5009 727 5056 cxxvi.
750 4993 882 5056 Rufinus
903 4994 998 5057 Roma
1020 4996 1221 5074 discessurus,
1238 5009 1273 5064 ut
1287 5001 1320 5064 iu

349 5067 561 5164 fflffir‘ssffi}
579 5087 709 5165 patriam
731 5093 958 5164 reverteretur,
982 5089 1087 5152 literas
1114 5095 1323 5156 communica-

350 5169 562 5279 flssgffiffiufflg
581 5181 672 5243 torias
693 5197 708 5242 a
731 5180 839 5244 Siricio
861 5183 960 5262 petiit,
983 5190 1013 5245 et
1035 5185 1224 5262 impetravit.
1251 5185 1324 5252 Gar-

349 5229 483 5324 geronius.
579 5273 690 5337 diualis
717 5273 866 5336 Barouius
887 5276 1059 5340 reru-hanc
1086 5282 1266 5356 expendens
1286 5281 1321 5342 ad

580 5383 653 5429 aun.
678 5367 793 5429 Christi
808 5384 985 5446 cccxcvii,
997 5367 1141 5434 Siricium
1153 5375 1322 5453 reprehen-

484 5486 487 5491 ·
580 5462 652 5523 dere
674 5477 739 5524 nou
759 5461 863 5538 audet,
885 5479 958 5526 cum
979 5464 1066 5528 nulla
1087 5465 1198 5530 Sancto
1219 5468 1322 5532 Ponti-

581 5555 630 5616 fici
640 5571 728 5618 causa
741 5564 931 5634 suppeteret,
947 5574 1004 5620 cur
1018 5559 1127 5637 petitas
1142 5561 1247 5625 literas
1261 5564 1324 5627 llu-

582 5649 645 5710 iiuo
660 5649 843 5724 denegaret:
870 5651 925 5713 Sed
939 5651 1020 5730 qnod
1035 5651 1076 5715 ad
1092 5651 1244 5731 Rufinam
1258 5673 1323 5736 spe-

582 5745 663 5813 etat,
690 5741 751 5802 etsi
779 5744 987 5823 profecturus
1016 5745 1195 5826 Aquileiam
1221 5751 1324 5813 solnm

581 5835 739 5912 patrium,
760 5835 894 5912 petierit
908 5845 936 5898 et
952 5840 1110 5918 acceperit
1132 5840 1170 5904 ab
1193 5843 1259 5920 ipso
1276 5843 1324 5907 Si-

582 5925 663 5989 rieia
685 5925 826 5991 Romano
848 5929 1001 6010 Pontifice
1022 5934 1324 6002 communicatorias

1098 555 1163 600 tuti.
1188 553 1278 622 PONE.
1302 552 1342 598 bu
1364 553 1393 598 P.
1417 553 1446 600 F·
1470 555 1552 600 PARS
1574 555 1595 600 l.

1378 670 1504 744 literas,
1521 671 1690 736 catholicis
1713 677 1854 746 tantam,
1872 681 1910 738 nt
1931 676 2058 754 saepius
2073 676 2121 740 di·

1378 764 1505 838 nimus,
1528 766 1691 844 impertiri
1715 767 1846 840 salitas,
1869 767 1999 830 minime
2026 769 2124 832 cessit

1378 858 1490 937 culpae
1513 857 1642 922 Siricio.
1668 861 1749 924 Nam
1770 877 1843 922 cnm
1864 861 1934 939 ipsa
1957 860 2123 925 baeretica

1378 950 1606 1030 interpretatio
1628 952 1825 1016 Periarchon
1843 955 2002 1034 Oripenis,
2021 956 2126 1018 nami-

1377 1062 1416 1108 ne
1446 1051 1578 1110 curaret
1606 1047 1778 1122 sectarim
1810 1065 1865 1110 nec
1893 1065 1913 1112 a
1941 1065 2000 1127 que
2029 1064 2124 1128 prae-

1377 1139 1461 1219 fatio
1477 1138 1537 1201 illa
1551 1146 1628 1202 esset
1644 1140 1780 1219 scripta,
1794 1141 1947 1220 liqueret,·
1961 1141 2047 1206 nihil
2062 1149 2122 1216 est,

1377 1233 1458 1312 quad
1480 1232 1785 1314 Rufinumnaudnm
1808 1234 1976 1308 detectum,
1994 1237 2057 1298 imo
2073 1252 2124 1299 aa·

1378 1325 1533 1390 tholicnm
1554 1343 1585 1388 se
1607 1326 1808 1399 clamantem,
1830 1335 1860 1390 et
1882 1324 1921 1392 ab
1943 1329 2029 1390 omni
2051 1328 2125 1392 bac·

1378 1421 1442 1482 resi
1462 1436 1494 1482 se
1515 1419 1658 1483 relicuom
1679 1422 1881 1484 ectrimmns
1907 1421 2122 1501 profitentem,

1377 1514 1637 1576 acommnnione
1665 1519 1825 1577 ectarrem
1847 1517 1953 1596 facere
1979 1513 2124 1579 deberet.-

1378 1621 1433 1666 nec
1455 1604 1617 1670 Romanae
1645 1605 1734 1672 Sedis
1755 1607 1854 1670 maris
1879 1611 1942 1680 cst,
1964 1623 2029 1670 nan
2051 1623 2125 1670 caa-

1377 1698 1501 1762 oictam
1523 1701 1703 1778 qnempiam
1724 1702 1944 1766 condemnare.
1967 1702 2048 1768 Haec
2071 1703 2126 1764 Ba·

1378 1792 1496 1854 ronias.
1526 1793 1622 1857 Erant
1649 1794 1746 1873 igitur
1773 1795 2068 1859 communicatoriae
2089 1795 2127 1858 li·

1378 1893 1478 1963 terae,
1512 1887 1678 1951 catholicae
1712 1889 1941 1952 communionis
1972 1890 2127 1955 iudicium

1378 1986 1470 2057 atque
1491 1988 1730 2060 argumentum;
1757 1997 1818 2059 quo
1838 1999 1912 2045 sane
1939 1992 2127 2062 argumento

1378 2073 1503 2153 Optatus
1533 2090 1607 2136 usus
1627 2080 1689 2152 est,
1712 2082 1748 2137 ut
1772 2074 1948 2138 ostenderet
1974 2077 2127 2140 Ecclesiae

1378 2165 1508 2243 hirlcae,
1524 2183 1603 2245 quae
1624 2167 1789 2231 Caeciliani
1810 2167 2034 2232 ordinationem
2058 2177 2129 2232 tue

1378 2260 1502 2336 bantur,
1515 2259 1726 2324 omnimodam
1740 2278 1813 2324 cum
1824 2261 1957 2325 Ecclesia
1969 2263 2127 2326 catholica

1377 2369 1501 2416 servare
1512 2354 1777 2418 communionem.
1791 2353 1880 2418 Sedit
1890 2355 1983 2434 prior
1993 2355 2126 2429 Petras,

1378 2447 1518 2525 loquitur
1538 2446 1574 2509 de
1597 2447 1744 2510 cathedra
1772 2449 1922 2526 Romana,
1945 2459 1976 2512 et
1996 2465 2128 2514 enume-

1378 2541 1452 2602 ratis
1464 2539 1546 2602 Petri
1560 2542 1784 2604 successoribus
1800 2545 1948 2622 usquead
1964 2543 2125 2622 Siricium,

1379 2634 1420 2695 ila
1438 2634 1652 2712 prosequitur:
1670 2633 1810 2698 siricius
1825 2634 1927 2710 lodie,
1945 2639 2000 2716 qni
2015 2645 2128 2700 noster

1380 2732 1426 2790 est
1436 2727 1551 2799 socius,
1567 2743 1638 2788 cum
1653 2744 1712 2806 quo
1725 2727 1814 2791 nobis
1830 2734 1918 2792 totus
1937 2729 2028 2794 Orbis
2044 2748 2128 2801 com·

1380 2821 1496 2882 mercia
1514 2819 1742 2883 Hormatcrum
1760 2821 2064 2903 (communicatorias
2080 2827 2128 2889 in·

1381 2909 1506 2992 telligit)
1517 2911 1552 2973 in
1563 2931 1629 2976 aaa
1644 2914 1809 2978 sacietatis
1824 2919 2042 2980 communione
2054 2935 2128 2979 can-

1381 3005 1502 3070 cordat.
1533 3005 1628 3069 Hasce
1652 3007 1756 3070 literas
1786 3007 1971 3073 vaferrimus
1991 3011 2128 3076 liuiinus

1380 3113 1570 3178 magnopere
1586 3102 1754 3164 ostentarit
1775 3102 2023 3184 venditavitque,
2038 3122 2127 3186 prae·

1380 3195 1487 3256 sertim
1509 3203 1577 3272 post
1597 3201 1732 3256 mortem
1747 3194 1860 3273 siricii,
1876 3205 1960 3260 ratus
1982 3198 2039 3259 sibi
2054 3215 2127 3278 pro-

1381 3287 1499 3350 laturas
1524 3292 1665 3367 tempore
1695 3288 1846 3351 Anastasii
1874 3289 2041 3366 Pantilius,
2071 3293 2127 3371 qui

1381 3381 1490 3444 Siricio
1511 3381 1667 3458 successit,
1682 3389 1717 3446 ut
1737 3383 1888 3446 iudicium
1909 3393 2016 3448 contra
2029 3403 2063 3449 se
2079 3388 2128 3447 in-

1379 3478 1525 3541 stitutum
1540 3485 1592 3540 aut
1607 3477 1759 3557 effugeret
1776 3487 1830 3542 aut
1843 3479 2027 3544 infirmaret.
2044 3483 2128 3558 Quo·

1380 3579 1458 3643 circa
1478 3577 1572 3641 Divus
1593 3578 1812 3660 Hieronymus,
1833 3581 1884 3644 cui
1905 3599 1996 3662 prava
2017 3584 2126 3648 Hutiui

1379 3677 1499 3741 indoles
1513 3685 1671 3758 perspecta
1692 3688 1769 3755 erat,
1785 3679 1950 3743 catholicae
1965 3681 2127 3760 religionis

1379 3776 1480 3840 studio
1506 3781 1601 3851 actus,
1625 3775 1660 3838 in
1680 3775 1815 3854 epistola
1843 3774 1911 3841 12⁷
1932 3778 1973 3844 ad
1996 3777 2126 3843 Princi-

1378 3871 1479 3949 piam,
1509 3868 1716 3932 tam.1eins
1742 3885 1871 3948 eperum
1898 3871 2049 3935 editionis
2075 3875 2126 3936 Ve-

1381 3963 1536 4034 ronensis,
1558 3978 1631 4043 pap.
1650 3961 1726 4038 951,
1753 3972 1916 4045 postquam
1940 3965 2125 4044 Marcellam,

1380 4073 1457 4136 quae
1468 4055 1566 4120 errori
1579 4065 1708 4121 strenue
1722 4057 1890 4134 restiterat,
1905 4059 2026 4136 egregie
2042 4075 2127 4123 com·

1380 4149 1552 4226 mandavit,
1575 4150 1720 4214 Siricium
1746 4150 1952 4229 simplicitatis
1977 4151 2126 4231 quodam-

1380 4245 1471 4306 modo
1493 4243 1665 4318 insimulat,
1688 4245 1769 4322 quod
1791 4261 1830 4306 er
1850 4246 1992 4322 propriae
2013 4245 2125 4308 indolis

1379 4354 1413 4398 ac
1433 4335 1594 4416 probitatis
1609 4352 1755 4399 mensura
1775 4337 1892 4399 alienos
1912 4351 2014 4398 mores
2034 4340 2126 4402 meti·

1379 4436 1479 4505 retur,
1495 4445 1527 4492 ac
1542 4430 1578 4492 de
1594 4429 1629 4490 iis
1644 4428 1794 4491 iudicium
1815 4428 1920 4492 terret.
1945 4428 2030 4492 Tunc
2046 4431 2126 4494 San-
2180 4483 2185 4500 ‚

1381 4529 1433 4586 cta
1454 4520 1620 4593 Marcella,
1642 4537 1721 4600 quae
1738 4520 1795 4584 aliu
1816 4538 1849 4584 se
1869 4521 2069 4598 cohibuerat,
2085 4543 2125 4589 ue

1379 4631 1436 4694 per
1456 4615 1703 4678 aemulationem
1724 4614 1887 4694 quidpiam
1912 4618 2019 4700 tacere
2039 4619 2125 4682 vide·

1381 4714 1490 4781 retur,
1517 4713 1685 4787 postquam
1714 4708 1816 4770 sensit
1834 4709 1925 4789 fidem
1950 4711 2124 4790 apostolica

1380 4820 1433 4866 ore
1456 4802 1622 4868 laudatam
1644 4803 1679 4865 in
1696 4802 1854 4882 plerisque
1875 4805 2003 4877 uiolari,
2022 4805 2125 4870 itaut

1379 4896 1556 4960 sacerdotes
1578 4913 1695 4977 quaque
1715 4903 1746 4960 et
1766 4898 1937 4960 nonnullos
1958 4899 2124 4963 monacho·

1381 5005 1466 5064 rum,
1489 4992 1689 5070 mamimequc
1710 4989 1833 5054 saeculi
1854 4988 1995 5054 homines
2018 4995 2053 5057 in
2074 5013 2123 5058 as·

1379 5101 1507 5148 sensum
1529 5085 1581 5147 sui
1610 5084 1771 5157 imitaret,-
1792 5101 1830 5148 cc
1856 5085 2063 5164 simplicitati
2085 5088 2123 5151 il-

1381 5177 1505 5240 luderet
1527 5175 1689 5256 Episcopi,
1710 5179 1764 5256 qui
1785 5177 1820 5240 de
1840 5179 1893 5240 sni
1916 5179 2042 5257 inpenio
2058 5198 2124 5243 cae·

1382 5279 1464 5336 teras
1479 5267 1671 5336 aestimabat
1676 5292 1691 5345 ,·
1710 5268 1836 5349 pnbiicc
1852 5272 1987 5346 restitit,
2003 5275 2122 5337 malens

1380 5368 1443 5429 lieo
1464 5366 1601 5444 placere,
1623 5379 1718 5443 qaam
1740 5362 1933 5429 haminibus.

1421 5476 1538 5522 uxxvu.
1562 5457 1708 5523 Observat
1730 5458 1898 5521 cardinalis
1917 5460 2066 5524 baronius
2088 5464 2122 5525 ad
2140 5461 2317 5568 affirwoiiuiiiii

1381 5570 1499 5618 annum
1520 5551 1634 5618 Christi
1657 5567 1833 5630 cccxcvii,
1850 5552 1994 5617 Siricium
2017 5574 2032 5618 a
2054 5556 2123 5618 Hie·
2139 5567 2318 5688 {mtrem

1381 5664 1511 5727 ronymo
1538 5663 1602 5710 non
1631 5645 1692 5711 doli
1719 5652 1773 5708 aut
1795 5647 1943 5724 gravioris
1971 5649 2120 5727 criminis,

1380 5743 1433 5806 sed
1454 5740 1659 5820 simplicitatis
1672 5740 1831 5803 dumtaxat
1851 5739 2038 5803 insimulari:
2065 5742 2123 5807 Su·

1380 5836 1476 5917 pillei
1494 5833 1633 5897 Sanctus
1656 5833 1867 5910 Hieronymus
1883 5833 1997 5898 Siricii
2018 5833 2123 5913 Papae

1380 5927 1635 6008 simplicitatem,
1651 5942 1714 5990 non
1728 5926 1846 5989 dolum.
1868 5928 1908 5991 At
1921 5929 2030 5991 Petrus
2044 5929 2123 5993 Cou-

2147 545 2198 601 an.
2209 551 2235 604 ὓ.
2252 555 2305 613 itta
