4764 6972
342 555 442 610 Aac.
463 553 534 610 1744
584 558 640 624 qq

562 693 681 756 mirum
702 691 923 756 concludenter
950 692 1115 769 probetur,
1144 687 1309 752 absolutio·

562 802 637 850 nem
658 806 674 850 a
696 804 749 850 reo
770 787 902 850 mininre
925 786 1075 864 prolatam
1097 785 1207 848 luisse:
1233 793 1307 847 tunc

562 883 647 945 enim
675 882 889 956 concedimus,
913 889 948 942 ut
969 881 1063 943 iudex
1087 879 1308 944 ecclesiasticus

562 977 721 1040 mitiorem
743 991 885 1054 poenam,
901 990 957 1053 pro
971 991 1027 1039 suo
1049 973 1176 1038 arbitrio
1191 980 1221 1036 et
1235 989 1309 1052 pru·

562 1070 677 1144 dentia,
701 1068 895 1148 delinquenti
916 1067 1016 1130 valeat
1038 1068 1186 1144 irrogare.

410 1177 544 1224 clausuras
603 1165 622 1239 ἓ
643 1164 672 1226 9.
697 1165 906 1226 Decernentes
927 1169 1104 1241 praesentes
1133 1168 1252 1223 nostras
1273 1160 1309 1222 li-

332 1231 542 1288 praesensores.
565 1267 644 1320 teras
659 1265 690 1318 et
705 1255 737 1318 in
753 1257 796 1318 eis
811 1264 956 1319 contenta
978 1271 1203 1334 quaecumque,
1216 1255 1308 1316 etiam

565 1368 603 1414 ex
625 1367 673 1427 eo,
690 1350 770 1430 quod
793 1349 924 1428 quilibet
940 1351 971 1411 in
987 1349 1173 1428 praemissis,
1189 1365 1243 1409 sen
1259 1364 1308 1410 eo-

564 1463 633 1508 rum
657 1445 770 1522 aliquo,
787 1444 835 1505 ius
857 1443 905 1506 vel
917 1445 1067 1504 interesse
1079 1443 1238 1515 babentes,
1254 1458 1306 1503 seu

563 1539 679 1602 habere
699 1537 931 1618 quomodolibet
945 1539 1192 1616 praetendentes,
1209 1535 1312 1598 cuins·

564 1633 611 1694 vis
630 1638 740 1705 status,
764 1631 886 1708 gradus,
903 1630 1031 1704 ordinis,
1048 1617 1311 1708 praeeminentiae

564 1724 616 1788 rel
637 1724 797 1802 dignitatis
819 1725 969 1798 existant,
992 1724 1057 1784 sive
1079 1723 1151 1784 alias
1172 1723 1310 1802 specifica

566 1826 597 1880 et
612 1819 768 1882 individue
784 1819 945 1880 mentione
955 1824 988 1897 et
1001 1817 1200 1895 expressione
1212 1815 1309 1892 digni,

566 1912 626 1975 illis
648 1929 711 1974 non
732 1912 959 1985 consenserint,
974 1926 1032 1972 nec
1053 1910 1087 1970 ad
1110 1926 1144 1972 ea
1166 1910 1264 1972 vocati
1281 1917 1312 1970 et

565 2007 674 2081 auditi,
697 2022 800 2084 neque
821 2022 928 2068 causae
942 2013 1068 2084 propter
1089 2021 1164 2084 quas
1185 2004 1312 2066 eaedem

566 2108 746 2179 praesentes
767 2099 999 2173 emanaverint,
1022 2099 1182 2172 adductae,
1209 2097 1312 2160 verili-

565 2201 661 2269 catae,
684 2193 733 2254 vel
757 2192 963 2266 sufficienter,
987 2200 1040 2254 aut
1062 2191 1125 2253 ullo
1155 2192 1245 2254 modo
1268 2191 1313 2253 iu·

566 2285 714 2348 stilicatae
726 2286 856 2362 luerint,
868 2293 921 2348 aut
936 2286 1043 2348 exalia
1058 2285 1206 2363 qualibet,
1219 2285 1312 2346 etiam

567 2379 770 2458 quantumvis
792 2379 920 2442 iuridici
941 2386 972 2441 et
993 2377 1188 2456 privilegiata
1213 2378 1312 2452 causi,

486 2457 493 2476 ’
568 2475 681 2548 colore,
698 2478 862 2552 praetextu
874 2479 905 2534 et
917 2473 1014 2550 capite
1030 2471 1123 2534 etiam
1139 2471 1172 2534 in
1187 2486 1314 2550 corpore

569 2569 644 2632 iuris
660 2567 774 2641 clauso,
790 2564 878 2628 nullo
891 2580 1029 2642 unquam
1042 2572 1182 2644 tempore
1196 2565 1233 2628 de
1244 2564 1315 2626 sub·

569 2661 721 2740 reptionis
742 2659 793 2720 vel
814 2658 1003 2738 obreptionis
1024 2665 1077 2720 aut
1099 2657 1249 2720 nullitatis
1271 2657 1316 2718 vi-

569 2757 625 2828 tio,
648 2770 703 2816 seu
725 2752 910 2814 intentionis
938 2759 1061 2814 nostrae
1082 2758 1136 2813 aut
1164 2752 1314 2814 interesse

570 2848 752 2910 habentium
766 2861 945 2920 consensus,
956 2843 1055 2907 aliove
1070 2843 1208 2930 quolibet
1222 2845 1315 2908 etiam

571 2941 773 3021 quantumvis
794 2954 907 3016 magno
927 2956 960 3000 ac
980 2938 1101 3000 lormali
1123 2946 1155 3000 et
1176 2939 1318 3002 substan-

571 3034 637 3098 tiali
652 3033 774 3096 delectu
789 3032 902 3109 notari,
919 3033 1110 3112 impugnari,
1128 3032 1269 3109 infringi,
1284 3033 1317 3095 in

572 3127 814 3190 controversiam
830 3126 944 3200 vocari,
960 3126 994 3188 ad
1011 3133 1064 3188 aut
1076 3126 1226 3188 terminos
1241 3127 1316 3188 iuris

573 3222 690 3297 reduci,
712 3237 767 3283 seu
789 3222 936 3282 adversus
957 3216 1024 3280 illas
1045 3219 1222 3297 aperitionis
1243 3221 1316 3296 oris,

573 3315 779 3378 restitutionis
801 3315 832 3375 in
859 3314 1040 3388 integrum,
1069 3312 1192 3374 aliudve
1224 3316 1318 3393 quod·

574 3425 708 3488 cumque
728 3407 804 3470 iuris
825 3405 894 3468 lacti
920 3405 970 3468 vel
998 3407 1114 3483 gratiae
1144 3405 1318 3470 remedium

574 3501 721 3564 intentari
743 3501 794 3562 vel
826 3498 1003 3578 impetrari,
1026 3507 1079 3560 aut
1107 3501 1202 3564 etiam
1230 3509 1317 3563 motu

573 3598 686 3676 pariet
707 3595 743 3657 de
755 3594 936 3673 apostolicae
951 3595 1107 3672 potestatis
1122 3595 1318 3673 plenitudine

573 3689 668 3752 simili
690 3704 834 3752 concesso
849 3687 899 3749 vel
921 3695 1076 3762 emanato,
1092 3690 1269 3769 quempiam
1287 3691 1318 3752 in

573 3783 685 3846 iudicio
707 3782 758 3844 vel
783 3791 869 3844 extra
897 3781 973 3846 illud
997 3783 1057 3858 nti,
1080 3799 1135 3846 seu
1157 3801 1189 3846 se
1211 3784 1319 3848 iuvare

574 3877 638 3940 ullo
650 3878 742 3939 modo
753 3892 852 3955 posse;
860 3877 913 3940 sed
926 3878 1003 3955 ipsas
1013 3885 1188 3954 praesentes
1199 3895 1320 3958 semper

574 3972 689 4046 lirmas,
706 3971 819 4034 validas
839 3977 872 4032 et
886 3971 1022 4034 efficaces
1044 3971 1175 4033 existere
1196 3981 1228 4034 et
1243 3971 1319 4047 iore,

573 4081 706 4144 suosque
724 4064 878 4143 plenarios
900 4073 931 4126 et
952 4065 1090 4142 integros
1107 4065 1235 4128 eftectus
1256 4082 1320 4127 sor-

576 4159 628 4220 tiri
643 4165 673 4220 et
698 4158 850 4235 obtinere,
867 4176 900 4221 ac
915 4159 952 4220 ab
973 4159 1046 4232 illis,
1063 4157 1097 4219 ad
1114 4175 1191 4237 quos
1206 4167 1321 4238 spectat

576 4259 607 4313 et
633 4268 689 4330 pro
713 4259 852 4330 tempore
874 4251 1132 4331 quandocumque
1160 4253 1320 4331 spectabit,

576 4345 800 4408 inviolabiliter
821 4352 852 4409 et
873 4347 1054 4408 inconcusse
1076 4347 1243 4408 observari.

358 4457 558 4507 xrrtortnauari
617 4440 636 4516 ἓ
659 4439 704 4502 lo.
730 4440 842 4518 Sicque
862 4446 898 4501 et
916 4455 980 4502 non
996 4439 1086 4502 aliter
1101 4440 1133 4501 in
1149 4439 1322 4518 praemissis

346 4513 503 4571 ⁹¹⁰¹¹¹b³²¹¹¹²
577 4534 710 4608 censeri,
733 4541 825 4611 atque
846 4534 886 4595 ita
902 4549 957 4612 per
972 4550 1185 4614 quoscumque
1208 4535 1322 4597 iudices

577 4628 748 4692 ordinarios
779 4635 810 4689 et
840 4627 1014 4704 delegatos,
1042 4629 1134 4690 etiam
1162 4645 1322 4692 causarum

551 4765 553 4768 -
577 4723 679 4802 palatii
700 4720 855 4800 apostolici
878 4721 1049 4797 auditores,
1073 4739 1106 4784 ac
1126 4730 1232 4784 contra
1253 4723 1324 4784 hae-

576 4817 705 4879 reticam
727 4817 913 4895 pravitatem
935 4815 1094 4891 generales
1123 4816 1324 4893 inquisitores

577 4922 608 4975 et
628 4911 703 4973 alios
718 4910 857 4972 eiusdem
880 4907 910 4970 S.
925 4909 961 4972 R.
977 4909 1011 4970 Ε.
1027 4909 1214 4986 cardinales,
1231 4911 1323 4972 etiam

577 5008 615 5070 de
636 5005 731 5067 latere
753 5003 869 5080 legatos
884 5010 915 5064 et
930 5002 1121 5080 apostolicae
1137 5003 1223 5066 Sedis
1239 5021 1323 5083 prae·

577 5099 673 5161 dictae
695 5097 841 5170 Nuncios,
865 5096 980 5158 aliosve
1001 5096 1153 5174 quoslibet
1178 5113 1324 5174 quacum·

578 5207 639 5273 que
661 5191 907 5270 praeeminentia
928 5207 961 5251 ac
983 5197 1132 5267 potestate
1157 5190 1325 5267 iungentes

578 5295 609 5349 et
630 5287 802 5360 iuncturos,
825 5283 942 5347 sublata
958 5284 1001 5344 eis
1023 5291 1053 5345 et
1075 5300 1184 5347 eorum
1198 5283 1325 5347 cuilibet

578 5381 668 5444 aliter
689 5377 845 5441 iudicandi
867 5386 897 5438 et
912 5377 1140 5455 interpretandi
1168 5377 1324 5455 facultate,

579 5474 705 5536 iudicari
726 5481 758 5534 et
780 5471 904 5535 deliniri
929 5471 1059 5546 debere,
1081 5489 1115 5534 ac
1142 5472 1269 5534 irritum
1295 5479 1325 5533 et

579 5568 684 5642 inane,
706 5567 730 5628 si
752 5582 838 5628 secus
859 5581 953 5644 super
975 5566 1022 5626 bis
1043 5581 1231 5644 aquoquam
1252 5583 1326 5644 qua·

581 5661 626 5722 vis
641 5661 822 5723 auctoritate
844 5659 979 5722 scienter
995 5659 1044 5721 vel
1061 5659 1241 5736 ignoranter
1255 5675 1326 5720 con-

582 5753 688 5828 tigerit
708 5753 861 5814 attentari.

349 5859 498 5906 continue
512 5857 563 5916 pte·
621 5844 709 5919 gil.
735 5845 803 5906 Non
833 5844 1041 5918 obstantibus,
1071 5853 1222 5922 quatenus
1250 5859 1326 5922 opus

349 5913 563 6020 fflffmmmffl'
581 5938 632 6014 sit,
656 5945 760 5999 nostra
785 5945 815 5998 et
839 5937 1045 6000 Cancellariae
1066 5936 1259 6016 Apostolicae
1280 5945 1328 5999 re·'

1084 572 1150 618 luit.
1173 568 1264 616 PON'l'.
1288 565 1329 610 DE
1349 564 1378 610 Ρ.
1402 565 1431 612 F-
1456 568 1538 614 raus
1559 569 1581 613 l.

1363 684 1435 761 gula
1446 686 1484 748 de
1499 687 1565 749 iure
1580 688 1718 766 quaesito
1734 704 1797 751 non
1813 687 1960 762 tollendo,
1980 687 2109 767 aliisque
2186 723 2188 726 -

1362 780 1546 858 apostolicis,
1563 798 1608 856 ac,
1624 782 1656 845 in
1673 781 1912 858 universalibus,
1936 782 2108 861 provincia-

1363 873 1442 936 libus
1463 881 1494 937 et
1514 875 1712 954 synodalibus
1732 875 1871 940 conciliis
1889 877 1992 953 editis,
2016 893 2108 954 gene-

1363 971 1480 1033 ralibus
1505 971 1554 1034 vel
1575 970 1757 1050 specialibus
1781 971 2054 1034 constitutionibus
2078 979 2109 1034 et

1363 1064 1628 1140 ordinationibus,
1652 1080 1774 1128 necnon
1807 1064 1986 1144 quibusvis,
2016 1065 2109 1128 etiam

1363 1159 1556 1234 iuramento,
1583 1159 1819 1222 confirmatione
1847 1159 2025 1237 apostolica,
2059 1159 2108 1222 vel

1364 1253 1472 1331 quavis
1494 1255 1640 1316 firmitate
1662 1253 1718 1314 alia
1738 1253 1904 1326 roboratis,
1935 1255 2057 1316 statutis
2078 1262 2109 1316 et

1363 1347 1655 1422 consuetudinibus,
1678 1349 1772 1410 etiam
1793 1347 2107 1426 immemorabilibus;

1365 1443 1536 1520 privilegiis
1566 1459 1706 1521 quoque,
1737 1441 1986 1519 exemptionibus
2007 1451 2037 1504 et
2063 1443 2109 1506 in·

1365 1537 1460 1600 dultis
1481 1537 1573 1598 etiam
1599 1538 1781 1615 incorpore
1812 1535 1889 1598 iuris
1910 1535 2034 1611 clausis,
2057 1545 2110 1600 aut

1365 1629 1476 1693 litteris
1498 1630 1670 1710 apostolicis
1692 1630 1851 1708 quibusvis
1873 1631 2027 1709 personis,
2050 1631 2112 1692 col-

1365 1724 1465 1800 legiis,
1489 1724 1573 1797 locis,
1599 1723 1777 1799 Ordinibus,
1802 1725 1895 1786 etiam
1917 1724 2108 1799 llilitaribus,

1367 1816 1679 1894 Congregationibus,
1708 1817 1922 1892 societatibus,
1948 1817 2109 1892 institutis,

1364 1911 1457 1972 etiam
1481 1909 1641 1974 societatis
1662 1910 1732 1974 lesu
1754 1919 1785 1972 et
1807 1912 1838 1976 S.
1861 1911 1984 1976 loannis
2006 1913 2112 1976 lliero·

1365 2003 1556 2082 solymitani,
1579 2003 1686 2066 aliisve
1708 2004 1896 2082 quibuslibet
1920 2007 2059 2084 specifica
2081 2015 2112 2070 et

1367 2097 1525 2160 individua
1547 2097 1708 2160 mentione
1729 2096 1844 2174 dignis,
1860 2099 1953 2161 etiam
1975 2101 2033 2163 sub
2044 2101 2113 2179 qui-

1366 2191 1560 2270 buscumque
1581 2191 1751 2252 verborum
1775 2192 1976 2255 tenoribuset
1989 2192 2110 2270 lormis,

1367 2301 1400 2347 ac
1411 2301 1482 2348 cum
1497 2283 1658 2364 quibusvis
1669 2285 1815 2347 clausulis
1827 2295 1857 2349 et
1867 2286 2009 2362 decretis,
2019 2289 2112 2350 etiam

1366 2377 1559 2440 irritantibus
1581 2378 1614 2440 in
1639 2393 1754 2454 genere
1775 2379 1827 2440 vel
1841 2380 1874 2442 in
1889 2382 2001 2459 specie,
2019 2383 2113 2445 etiam

1368 2479 1456 2535 motu
1469 2472 1574 2546 simili,
1588 2478 1620 2534 et
1634 2471 1670 2533 de
1685 2474 1867 2550 apostolicae
1877 2477 2035 2553 potestatis
2049 2477 2114 2556 ple-

1368 2566 1524 2640 nitudine,
1546 2582 1601 2628 seu
1622 2566 1877 2630 consistorialiter
1891 2585 1924 2631 ac
1944 2570 2017 2632 alias
2039 2563 2113 2650 quoss

1369 2659 1536 2722 modolibet
1549 2660 1579 2720 in
1590 2659 1781 2723 contrarium
1793 2663 2032 2740 praemissorum
2041 2681 2115 2727 con-

1369 2753 1472 2828 cessis,
1490 2769 1523 2816 ac
1537 2752 1654 2832 pluries
1676 2755 1876 2830 confirmatis,
1899 2757 2070 2835 approbatis
2085 2768 2116 2823 et

1371 2848 1535 2929 innovatis.
1573 2848 1688 2923 Quibus
1723 2848 1872 2912 omnibus
1904 2858 1935 2913 et
1965 2851 2114 2930 singulis,

1371 2943 1492 3004 etiamsi
1513 2959 1568 3020 pro
1591 2941 1717 3004 illorum
1731 2942 1898 3006 sufficienti
1918 2945 2115 3022 derogatione

1371 3036 1408 3098 de
1430 3035 1502 3110 illis,
1525 3051 1698 3113 eorumque
1721 3036 1792 3098 totis
1814 3036 1987 3112 tenoribus,
2003 3041 2117 3118 specia-

1372 3129 1420 3202 lis,
1444 3129 1581 3206 specifica
1594 3136 1626 3190 et
1638 3129 1797 3191 individua
1814 3130 1943 3206 mentio,
1956 3149 2011 3194 seu
2026 3149 2118 3211 quae·

1372 3223 1418 3283 vis
1439 3221 1497 3282 alia
1518 3222 1678 3300 expressio
1699 3221 1736 3284 ad
1757 3223 1786 3285 id
1801 3225 1952 3286 servanda
1974 3225 2065 3303 toret,
2082 3226 2118 3288 il·

1373 3314 1476 3376 lorum
1499 3324 1633 3388 tenores,
1656 3313 1780 3390 lormas,
1814 3333 1917 3378 causas
1937 3323 1968 3380 et
1989 3319 2119 3382 occasio-

1372 3424 1427 3470 nes
1448 3408 1659 3485 praesentibus
1684 3424 1740 3487 pro
1765 3408 1855 3487 plene
1877 3417 1908 3471 et
1927 3411 2118 3476 sufficienter

1373 3502 1524 3579 expressis
1544 3510 1576 3563 et
1598 3503 1791 3564 exactissime
1817 3504 1950 3566 servatis
1971 3512 2002 3566 et
2023 3507 2120 3584 speci-

1374 3594 1471 3657 licatis
1501 3595 1674 3672 respective
1703 3595 1866 3672 habentes,
1897 3596 1959 3658 illis
1986 3597 2059 3660 alias
2084 3600 2117 3662 in

1372 3705 1429 3752 suo
1450 3689 1561 3752 robore
1581 3689 1804 3768 permansuris,
1836 3691 1890 3752 bac
1912 3690 1979 3753 vice
2000 3693 2120 3755 dumta-

1373 3791 1436 3858 xat,
1452 3785 1488 3846 ad
1514 3785 1754 3862 praemissorum
1775 3783 1920 3848 ellectum
1941 3785 2119 3864 plenissime

1374 3885 1405 3941 et
1427 3877 1615 3956 amplissime
1636 3885 1723 3938 motu
1739 3877 1801 3956 pari
1823 3876 2008 3956 derogamus
2023 3887 2054 3942 et
2067 3879 2119 3942 de·

1375 3981 1518 4048 rogatum
1540 3985 1607 4034 esse
1629 3971 1787 4046 volumus,
1811 3971 1983 4050 ceterisque
1999 3979 2121 4036 contra·

1375 4065 1428 4126 riis
1452 4065 1711 4143 quibuscumque.

1414 4159 1433 4234 ἓ
1456 4158 1502 4220 lt.
1527 4155 1679 4220 Volumus
1700 4159 1828 4236 insuper
1843 4166 1874 4220 et
1889 4159 1996 4221 eadem
2017 4168 2120 4223 aucto·
2176 4174 2363 4238 rusticarum

1374 4251 1464 4313 ritate
1479 4250 1632 4329 praedicta
1647 4251 1840 4326 mandamus,
1853 4258 1888 4312 ut
1899 4251 2024 4314 eaedem
2034 4270 2120 4332 prae-
2138 4233 2368 4329 ῗξῇῗὶῗῖξξῖἶέῗ

1374 4354 1478 4408 sentes
1500 4353 1532 4407 et
1552 4345 1585 4406 in
1607 4344 1651 4405 eis
1676 4351 1820 4406 contenta
1847 4361 2062 4425 quaecumque
2083 4349 2118 4410 ad
2137 4336 2368 4436 ffiiffiigffifggffis·

1375 4440 1519 4502 omnium
1541 4439 1686 4500 notitiam
1707 4438 1823 4500 facilius
1845 4439 2046 4515 deducantur,
2062 4457 2121 4503 nec
2139 4444 2263 4490 omnious
2303 4443 2368 4488 ἰαῦ·

1376 4535 1540 4614 quisquam
1561 4535 1598 4594 de
1620 4533 1663 4594 eis
1685 4532 1894 4610 ignorantiam
1918 4533 2122 4612 praetendere
2140 4503 2187 4544 ‘³⁰'

1377 4627 1487 4701 valeat,
1510 4627 1588 4704 ipsas
1615 4635 1810 4704 praesentes,
1832 4641 1889 4690 seu
1910 4643 2017 4690 earum
2040 4634 2122 4689 tran·

1376 4728 1510 4798 sumpta,
1533 4721 1569 4782 ad
1591 4720 1696 4781 valvas
1718 4718 1870 4783 Ecclesiae
1891 4721 1922 4784 S.
1946 4721 2068 4784 loannis
2090 4722 2122 4783 iu

1377 4815 1529 4877 Laterano
1561 4820 1591 4875 et
1617 4813 1762 4876 Basilicae
1787 4814 1937 4893 Principis
1965 4815 2125 4894 Apostolo-

1377 4924 1448 4970 rum
1469 4909 1507 4970 de
1528 4908 1621 4982 Urbe,
1639 4923 1762 4970 necnon
1776 4907 1982 4970 Cancellariae
1997 4908 2125 4987 Aposto-

1378 5001 1452 5063 licae
1474 5001 1640 5078 curiaeque
1662 4999 1816 5076 generalis
1831 5001 2071 5063 innocentianae
2091 5001 2124 5062 in

1378 5095 1482 5156 Monte
1512 5091 1659 5156 citatorio
1680 5100 1711 5155 et
1733 5094 1764 5155 in
1787 5093 1861 5155 Acie
1890 5094 1996 5172 Campi
2017 5093 2126 5156 Florae

1379 5205 1433 5268 per
1453 5187 1590 5265 aliquem
1611 5203 1650 5248 ex
1670 5187 1847 5249 cursoribus
1868 5187 1993 5263 nostris,
2011 5196 2045 5250 ut
2059 5201 2126 5248 mo·

1379 5282 1421 5344 ris
1443 5291 1500 5357 est,
1524 5281 1671 5359 publicari
1693 5287 1725 5342 et
1745 5279 1842 5356 atligi:
1865 5281 1970 5360 sieque
1990 5281 2126 5360 publica·

1381 5384 1424 5438 tas
1446 5382 1477 5436 et
1499 5374 1614 5448 aifixas,
1630 5389 1739 5436 omnes
1754 5382 1785 5436 et
1800 5373 1951 5452 singulos,
1963 5391 2039 5455 quos
2054 5391 2126 5438 con·
2207 5383 2213 5393 “

1379 5475 1527 5542 cernunt,
1548 5484 1603 5530 seu
1625 5476 1816 5529 concernent
1837 5468 1870 5528 in
1887 5468 2041 5543 laturum,
2058 5484 2125 5546 per-

1381 5562 1452 5624 inde
1483 5561 1605 5623 afficere
1635 5567 1667 5622 et
1697 5569 1831 5638 arctare,
1855 5563 1934 5624 acsi
1955 5561 2126 5640 unicuique

1381 5655 1506 5717 illorum
1528 5655 1732 5734 personaliter
1752 5655 1915 5718 intimatae
1936 5657 1967 5717 et
1988 5656 2126 5719 notifica·

1382 5757 1430 5812 tae
1450 5747 1592 5811 luissent.

1421 5845 1440 5919 g
1457 5841 1502 5903 13.
1517 5843 1620 5921 thue
1630 5845 1810 5906 earumdem
1821 5844 2033 5922 praesentium
2044 5850 2126 5906 tran·
2179 5854 2375 5910 transumptis

1381 5937 1523 6016 sumptis,
1540 5953 1594 5998 seu
1610 5937 1759 6017 exemplis
1771 5937 1863 6000 etiam
1879 5937 2047 6016 impressis,
2063 5954 2127 6000 ma.
2146 5905 2373 6006 2¹35&ssan
