4744 6976
887 601 1083 652 nunuotcvus
1108 601 1170 696 xxv.
1725 577 1782 642 ide
1831 571 1886 628 An.
1900 574 1930 640 (t,
1952 571 2021 642 3744

256 733 423 808 animatur,
435 731 627 797 ferculorum
642 745 806 803 numerus,
820 742 884 790 non
895 725 1000 788 minus
1027 723 1030 785 l
1059 721 1254 801 relinquatur
1269 722 1302 784 in
1318 720 1500 784 infirmitate
1515 718 1599 798 copia
1611 716 1800 794 confessarii

256 845 288 890 ac
308 827 367 890 cibi
390 829 577 906 praescripta
599 825 742 906 qualitas,
765 823 921 896 varietur;
944 819 1001 880 cir·
1027 809 1030 822 '
1059 825 1089 881 et
1105 833 1157 893 ne,
1173 815 1462 894 ingravescentibus
1490 813 1617 888 morbis,
1639 827 1711 874 cum
1734 827 1802 888 gra·

256 921 314 986 cuti
340 938 436 1000 super
465 931 557 999 capnt
588 934 772 1000 sponsorum
801 918 836 980 ad
866 910 1000 976 tollenda
1027 940 1029 1003 3
1059 910 1185 972 vissimo
1202 909 1285 972 vitae
1308 907 1485 985 temporalis
1500 905 1646 987 periculo,
1660 912 1802 968 aeternae

256 1017 414 1090 maleficia,
438 1013 796 1091 omittantur3et,quod
818 1013 856 1073 de
877 1005 1000 1070 ferculis
1058 1004 1221 1068 consulere
1253 1011 1419 1079 cogantur,
1452 1001 1562 1065 iisdem
1601 1000 1803 1064 missionariis

256 1111 404 1185 diximus,
433 1113 471 1173 de
492 1110 583 1172 luteis
613 1109 690 1170 vasis
719 1105 833 1168 ibidem
861 1101 1000 1164 adhiberi
1028 1127 1030 1169 p
1059 1097 1281 1178 praecipimus,
1305 1112 1345 1158 ne
1367 1097 1507 1158 infirmos
1530 1094 1708 1157 huiusmodi
1731 1109 1802 1156 con-

254 1205 351 1267 sotitis
372 1223 388 1264 3
410 1204 499 1266 nobis
519 1203 636 1266 dictum
650 1211 682 1264 et
697 1199 887 1279 prohibitum
909 1195 1002 1259 intet-
1028 1182 1030 1268 l
1058 1195 1184 1258 ditionis
1198 1195 1233 1256 ad
1250 1194 1414 1256 Ecclesiam
1431 1191 1611 1256 deterendos
1624 1196 1801 1267 expectent,

257 1301 386 1376 tigatur3
408 1299 529 1360 tructus
544 1298 649 1371 etiam,
666 1295 762 1372 vulgo
777 1293 875 1356 dictus
895 1289 999 1360 Cocco,
1028 1309 1030 1317 ·
1057 1289 1109 1350 sed
1131 1287 1301 1356 consultius
1323 1287 1445 1362 domos,
1470 1287 1523 1348 ubi
1548 1295 1724 1366 aegrotant,
1747 1301 1802 1363 pro

255 1411 293 1455 ex
314 1393 402 1454 cuius
423 1390 574 1454 fractione
600 1389 810 1467 prosperitatis
833 1386 881 1448 vet
908 1383 1030 1467 lnior-'3
1058 1382 1176 1444 viribus
1198 1390 1316 1460 petant,
1343 1383 1377 1444 ad
1400 1398 1452 1444 eus
1474 1381 1669 1457 invisendos,
1692 1397 1726 1443 ac
1745 1381 1803 1459 piis

257 1487 336 1550 tuoii
359 1486 491 1564 auspicia
513 1484 646 1560 gentiles
669 1493 784 1545 temere
805 1481 935 1554 ducunt,
952 1479 1001 1540 vel
1028 1474 1030 1569 l
1057 1477 1253 1538 sermonibus
1268 1484 1299 1538 et
1316 1475 1458 1554 precibus
1475 1483 1803 1552 sacramentorumque

33 1575 35 1640 t
104 1583 238 1638 3333333-
255 1581 412 1642 omninoa
427 1577 671 1642 christianorum
693 1575 809 1654 nuptiis
832 1574 999 1645 reiiciatur,
1028 1574 1030 1627 1
1058 1568 1168 1646 pabulo
1190 1569 1391 1643 recreandos,
1421 1577 1513 1646 atque
1542 1570 1668 1631 demum
1697 1582 1748 1629 eos
1769 1568 1801 1630 in

33 1647 35 1680 Ι
81 1648 236 1750 ῗιξὲῗῗὰἷὲῗι
257 1675 306 1736 333
327 1673 449 1746 saltem,
465 1673 490 1733 si
513 1672 602 1733 iilum
625 1672 788 1732 comestore
809 1668 918 1741 velint,
936 1682 999 1728 non
1059 1669 1199 1723 extremo
1221 1663 1303 1723 vitae
1325 1662 1502 1724 discrimine
1524 1662 1708 1724 constitutos
1730 1659 1803 1724 San·

33 1793 35 1854 p
78 1745 238 1852 2f³i¹¹⁰³²¹¹⁵⁹³'
255 1765 389 1846 publice,
408 1767 460 1828 sed
475 1773 594 1828 secreto
609 1773 640 1826 et
655 1773 740 1825 extra
756 1762 999 1834 solemnitatem,
1028 1793 1030 1859 p
1059 1763 1107 1818 cto
1122 1756 1323 1818 lndrmorum
1339 1755 1412 1819 Oleo
1426 1755 1590 1829 deliniant,
1608 1755 1721 1832 absque
1735 1770 1805 1832 per-

33 1863 34 1866 ’
255 1861 412 1938 aperiatur
433 1860 471 1921 ab
489 1857 788 1937 iis,quievangetica
806 1856 875 1917 tuce
890 1853 999 1927 ertocti,
1028 1875 1030 1933 ς
1058 1865 1205 1911 sonarum
1237 1857 1289 1911 aut
1320 1866 1412 1911 sexus
1437 1849 1629 1926 acceptione,
1659 1863 1804 1926 expresse

255 1952 292 2014 ab
303 1951 481 2014 huiusmodi
493 1951 701 2028 auspiciorum
713 1947 918 2010 deliramento
928 1955 1001 2008 sunt
1028 1943 1030 2009 l
1058 1940 1239 2005 damnantes
1257 1959 1488 2021 quamcumque
1503 1943 1622 2020 praxim
1636 1942 1709 2004 buic
1724 1941 1803 2005 cbri-

255 2033 360 2106 alieni.
443 2089 445 2092 -
1057 2035 1173 2096 stiauae
1195 2035 1317 2114 pietatis
1338 2035 1438 2098 ctbcio
1459 2037 1656 2098 contrariam.

33 2175 35 2192 ι
81 2147 236 2250 nl'affln‘r'di
294 2138 438 2200 «Nullus
453 2138 513 2200 rite
527 2145 559 2199 et
572 2134 939 2214 sufficienterdispositus
954 2149 1000 2194 ar·
1099 2127 1803 2191 ‹Nonsinemaximoaniminostrimoerore
1822 2136 2034 2246 arsitrilifla'il!

33 2247 34 2314 j
82 2253 235 2302 3333333333
253 2239 389 2294 ceatura
409 2231 610 2294 Sacramento
633 2229 852 2304 poenitentiae,
876 2228 911 2288 ad
934 2243 1002 2304 pec·
1058 2220 1229 2298 accepimus
1251 2221 1357 2294 etiam,
1381 2221 2035 2301 63338333308331113330311133333333333-

33 2381 35 2406 ,
81 2317 234 2417 g,³„}}{¹⁵²„,¹⁰,}2.'
253 2334 394 2387 catorum
429 2325 667 2397 remissionem,
701 2330 858 2401 tamquam
887 2322 1001 2382 instru-
1060 2314 1243 2390 pulsatores,
1272 2313 1429 2388 tibicines,
1459 2322 1512 2376 aut
1543 2314 1670 2377 alterius
1701 2298 2034 2408 cuius-gassfflffiffffg

33 2407 35 2496 f
81 2427 128 2462 itte
253 2427 362 2480 mento
379 2418 502 2479 divinae
517 2417 757 2492 misericordiae,
773 2434 788 2476 3
805 2415 928 2477 cbristo
944 2414 1000 2476 lto-
1028 2477 1029 2486 ,
1058 2423 1192 2485 cumque
1218 2407 1327 2468 musici
1355 2407 1559 2470 instrumenti
1587 2416 1745 2470 senatores
1766 2409 1801 2469 ad
1821 2409 1951 2506 flgtgssffg‘
1971 2405 1996 2504 ¹3¹
2011 2405 2036 2502 ἐς

252 2512 341 2573 mino
358 2511 520 2585 institut03
537 2519 568 2572 33
579 2512 740 2586 signanter
752 2509 899 2571 mutieres
914 2523 1000 2569 men·
1028 2494 1030 2562 3
1058 2499 1213 2561 idolorum
1235 2499 1417 2562 testivitates
1444 2509 1475 2562 et
1496 2501 1641 2564 sacrificia
1662 2500 1800 2564 accersiri
1821 2513 1869 2578 urs,
1891 2517 1916 2558 er
1936 2469 2035 2559 refluit-

251 2604 361 2666 struali
372 2604 477 2665 morbo
487 2603 672 2679 laborantes;
682 2601 883 2664 nonattentis
895 2601 1001 2662 diebus
1028 2633 1030 2670 .
1058 2591 1092 2652 at]
1115 2592 1299 2666 ludendum,
1323 2601 1353 2654 et
1376 2593 1534 2656 interdum
1555 2594 1647 2655 etiam
1674 2594 1742 2670 cogi
1763 2593 1803 2655 ob
1821 2567 1926 2614 mmm·

252 2697 476 2775 purificationis
493 2697 575 2759 iuxta
592 2711 711 2758 morem
734 2694 912 2772 gentilium,
928 2709 999 2755 cum
1028 2726 1030 2758 .
1058 2686 1222 2762 quamdam
1236 2686 1394 2748 servitutis
1408 2687 1541 2764 speciem
1558 2703 1628 2764 erga
1644 2687 1803 2766 publicum

251 2791 327 2851 baec
342 2791 571 2852 sacramentalis
591 2806 663 2850 vera
679 2791 800 2852 animae
815 2787 999 2866 purificatio,
1028 2763 1031 2894 ἱ
1058 2777 1095 2838 ab
1124 2779 1196 2856 ipsis
1227 2789 1402 2842 contractae
1432 2795 1488 2858 per
1519 2781 1697 2843 huiusmodi
1729 2781 1803 2842 artis

252 2892 284 2945 eg
306 2899 370 2945 110„
394 2883 467 2958 apa,
489 2885 529 2945 sp
551 2883 735 2945 agengenpa
757 2900 773 2942 a
795 2880 1003 2943 christtfipetj.
1029 2901 1031 2965 7
1059 2871 1253 2946 exercitium,
1270 2889 1328 2936 uec
1349 2873 1436 2936 tacite
1456 2890 1524 2936 esse
1538 2875 1739 2938 missionariis
1753 2891 1804 2938 eos

252 2977 716 3055 bug‚001·umqugpflstopibug3
740 2976 852 3055 quihus
868 2982 1001 3052 praeter·
1029 2973 1031 3036 l
1058 2965 1095 3026 ab
1123 2965 1181 3027 hoc
1207 2965 1379 3030 detestabili
1404 2969 1517 3030 abusus
1541 2978 1700 3035 avertere:
1728 2986 1802 3048 quo·

250 3087 285 3131 ea
308 3087 373 3132 non
402 3072 490 3132 liceat
519 3086 576 3133 uec
601 3087 655 3148 per
682 3088 716 3132 se
740 3071 839 3147 33333,
870 3085 927 3130 333
948 3085 1001 3146 per
1058 3060 1136 3121 circa
1149 3062 1388 3136 considerantes,
1402 3079 1493 3140 quam
1507 3079 1634 3138 gravem
1651 3065 1803 3128 rationem

251 3165 444 3239 catechistas,
468 3181 525 3227 nec
540 3181 595 3243 per
609 3166 684 3226 atius
705 3179 934 3242 quoscumque,
958 3164 1001 3225 dt·
1028 3196 1030 3246 t
1058 3169 1195 3216 essemus
1217 3155 1278 3216 lieo
1300 3157 1462 3231 reddituri,
1478 3157 1503 3218 si
1527 3159 1702 3220 huiusmodi
1724 3159 1806 3222 cbri-

252 3259 310 3319 ctis
336 3258 517 3320 mutieribus
539 3258 703 3337 probibere
721 3273 876 3318 accessum
898 3258 932 3318 ad
954 3273 999 3318 ec·
1028 3257 1030 3327 j
1058 3251 1203 3312 stilidetes
1225 3268 1242 3311 a
1262 3252 1497 3315 daemoniorum
1524 3254 1642 3316 bonore
1664 3261 1695 3316 et
1716 3254 1803 3318 cuttu

253 3352 452 3414 ctesiamtvet
468 3353 503 3414 ad
518 3352 752 3428 conimsarium,
774 3351 907 3412 durante
922 3352 1000 3413 dicta
1028 3352 1030 3440 ξ
1057 3360 1114 3422 pro
1135 3345 1253 3406 vitibus
1274 3361 1338 3409 non
1362 3361 1589 3423 revocaremus,
1612 3348 1672 3409 iltis
1701 3349 1803 3427 probi-

253 3444 439 3506 innrmuata
460 3450 492 3506 et
512 3445 593 3506 3333
608 3445 832 3523 porrectionis
849 3453 998 3522 tempore.
1028 3443 1030 3496 t
1059 3438 1178 3513 bemus,
1209 3453 1249 3500 ne
1275 3439 1479 3517 imposterum
1510 3441 1662 3517 audeant,
1690 3458 1748 3504 nec
1769 3443 1802 3504 in

81 3545 235 3643 Ι333333ιῖ13-
253 3539 388 3601 Deliacos
415 3541 509 3600 etiam
536 3536 721 3601 christianae
747 3539 878 3616 virginis
906 3541 1001 3602 bone·
1028 3525 1030 3576 3
1058 3535 1196 3611 Pagodis,
1219 3550 1277 3596 nec
1298 3543 1395 3610 extra,
1419 3543 1487 3598 tum
1511 3525 1670 3598 occasione
1689 3536 1804 3598 sacrist-

79 3611 170 3708 iifflsuiii
184 3610 234 3714 pi‘t'-
253 3641 367 3695 statem
389 3633 488 3710 prima
511 3631 578 3694 vice
599 3633 679 3695 dicto
694 3633 803 3694 morbo
826 3633 1000 3710 laborantis,
1057 3628 1188 3703 ciorum,
1201 3636 1271 3691 tum
1287 3644 1555 3707 quarumcumque
1570 3629 1803 3692 solemnitatum

33 3715 34 3720 ἵ
80 3711 236 3810 ῗῇῑῗιῖᾞῖῗῧῗῖ
254 3727 347 3788 illum
380 3727 537 3802 6031133ὶὸ,
567 3726 678 3788 vicinis
700 3734 730 3788 et
758 3727 863 3788 amicis
891 3735 1000 3790 notum
1028 3718 1031 3747 ⁵
1058 3723 1271 3800 superstitioso
1292 3723 1378 3816 cuttu
1400 3722 1604 3798 imbuturum,
1626 3729 1804 3786 souareaut

79 3819 124 3860 ‘ll‘
253 3819 373 3893 tacere,
396 3837 429 3881 ac
451 3819 664 3883 inverecunde
691 3820 865 3899 publicare,
888 3821 1000 3899 iisque,
1028 3852 1030 3869 .
1058 3830 1179 3892 canere,
1194 3816 1252 3878 sub
1265 3830 1364 3893 poena
1378 3817 1704 3879 excommunicationis
1726 3817 1804 3878 latae

254 3913 455 3976 ethnicorum
478 3929 566 3974 more
588 3920 619 3975 et
640 3915 714 3988 ritu,
738 3915 769 3975 in
791 3914 858 3976 eius
873 3917 1001 3977 domum
1028 3982 1030 4007 Ι
1058 3910 1242 3984 sententiae,
1265 3926 1337 3972 curn
1360 3910 1449 3972 nullu
1470 3909 1561 3972 modo
1584 3911 1672 3974 liceat
1688 3910 1802 3974 Cbristi

253 4007 402 4081 collectis,
418 4022 513 4085 super
528 4023 562 4070 re
579 4017 640 4068 tam
656 4009 776 4070 sordida
789 4009 901 4070 testum
914 4008 1001 4069 insti·
1028 4020 1030 4075 t
1059 4001 1180 4064 lamutis
1202 4003 1296 4066 ltelial
1329 4005 1499 4067 inservire:
1529 4006 1660 4083 ideoque
1685 4005 1802 4066 missio·

256 4110 362 4162 tuere:
387 4101 529 4179 quocirca
554 4101 731 4164 huiusmodi
757 4101 949 4164 celebritates
971 4111 1002 4164 et
1028 4080 1030 4158 l
1058 4098 1136 4158 narii
1160 4113 1224 4159 non
1250 4097 1352 4160 solum
1374 4114 1426 4160 eos
1452 4113 1582 4160 mouere
1610 4098 1803 4160 tenebuntur

254 4195 335 4256 ritus
356 4194 534 4256 orthodoxis
562 4195 672 4272 puellis
693 4195 817 4273 penitus
845 4195 1000 4257 interdici·
1028 4189 1030 4228 l
1058 4195 1095 4254 de
1110 4190 1244 4269 praelata
1255 4190 1474 4270 prohibitione,
1488 4207 1599 4254 verum
1611 4193 1703 4253 etiam
1717 4190 1802 4252 ittam

255 4303 328 4349 mus
348 4297 380 4349 et
401 4287 577 4365 abolemus3
608 4290 871 4368 missionariisque
897 4290 1001 4352 333333-
1058 4287 1187 4348 omuino
1208 4285 1383 4347 executioni
1404 4285 1589 4347 demandare
1600 4293 1632 4348 et
1652 4284 1802 4348 contrata-

255 4381 372 4459 gimus,
394 4389 515 4444 utnon
542 4382 646 4444 solum
677 4399 745 4458 eas,
776 4385 1001 4446 verumetiam
1059 4382 1175 4442 cientes
1206 4379 1244 4443 ab
1274 4379 1406 4442 Ecclesia
1438 4379 1612 4458 expellere,
1644 4381 1742 4442 donec
1763 4394 1802 4440 ex

256 4475 415 4551 genitores
435 4485 597 4551 moneant,
621 4491 715 4554 quam
736 4477 858 4538 dissona
879 4477 918 4538 sit
940 4479 1002 4539 vir·
1029 4485 1032 4553 t
1059 4474 1150 4535 corde
1177 4474 1357 4551 resipiscant
1378 4481 1409 4536 et
1435 4473 1566 4551 publicis
1594 4474 1802 4552 poenitentiae

33 4627 34 4638 ,
256 4569 342 4645 ginei
363 4569 489 4646 pudoris
511 4570 630 4646 legibus
652 4571 828 4634 buiusmodi
854 4571 1002 4633 obscaena
1029 4556 1031 4621 l
1059 4567 1156 4642 signis
1178 4574 1332 4643 patratum
1354 4567 1533 4629 scandatum
1554 4568 1801 4630 emendaverint.

33 4651 35 4788 j
255 4663 460 4737 consuetudo,
483 4680 561 4742 quae
582 4681 597 4724 3
620 4665 788 4742 gentilium
810 4665 1003 4744 impudentia
1100 4659 1328 4721 ‹Declaramus
1343 4668 1501 4738 praeterea
1516 4660 1707 4724 pontificiam
1723 4662 1802 4724 Con·
1844 4683 1875 4736 u.
1891 4674 1963 4772 pund
1977 4685 2036 4722 eon·

257 4755 383 4818 videtur
404 4756 540 4831 inducta,
563 4765 598 4819 ut
620 4758 672 4833 ita,
689 4758 865 4820 labefactata
888 4759 1004 4836 puella·
1059 4753 1255 4816 stitutionem
1282 4753 1423 4830 Gregorii
1445 4754 1541 4832 Papae
1563 4754 1628 4818 xv.
1653 4756 1803 4834 incipien·
1822 4729 1991 4828 {iitssif'cj‘ssssa
2008 4742 2035 4829 ‘31

258 4865 331 4910 rum
346 4853 546 4927 verecundia,
563 4867 612 4914 eas
627 4851 774 4914 effrenate
790 4853 825 4914 ad
842 4853 1002 4916 libidinem
1030 4840 1032 4917 ἷ
1061 4855 1139 4908 tem:
1165 4845 1325 4909 Rctocnce
1340 4847 1429 4910 Sedis
1443 4847 1605 4912 Antiates.-
1628 4849 1664 4912 ad
1680 4851 1803 4928 petitio·
1823 4844 1906 4934 {ffigg
1920 4836 2035 4937 ξξῑξὴξξ,

33 5015 35 5034 Ι
258 4958 427 5019 provocare
450 4943 583 5005 valeant.
1030 4934 1032 5009 ζ
1060 4955 1134 5001 nem
1157 4949 1279 5017 patrum
1310 4939 1468 5004 societatis
1496 4943 1563 5004 lesu
1590 4944 1721 5018 editam,
1744 4961 1803 5022 qua
1823 4939 1920 5041 hffsslpss
1956 4902 2035 5008 eciam

33 5037 35 5118 ,³
101 5051 184 5102 33333
198 5055 238 5098 aa
298 5035 420 5098 «Ferre
432 5039 546 5114 pariter
558 5053 621 5100 non
634 5053 807 5117 possumus,
820 5042 1003 5118 quodame-
1061 5034 1216 5108 indigenis
1237 5032 1489 5096 christifidelibus
1511 5035 1640 5111 lavacra,
1664 5053 1728 5100 non
1748 5038 1805 5100 alia
1823 5005 1847 5042 m
1860 5007 2006 5043 ⁸⁵⁰⁰³¹¹⁰⁵'

33 5119 35 5144 '
83 5111 240 5220 siiffifflssl
257 5130 334 5192 dicis
354 5129 565 5207 spiritualibus
587 5145 640 5208 pro
659 5133 835 5195 animarum
857 5134 955 5196 salute
971 5152 1004 5197 33
1031 5122 1032 5189 l
1061 5131 1220 5191 occasione
1242 5137 1272 5191 et
1294 5129 1369 5203 tine,
1385 5145 1478 5206 quam
1494 5131 1629 5207 corporis
1644 5130 1804 5193 reficiendi

85 5205 240 5319 ffilpffi
258 5223 417 5284 charitatis
438 5221 535 5286 officia
557 5224 772 5301 denegentur,
794 5243 873 5306 quae
894 5230 1003 5292 medici
1031 5196 1033 5304 i
1061 5232 1092 5284 et
1121 5239 1136 5282 a
1164 5222 1356 5284 naturatibus
1386 5223 1528 5286 sordibus
1550 5224 1736 5300 mundandi,
1766 5225 1803 5285 ab

85 5311 165 5362 tanaus.
258 5315 404 5392 gentiles,
428 5317 538 5378 nobilis
560 5319 652 5379 etiam
675 5322 810 5396 generis,
823 5338 879 5382 seu
893 5332 1003 5397 castae,
1031 5307 1033 5377 l
1062 5315 1231 5394 apostolica
1258 5313 1336 5377 Sede
1364 5318 1608 5394 permittuntur,
1632 5317 1805 5380 interdictis

258 5425 315 5489 pro
330 5411 464 5488 corporis
477 5410 576 5473 salute
591 5422 743 5490 praestare
757 5429 821 5476 uon
836 5414 1003 5492 dedignari·
1031 5396 1033 5469 l
1061 5418 1201 5487 tempore
1222 5419 1253 5471 et
1274 5409 1377 5484 modo,
1394 5410 1507 5485 quibus
1528 5425 1543 5469 a
1566 5409 1735 5486 gentilibus
1755 5412 1806 5472 ad·

260 5512 313 5566 tur
334 5503 467 5566 intirmis
481 5506 573 5566 etiam
596 5505 727 5568 abiectae
745 5517 776 5568 et
792 5508 918 5570 infimae
932 5525 1006 5572 cou-
1031 5482 1033 5561 ῗ
1062 5503 1161 5564 biberi
1188 5503 1308 5578 solent,
1336 5519 1433 5582 aeque
1459 5501 1581 5566 afficere
1611 5503 1805 5580 &Vindeltffls

257 5597 397 5672 ditionis,
422 5597 517 5673 vulgo
544 5597 632 5660 dictis
654 5599 783 5663 Parcus.
812 5601 1005 5679 Quapropter
1031 5577 1034 5691 1
1061 5597 1227 5673 operarios,
1249 5597 1361 5674 quibus
1382 5606 1542 5675 propterea
1560 5612 1624 5661 333
1647 5596 1734 5659 liceat
1748 5596 1806 5658 sub

257 5690 396 5752 districte
418 5694 601 5755 mandamus
617 5693 829 5770 missionariis,
845 5705 892 5769 ut,
909 5711 1003 5774 quau·
1061 5705 1255 5767 quacumque
1277 5691 1334 5750 alia
1354 5705 1442 5752 causa
1463 5691 1690 5765 nuncetiam
1712 5691 1747 5750 ad
1762 5689 1807 5751 ei·

259 5790 329 5845 tum
350 5784 385 5846 in
406 5785 477 5862 ipsis
498 5787 569 5860 erit,
587 5787 708 5848 nemini
729 5803 747 5848 e
767 5788 941 5850 christianis
956 5805 1005 5850 ae
1060 5782 1189 5859 lectum,
1206 5790 1240 5844 ut
1259 5785 1490 5858 existimentur,
1503 5783 1610 5847 Sanias
1624 5799 1679 5846 seu
1694 5783 1807 5848 Bracb·

256 5877 367 5952 gratis,
389 5879 593 5954 quantumvis
614 5877 746 5952 Porcus,
769 5887 803 5943 et
824 5881 956 5956 33333333,
979 5883 1004 5943 33
1031 5884 1034 5972 l
1060 5892 1179 5969 manes,
1202 5893 1274 5956 prae
1294 5878 1423 5940 caeteris
1444 5878 1539 5940 dediti
1557 5877 1734 5940 huiusmodi
1756 5879 1805 5940 ab·

257 5977 411 6046 adessent,
434 5976 557 6052 generis
585 5973 775 6050 bominibus,
804 5973 1002 6040 desideranda
1030 5995 1034 6031 i
1062 5973 1243 6050 lusionibus
1265 5974 1325 6036 iltis
1347 5975 1599 6052 uti,praesertim
1621 5975 1742 6036 statutis
1756 5988 1807 6034 eo·

33 4795 35 4816 t

33 4831 35 4860 l

33 5421 35 5430 v

365 6121 417 6167 latr.
431 6122 502 6169 Pont.
518 6123 548 6170 dc
562 6123 637 6190 Prop.
653 6129 716 6176 Fide
730 6130 812 6176 Partis
827 6129 844 6174 t.
861 6128 915 6175 vol.
931 6128 973 6171 tlt.
1518 6168 1525 6179 .
1673 6129 1699 6172 Ἠ
