4708 6978
884 593 1080 640 abstenturus
1102 593 1165 639 lttv.

252 720 416 796 impetrato
436 717 488 780 vel
507 724 650 780 emanato
671 719 736 792 uti,
759 729 813 776 seu
834 731 868 777 se
890 714 997 776 iuvare

251 813 283 874 in
312 801 424 874 iudicio
453 813 503 875 vel
535 822 621 875 extra
652 829 755 892 posse,
785 827 888 891 neque
920 811 997 889 ipsas

250 915 426 986 praesentes
448 914 479 970 et
500 908 632 986 desuper
659 905 864 970 conficiendas
893 905 997 967 literas

250 999 428 1080 apostolicas
449 1002 507 1064 sub
528 1000 690 1079 quibusvis
710 1000 860 1062 similium
873 999 923 1062 vel
938 999 995 1061 dis-

249 1095 399 1159 similium
412 1097 583 1172 gratiavum
595 1095 855 1170 revocationibus,
867 1108 995 1174 suspen-

249 1189 400 1264 sionibus,
422 1188 670 1265 limitationibus,
702 1188 994 1264 modificationibus,

249 1283 512 1360 derogationibus,
536 1283 663 1362 aliisque
684 1281 850 1346 contrariis
871 1281 996 1360 disposi-

249 1376 386 1440 tionibus
407 1378 501 1440 etiam
522 1393 579 1457 per
599 1394 656 1439 nos
677 1383 708 1439 et
731 1393 920 1440 successores
943 1393 996 1439 no·

249 1480 328 1535 stros
350 1471 504 1536 llomanos
525 1471 687 1535 Pontifices
699 1486 755 1550 pro
777 1479 916 1550 tempore
930 1471 996 1532 exi-

247 1574 376 1642 stentes,
399 1575 430 1630 et
456 1567 567 1631 Sedem
594 1567 800 1646 Apostolicam
829 1567 994 1645 praelatam

248 1665 342 1726 etiam
363 1662 448 1726 Motu
475 1663 585 1740 simili,
609 1663 701 1726 etiam
727 1661 993 1738 consistorialiter,

248 1775 284 1820 ex
308 1757 496 1835 quibuslibet
511 1758 619 1832 causis,
633 1765 663 1819 et
678 1755 736 1819 sub
750 1757 910 1835 quibusvis
925 1771 995 1819 ver-

249 1851 359 1914 borum
393 1851 552 1914 tenoribus
573 1858 604 1912 et
629 1850 748 1927 lormis,
770 1867 803 1913 ac
825 1865 895 1912 oum
927 1851 995 1928 qui-

247 1947 354 2009 busvis
375 1945 520 2008 clausulis
540 1952 572 2007 et
594 1945 736 2021 decretis,
760 1945 878 2007 etiamsi
901 1944 994 2005 ineis

246 2040 284 2102 dc
306 2041 422 2103 eisdem
433 2079 435 2082 v
446 2038 670 2118 praesentibus
686 2055 856 2119 earumque
871 2048 934 2103 toto
951 2049 994 2103 te·

246 2151 337 2209 nore,
350 2151 383 2196 ac
397 2134 466 2196 data
481 2134 619 2213 specialis
634 2136 753 2197 mentio
768 2137 831 2210 liat,
846 2141 900 2214 pro
916 2144 994 2198 tem·

246 2244 321 2307 pore
352 2227 450 2302 lactis,
472 2235 503 2289 et
534 2229 702 2304 concessis,
725 2246 759 2292 ac
788 2228 934 2292 iaciendis
964 2239 993 2294 et

245 2322 451 2386 concedendis
472 2323 704 2401 comprehendi,
717 2323 768 2386 sed
786 2332 942 2403 tamquam
957 2327 991 2389 ad

246 2417 318 2481 fidei
340 2415 505 2478 catholicae
525 2417 778 2496 propagationem
800 2425 830 2479 et
852 2419 995 2496 spiritua·

245 2511 308 2573 lem
329 2511 506 2573 animarum
527 2509 701 2590 proiectum
730 2514 893 2574 tendentes
913 2529 993 2576 sem-

245 2611 352 2683 peret
380 2603 510 2665 omnino
531 2603 568 2665 ab
594 2603 655 2665 illis
680 2605 790 2683 excipi,
814 2612 845 2668 et
874 2608 993 2684 quoties

244 2696 316 2759 illae
338 2696 538 2768 emanabunt,
553 2698 642 2759 toties
664 2697 697 2760 in
713 2698 880 2777 pristinum
896 2707 927 2761 et
942 2717 992 2761 va·

243 2790 443 2865 lidissimum,
466 2805 499 2852 ac
520 2807 604 2866 eum,
628 2791 659 2852 in
681 2799 843 2870 quoantea
865 2808 993 2872 quomo-

244 2883 360 2945 dolibet
380 2891 481 2958 erant,
504 2891 620 2946 statum
641 2885 810 2960 restitutas,
833 2889 991 2964 repositas,

244 2982 275 3038 et
296 2976 435 3055 plenario
456 2977 670 3054 reintegratus,
687 2980 773 3042 aede
794 2995 876 3040 novo
897 2979 990 3042 etiam

244 3071 302 3132 sub
316 3085 513 3149 quacumque
523 3071 685 3149 posteriori
700 3071 768 3134 data
783 3075 990 3152 quandocum-

245 3179 305 3242 que
327 3163 468 3240 eligenda
490 3178 646 3226 concessas
667 3181 733 3226 esse
755 3173 786 3227 et
806 3165 882 3229 lore.

82 3264 225 3312 irasciturus
285 3256 397 3334 sicque
417 3263 448 3318 et
470 3272 532 3318 non
555 3256 627 3318 alias
643 3257 675 3320 in
696 3259 870 3336 praemissis
891 3261 991 3322 omni-

72 3318 177 3376 pnlibeiur.

243 3352 300 3413 bus
321 3357 352 3412 et
381 3350 511 3428 singulis
537 3366 593 3428 per
623 3365 837 3431 quoscumque
873 3353 991 3416 iudices

244 3446 338 3508 etiarn
365 3461 527 3508 causarum
552 3443 657 3524 palatii
684 3445 840 3524 apostolici
872 3447 991 3510 audito-

242 3556 309 3615 res,
334 3557 367 3601 ao
390 3539 420 3602 S.
439 3539 475 3600 li.
493 3539 528 3601 E.
557 3539 732 3603 cardinales
760 3542 852 3604 etiam
879 3544 916 3605 de
949 3543 990 3605 la-

243 3644 309 3698 tere
330 3635 472 3712 Legatos,
496 3635 698 3713 vicelegatos,
721 3635 884 3716 dictaeque
904 3635 989 3699 Sedis

242 3728 390 3806 Nuncios,
408 3747 440 3791 ac
455 3728 530 3791 alios
551 3747 775 3809 quoscumque,
792 3733 900 3812 quavis
921 3751 988 3798 airc-

243 3825 378 3899 toritate,
401 3831 562 3900 potestate,
586 3827 796 3903 praerogativa
818 3835 849 3890 et
864 3828 990 3906 privile·

242 3919 304 3996 gio,
327 3935 361 3981 ao
380 3919 500 3980 bonore
513 3925 545 3979 et
560 3920 803 3997 praeeminentia
819 3921 987 3999 fulgentes,

241 4011 359 4074 sublata
381 4013 423 4073 eis
446 4019 477 4074 et
497 4027 607 4075 eorum
622 4013 749 4076 cuilibet
770 4015 878 4094 quavis
900 4016 989 4078 aliter

162 4184 164 4188 γ
242 4107 393 4170 iudicandi
416 4112 447 4168 et
468 4106 692 4184 interpretandi
715 4107 859 4171 facultate
873 4117 904 4171 et
919 4126 988 4173 auc-

242 4201 366 4264 toritate
388 4201 419 4262 in
443 4215 643 4279 quocumque
665 4202 789 4279 iudicio,
805 4211 837 4265 et
858 4204 891 4265 in
915 4222 988 4284 qua·

242 4311 376 4373 cumque
403 4294 547 4355 instantia
575 4293 703 4357 iudicari
731 4303 761 4357 et
786 4297 909 4359 deliniri
937 4300 988 4360 de·

241 4390 324 4464 bere,
338 4398 369 4451 et
384 4389 408 4450 si
429 4404 518 4450 secus
537 4405 629 4467 super
652 4389 698 4450 bis
713 4407 729 4450 a
744 4407 899 4469 quoquam
915 4409 987 4471 qua·

242 4483 286 4544 vis
300 4482 494 4557 auctoritate,
510 4482 643 4545 scienter
657 4484 707 4545 vel
721 4484 902 4560 ignoranter
915 4502 988 4548 oon-

243 4577 346 4654 tigerit
374 4575 536 4651 attentari,
560 4575 687 4639 irritum
709 4585 740 4640 et
761 4577 857 4640 inane
884 4581 987 4644 decer-

243 4687 357 4733 nimus.

90 4770 226 4827 nsqoeon-
280 4763 350 4826 Non
374 4764 565 4828 obstantibus
579 4765 795 4829 lateranensis
806 4769 935 4832 concilii
951 4769 988 4831 ab

73 4824 129 4871 trariis.

243 4857 377 4922 ecelesiis
405 4858 542 4920 membra
571 4860 722 4937 distingui
745 4869 776 4923 et
796 4857 892 4924 dividi
918 4879 988 4942 pro-

242 4949 392 5028 hibentis,
410 4970 443 5014 ac
465 4955 578 5016 nostris
594 4960 624 5016 et
640 4954 844 5017 Cancellariae
860 4956 986 5034 Aposto-

242 5045 315 5107 ltcae
336 5047 454 5123 regulis
468 5049 506 5110 de
521 5048 588 5109 iure
604 5048 742 5126 quaesito
764 5065 828 5111 non
849 5047 987 5110 tollendo

242 5146 271 5200 et
291 5139 618 5203 dismembrationibus
643 5143 883 5218 committendis,
907 5141 987 5203 aliis-

242 5249 299 5310 que
322 5232 355 5293 in
378 5235 568 5297 contrarium
598 5236 836 5312 praemissorum
858 5250 988 5314 quomo-

242 5326 354 5388 dolibet
376 5327 467 5390 editis
488 5327 538 5388 vel
563 5329 700 5404 edendis,
724 5329 817 5390 etiam
839 5329 871 5390 in
896 5345 987 5408 syno-

243 5420 377 5495 dalibus,
409 5421 669 5500 provincialibus,
697 5421 987 5502 universalibusque

241 5513 390 5589 conciliis,
414 5513 595 5593 specialibus
617 5515 666 5578 vel
694 5516 890 5592 generalibus
914 5533 986 5580 eon·

241 5606 453 5670 stitutionibus
475 5614 505 5669 et
526 5608 773 5670 ordinationibus
801 5609 984 5687 apostolicis,

242 5699 398 5778 dictaeque
416 5700 561 5762 eeclesiae
576 5701 730 5763 Fluminis
745 5701 877 5764 lanuarii
892 5704 984 5765 etiam

242 5791 415 5871 iuramento
432 5794 582 5856 roboratis
597 5795 730 5870 statutis,
743 5811 775 5858 ac
790 5794 984 5872 lundatione,

242 5888 395 5950 erectione
414 5895 445 5950 et
468 5888 681 5965 institutione,
709 5889 882 5967 privilegiis
911 5907 984 5968 qno·

242 5995 314 6059 que,
341 5980 470 6043 indultis
500 5988 531 6043 et
556 5979 654 6044 literis
682 5982 853 6062 apostolicis
882 5983 983 6047 eidem

1021 1763 1024 1773 a

1021 1776 1024 1911 l

1721 569 1780 634 aba

1054 713 1198 794 ecclesiae
1219 714 1372 778 Fluminis
1392 714 1537 788 ianuarii,
1553 714 1700 792 illiusque
1714 729 1799 792 prae-

1053 806 1112 868 suli
1134 823 1188 886 pro
1212 817 1350 888 tempore
1372 809 1529 883 existenti,
1551 808 1686 887 capitulo
1707 816 1738 870 et
1753 825 1798 870 ca-

1055 903 1185 978 nonicis,
1198 919 1232 966 ac
1247 903 1405 982 quibusvis
1426 903 1492 965 aliis
1507 903 1645 982 personis
1659 903 1718 965 sub
1732 903 1799 981 qni·

1053 996 1245 1074 busoumque
1276 997 1435 1059 tenoribus
1460 1003 1490 1059 et
1518 996 1642 1074 formis,
1666 1012 1699 1059 ac
1726 1011 1797 1058 cum

1052 1089 1212 1168 quibusvis
1235 1091 1616 1168 etiam-derogatoriarum
1639 1089 1799 1166 derogato

1052 1187 1116 1262 riis,
1139 1187 1267 1266 aliisque
1288 1187 1520 1261 efficacioribus,
1537 1184 1751 1249 efficacissimis
1767 1191 1797 1245 et

1052 1282 1183 1344 insolitis
1205 1281 1366 1358 clausulis,
1395 1282 1653 1360 irritantibusque
1675 1289 1705 1343 et
1730 1282 1797 1343 aliis

1051 1377 1180 1438 decretis
1197 1374 1227 1437 in
1244 1391 1359 1452 genere
1376 1376 1424 1438 vel
1442 1376 1473 1438 in
1488 1377 1589 1455 specie
1604 1376 1697 1438 etiarn
1712 1377 1796 1440 llotu

1049 1469 1153 1546 simili,
1177 1487 1210 1534 ao
1231 1471 1323 1534 etiam
1356 1470 1620 1544 consistorialiter,
1646 1470 1696 1531 vel
1726 1469 1798 1531 alias

1050 1566 1083 1627 in
1098 1565 1287 1628 contrarium
1304 1566 1545 1644 praemissorum
1565 1563 1797 1643 quomodolibet

1050 1659 1211 1735 concessis,
1234 1661 1424 1722 confirmatis
1440 1667 1471 1722 et
1491 1658 1661 1720 innovatis:
1685 1657 1796 1736 quibus

1049 1756 1195 1818 omnibus
1217 1763 1248 1817 et
1261 1756 1404 1832 singulis,
1421 1756 1540 1818 etiarnsi
1557 1771 1611 1835 pro
1632 1753 1796 1817 sufficienti

1049 1847 1176 1910 illorum
1197 1849 1397 1926 derogatione
1418 1852 1456 1912 de
1478 1849 1538 1911 illis
1557 1863 1729 1927 eorumque
1752 1854 1798 1908 to-

1051 1943 1088 2004 tis
1110 1945 1272 2007 tenoribus
1292 1943 1440 2023 specialis,
1467 1945 1617 2023 specifica,
1641 1960 1794 2022 expressa,

1050 2045 1080 2099 et
1101 2037 1260 2100 individua
1289 2037 1407 2099 mentio
1433 2037 1587 2114 iacienda,
1615 2045 1668 2100 aut
1696 2038 1796 2116 eliqua

1049 2131 1105 2192 alia
1127 2130 1278 2210 exquisita
1300 2129 1446 2194 iormaad
1467 2131 1525 2194 boc
1538 2131 1688 2194 servanda
1703 2131 1795 2208 ioret,

1049 2241 1159 2288 eorum
1186 2233 1310 2290 tenores
1342 2227 1457 2290 eisdem
1479 2226 1703 2304 praesentibus,
1727 2241 1795 2304 per·

1049 2319 1121 2381 inde
1142 2319 1220 2382 acsi
1242 2321 1280 2382 de
1301 2321 1396 2382 verbo
1417 2322 1452 2383 ad
1475 2321 1619 2396 verbum,
1643 2320 1722 2383 nibil
1743 2337 1795 2400 pe-

1049 2413 1133 2475 nitus
1155 2414 1279 2488 omisso,
1293 2413 1342 2476 bic
1357 2413 1465 2476 inserti
1488 2413 1603 2489 forent,
1625 2428 1681 2494 pro
1702 2414 1794 2492 plene

1049 2516 1079 2569 et
1099 2506 1290 2568 sufficienter
1306 2507 1458 2586 expressis
1479 2514 1510 2568 et
1531 2505 1656 2569 insertis
1680 2509 1796 2570 baben-

1047 2608 1105 2676 tes,
1131 2601 1192 2662 illis
1213 2600 1286 2662 alias
1307 2600 1339 2661 in
1361 2617 1417 2662 suo
1439 2601 1550 2663 robore
1571 2601 1793 2685 permansuris,

1048 2692 1083 2754 ad
1111 2693 1353 2772 praemissorum
1390 2693 1533 2754 omnium
1569 2693 1795 2756 validissimum

1047 2787 1193 2850 ellectum
1221 2787 1276 2848 bac
1303 2785 1372 2849 vice
1396 2785 1566 2861 dumtaxat,
1596 2786 1743 2848 latissime
1764 2795 1795 2850 et

1047 2880 1236 2959 plenissime,
1250 2897 1283 2942 ac
1303 2880 1504 2953 sufficienter,
1517 2896 1574 2942 neo
1596 2897 1659 2942 non
1681 2881 1794 2959 specia-

1047 2974 1119 3036 liter
1144 2983 1174 3036 et
1202 2989 1343 3051 expresse
1371 2979 1459 3034 moto
1481 2973 1576 3034 simili
1598 2973 1792 3051 derogamus,

1046 3067 1235 3145 caeterisque
1254 3065 1417 3129 contrariis
1439 3065 1699 3145 quibuscumque,
1721 3082 1793 3130 cum

1046 3160 1191 3225 clausulis
1213 3159 1405 3239 opportunis.

1220 3348 1294 3413 Fiat
1318 3349 1408 3416 Motu
1429 3351 1560 3429 proprio
1583 3349 1619 3410 P.

1086 3543 1125 3605 Et
1146 3543 1183 3605 de
1204 3541 1367 3632 divisione,
1390 3541 1608 3620 assignatione,
1623 3543 1790 3619 erectione,

1045 3635 1253 3711 institutione,
1277 3636 1481 3711 subiectione,
1504 3637 1718 3715 applicatione,
1741 3653 1792 3717 ap·

1045 3729 1264 3808 propriatione,
1281 3731 1503 3807 reservatione,
1520 3717 1728 3810 concessione,
1742 3733 1793 3794 de·

1044 3829 1138 3898 creto,
1151 3823 1361 3900 exemptione,
1374 3824 1568 3899 liberatione,
1579 3825 1790 3901 derogatione,

1044 3918 1175 3998 aliisque
1197 3920 1383 3998 praemissis
1408 3927 1441 3982 ut
1462 3935 1565 3998 supra,
1583 3919 1614 3988 in
1637 3920 1735 3982 literis
1751 3919 1791 3980 la·

1044 4013 1160 4074 tissime
1174 4013 1390 4088 extendendis,
1407 4020 1437 4074 et
1453 4015 1533 4093 quod
1550 4013 1789 4091 praemissorum

1043 4107 1186 4168 omnium
1208 4114 1239 4169 et
1264 4107 1475 4185 singulorum,
1498 4109 1590 4170 etiarn
1612 4108 1792 4170 denomina-

1044 4199 1177 4274 tionum,
1208 4201 1410 4278 qualitatum,
1434 4201 1719 4281 nuncupationum,
1743 4202 1790 4263 in·

1043 4293 1253 4369 vocationum,
1262 4293 1457 4373 aliorumque
1469 4295 1713 4357 necessariorum
1727 4309 1790 4354 ma-

1042 4386 1090 4447 ior
1111 4394 1142 4448 et
1163 4388 1268 4450 verior
1288 4389 1472 4466 specificatio
1493 4396 1524 4451 et
1543 4388 1699 4467 expressio
1722 4387 1789 4449 lieri

1043 4482 1137 4560 possit
1159 4483 1190 4543 in
1214 4482 1312 4544 literis
1333 4499 1405 4546 com
1427 4483 1561 4546 clausula
1584 4490 1735 4561 perpetuo
1759 4489 1790 4543 et

1042 4577 1077 4637 ad
1099 4585 1279 4655 perpetuam
1303 4578 1348 4639 rei
1369 4578 1550 4641 memoriam
1566 4576 1741 4656 separatim,
1758 4581 1790 4636 et

1043 4671 1141 4747 quoad
1164 4670 1350 4750 praelaturas
1372 4673 1520 4751 praelatas
1541 4688 1596 4751 per
1614 4671 1713 4739 Breve
1735 4684 1790 4729 no·

1043 4772 1155 4839 strum,
1179 4781 1233 4826 seu
1255 4765 1391 4827 odicium
1413 4766 1544 4828 minoris
1559 4766 1674 4843 gratiae
1696 4763 1788 4826 etiam

1042 4858 1205 4936 separatim
1237 4861 1453 4938 expediendas.
1489 4859 1641 4922 Volumus
1670 4865 1787 4932 autern,

1042 4969 1076 5014 ac
1096 4953 1262 5015 statuimus
1272 4961 1304 5014 et
1319 4953 1510 5029 ordinamus
1524 4955 1605 5034 quod
1617 4955 1788 5032 respective

1042 5046 1143 5108 clerus
1165 5053 1195 5108 et
1216 5046 1359 5126 populus,
1381 5048 1494 5126 aliique
1515 5049 1632 5110 incolae
1652 5057 1683 5111 et
1704 5048 1789 5111 babi-

1044 5147 1155 5202 tatores
1176 5140 1233 5202 sub
1253 5140 1437 5219 praelaturis
1458 5141 1623 5204 Goiasiensi
1646 5149 1677 5204 et
1699 5143 1789 5205 Cuia-

1041 5233 1148 5295 baensi
1176 5249 1231 5312 per
1261 5244 1437 5312 praesentes
1469 5236 1578 5297 erectis
1610 5235 1788 5299 huiusmodi

1041 5328 1257 5406 comprehensi
1280 5328 1312 5389 in
1334 5328 1392 5403 bis,
1415 5344 1493 5406 quae
1517 5335 1593 5390 sunt
1614 5329 1730 5390 ordinis
1752 5329 1786 5388 ad

1042 5419 1213 5498 praelatum
1235 5419 1503 5500 Archieptscopum
1527 5421 1630 5484 Sancti
1653 5422 1788 5486 Salvato-

1042 5513 1099 5588 ris,
1122 5513 1233 5574 habitis
1254 5521 1358 5576 tamen
1381 5532 1395 5575 a
1417 5515 1480 5576 suis
1507 5515 1676 5593 respective
1701 5532 1789 5593 prae·

1041 5605 1148 5668 laturis
1170 5605 1337 5668 Goiasiensi
1360 5613 1391 5668 et
1407 5607 1586 5674 Gniabacnsi
1609 5609 1786 5671 buiusmodi

1040 5698 1127 5760 adid
1150 5700 1248 5762 literis
1270 5701 1534 5776 dimissorialibus,
1560 5717 1721 5763 recurrere
1744 5710 1787 5765 te·

1040 5800 1190 5856 neantuc:
1215 5795 1401 5873 quandoque
1416 5794 1542 5874 praelati
1557 5794 1741 5858 Goiasiensis
1756 5805 1787 5858 et

1040 5887 1237 5951 Cuiabaensis
1268 5887 1394 5966 praelati
1426 5889 1546 5951 ratione
1581 5905 1786 5968 personarum

1039 5996 1166 6044 suarum
1188 5983 1349 6044 dumtaxat
1377 5982 1557 6059 visitationi,
1587 5983 1784 6062 correctioni,

1830 567 1885 620 An.
1899 568 1929 620 G.
1951 565 2019 618 1746

1835 4865 1941 4909 Decreta
1954 4863 2019 4908 Pon-

1807 4915 1889 4963 tiliois.
