4744 6976
884 569 1081 619 beneolentis
1102 571 1168 618 xlv.

250 691 409 756 consortio
439 693 593 771 perpetuo
621 687 829 769 prohibebam
857 693 888 750 et
920 689 995 753 hoec

248 781 424 863 prohibitio
444 789 598 862 perpetuo
619 787 666 844 act
688 781 894 848 observando.
924 784 997 860 Oui·

249 876 307 939 bns
327 876 431 938 verbis
460 881 614 955 perpetuo
638 873 841 956 prohibetur,
871 883 903 938 et
922 891 995 955 pro-

250 967 366 1034 hibitio
385 974 539 1048 perpetuo
565 973 613 1031 ost
635 967 842 1040 obseruando,
871 985 927 1049 pro
948 986 994 1045 ea,

250 1079 310 1142 qua
330 1061 439 1142 polles,
456 1077 613 1126 moenum
635 1063 774 1138 scientia,
794 1062 884 1141 plane
906 1062 996 1126 intel-

248 1154 331 1233 ligis,
353 1155 616 1234 impedimentum
637 1155 803 1232 designari,
820 1157 902 1234 quod
917 1156 996 1218 ado·

249 1247 386 1312 ctoribus
408 1249 559 1311 dirimens
574 1248 757 1328 appellatur,
775 1247 924 1327 illudque,
941 1263 996 1326 per

249 1340 342 1404 holus
357 1342 519 1405 decretalis
533 1348 728 1417 contextum,
741 1340 777 1402 ad
792 1357 896 1404 casnm
911 1357 999 1420 prae·

249 1437 389 1499 cedentis
409 1435 658 1512 machinationis,
672 1442 725 1498 aut
739 1435 818 1515 pacti
834 1435 994 1510 connubii,

248 1530 407 1592 coarctari.

84 1641 231 1694 mansuro
289 1623 379 1698 537.
405 1623 552 1715 Superest
572 1639 668 1700 nunc,
692 1629 738 1701 ut,
754 1625 826 1688 licet
847 1623 997 1704 prolixior

68 1693 231 1810 ξςξξζῆξῃξω·
248 1716 312 1779 iam
324 1719 401 1782 haec
421 1719 549 1797 epistola
564 1720 710 1796 evaserit,
726 1735 819 1800 quam
834 1721 923 1782 nobis
938 1721 997 1783 ini·

249 1811 294 1873 tio
314 1813 508 1890 propositum
531 1812 643 1887 luerat,
660 1813 760 1892 aliqua
782 1821 886 1876 tamen
909 1813 998 1875 adda-

148 1926 152 1936 ·
248 1919 331 1980 mus,
340 1921 419 1985 qnae
429 1905 530 1970 adbuc
540 1907 644 1984 legere
655 1923 719 1969 non
731 1907 998 1986 graverisquem-

247 1997 418 2061 admodum
452 2001 628 2079 praemissis
663 2003 824 2080 hucusque
855 2001 996 2064 animum

248 2090 405 2170 patienter
425 2093 604 2156 adhibuisti.
628 2093 691 2156 Nec
712 2095 810 2170 enim,
828 2093 997 2156 levioribus

248 2185 484 2262 praetermissis,
506 2187 707 2267 quidquama
729 2189 818 2252 nobis
836 2187 998 2268 praeteriri

248 2279 338 2342 decet
348 2296 385 2342 ex
397 2280 456 2356 bis,
469 2297 548 2360 quae
558 2279 591 2342 in
603 2279 702 2343 literis
712 2280 915 2344 lraternitatls
927 2287 999 2344 tuae

249 2375 403 2454 graximis
423 2384 498 2440 sunt
520 2379 666 2458 ponderis
687 2388 718 2441 et
739 2377 904 2440 momenti.

69 2493 231 2596 affictas».
290 2473 309 2548 ἓ
330 2469 379 2533 38.
402 2469 677 2548 Legitimationem
692 2472 787 2550 prolis
803 2487 840 2534 ex
851 2471 953 2534 soluto
967 2477 998 2532 et

249 2565 351 2630 soluta
371 2574 560 2646 procreatae,
583 2581 663 2646 qnae
678 2567 712 2628 fit
726 2581 782 2645 per
803 2565 997 2644 subsequens

250 2659 507 2735 matrimonium,
521 2727 522 2730 ,
537 2676 575 2722 ex
595 2659 780 2722 sacramenti
806 2659 925 2722 virtute
945 2657 999 2721 de-

249 2751 414 2814 rivandam
435 2761 614 2832 essemus,
631 2755 740 2816 eodem
756 2753 930 2816 Alexandro
947 2751 995 2814 lll.

249 2856 390 2923 auctore,
413 2849 467 2927 qui
487 2849 547 2911 ait:
577 2849 680 2913 Tanta
702 2853 749 2910 eat
771 2849 855 2911 euim
871 2850 919 2911 oie
942 2821 1000 2913 So?

249 2944 421 3016 crementi,
439 2950 490 3017 ut,
507 2946 562 3022 gui
583 2951 680 3009 anteo
695 2949 775 3008 aunt
796 2944 911 3026 perciti,
927 2949 998 3023 post

249 3041 458 3100 contractum
480 3038 729 3100 matrimonium
751 3037 936 3103 habeantur
958 3038 998 3100 te-

249 3130 371 3211 gitimi.
401 3130 492 3194 Unde
518 3133 642 3208 arguis,
666 3133 759 3212 quod,
783 3132 809 3194 si
835 3132 885 3194 isti
908 3147 946 3194 ex
967 3133 999 3194 ri

248 3224 436 3286 sacramenti
457 3224 685 3302 legitimantur,
703 3226 783 3288 nihil
797 3225 909 3301 obstat,
925 3241 1000 3304 que

248 3317 357 3380 minus
382 3317 439 3379 tilii
469 3317 584 3396 pariter
604 3333 644 3380 ex
672 3319 825 3382 adulterio
852 3319 998 3397 suscepti,

248 3411 332 3476 tenti
352 3412 538 3475 sacramenti
559 3412 688 3488 virtute,
704 3413 837 3491 legitimi
855 3413 997 3477 evadant.

23 3599 24 3602 Ἴ
70 3521 189 3623 ‘rugam
193 3521 233 3622 ⁸13-
291 3506 382 3584 539.
408 3504 525 3568 Verum
556 3508 609 3570 ubi
630 3523 647 3567 a
668 3515 700 3570 te
724 3507 856 3585 legitur:
896 3507 1000 3570 Tanto

23 3605 25 3688 Ι
70 3629 120 3678 lorti.

251 3607 299 3664 est
321 3601 370 3664 oia
391 3603 604 3676 sacramenti,
633 3619 689 3665 nos
716 3603 867 3680 legimus:
897 3601 999 3664 Tanto

250 3698 298 3755 est
321 3694 370 3756 oia
390 3695 608 3768 matrimonii,
627 3697 890 3776 quemadmodum
905 3693 999 3772 scrip

250 3795 323 3850 tum
344 3795 390 3850 est
411 3789 444 3850 in
472 3787 618 3851 decretali
647 3789 815 3852 Alexandri
844 3789 893 3852 lll.
921 3786 996 3866 Cap.

256 3879 374 3953 Tanta,
399 3879 462 3956 Qui
481 3879 544 3960 utto·
565 3881 634 3944 sint
650 3881 798 3961 legitimi.
822 3881 908 3957 Quod
923 3880 949 3942 si
964 3881 1000 3944 ad

251 3973 410 4050 integram
419 3973 704 4055 decretalem‚quae
715 3979 794 4055 apud
804 3975 999 4039 Hardninom

251 4073 312 4142 est,
328 4066 468 4130 demere
489 4083 648 4146 provoces,
671 4085 828 4146 rogamus,
848 4085 889 4132 ne
911 4077 941 4132 te
957 4068 1000 4149 pi-

252 4168 323 4239 geat
343 4162 376 4224 in
398 4163 576 4241 marginem
597 4180 721 4244 quoque
742 4164 848 4227 oculos
868 4163 1002 4228 coniice-

234 4271 302 4332 ·re;
326 4256 369 4318 ibi
389 4256 487 4334 enim,
511 4258 577 4321 loeo
606 4260 694 4322 verbi
715 4259 926 4331 sacramenti,
950 4257 1000 4321 ad-

98 4329 233 4419 xouoonaot
252 4355 398 4413 notatum
424 4351 560 4429 reperies
581 4351 665 4415 aliod
694 4347 907 4416 matrimonii.
936 4349 1001 4415 Nec

72 4419 234 4521 ξὲζᾞξῖζ
251 4441 344 4505 aliter
364 4442 502 4522 prolecto
528 4460 577 4507 res
597 4461 630 4506 se
651 4444 764 4508 habere
785 4453 917 4524 poterat.
946 4443 1001 4507 Vis

23 4559 25 4592 ἑ
72 4508 234 4590 uminiaatica

23 4617 25 4642 Σ
73 4584 156 4635 puram

251 4535 340 4598 enim
361 4551 395 4597 ac
417 4536 550 4614 dignitas
581 4538 792 4615 matrimonii,
822 4554 882 4617 qna
902 4554 1000 4602 sacra-

251 4636 399 4692 mentum
426 4637 489 4708 est,
511 4631 544 4692 in
567 4645 604 4694 eo
625 4639 670 4694 est
696 4633 806 4710 posita,
830 4633 912 4710 quod
933 4648 1001 4710 gra·

251 4721 329 4783 tiam
346 4723 593 4787 sanctificantem
607 4725 739 4802 contero,
755 4728 837 4804 quod
850 4725 1001 4789 unionem

250 4802 476 4894 hyposlaticam
506 4815 600 4881 Verbi
629 4819 733 4882 bivini
765 4835 836 4883 cum
865 4822 1000 4883 humana

251 4915 364 4971 natura
386 4919 608 4988 repraesentat,
631 4911 801 4991 itidemque
823 4913 1001 4992 illamqua

251 5001 395 5065 Christus
416 5018 489 5065 cum
500 5004 635 5068 Ecclesia
649 5021 705 5085 per
719 5006 849 5083 gratiam
870 5007 1002 5070 conlun-

252 5095 356 5173 gitnr;
379 5111 443 5158 nnn
466 5104 571 5160 autem
593 5099 625 5159 in
638 5115 674 5160 eo
688 5099 745 5161 sita
760 5107 817 5175 est,
833 5101 916 5178 quod
930 5116 1000 5179 spu·

250 5187 332 5250 riam
343 5189 464 5269 prolem
476 5190 780 5267 legitimametliciat.
794 5191 904 5272 Neque
915 5193 1001 5255 enim

250 5285 334 5346 hanc
354 5284 521 5346 eldcaciam
542 5285 626 5348 lesus
648 5286 790 5349 Christus
812 5287 923 5349 tribuit
937 5302 1000 5348 ma·

252 5377 417 5454 trimcnio,
432 5393 532 5456 quum
553 5378 630 5464 illud
645 5380 680 5441 ad
696 5379 883 5456 dignitatem
904 5397 1002 5443 sacra-

253 5471 355 5535 menti
382 5488 483 5535 norae
507 5471 584 5548 legis
611 5472 730 5550 evexit;
754 5474 806 5535 sed
829 5471 860 5534 id
880 5473 918 5535 ab
946 5473 1002 5536 Ec·

252 5568 344 5632 alesia
365 5567 546 5630 institutum
568 5574 625 5644 est,
647 5566 697 5627 coi
719 5565 844 5644 placuit,
860 5582 917 5646 pro
932 5585 1001 5632 auc-

253 5662 377 5724 toritate
398 5661 457 5723 sibi
478 5677 637 5736 concessa,
659 5665 814 5735 statuere,
838 5667 873 5723 ut
899 5661 1001 5739 proles

253 5761 341 5818 extra
362 5753 615 5830 matrimonium,
641 5769 706 5815 non
729 5761 834 5816 tamen
856 5769 896 5815 ex
917 5755 1002 5817 adul-

254 5849 345 5926 terio,
367 5855 538 5928 procreata,
555 5863 610 5926 per
627 5848 819 5927 subsequens
841 5848 1002 5911 matrimo-

254 5942 347 6005 nium
367 5941 509 6019 legitima
530 5942 632 6006 beret.

360 6089 413 6136 ror.
428 6088 500 6135 rom.
515 6088 713 6151 corrourio·
727 6089 842 6138 rorarii.
857 6089 913 6139 vox.
928 6091 971 6138 xxx.
1021 6153 1024 6160 Δ

1721 549 1781 615 209
1830 547 1884 606 An.
1898 552 1930 605 0.
1950 551 2021 606 trit

1092 690 1111 766 ἓ
1132 691 1181 755 to.
1206 689 1347 768 Denique
1367 689 1462 770 addis,
1479 690 1579 768 magis
1592 689 1800 752 abominatam
1853 711 1881 748 o.
1895 700 1932 747 xo
1950 709 2032 746 exem·

1052 786 1206 849 canonicis
1218 785 1338 863 legibus
1352 800 1418 847 esse
1439 785 1559 866 prolem
1579 786 1799 859 incestuosam,
1818 751 2033 864 ssi‘s’ffliifflssl

1053 879 1196 958 quamsit
1210 879 1311 958 proles
1326 877 1516 940 adulterina:
1541 877 1684 958 ideoque,
1700 893 1800 957 quum
1818 863 1929 908 ⁸⁸⁰⁰⁵³²

1053 971 1102 1033 illa
1119 973 1279 1034 interdum
1295 972 1433 1048 legitima
1449 973 1513 1047 fiat,
1529 972 1609 1036 hanc
1625 971 1719 1034 etiam
1734 971 1801 1050 pari

1052 1072 1106 1128 ant
1125 1064 1236 1127 maiori
1256 1065 1378 1128 ratione
1399 1065 1567 1144 legitimari
1587 1083 1687 1145 posse.
1705 1067 1800 1128 Porro

1054 1155 1247 1238 legitimatur
1267 1160 1369 1239 proles
1390 1161 1575 1237 incestuosa,
1599 1178 1656 1241 ope
1676 1163 1799 1240 dispen-

1053 1255 1191 1331 sationis,
1214 1271 1293 1334 quae
1314 1255 1427 1320 dicitur
1449 1255 1484 1318 iu
1501 1255 1610 1319 radice
1631 1257 1800 1320 matrimo-

1054 1349 1113 1411 nii.
1137 1349 1179 1411 Ut
1199 1355 1305 1416 antam
1333 1349 1511 1412 obtineatur
1539 1350 1717 1414 huiusmodi
1739 1350 1801 1413 dis-
1880 1353 2030 1418 ostenditur

1053 1443 1203 1522 pensatio,
1222 1458 1301 1520 quae
1315 1459 1379 1506 noo
1394 1443 1462 1505 sine
1476 1444 1697 1521 urgentissima
1711 1460 1799 1506 eausa
1817 1407 2031 1520 ffliuffito‘iffneanq

1054 1535 1179 1598 concedi
1201 1536 1377 1612 consuerit,
1400 1535 1572 1616 requiritur
1594 1534 1676 1614 quod
1697 1536 1799 1614 proles
1817 1513 2033 1625 ffissnssgssdffiffl]

1055 1637 1124 1692 nata
1144 1631 1186 1693 sit
1206 1647 1245 1692 ex
1265 1617 1374 1709 copula
1396 1646 1459 1693 non
1482 1630 1648 1696 maniteste
1669 1621 2029 1694 fornica-‘1¹¹⁰¹¹⁸¹¹¹⁸l¹i¹¹¹·

1054 1723 1116 1802 ria,
1144 1726 1197 1788 sed
1225 1726 1364 1804 putative
1391 1723 1632 1801 matrimoniali,
1655 1726 1801 1804 qnodque

1054 1817 1332 1898 impedimentum,
1362 1835 1424 1897 quo
1451 1817 1645 1880 matrimonii
1671 1818 1800 1880 nullitas

1054 1912 1179 1974 inducta
1201 1917 1257 1985 est,
1281 1927 1345 1982 nnn
1367 1928 1383 1973 a
1405 1912 1483 1974 iure¹
1502 1912 1610 1975 divino
1638 1917 1690 1978 aut
1711 1916 1802 1973 natu·

1054 2006 1123 2081 rali,
1146 2003 1198 2066 sed
1213 2005 1310 2068 aiore
1331 2003 1491 2069 dumtaxat
1512 2006 1717 2068 ecclesiastico
1731 2019 1803 2084 pro-

1054 2099 1169 2160 veniat.
1193 2098 1316 2178 Sicqne,
1333 2107 1364 2162 et
1386 2114 1450 2161 non
1475 2099 1582 2175 aliter,
1605 2099 1801 2176 legitimatus

1054 2191 1156 2271 proles
1188 2192 1376 2269 incestuosa,
1405 2193 1514 2269 rigore
1546 2193 1800 2271 dispensationis,

1054 2303 1133 2365 quae
1154 2287 1268 2350 dicitur
1282 2287 1318 2348 in
1333 2288 1440 2351 radice
1460 2287 1674 2351 matrimonii.
1698 2287 1801 2350 Tuum

1055 2382 1146 2445 modo
1167 2387 1214 2442 est
1234 2380 1412 2442 huiusmodi
1434 2380 1679 2444 circumstantias
1698 2386 1802 2460 aptare

1054 2475 1090 2536 ad
1112 2473 1347 2549 legimationem
1368 2473 1462 2552 prolis
1483 2490 1522 2537 ex
1542 2473 1693 2536 adulterio
1715 2473 1801 2550 genl-

1056 2575 1118 2642 tae3
1142 2567 1223 2646 quod
1244 2584 1317 2630 sane
1338 2585 1414 2648 opus
1436 2568 1556 2645 ingenii
1577 2565 1676 2629 nostri
1698 2567 1802 2630 tenui-

1056 2667 1149 2725 tatem
1171 2662 1318 2724 excedere
1339 2661 1483 2724 latemur.

1095 2759 1114 2834 ἓ
1135 2757 1184 2820 tl.
1208 2757 1363 2820 Hactenus
1384 2755 1572 2820 fraternitati
1593 2763 1664 2820 tuae
1684 2754 1801 2818 satisla-
1885 2759 2032 2808 rumonim

1055 2867 1124 2915 cere
1144 2851 1336 2926 studuimus,
1352 2850 1451 2929 quoad
1467 2851 1555 2912 nobis
1577 2851 1664 2914 licuit
1679 2867 1734 2930 per
1748 2864 1801 2910 an·
1820 2813 1956 2862 mmmm

1056 2945 1172 3024 gustias
1192 2946 1353 3023 temporis,
1366 2952 1402 3008 ut
1423 2943 1596 3022 plurimum
1615 2961 1726 3008 somno
1751 2945 1804 3010 de·

1056 3039 1163 3115 tracti,
1185 3054 1307 3102 moram
1324 3047 1470 3118 gerentes
1492 3039 1525 3100 in
1540 3040 1596 3101 hac
1611 3038 1749 3118 epistola,
1766 3047 1802 3103 ut

1056 3132 1146 3194 initio
1177 3131 1374 3209 dicebamus,
1397 3133 1511 3213 privati
1538 3133 1672 3196 doctoris
1699 3149 1802 3212 perso·

1056 3240 1140 3286 nam.
1174 3223 1264 3288 Nunc
1292 3227 1420 3289 demum
1447 3225 1594 3305 epistolae
1621 3233 1746 3289 nostrae
1767 3227 1802 3290 fi·

1057 3333 1131 3380 nem
1151 3317 1309 3395 facientes,
1327 3318 1471 3398 Supremi
1493 3319 1624 3382 Pastoris
1639 3328 1741 3399 partes
1755 3336 1803 3382 re-

1056 3411 1228 3487 sumimus,
1250 3418 1286 3475 ut
1307 3412 1504 3491 apostolicam
1530 3411 1586 3474 tibi
1614 3412 1801 3476 benedictio-

1057 3517 1132 3565 nem
1153 3505 1386 3583 impertiamnr;
1409 3513 1507 3586 utque
1528 3514 1684 3583 praeterea
1700 3512 1731 3569 te
1752 3507 1802 3569 ad·

1057 3615 1251 3679 moneamus,
1274 3601 1369 3678 qood,
1392 3616 1492 3679 quum
1512 3616 1565 3676 ea,
1588 3615 1667 3678 quae
1688 3602 1724 3664 ad
1745 3615 1802 3662 nos

1057 3693 1221 3772 scripsisti,
1244 3709 1260 3753 a
1289 3694 1372 3755 lusto
1401 3693 1579 3771 Henningio
1610 3694 1803 3756 Boehemero

1057 3784 1273 3864 (quantumvis
1294 3786 1413 3848 nullam
1436 3787 1472 3849 de
1494 3802 1531 3848 eo
1552 3786 1748 3849 mentionem
1759 3785 1805 3848 le·

1057 3877 1151 3957 ceris)
1171 3879 1212 3940 sis
1232 3886 1405 3955 mutuatus,
1427 3894 1526 3958 eaque
1546 3878 1744 3958 descripseris
1764 3895 1803 3940 ex

1057 3972 1124 4034 eius
1145 3988 1240 4051 opere
1259 3971 1297 4034 de
1311 3973 1382 4035 lure
1403 3973 1615 4035 Ecclesiastico
1628 3973 1804 4035 Protestan·

1057 4065 1138 4127 tium
1164 4065 1236 4126 Tem
1257 4067 1288 4126 1.
1317 4082 1390 4146 pag.
1417 4064 1496 4129 287.
1526 4069 1557 4128 ot
1585 4065 1802 4146 arguentibus,

1058 4159 1144 4223 iuxta
1164 4159 1293 4221 tertiam
1321 4159 1494 4223 editionem
1520 4175 1603 4222 anno
1634 4173 1801 4222 xoccxxx.

1057 4252 1139 4331 typis
1170 4252 1361 4332 impressam.
1401 4253 1500 4317 Sicuti
1531 4251 1692 4316 laudabilis
1723 4252 1805 4316 toret

1058 4343 1211 4408 industria
1231 4351 1295 4421 tua,
1317 4346 1344 4408 si
1365 4361 1400 4409 eo
1422 4355 1549 4410 auctore
1572 4361 1644 4410 usus
1665 4361 1747 4408 esses
1768 4345 1804 4408 ad

1059 4437 1252 4500 venerabiles
1273 4439 1427 4503 Ecclesiae
1454 4439 1630 4504 Catholicae
1651 4439 1805 4502 doctrinas

1057 4529 1273 4608 illustrandas,
1296 4539 1349 4595 aut
1370 4535 1396 4596 si
1421 4534 1524 4614 ipsum
1546 4535 1579 4596 in
1601 4535 1654 4608 iis,
1676 4533 1710 4594 in
1737 4531 1807 4612 qni-

1057 4623 1114 4686 bus
1136 4625 1225 4687 nobis
1246 4627 1438 4704 adversatur,
1461 4628 1623 4691 confutare
1643 4641 1806 4704 aggressus

1057 4731 1154 4794 esses;
1178 4718 1219 4780 ita
1240 4721 1477 4798 reprehensioni
1495 4727 1525 4782 te
1539 4719 1711 4783 obnoxium
1733 4718 1806 4781 leci-

1057 4813 1109 4888 sti,
1124 4813 1200 4876 dum
1215 4813 1299 4876 illius
1320 4829 1397 4894 opus
1415 4803 1588 4893 perlegere,
1605 4819 1698 4892 atque
1712 4813 1807 4875 etiam

1058 4907 1170 4969 tacitus
1194 4907 1412 4984 transcribere,
1428 4923 1581 4982 amoses,
1597 4913 1632 4970 ot
1646 4906 1682 4968 ad
1704 4908 1806 4984 impu-

1058 5001 1194 5076 gnandas
1215 5001 1382 5064 canonicae
1402 5001 1667 5080 iurisprudentiae
1680 5006 1808 5062 senten·

1057 5093 1114 5154 tias
1128 5093 1214 5156 inter
1225 5095 1414 5158 orthodoxos
1428 5096 1641 5158 communiter
1655 5099 1806 5172 receptas,

1057 5185 1240 5250 instructior
1261 5189 1430 5251 accederes.
1461 5191 1501 5252 ht
1523 5205 1564 5251 oe
1584 5188 1664 5250 torte
1686 5185 1808 5265 paterni

1057 5280 1150 5344 huius
1171 5283 1285 5346 moniti
1306 5285 1481 5349 libertatem
1501 5287 1534 5348 in
1550 5286 1664 5349 malam
1686 5292 1808 5365 partem

1057 5379 1197 5458 accipias,
1214 5380 1271 5442 tibi
1291 5395 1474 5458 persuasum
1495 5379 1654 5455 volumus,
1670 5393 1734 5442 non
1749 5378 1806 5442 ml-

1058 5491 1118 5537 nus
1144 5475 1267 5538 sincero
1292 5474 1428 5537 caritatis
1455 5473 1567 5536 allecto
1593 5489 1649 5535 nos
1671 5480 1702 5534 te
1723 5487 1807 5535 com-

1057 5568 1163 5648 plecti,
1185 5585 1218 5631 ae
1238 5567 1426 5631 fraternitati
1442 5573 1514 5630 tuae
1535 5567 1634 5630 lausto
1648 5566 1754 5654 omnia
1768 5583 1808 5630 ex

1057 5661 1163 5723 animo
1185 5660 1352 5741 adprecari.

1097 5756 1208 5819 Datum
1239 5756 1366 5831 Romae,
1395 5756 1475 5833 apud
1505 5754 1536 5819 S.
1560 5754 1687 5817 llariam
1715 5754 1808 5818 blain-

1058 5865 1138 5925 rem‚
1163 5849 1223 5911 sub·
1243 5847 1361 5911 annulo
1386 5847 1558 5924 Piscatoris‚
1574 5848 1624 5910 die
1639 5864 1668 5909 v.
1687 5848 1807 5911 decem·

1057 5943 1120 6006 bris
1135 5959 1322 6022 xoccxcrv,
1335 5941 1533 6022 pontificatus
1553 5941 1652 6006 nostri
1671 5957 1753 6004 anno
1775 5958 1805 6003 v.

1670 6091 1697 6137 u
