4744 6976
100 579 136 634 11.
146 574 168 627 (1.
184 565 243 620 1144

38 1498 40 1556 ,

38 1585 40 1676 t

272 711 301 770 et
320 702 440 780 singuli
461 701 610 780 praedicti
630 707 800 763 tencantur
813 700 921 762 diebus
936 698 1021 760 festis

269 797 405 866 tttissam¹
417 811 474 873 pro
496 795 612 874 populo
628 792 783 856 celebrare
804 800 836 856 et
856 792 1020 871 applicare,

271 895 421 964 attamen,
443 889 525 966 qnod
555 887 692 966 pertinet
715 885 750 946 ad
778 885 949 963 praedictos
971 899 1020 962 pa-

271 982 380 1048 rochos
401 988 542 1059 egentes,
567 978 737 1056 nnicuique
763 983 906 1040 vestrum
928 975 1023 1038 facul-

271 1080 368 1143 tttem
397 1073 613 1146 concedimnS,
636 1087 707 1134 cum
740 1071 788 1146 iis,
811 1086 889 1149 quos
911 1085 1021 1131 revere

270 1167 346 1236 tales
361 1181 429 1228 esse
443 1166 607 1240 noveritis,
620 1170 797 1242 opportune
811 1162 1020 1241 dispensandi,

271 1259 308 1326 ad
332 1263 391 1322 hoc
410 1267 458 1334 nt,
475 1258 568 1321 etiam
590 1258 699 1319 diebus
723 1257 807 1318 iestis
828 1255 1022 1328 huiusmodi,

273 1352 503 1429 eleemosynam
525 1350 562 1411 ab
582 1351 686 1428 aliquo
700 1349 751 1427 pio
772 1347 924 1410 offerente
946 1347 1023 1409 reci-

271 1461 347 1530 pere
369 1451 400 1507 et
414 1460 470 1523 pro
485 1444 551 1522 ipso
566 1439 754 1505 sacrificium
769 1440 933 1520 applicare,
950 1455 1023 1519 qua-

272 1547 369 1602 tenus
392 1539 421 1600 id
443 1537 481 1598 ab
501 1551 539 1598 eo
559 1535 750 1615 requiratur,
774 1533 872 1597 libere
893 1539 924 1594 et
940 1533 1024 1595 licite

272 1632 392 1711 possint
413 1637 444 1692 et
466 1629 608 1703 valeant;
638 1628 807 1694 dnmmodo
829 1627 864 1688 ad
887 1642 1025 1688 necesse-

274 1725 354 1787 riam
374 1723 482 1802 populi
503 1721 769 1794 commoditatem,
791 1720 823 1781 in
846 1719 910 1797 ipsa
930 1718 1024 1780 eccle

273 1818 317 1879 sia
338 1814 505 1895 parochiali
526 1814 652 1876 missam
667 1813 846 1889 celebrent;
869 1827 904 1873 ea
920 1818 1025 1874 tamen

274 1910 391 1972 adiecta
412 1906 604 1981 conditione,
621 1913 657 1968 ut
671 1913 717 1968 tot
736 1906 844 1967 missas
860 1903 940 1968 infra
952 1904 1027 1966 beb-

113 2013 165 2062 11111
181 2011 203 2056 in
218 2019 257 2060 or·
275 1998 439 2072 domadam
470 2013 526 2076 pro
552 1997 666 2076 populo
694 1995 866 2075 applicent,
895 2002 971 2073 quot
992 1995 1026 2056 in

38 2097 40 2132 1

93 2063 258 2122 rispamrhtce

38 2161 39 2164 ,
93 2117 258 2170 ramuncu-
276 2093 386 2156 diebus
407 2091 505 2165 lestis,
528 2090 609 2152 infra
629 2091 772 2152 eamdem
802 2087 1026 2150 hebdomadam

94 2174 258 2288 ‡3‡,¹,“,⁵³⁵}⁵,ffi¹3
275 2183 513 2247 occurrentibus
526 2182 611 2244 iuxta
619 2179 1026 2260 peculiaremjntentionem

38 2307 40 2372 3
94 2285 136 2327 ett-
276 2276 404 2338 alterius
426 2275 468 2354 pii
489 2272 695 2336 benefactoris
716 2271 898 2334 obtulerint.

102 2395 163 2442 naut
174 2401 258 2456 capp
316 2370 336 2444 ἓ
357 2368 386 2431 ii.
409 2369 494 2444 Quod
514 2374 620 2429 antem
634 2373 751 2444 spectat
766 2365 802 2426 ad
815 2364 945 2426 vicarios
961 2364 1027 2425 sive

93 2450 258 2552 ffifffflg
276 2477 464 2525 oeconomos
486 2459 687 2521 ecclesiarum
712 2457 905 2531 vacantium,
928 2470 1026 2534 quum

94 2555 257 2665 ggqngggflm
276 2571 293 2615 a
315 2553 408 2616 51616
430 2551 615 2614 Tridentino
637 2549 776 2612 Concilio
798 2549 853 2608 cit.
878 2564 953 2608 sess.
969 2547 1024 2606 24.

276 2662 348 2726 cop.
373 2647 426 2706 18.
450 2643 578 2706 cuilibet
589 2643 741 2721 Episcopo
756 2640 912 2703 tribuatur
932 2639 1028 2703 facul-

277 2747 323 2802 tas
344 2755 395 2800 eos
406 2737 575 2816 deputandi
588 2739 619 2797 et
634 2733 854 2810 constituendi,
872 2751 945 2796 com
957 2751 1027 2796 ccu-

277 2848 377 2913 9166,
399 2831 471 2892 cios
496 2827 655 2899 arbitrio,
683 2829 858 2908 fructuum
883 2826 1027 2904 portiani

275 2923 517 3004 assignandum
538 2930 679 2982 vestrum
708 2921 782 2994 erit,
807 2935 880 2982 ven.
904 2919 1027 2993 iratres,

276 3033 352 3082 eum
366 3018 405 3078 iis
423 3031 526 3093 agere,
548 3015 603 3092 qui
624 3013 761 3076 vacantis
780 3013 925 3075 ecclesiae
946 3012 1028 3075 fruc·

277 3117 331 3174 tus
353 3109 498 3186 exigunt,
519 3114 556 3170 ut
576 3107 683 3183 egenti
697 3105 824 3178 vicario,
839 3105 893 3183 qni
915 3105 1028 3182 exigua

276 3200 457 3267 huiusmodi
469 3207 628 3262 certorum
638 3197 1027 3274 fructuumassignatione,

277 3295 447 3376 paucisque
479 3292 606 3354 incertis
637 3290 842 3369 proventibus
875 3291 1028 3366 gandeat,

276 3402 457 3464 congruum
472 3385 597 3463 aliquod
612 3391 819 3460 angmentum
832 3383 1028 3461 praebeatur,

277 3495 336 3560 pro
358 3489 453 3542 onere
467 3477 643 3540 celebrandi
659 3482 690 3537 et
711 3475 885 3553 applicandi
904 3475 1029 3536 missam

38 3625 39 3628 ,
117 3570 474 3660 g,„,1„,propopulo
494 3570 603 3632 diebus
632 3567 729 3629 festis.
760 3568 953 3646 Quapropter
974 3582 1030 3646 pro

38 3717 39 3720 ,
93 3655 261 3705 111111111111·
279 3665 317 3726 iis
339 3665 425 3738 locis,
447 3663 479 3724 in
502 3661 615 3740 quibus
637 3661 835 3722 ecclesiarum
851 3659 1030 3721 vacantium

92 3712 261 3820 ffllw'a'
277 3757 420 3820 fructum
441 3755 478 3816 ad
503 3755 703 3818 commodum
733 3753 879 3816 Gamerae
901 3751 1031 3813 Nostrae

278 3849 476 3931 Apostolicae
496 3847 684 3923 eriguntur,
707 3851 881 3924 opportuna
911 3843 1031 3906 thesau-

277 3944 363 4006 rario
384 3949 492 4004 nostro
514 3939 653 4016 generali
680 3939 824 4000 mandata
853 3937 1029 4012 dirigimus,

277 4052 361 4116 quae
382 4037 407 4096 is
428 4033 621 4097 denunciare
642 4046 707 4093 non
730 4029 958 4109 praetermittet
979 4045 1032 4106 pe-

277 4127 449 4192 culiaribus
470 4125 626 4187 dictorum
642 4123 783 4184 locorum
801 4120 1030 4196 collectoribus,

277 4237 354 4285 cum
375 4219 488 4299 quibus
503 4217 644 4296 Episcopi
666 4215 887 4278 ecclesiasticae
908 4222 1031 4276 nostrae

278 4313 419 4390 ditionis,
442 4319 702 4388 caeterorumque
733 4308 887 4382 locorum,
910 4307 943 4367 iu
964 4307 1033 4385 qui-

277 4406 352 4480 bus,
374 4415 410 4466 ut
431 4403 616 4483 praefertur,
629 4401 832 4464 ecelesiarum
853 4399 1032 4462 vacantium

279 4499 402 4562 fructus
424 4498 459 4560 ad
481 4509 636 4560 cameram
648 4493 837 4571 praedictam
858 4491 1030 4570 pertinent,

278 4591 432 4654 officiisui
455 4597 557 4668 partes
578 4587 610 4647 in
627 4601 701 4648 eum
722 4585 831 4659 linem,
846 4584 885 4645 de
905 4599 967 4662 qno
981 4600 1031 4644 su·

278 4701 335 4764 pra
358 4684 506 4757 diximus,
528 4681 731 4758 interponere
752 4677 921 4739 debebunt.

38 4723 40 4802 ἓ
127 4801 261 4850 civisne
321 4778 342 4852 ἓ
365 4776 411 4838 10.
435 4776 478 4837 hc
500 4775 642 4846 demum,
663 4770 763 4848 quoad
785 4767 866 4843 illos,
888 4769 944 4847 qui
966 4776 1032 4830 tan-

94 4856 260 4956 ffimfidonffl
280 4883 378 4948 quam
390 4867 511 4940 vicarii,
523 4865 590 4926 sive
605 4861 760 4942 perpetui,
776 4862 843 4922 sive
856 4862 893 4922 ad
909 4870 1032 4939 tempus

38 4967 39 4970 ’
94 4961 261 5064 fflgffiq-
279 4961 457 5033 constituti,
473 4959 649 5019 animarum
671 4969 778 5017 curam
800 4954 1030 5028 administrant,

278 5069 361 5134 qnae
382 5051 461 5130 apud
475 5051 550 5112 alios
570 5048 678 5110 habitu
700 5047 827 5122 residet,
843 5047 964 5109 ratione
979 5045 1031 5108 ali-

278 5148 370 5210 cuius
391 5143 535 5207 ecclesiae
556 5140 749 5220 parochialis,
774 5141 914 5218 ipsorum
937 5139 1031 5202 eccle·

278 5241 347 5314 siis,
369 5253 423 5300 seu
444 5235 659 5306 monasteriis,
691 5233 848 5309 collegiis,
878 5239 931 5294 aut
957 5232 1031 5294 locis

278 5333 340 5412 piis
364 5331 441 5392 olim
462 5329 586 5404 unitae;
610 5325 753 5404 quamvis
774 5342 790 5385 a
812 5324 906 5387 recol.
932 5339 1028 5386 mem.

278 5425 516 5504 praedecessore
537 5429 644 5482 nostro
666 5417 697 5481 S.
715 5418 769 5479 Pio
791 5419 868 5496 Papa
884 5417 920 5479 V.
945 5432 1031 5496 prae-

278 5517 369 5578 finita
390 5516 486 5576 fuerit
497 5521 580 5576 certa
591 5529 660 5590 pars
674 5511 836 5572 fructuum
851 5509 1031 5572 huiusmodi

278 5609 410 5672 vicariis
438 5604 636 5683 assignanda,
659 5610 753 5684 prout
774 5605 808 5664 in
835 5603 930 5682 ipsius
952 5605 1030 5666 Gon-

276 5701 456 5775 stitutione,
479 5714 559 5777 quae
579 5698 703 5775 incipit:
727 5694 776 5760 Ad
797 5693 1029 5772 ecceqcendom,

276 5795 350 5856 data
371 5792 512 5854 kalendis
532 5789 712 5853 novembris
734 5787 809 5850 anni
831 5787 1030 5848 metumedi-

275 5885 570 5960 stinctestatuitnr;
593 5883 799 5946 nibilominus
814 5879 866 5941 ubi
882 5880 1029 5957 praescri-

905 582 1103 628 eunoolcrtts
1124 583 1187 627 xlv.

1752 565 1808 628 163
1859 566 1913 622 An.
1927 569 1957 620 11.
1980 567 2051 620 1744

1076 709 1129 780 pta
1150 697 1311 762 fruetuum
1339 702 1443 779 portio
1461 700 1513 764 vel
1534 701 1623 765 nullo
1649 698 1754 775 modo,
1778 697 1830 760 vel

1077 810 1140 858 non
1164 796 1287 872 integre
1299 795 1420 858 vicariis
1432 796 1597 873 praedictis
1618 793 1770 874 assignata
1782 808 1830 854 re·

1077 887 1228 966 periatur,
1241 888 1292 948 vel
1307 888 1400 949 etiam
1412 887 1467 949 ubi
1479 905 1525 962 ea,
1539 904 1617 966 quae
1633 889 1668 948 ad
1684 899 1830 948 normam

1077 981 1248 1060 praedictae
1270 980 1509 1043 constitutionis
1531 980 1647 1044 eisdem
1669 980 1765 1042 luerit
1787 985 1830 1041 at·

1079 1074 1206 1149 tributa,
1229 1073 1359 1135 minime
1381 1072 1538 1135 sufficiens
1560 1090 1576 1134 a
1597 1073 1684 1136 vobis
1705 1079 1830 1151 repute-

1078 1173 1142 1241 tur,
1165 1172 1292 1244 propter
1315 1173 1493 1242 temporum
1516 1165 1775 1240 circumstantiae,
1799 1170 1831 1226 et

1078 1258 1241 1335 signanter
1263 1273 1319 1336 pro
1347 1257 1506 1334 implendo
1528 1273 1624 1319 onere
1651 1257 1828 1320 celebrandi

1078 1357 1110 1412 61
1131 1350 1302 1429 applicandi
1317 1351 1441 1412 missam
1457 1365 1514 1430 pro
1528 1349 1641 1428 populo
1664 1350 1772 1413 diebus
1787 1347 1831 1411 ie-
1858 1403 1872 1428 ,

1078 1444 1134 1506 stis
1155 1445 1193 1506 de
1213 1451 1396 1522 praecept03
1420 1444 1574 1506 utendum
1592 1443 1680 1505 vobis
1702 1443 1762 1506 erit
1777 1459 1830 1522 po-

1079 1542 1201 1612 testate,
1224 1551 1317 1614 quam
1340 1535 1412 1597 fecit
1433 1535 1590 1615 Episcopis
1605 1535 1748 1614 synodus
1764 1536 1830 1597 Tri·

1080 1631 1207 1692 dentina
1228 1645 1303 1689 sess.
1326 1627 1358 1688 7.
1384 1644 1452 1706 cup.
1470 1627 1518 1700 7.,
1536 1630 1611 1691 dum
1633 1628 1760 1690 illorum
1783 1645 1829 1690 ar·

1080 1723 1174 1785 bitrio
1205 1722 1369 1802 permisit,
1405 1722 1493 1784 iuxta
1526 1729 1705 1801 temporum
1737 1729 1830 1801 atque

1080 1816 1298 1879 iniunctorum
1319 1830 1454 1876 onerum
1475 1815 1643 1890 rationem,
1659 1831 1830 1892 congruam

1080 1908 1242 1987 praedictis
1264 1907 1388 1969 vicariis
1409 1906 1570 1970 fructuum
1592 1907 1772 1986 portionem
1787 1923 1831 1969 as·

1081 2003 1221 2078 signare;
1243 2015 1337 2079 quam
1358 1999 1398 2062 ob
1424 2015 1548 2062 causam
1570 2015 1627 2061 nos
1653 2001 1749 2062 etiam
1771 1998 1831 2061 fra--

1082 2091 1280 2156 ternitatibus
1301 2093 1426 2167 vestris,
1442 2097 1596 2170 qnatenus
1617 2106 1695 2171 opus
1709 2091 1760 2164 sit,
1777 2107 1832 2153 ne-

1081 2186 1225 2250 cessarias
1255 2200 1368 2246 omnes
1393 2192 1424 2246 et
1452 2192 1641 2266 opportunas
1673 2183 1831 2246 facultates

1081 2280 1292 2358 impertimur,
1303 2277 1551 2356 quibuscumque
1562 2275 1830 2354 appellationibus,

1081 2371 1267 2454 privilegiis,
1280 2376 1332 2432 aut
1347 2368 1610 2447 exemptionibus,
1623 2374 1659 2429 ut
1674 2367 1706 2429 in
1721 2369 1830 2430 eodem

1082 2464 1213 2529 concilio
1235 2462 1384 2536 sancitur,
1406 2463 1553 2523 adversus
1581 2477 1627 2536 ea,
1651 2476 1730 2539 quae
1751 2460 1832 2521 salu·

1082 2559 1179 2620 briter
1201 2574 1217 2617 a
1238 2555 1325 2616 vobis
1347 2555 1515 2616 constituta
1536 2553 1676 2629 fuerint,
1699 2552 1833 2616 minime

1081 2648 1332 2726 suffragantibus.

1120 2744 1139 2818 ἓ
1163 2742 1212 2803 11.
1236 2741 1316 2802 Haec
1329 2739 1428 2816 igitur
1438 2738 1518 2800 circa
1532 2737 1658 2800 missam
1674 2736 1833 2816 parocbia·
1866 2753 1944 2800 utssa
1957 2765 2064 2802 convon-

1080 2836 1145 2898 iem
1166 2833 1341 2906 statuenda,
1356 2837 1388 2891 et
1402 2829 1648 2894 fraternitatibus
1658 2831 1770 2892 vestris
1784 2829 1831 2891 iu·
1849 2807 1939 2917 fflffl}
1949 2807 2064 2910 gguffl

1082 2928 1271 2992 dicavimus·
1298 2925 1436 3003 indeque
1462 2924 1593 3000 gradum
1622 2921 1769 2985 facientes
1795 2923 1830 2985 ad
1850 2915 2065 2971 etcuuottntece-

1083 3037 1118 3082 ea
1139 3036 1218 3099 quae
1245 3019 1406 3098 pertinent
1427 3018 1463 3079 ed
1486 3017 1612 3078 missam
1641 3024 1833 3080 conventua—
1850 2967 1977 3068 1196ῗὲῈῖ
1986 2973 2066 3079 {³13¹}ae

1083 3113 1162 3186 lem,
1195 3111 1355 3174 neminem
1388 3117 1531 3171 vestrum
1559 3107 1656 3171 latere
1687 3085 1912 3188 11111111116113,ω
1931 3075 2065 3134 ”mum

1083 3219 1242 3268 sacrorum
1254 3203 1419 3266 canonum
1430 3201 1616 3276 sanctiones,
1628 3200 1741 3280 quibus
1750 3215 1834 3278 prae

1084 3299 1209 3376 cipitur,
1232 3303 1268 3358 ut
1289 3294 1420 3370 singulis
1441 3293 1548 3356 diebus
1569 3294 1602 3354 in
1624 3293 1759 3356 ecclesiis
1782 3309 1833 3372 pa-

1085 3388 1312 3464 triarchalibus,
1331 3385 1591 3465 metropolitanis,
1609 3385 1835 3448 cathedralibus

1084 3492 1115 3547 et
1136 3481 1317 3559 collegiatis,
1334 3488 1402 3541 tum
1423 3480 1516 3539 horae
1539 3478 1705 3541 canonicae
1723 3479 1835 3541 debitis

1084 3576 1176 3638 modo
1189 3583 1219 3637 et
1234 3573 1333 3636 forma
1347 3572 1532 3645 recitentur,
1550 3578 1620 3632 tum
1634 3571 1728 3632 etiam
1743 3571 1834 3634 missa

1085 3665 1303 3733 conventualis
1324 3663 1516 3742 celebretur3
1539 3679 1619 3742 quae
1640 3663 1714 3726 adeo
1736 3665 1835 3728 clarae

1084 3770 1171 3838 sunt,
1195 3767 1230 3822 ut
1252 3757 1338 3821 nulla
1359 3771 1452 3836 snper
1475 3757 1511 3817 iis
1532 3757 1608 3817 oriri
1631 3757 1724 3835 possit
1747 3757 1837 3818 dubi-

1086 3856 1171 3917 tatio.
1206 3853 1310 3931 anue
1332 3849 1371 3912 de
1397 3865 1432 3910 re
1458 3849 1639 3928 perspicuae
1667 3852 1782 3928 pariter
1803 3860 1835 3913 et

1085 3964 1139 4027 per
1160 3945 1264 4008 omnia
1276 3941 1449 4006 uniformes
1471 3941 1612 4002 existunt
1627 3941 1835 4004 resolutiones

1084 4040 1122 4101 ab
1141 4041 1198 4101 bac
1219 4036 1470 4114 congregatione
1492 4049 1601 4096 venen
1623 4034 1757 4098 fratrum
1778 4051 1834 4097 no·

1083 4141 1221 4194 strorum
1254 4128 1386 4193 concilii
1413 4126 1589 4189 Tridentini
1620 4128 1834 4207 interpretum

1083 4223 1224 4304 repetitis
1236 4222 1355 4284 vicibus
1366 4226 1536 4294 emanatas,
1550 4234 1625 4297 quas
1640 4235 1749 4282 omnes
1763 4237 1834 4300 apo-

1083 4317 1190 4381 stolica
1212 4315 1395 4377 auctoritate
1423 4321 1527 4374 nostra
1555 4312 1778 4376 confirmamus
1803 4324 1835 4377 et

1085 4407 1301 4489 approbamus,
1314 4420 1422 4468 earum
1432 4403 1651 4465 executionem
1666 4405 1754 4467 vobis
1769 4407 1836 4468 eni·

1085 4517 1124 4563 16
1146 4499 1353 4561 inculcantes:
1381 4501 1415 4558 ut
1437 4495 1553 4557 scilicet
1580 4496 1671 4556 missa
1699 4512 1835 4558 conven-

1086 4591 1190 4666 tualis,
1206 4605 1285 4668 quae
1306 4587 1439 4665 singulis
1454 4586 1562 4648 diebus
1583 4587 1706 4648 canitur
1721 4606 1736 4649 a
1750 4588 1835 4651 clero

1085 4682 1313 4763 praedictarum
1334 4679 1547 4753 ecclesiarum,
1569 4692 1626 4755 pro
1654 4679 1835 4741 earumdem

1084 4772 1333 4837 benefactoribus
1358 4771 1391 4832 iu
1414 4775 1531 4847 genere
1552 4770 1834 4850 quotidieapplicc·

1086 4874 1153 4944 tur;
1183 4865 1294 4927 eodem
1323 4879 1448 4942 prorsus
1477 4863 1587 4938 modo,
1617 4878 1679 4941 quo
1709 4863 1835 4926 missam

1085 4957 1291 5037 parochialem
1312 4956 1350 5017 ab
1378 4955 1416 5015 iis
1444 4955 1498 5033 qui
1524 4970 1631 5016 curam
1657 4956 1834 5018 animarum

1086 5059 1212 5129 gerunt,
1236 5065 1291 5128 pro
1312 5048 1427 5127 populo
1448 5047 1508 5108 sibi
1528 5048 1705 5123 commisso,
1727 5049 1835 5125 singu·

1086 5144 1123 5205 lis
1144 5143 1255 5204 saltem
1272 5141 1381 5204 diebus
1396 5139 1482 5202 festis
1497 5140 1534 5202 de
1549 5147 1723 5218 praecepto,
1740 5141 1834 5221 appli-

1085 5237 1147 5298 cari
1168 5235 1282 5296 debere
1302 5233 1445 5311 superius
1466 5231 1702 5295 declaravimus.

1125 5330 1144 5404 ἓ
1167 5329 1214 5390 lt.
1238 5329 1344 5406 ltaque
1359 5327 1576 5404 dateoperam,
1590 5332 1625 5388 ut
1639 5325 1746 5388 falsam
1758 5344 1834 5406 quo·
1878 5345 1928 5390 nea
1942 5343 2006 5390 surr
2040 5353 2066 5390 s-

1085 5421 1228 5482 rumdam
1256 5419 1438 5496 opinionem
1467 5415 1653 5492 eliminetis,
1683 5433 1777 5496 quam
1801 5419 1833 5481 in
1851 5396 2067 5499 ᾞξοξξῑξῆιξξῃξ

1084 5510 1239 5590 aliquibus
1250 5508 1385 5571 ecclesiis
1400 5508 1565 5582 eiusmodi,
1576 5509 1643 5569 sive
1654 5509 1724 5570 dolo
1738 5509 1832 5586 malo,
1852 5461 1956 5551 Pectore.

1084 5605 1151 5665 sive
1172 5619 1226 5681 per
1248 5615 1400 5674 errorem,
1416 5601 1572 5662 invectam
1589 5618 1654 5663 esse
1668 5603 1831 5664 novimus:

1084 5698 1165 5775 quod
1183 5710 1309 5772 nempe,
1326 5696 1401 5754 dum
1423 5693 1515 5753 missa
1542 5695 1757 5757 conventualis
1778 5713 1835 5776 pro

1084 5795 1169 5850 certo
1192 5788 1294 5866 aliquo
1309 5785 1462 5847 Ecclesiae
1477 5785 1674 5850 benefactore
1688 5789 1739 5850 vel
1755 5790 1834 5866 grati

1084 5882 1182 5943 animi
1204 5895 1289 5957 erge,
1313 5878 1364 5940 vel
1386 5893 1423 5939 ex
1446 5879 1477 5939 vi
1499 5879 1603 5940 oneris
1626 5880 1773 5959 impositi,
1786 5897 1834 5945 ce-
