4744 6976
72 574 110 624 ln.
120 568 144 618 C.
161 563 222 614 1744

879 571 1076 618 hnunhlcxu's
1098 571 1161 616 XIV.

250 701 333 756 tenta
353 704 441 770 sunt,
463 703 528 758 tam
547 711 627 775 quae
644 695 817 772 supradicta
836 693 933 772 capita
947 707 993 754 re-

248 790 394 869 spiciunt,
407 805 501 868 quam
512 790 569 851 alia
580 803 795 867 quaecumque
806 803 862 868 per
872 789 993 850 easdem

249 885 350 946 literas
383 882 570 962 praescripta
592 889 623 944 et
653 883 797 956 delinita,
819 880 856 942 ad
884 896 993 943 eorum

247 991 407 1050 normam,
435 991 514 1053 quae
535 975 618 1036 idern
647 975 862 1054 praedecessor
889 982 995 1036 noster

247 1067 350 1129 alteris
371 1067 488 1145 pariter
509 1067 653 1144 superius
675 1065 800 1128 insertis
822 1063 994 1144 apostolicis

247 1161 358 1236 literis,
373 1160 593 1239 incipientibus
610 1159 799 1222 Gohcrcdito
812 1157 913 1229 hobis,
923 1175 996 1221 con-

246 1254 349 1315 stitnit
370 1260 401 1316 et
422 1255 534 1328 sanxit,
558 1269 622 1316 non
643 1253 746 1315 solum
762 1253 818 1330 ipsi
840 1267 896 1330 pro
910 1252 993 1313 virili

247 1353 333 1425 parte
352 1347 488 1422 integre,
511 1356 636 1421 exacte,
659 1347 809 1421 absolute,
834 1344 994 1408 inviolabi-

246 1440 330 1514 liter,
352 1447 567 1519 perpetuoque
591 1440 759 1503 observent
786 1447 878 1517 atquc
900 1439 996 1501 adim·

245 1534 369 1611 pleant,
392 1547 504 1596 verum
536 1533 646 1607 etiam,
680 1533 893 1611 quantumin
923 1531 994 1609 ipsis

245 1635 303 1700 est,
327 1633 362 1688 ut
383 1626 421 1688 ab
442 1626 597 1689 universis
622 1626 783 1699 fidelibus,
807 1625 861 1704 qui
883 1639 994 1688 eorum

245 1739 338 1785 curae
358 1731 432 1786 sunt
454 1721 636 1794 concrediti,
657 1728 762 1782 exacte
783 1725 951 1781 serventur
965 1727 995 1780 et

246 1816 450 1894 impleantur,
474 1814 561 1876 omni
582 1812 685 1876 studio
700 1830 734 1875 ac
750 1813 872 1874 viribus
884 1820 996 1874 curent

245 1919 339 1988 atque
361 1909 564 1972 contendant.

67 2000 228 2106 F'wfpfliggrffilgff
284 2003 303 2076 ς
325 2001 377 2062 et.
400 2003 541 2080 Denique
559 2001 683 2064 eosdem
699 2001 862 2080 Episcopus
878 2007 908 2061 et
923 1999 995 2060 rnis-

66 2105 228 2172 ,tepsexms
244 2095 397 2156 sinnarios
428 2110 537 2156 omnes
569 2109 715 2169 rogamus
740 2100 771 2155 et
798 2093 995 2155 obsecramus

67 2173 157 2212 ilduino&

246 2205 301 2267 per
324 2187 492 2249 hominum
514 2188 616 2248 lesum
640 2187 797 2249 Christum
820 2194 852 2248 et
872 2201 927 2263 per
948 2201 995 2247 ca·

245 2282 374 2342 ritatem
396 2281 499 2343 Sancti
523 2279 669 2358 Spiritus,
693 2288 729 2341 ut
750 2279 828 2352 nihil
852 2278 934 2341 aliud
949 2293 996 2338 sa·

245 2376 380 2453 pientes,
402 2381 526 2452 praeter
540 2373 581 2448 id,
598 2372 678 2452 quod
694 2391 709 2432 a
725 2373 815 2434 nohis
836 2379 866 2434 et
882 2387 994 2450 aprae-

245 2467 456 2530 decessoribus
478 2467 592 2528 nostris
618 2466 824 2528 constitutum
854 2465 926 2540 luit,
948 2481 993 2525 sa-

245 2561 349 2622 lutare
371 2559 436 2634 Dei,
463 2560 545 2637 quod
566 2573 622 2638 per
643 2573 753 2621 eorum
783 2559 993 2622 ministerium

245 2655 415 2731 regionum
444 2653 574 2715 istarum
602 2653 749 2729 gentihus
780 2653 912 2716 missum
935 2661 992 2728 est,

245 2747 311 2826 pari
334 2747 402 2809 zelo
423 2761 456 2807 ac
477 2747 613 2825 puritate
624 2761 794 2824 propagare
809 2761 873 2807 non
897 2747 994 2808 inter-

245 2840 391 2915 mittant;
414 2839 566 2918 omnique
587 2840 689 2901 studio
711 2841 786 2900 dent
807 2855 944 2918 operam,
958 2847 993 2902 ut

245 2933 365 2994 nedum
386 2933 419 2994 in
441 2931 574 2992 novellis
598 2931 850 2994 christifidelibus
878 2933 993 2994 veteris

245 3026 384 3087 hominis
399 3025 530 3100 vestigia
545 3024 671 3102 penitus
692 3033 926 3102 expungantur,
943 3025 995 3087 de-

245 3118 446 3196 leanturque,
469 3133 581 3178 verum
604 3117 697 3178 etiam
713 3133 928 3196 quaecumque
944 3119 993 3180 vel

244 3210 397 3288 symbola,
420 3209 470 3271 vel
493 3210 656 3286 imagines,
679 3216 732 3271 aut
754 3211 884 3286 figurae,
902 3221 994 3289 atque

245 3303 348 3365 otnnis
371 3305 499 3366 demum
513 3303 629 3380 species
644 3303 736 3377 mala,
753 3304 879 3382 ipsaque
894 3303 991 3367 veluti

245 3396 357 3458 umbra
380 3403 410 3458 et
431 3397 507 3458 odor
534 3398 676 3459 ethnicae
704 3399 936 3475 superstitionis
958 3398 994 3458 ab

245 3491 320 3568 ipsis
330 3491 550 3567 eliminentur,
562 3491 637 3554 illud
649 3492 993 3568 cogitantes,eiusmodi

245 3585 449 3646 caeremoniis
464 3585 614 3663 vanisque
628 3585 908 3661 observationibus
917 3601 993 3663 quae

245 3687 439 3749 idololatriae
460 3686 610 3764 reliquiae
624 3691 711 3758 sunt,
726 3699 836 3744 earum
851 3685 992 3760 gentium

245 3781 368 3842 animus
390 3777 659 3840 inextricabilibus
687 3777 786 3838 veluti
815 3775 931 3855 laqueis
954 3777 994 3838 ir-

245 3874 345 3950 retiri,
368 3889 402 3935 ac
422 3878 562 3934 vetustos
584 3870 624 3932 ali
646 3871 887 3950 confirmarique
909 3885 994 3931 erro·

244 3987 307 4043 res,
331 3968 444 4047 quibus
466 3967 580 4028 misere
601 3965 832 4028 detinebantur.
862 3965 947 4041 Quod
970 3963 993 4023 si

244 4068 366 4146 aliquos
391 4067 558 4142 regionum
589 4063 715 4126 illarum
745 4063 867 4137 fideles,
895 4062 992 4126 veluti

243 4161 391 4239 parvulos
402 4160 500 4222 adhuc
512 4160 710 4231 fiuctuantes
720 4171 912 4235 paganorum
923 4172 994 4218 con-

246 4261 403 4332 templus,
426 4251 648 4326 contumelias,
672 4258 724 4313 ant
749 4249 991 4329 persecutiones,

244 4355 373 4426 propter
394 4347 548 4409 Ecclesiae
569 4351 808 4424 praeceptorum
829 4354 859 4405 et
875 4344 992 4405 rituum

1048 693 1296 771 praetendentes,
1320 693 1456 756 cuiusvis
1477 697 1586 766 status,
1602 690 1727 768 gradus,
1744 705 1793 750 or-

1047 785 1145 862 dinis,
1182 787 1445 864 praeeminentiae
1475 793 1506 849 et
1537 785 1697 863 dignitatis
1732 783 1796 845 exi·

1047 887 1140 956 stant,
1164 897 1219 944 seu
1241 882 1314 944 alias
1334 881 1475 959 specifica
1502 879 1663 942 mentione
1688 885 1720 940 et
1744 893 1796 938 ex-

1047 975 1205 1052 pressione
1225 973 1323 1052 digni,
1340 975 1400 1036 illis
1416 991 1479 1036 non
1495 973 1723 1046 consenserint,
1739 987 1795 1032 nec

1048 1069 1139 1130 adea
1161 1068 1261 1130 vocati
1284 1075 1315 1130 et
1336 1068 1444 1142 auditi,
1467 1081 1647 1144 causaeque,
1672 1072 1796 1144 propter

1048 1177 1122 1240 quas
1158 1167 1336 1239 praesentes
1370 1161 1604 1234 emanaverint,
1640 1157 1795 1222 sufficien-

1048 1263 1096 1317 ter
1117 1253 1276 1329 adductae,
1299 1255 1474 1318 verificatae
1490 1261 1520 1316 et
1536 1253 1716 1316 iustihcatae
1732 1265 1794 1312 non

1048 1347 1179 1422 inerint,
1201 1355 1255 1410 aut
1276 1364 1313 1410 ex
1336 1347 1393 1408 alia
1415 1347 1564 1425 qualibet,
1584 1345 1678 1408 ctiam
1698 1359 1798 1421 quan-

1049 1441 1166 1503 tumvis
1187 1441 1316 1503 iuridica
1342 1447 1373 1502 et
1398 1440 1593 1518 privilegiata
1619 1455 1724 1512 causa,
1747 1452 1796 1498 co-

1049 1534 1126 1607 lore,
1142 1541 1317 1612 praetextu,
1335 1541 1365 1596 et
1380 1531 1490 1612 capite,
1507 1533 1600 1594 etiam
1616 1532 1648 1593 in
1667 1545 1795 1608 corpore

1049 1627 1127 1690 iuris
1154 1628 1274 1703 clauso,
1302 1627 1390 1690 nullo
1418 1641 1557 1704 uuquam
1590 1634 1731 1702 tempore
1759 1623 1796 1684 de

1049 1722 1271 1798 subreptionis
1298 1723 1348 1785 vel
1369 1721 1572 1800 obreptionis,
1597 1725 1650 1779 aut
1672 1717 1796 1780 nullita-

1051 1815 1089 1877 tis
1111 1815 1198 1889 vitio,
1222 1833 1277 1877 seu
1299 1815 1483 1878 intentionis
1512 1824 1646 1887 nostrae,
1669 1814 1719 1874 vel
1748 1813 1796 1873 in·

1051 1917 1165 1970 teresse
1185 1908 1368 1972 habentium
1394 1925 1574 1984 consensus,
1597 1909 1697 1970 aliove
1722 1923 1797 1985 quo·

1049 2001 1141 2076 libet,
1172 2002 1264 2064 etiam
1296 2002 1498 2080 quantumvis
1526 2017 1641 2078 magno
1667 2009 1699 2062 et
1726 2000 1796 2062 sub·

1048 2097 1195 2170 stantiali,
1217 2112 1249 2155 ac
1272 2095 1478 2172 inexcogitata
1500 2103 1531 2157 et
1552 2092 1796 2170 inexcogitabili,

1050 2190 1306 2269 individuamque
1324 2203 1325 2208 ’
1346 2189 1579 2267 expressionem
1616 2187 1798 2266 requirente

1050 2281 1182 2358 deiectu,
1206 2284 1319 2356 notari,
1342 2282 1532 2359 impugnari,
1556 2280 1698 2355 infringi,
1713 2279 1799 2340 inva-

1049 2375 1150 2451 lidari,
1175 2375 1346 2451 retractari,
1365 2375 1396 2436 in
1412 2374 1660 2436 controversiam
1682 2371 1795 2446 vocari,

1049 2477 1102 2531 aut
1123 2469 1158 2530 ed
1181 2470 1332 2530 terminos
1353 2469 1431 2530 iuris
1445 2467 1563 2540 reduci,
1579 2483 1635 2529 seu
1650 2469 1798 2530 adversus
1887 2519 1890 2527 .

1049 2563 1115 2624 illas
1137 2562 1316 2640 aperitionis
1337 2561 1410 2634 uris,
1433 2558 1640 2622 restitutionis
1662 2559 1695 2619 in
1718 2559 1797 2620 inte-

1050 2671 1162 2732 grum,
1188 2655 1312 2716 aliudve
1344 2653 1564 2730 quodcumque
1592 2653 1685 2726 iuris,
1709 2651 1796 2724 iacti,

1049 2749 1098 2810 vel
1122 2748 1237 2824 gratiae
1261 2746 1437 2808 remedium
1464 2744 1631 2819 intentari,
1660 2743 1710 2805 vel
1739 2745 1796 2804 iin-

1049 2841 1180 2920 petrari3
1202 2839 1256 2900 sed
1272 2841 1350 2917 ipsas
1366 2845 1541 2915 praesentes
1557 2835 1660 2898 literas
1674 2851 1798 2912 semper

1049 2934 1165 3006 sirmas,
1182 2931 1295 2993 validas
1317 2940 1347 2992 et
1363 2929 1498 2993 ellicaces
1513 2930 1646 2990 existere
1668 2937 1699 2991 et
1719 2929 1796 3004 iore,

1049 3026 1297 3104 quibuscumque
1329 3024 1405 3084 iuris
1436 3038 1491 3084 seu
1517 3021 1587 3083 iacti
1614 3021 1796 3096 delectihus,

1049 3119 1102 3196 qui
1117 3119 1264 3180 adversus
1279 3117 1356 3192 illas,
1374 3117 1468 3178 etiam
1483 3117 1668 3194 quorumvis
1687 3133 1702 3176 a
1718 3115 1797 3178 Sede

1048 3209 1181 3290 praelata
1207 3225 1425 3272 concessorum
1450 3208 1690 3288 privilegiorum
1712 3224 1798 3286 prae-

1050 3311 1148 3378 textu,
1172 3306 1208 3366 ad
1230 3303 1376 3366 ellectum
1405 3301 1596 3381 impediendi
1624 3315 1679 3362 seu
1700 3309 1797 3364 retar-

1049 3397 1140 3460 dandi
1169 3413 1276 3458 earum
1303 3397 1538 3469 executionem,
1566 3395 1677 3473 quovis
1705 3395 1798 3458 modo

1048 3508 1103 3553 seu
1125 3491 1233 3570 quavis
1254 3507 1292 3553 ex
1308 3507 1396 3552 causa
1412 3490 1524 3570 opponi
1547 3507 1601 3552 seu
1624 3491 1715 3552 obiici
1730 3506 1798 3568 pus-

1048 3592 1129 3659 sent,
1152 3585 1285 3646 minime
1307 3584 1545 3659 refragantibus,
1558 3599 1629 3645 suos
1645 3583 1797 3662 plenarios

1050 3686 1081 3742 et
1105 3682 1242 3756 integros
1257 3678 1384 3740 ellectus
1399 3675 1503 3738 sortiri
1519 3683 1551 3738 et
1565 3676 1718 3750 obtinere,
1732 3691 1798 3738 eas·

1050 3791 1111 3856 que
1142 3781 1316 3852 propterea,
1339 3773 1485 3834 omnihus
1506 3780 1535 3834 et
1564 3771 1695 3848 singulis
1722 3789 1796 3850 qno·

1050 3871 1217 3934 modolibet
1233 3870 1330 3932 allatis
1344 3885 1400 3931 seu
1416 3868 1580 3931 atterendis
1592 3868 1797 3946 impedimen·

1051 3967 1090 4028 tis
1110 3967 1234 4044 penitus
1256 3973 1286 4027 et
1307 3965 1435 4026 omnino
1463 3963 1599 4037 reiectis,
1625 3979 1659 4024 ac
1679 3979 1796 4042 nequa-

1050 4079 1142 4141 quam
1164 4063 1301 4136 attentis,
1323 4061 1452 4136 abillis,
1473 4062 1507 4123 ad
1530 4077 1607 4140 quos
1628 4068 1744 4139 spectat
1766 4068 1796 4123 et

1049 4171 1105 4233 pro
1131 4163 1270 4233 tempore
1291 4154 1550 4234 quandocumque
1571 4153 1731 4231 spectabit,
1749 4155 1795 4216 in·

1050 4249 1235 4310 violabiliter
1260 4255 1291 4310 et
1320 4248 1501 4310 inconcusse
1528 4247 1661 4322 servari,
1690 4247 1797 4325 sicque

1050 4349 1082 4404 et
1103 4359 1167 4404 non
1189 4342 1279 4403 aliter
1301 4342 1333 4404 in
1356 4341 1530 4420 praemissis
1553 4357 1608 4419 per
1632 4356 1796 4417 quoscum·

1721 543 1775 607 let
1828 535 2020 594 en.c.1744

1050 4452 1110 4514 que
1133 4435 1248 4498 iudices
1269 4434 1441 4496 ordinarios
1465 4441 1497 4496 et
1518 4434 1684 4510 delegatos,
1700 4435 1795 4494 etiam
1815 4439 2029 4549 riAJrstffirfflffil

1049 4531 1189 4594 eiusdem
1212 4531 1243 4593 S.
1261 4531 1296 4592 it.
1316 4530 1349 4591 Ε.
1375 4529 1562 4602 cardinales,
1580 4529 1673 4590 etiam
1696 4529 1733 4590 de
1755 4528 1795 4588 la·
1815 4547 1835 4592 ιτ
1862 4545 2028 4601 propinetur,

1051 4633 1116 4686 tere
1137 4624 1283 4700 Legatos,
1307 4632 1338 4685 et
1360 4621 1512 4702 praelatae
1538 4621 1625 4685 Sedis
1650 4619 1794 4696 Nuntios,
1814 4601 2029 4700 ssfflffffffl'ffls·

244 4441 488 4514 observantiam,
510 4439 678 4501 iormidare
700 4437 935 4516 conspexerint;
959 4435 995 4496 il-

245 4534 299 4596 lud
322 4535 396 4612 ipsis
418 4533 540 4596 illustre
563 4532 733 4605 monitum,
755 4529 838 4608 quod
862 4529 995 4592 Sanctus

243 4628 443 4702 Augustinus
465 4626 620 4687 Ecclesiae
641 4626 752 4686 [lector
767 4624 799 4684 in
815 4623 880 4701 pari
903 4638 994 4698 argu·

244 4727 354 4784 mento
367 4720 506 4798 reliquit,
518 4733 773 4792 commemorare,
790 4724 882 4795 atque
897 4715 995 4778 incul-

244 4831 316 4878 care
347 4830 411 4876 non
442 4812 609 4875 desistant:
641 4809 677 4872 st
708 4809 881 4888 quaeritis,
911 4809 995 4871 uude

245 4910 426 4970 siccantur
451 4905 589 4984 poponi,
627 4903 711 4965 uude
742 4903 994 4976 illuminantem

245 5002 390 5080 quodque
403 4999 438 5060 ad
454 5001 534 5076 ipsos
550 4995 712 5074 Evangelii
727 5011 893 5074 praecones
908 5011 993 5074 prae

244 5097 337 5173 cipue
364 5093 484 5156 dictum
512 5107 578 5153 esse
600 5090 808 5167 dignoscitur:
844 5090 879 5153 Si
901 5107 994 5168 quoe-

245 5188 326 5250 ritis
353 5186 437 5248 uode
462 5187 503 5248 od
529 5185 632 5248 uitato
660 5187 833 5254 occe-utute
860 5183 994 5246 deserite

245 5280 465 5342 solemoitotes
487 5294 607 5349 eorum,
632 5277 766 5339 deserite
787 5292 890 5356 cupas
912 5277 992 5354 ipso·

246 5389 332 5436 rum.

1049 4719 1162 4780 aliosve
1185 4718 1339 4797 quoslibet
1360 4731 1555 4796 quacumque
1581 4717 1795 4794 praeeminen-

1050 4813 1090 4874 tia
1116 4821 1148 4874 et
1175 4817 1325 4891 potestate
1359 4809 1527 4885 iungentes
1556 4815 1587 4870 et
1614 4807 1795 4881 iuncturos,

1048 4905 1166 4966 sublata
1181 4905 1225 4967 eis
1246 4909 1277 4964 et
1299 4919 1409 4964 eorum
1430 4902 1557 4964 cuilibet
1578 4901 1686 4979 quavis
1708 4900 1798 4962 aliter

1049 4997 1204 5059 iudicandi
1225 5007 1256 5058 et
1278 4995 1503 5073 interpretandi
1518 4994 1662 5056 iacultate
1676 4998 1707 5054 et
1727 5009 1795 5054 auc-

1050 5091 1185 5164 toritate,
1203 5088 1328 5150 iudicari
1354 5094 1384 5150 et
1409 5087 1535 5148 definiri
1556 5087 1679 5161 debere,
1703 5103 1736 5147 ac
1756 5085 1796 5146 ir·

1050 5183 1146 5246 ritum
1171 5190 1202 5244 et
1225 5181 1329 5255 inane,
1352 5182 1377 5242 si
1398 5195 1486 5242 secus
1507 5195 1599 5257 super
1620 5178 1668 5240 his
1689 5193 1797 5257 aquo-

1049 5292 1153 5354 quam,
1163 5277 1271 5354 quavis
1286 5273 1627 5348 auctoritate,scienter
1642 5272 1693 5333 vel
1708 5272 1795 5347 igno-

1049 5378 1156 5430 ranter
1180 5368 1347 5444 contigerit
1376 5367 1534 5428 attentari.

86 5463 229 5513 sensilem.
288 5467 378 5542 §35-
401 5465 553 5529 Volumus
578 5472 700 5537 autern,
730 5471 823 5542 atque
855 5461 993 5526 decerni·
1823 5450 2028 5508 cessionesque-

69 5525 229 5665 ρῖἶῖἆιωῖτῗιῗ
247 5578 333 5636 mus,
358 5559 480 5622 easdem
508 5564 685 5638 praesentes
706 5557 820 5632 literas,
844 5568 875 5619 et
897 5557 928 5618 in
951 5557 994 5617 eis

69 5631 229 5716 lilim*
247 5661 392 5717 contenta
414 5667 642 5732 quaecumque,
664 5650 760 5712 etiam
785 5667 823 5712 ex
848 5665 895 5724 eo,
912 5650 992 5728 quod

246 5747 394 5826 praedicti
424 5746 627 5819 missionarii,
655 5758 828 5821 eorumque
849 5758 994 5820 procura-

246 5847 331 5900 tores
352 5845 383 5898 et
404 5837 456 5898 alii
478 5842 669 5916 quicumque
691 5837 725 5898 in
749 5835 924 5914 praemissis
945 5835 992 5896 in-

246 5938 364 5994 teresse
383 5931 543 6006 hahentes,
562 5945 617 5994 seu
633 5930 745 5992 hahere
759 5927 993 6006 quomodolibet

1089 5463 1108 5538 ἓ
1129 5463 1177 5524 36.
1195 5461 1264 5523 Non
1280 5460 1472 5522 obstantibus
1483 5459 1658 5538 praemissis
1670 5466 1712 5533 et,
1722 5473 1797 5537 qua·
1815 5505 1973 5562 tuscumque
1987 5505 2028 5550 ue-

1050 5561 1142 5617 tenus
1163 5571 1239 5632 opus
1259 5554 1311 5628 sit,
1334 5560 1438 5615 nostra
1457 5559 1488 5615 et
1504 5552 1711 5615 (lancellariae
1725 5567 1795 5629 apo·
1814 5561 1929 5614 roratur·

1048 5648 1172 5712 stolicae
1193 5647 1300 5724 regula
1322 5647 1358 5708 de
1380 5645 1453 5707 iure
1481 5647 1625 5723 quaesito
1652 5663 1714 5708 eoo
1738 5645 1796 5706 tol-

1050 5741 1158 5812 lcedo,
1182 5741 1311 5817 aliisque
1338 5738 1528 5816 apostolicis,
1551 5753 1584 5799 ac
1606 5739 1640 5800 in
1667 5739 1795 5800 univer-

1047 5834 1173 5908 salibus,
1193 5831 1433 5910 provincialibus
1454 5839 1486 5893 et
1504 5830 1703 5909 synodalibus
1724 5847 1797 5893 con·

1047 5927 1126 5988 ciliis
1141 5927 1232 5990 editis
1248 5925 1443 6004 generalibus
1462 5923 1511 5986 vel
1527 5923 1709 6004 specialibus
1724 5939 1796 5986 con·
