4828 6990
328 531 517 608 ln.e.1us
566 535 625 617 sit

547 689 750 773 procreanda,
773 689 806 752 in
827 691 992 755 catholicae
1007 692 1167 770 religionis
1181 693 1291 756 sancti-

547 797 609 850 tate
629 787 758 850 omnino
773 785 968 848 educaretur.
986 787 1101 848 Deinde
1115 803 1190 848 vero
1204 785 1293 849 facile

547 889 592 944 est
613 896 791 958 agnoscere,
815 879 847 941 in
870 879 1042 942 istiusmodi
1057 879 1292 962 concessionum

547 989 663 1052 genere
694 974 817 1036 nullum
849 972 973 1035 errandi
994 973 1098 1035 locum
1119 974 1292 1035 executori·

547 1068 603 1129 bus
623 1075 799 1146 suppetere,
823 1067 882 1129 nisi
905 1066 963 1145 ipsi
983 1066 1082 1146 aliqua
1098 1067 1130 1129 in
1146 1083 1179 1129 re
1194 1067 1293 1136 scien-

546 1168 605 1235 ter,
627 1168 659 1221 et
673 1159 741 1222 data
756 1176 858 1239 opera,
876 1160 978 1222 ellicio
991 1162 1096 1224 deesse
1109 1160 1219 1222 velint.
1236 1161 1293 1222 lte-

546 1254 643 1332 nique
664 1270 702 1315 ex
724 1255 874 1316 hactenus
895 1255 982 1318 dictis
996 1263 1100 1334 aperte
1114 1261 1244 1330 constat,
1262 1254 1293 1316 in

546 1347 690 1410 omnibus
712 1348 829 1410 ensibus
850 1348 962 1426 quibus
979 1328 1137 1411 facultates
1158 1357 1211 1410 aut
1232 1349 1292 1412 dis-

545 1441 742 1518 pensationes
769 1442 806 1503 ab
831 1441 1003 1521 Apostoliea
1036 1443 1115 1506 Sede
1146 1449 1293 1522 petantur

546 1550 601 1611 pro
622 1535 828 1596 matrimoniis
850 1553 865 1596 a
887 1536 1035 1598 catholico
1060 1537 1129 1598 viro
1150 1545 1203 1600 aut
1224 1553 1293 1599 mu-

545 1626 634 1704 liere,
657 1645 728 1691 cnm
749 1630 902 1692 haeretica
923 1629 1038 1692 lemina
1059 1639 1111 1693 aut
1132 1632 1200 1693 viro
1221 1646 1293 1692 con

546 1720 718 1799 trahendis3
742 1722 883 1784 eamdem
898 1724 1104 1802 spostolicam
1119 1721 1241 1798 Sedere,
1258 1729 1293 1784 ut

545 1831 637 1892 supra
651 1816 797 1892 diximus,
810 1816 990 1879 huiusmodi
1006 1817 1216 1892 matrimonia,
1233 1817 1291 1879 nisi

546 1909 679 1976 haeresis
699 1909 851 1972 abiuratio
866 1913 1037 1989 praecedat,
1055 1919 1086 1973 et
1099 1927 1221 1990 semper
1236 1912 1293 1973 im-

546 2003 689 2082 probasse
710 2020 743 2065 ac
756 2002 926 2079 damnasse,
941 2012 972 2066 et
986 2021 1071 2067 nune
1085 2021 1210 2085 quoque
1223 2005 1292 2067 abo-

547 2097 659 2158 minari
682 2113 715 2158 ac
736 2098 890 2158 detestari.

331 2195 528 2262 queasiousdu·
585 2189 710 2264 Quoties
742 2207 816 2253 vero
848 2192 1091 2270 dispensationes
1123 2210 1160 2255 ex
1192 2193 1293 2274 aliqua

317 2249 529 2368 Βέἷῗυῖἷῗιὲἕιιιῗοᾞ
547 2283 696 2360 probabili
726 2301 814 2346 causa
845 2291 957 2362 petunt
987 2301 1042 2363 pro
1074 2288 1291 2363 matrimoniis

317 2357 473 2414 designatur.
547 2391 625 2454 quae
646 2376 772 2454 quidem
793 2376 876 2439 inter
897 2379 1065 2442 haereticos
1084 2390 1160 2444 sunt
1174 2389 1295 2444 contra·

546 2473 659 2546 hendo,
682 2472 735 2532 sed
756 2471 785 2534 id
808 2487 1004 2551 nequaquam
1024 2475 1059 2536 in
1081 2476 1223 2554 precibus
1243 2492 1295 2554 pa-

547 2567 609 2628 lam
630 2565 815 2648 exponitur3
839 2583 936 2644 quum
965 2577 1123 2646 nequeant
1144 2571 1294 2648 Apostoli-

547 2676 600 2722 cae
621 2659 708 2723 Sedis
728 2659 866 2722 ministri
888 2668 982 2739 atque
1002 2661 1146 2724 ollrciales
1166 2665 1224 2726 hoe
1252 2664 1296 2726 di-

547 2753 684 2814 vinando
706 2755 836 2829 rescire3
860 2755 897 2816 ad
917 2753 1104 2817 obstruenda
1125 2756 1295 2835 obloquen-

547 2846 628 2908 tium
649 2853 680 2907 et
701 2847 959 2909 calumniantium
991 2865 1054 2921 ora,
1077 2850 1135 2912 hoe
1156 2850 1294 2912 innuisse

548 2939 714 3014 sufficeret,
736 2942 819 3018 quod
840 2941 927 3003 nulla
947 2943 1128 3006 conceditur
1142 2944 1295 3022 dispensa·

548 3035 603 3110 tio,
626 3050 704 3113 quae
725 3034 816 3096 alicui
831 3041 916 3097 certo
931 3037 1089 3099 executori
1104 3038 1217 3100 directa
1232 3055 1295 3101 nort

549 3126 600 3202 sit,
623 3129 673 3191 eui
696 3128 848 3190 nimirum
870 3130 903 3190 in
925 3131 1076 3192 mandatis
1091 3131 1191 3204 datur,
1208 3140 1243 3195 ut
1258 3134 1296 3195 de

550 3222 693 3284 omnium
725 3221 935 3300 expositorum
963 3222 1094 3286 veritate
1121 3234 1295 3302 eognoscat,

550 3323 581 3378 et
601 3316 862 3394 dispensationem
883 3316 980 3395 ipsam
995 3318 1123 3380 servatis
1137 3319 1296 3382 servandis

319 3411 531 3511 aoniii'mi'n'iceifi
550 3409 695 3472 ellectum
716 3409 820 3472 sortiri
843 3410 944 3487 laciat3
967 3427 1102 3490 cumque
1120 3412 1194 3474 huic
1208 3413 1295 3490 igno·

319 3518 437 3582 ignoras
484 3528 531 3565 ne·
548 3520 618 3565 rare
639 3519 702 3566 non
725 3502 825 3578 liceat,
848 3505 1047 3566 matrimonia
1075 3505 1294 3568 catholicorum

318 3575 383 3628 ‘¹⁰¹²'
548 3613 621 3659 eum
641 3596 805 3658 haereticis
826 3593 863 3657 ab
884 3596 1056 3674 apostolica
1083 3599 1161 3662 Sede
1180 3599 1297 3677 impro-

549 3690 614 3753 bari
635 3697 665 3752 et
684 3689 836 3766 damnari,
852 3689 941 3752 iacile
955 3707 1029 3752 vero
1044 3707 1231 3768 cognoscere
1245 3710 1296 3755 va·

549 3784 609 3846 leat
635 3784 770 3846 haeresis
800 3782 926 3859 uitium,
956 3801 1017 3862 quo
1042 3786 1294 3850 contrahentium

548 3875 626 3937 alter
657 3875 810 3952 inlicitur,
840 3884 870 3938 et
891 3877 927 3937 de
956 3892 1017 3955 quo
1049 3877 1132 3939 nulla
1165 3878 1295 3943 habetur

549 3970 667 4032 mentio
682 3970 714 4031 in
730 3969 828 4031 literis
843 3968 1089 4048 dispensationis,
1104 3973 1205 4034 eidem
1216 3974 1296 4052 hpo-

548 4062 673 4125 stelione
694 4063 765 4129 Sedi
787 4063 974 4127 occultatum
994 4065 1103 4141 luisse,
1120 4067 1155 4130 ad
1171 4069 1236 4131 eius
1251 4068 1295 4130 ol-

549 4157 655 4219 srcium
677 4157 813 4234 pertinet
841 4157 1018 4222 huiusmodi
1040 4158 1201 4223 literarum
1224 4179 1295 4226 exe·

549 4248 733 4326 quutionem
754 4249 954 4326 suspendere,
976 4251 1106 4329 eiusque
1119 4256 1295 4332 suspensio-

548 4339 598 4402 nis
618 4357 740 4404 causam
761 4341 899 4403 Romano
926 4343 1078 4419 Pontifici,
1101 4347 1209 4409 eiusve
1229 4349 1294 4410 olfi-

549 4434 687 4509 cialibus,
711 4450 757 4510 ea,
780 4451 839 4514 qua
860 4437 957 4511 decet,
979 4440 1157 4501 reverentia
1183 4456 1238 4518 per
1259 4443 1294 4504 li-

548 4537 628 4591 teras
649 4529 780 4607 aperire;
802 4531 1067 4607 quemadmodum
1082 4536 1295 4611 praedecessor

548 4623 704 4701 qnondam
732 4631 837 4684 noster
858 4623 1035 4687 Alexander
1055 4625 1132 4706 Papa
1153 4629 1214 4706 lll.,
1238 4632 1294 4693 lla·

547 4730 670 4778 vennae
691 4716 927 4795 hrchiepiscopo
952 4717 1129 4782 iaciendum
1149 4727 1295 4801 praeseri-

547 4809 608 4886 psit
629 4809 662 4870 in
683 4809 746 4870 suis
768 4807 878 4885 literis,
900 4825 979 4888 quae
996 4811 1031 4872 ad
1047 4823 1235 4892 perpetuum
1251 4820 1296 4880 vi-

548 4916 657 4978 gorem
676 4902 710 4963 in
726 4901 927 4965 decretalium
941 4904 1078 4968 codicem
1093 4907 1207 4972 relatae
1220 4920 1295 4974 sunt

547 5010 617 5072 cap.
641 4994 677 5056 Si
698 4995 824 5072 quotide
839 4995 875 5058 de
890 4995 1080 5075 descriptis
1095 5001 1147 5063 ubi
1162 5004 1205 5066 sie
1219 5003 1295 5082 legi-

445 5105 448 5114 ’
549 5095 609 5149 tur:
631 5087 828 5162 Qualitatem
843 5091 975 5170 rteqotii,
992 5108 1049 5169 pro
1066 5110 1126 5172 quo
1141 5095 1201 5158 tibi
1215 5099 1295 5159 seri·

549 5180 650 5255 bitur,
680 5182 853 5262 diliqenter
878 5186 1095 5259 considerans,
1119 5197 1179 5252 aut
1205 5207 1296 5255 mata-

549 5273 661 5340 dotum
677 5285 825 5339 nostrum
837 5287 1018 5342 reverenter
1032 5281 1218 5362 adimpleas,
1234 5294 1294 5350 aut

546 5383 604 5446 per
634 5369 746 5432 literas
780 5377 864 5443 tuas,
900 5390 999 5452 quare
1029 5376 1203 5456 adimplere
1231 5397 1295 5442 uon

547 5463 657 5541 possis,
683 5463 909 5527 rationabilem
931 5485 1064 5531 eausam
1085 5475 1294 5549 praetendas.-

548 5559 625 5636 quia
645 5560 808 5636 patienter
828 5561 1070 5638 sustinebimus,
1088 5567 1117 5628 si
1139 5583 1202 5628 non
1217 5571 1296 5650 sece-

548 5652 605 5726 ris,
624 5653 705 5730 quod
725 5669 825 5731 proca
844 5653 934 5718 uobis
948 5659 1053 5738 suerit
1069 5661 1295 5740 insinuatione

547 5754 743 5826 suqqesturn.

317 5845 530 5964 tpffiixiliiilff
569 5840 704 5946 'ilerum
726 5860 790 5906 non
811 5845 861 5909 hic
881 5847 961 5909 sistit
982 5849 1172 5926 spostolicae
1197 5851 1293 5928 Sedis,

317 5955 390 6012 arcto,
415 5955 531 6001 summo·
549 5951 677 6015 esusque
697 5939 875 6003 otlicialium
896 5941 1141 6022 circumspectio.
1162 5941 1193 6008 Si
1209 5946 1295 6007 enim

1070 561 1134 620 tun.
1158 562 1249 622 ross.
1272 561 1312 620 brt
1334 571 1362 620 n.
1387 558 1417 620 r'.
1442 559 1525 620 lans
1547 563 1569 618 t.

2126 545 2189 604 Aa.
2205 549 2239 601 O.
2262 545 2332 601 1748

1347 692 1543 769 dispensatio,
1566 707 1644 770 quae
1665 707 1721 770 pro
1748 688 1939 754 removendo
1965 688 2094 752 alicuius
2112 699 2151 746 ao
2174 695 2344 762 ennecone

1347 785 1540 848 matrimonii
1560 785 1709 849 canonico
1737 783 1961 862 impedimento
1980 799 2020 844 ex
2041 783 2094 845 ali·
2113 754 2182 854 2¹31?
2190 750 2344 851 egestuosos

1347 896 1407 958 qua
1428 878 1602 942 rationabili
1624 895 1712 942 eausa
1732 879 1861 956 petitur,
1885 877 1920 938 ad
1940 877 2094 939 eiusmodi

1347 973 1490 1048 regiones
1510 973 1670 1051 pertinere
1693 973 1903 1049 dignoscatur,
1926 971 2095 1050 inquibus

1347 1065 1487 1128 catholici
1502 1081 1574 1129 eum
1589 1065 1751 1129 haereticis
1767 1066 1855 1128 mixti
1873 1067 2023 1144 babitant;
2039 1081 2096 1130 nee

1347 1160 1473 1222 aliunde
1494 1167 1579 1222 certo
1600 1165 1720 1221 constet
1746 1165 1919 1238 utrumque
1939 1159 2095 1237 postulan-

1348 1261 1424 1328 tem,
1445 1269 1500 1315 seu
1529 1269 1639 1315 eorum
1663 1252 1809 1327 alterum,
1837 1253 2002 1316 catholicae
2023 1253 2094 1315 reli·

1349 1348 1448 1424 gionis
1469 1347 1674 1426 professorem
1701 1347 1851 1409 existere:
1881 1347 2010 1426 praelati
2031 1345 2095 1409 offi-

1348 1439 2095 1519 cialesPontilleismentemprobeeallentes,po-

1348 1535 1518 1597 stulantem
1540 1543 1711 1613 utrumque
1731 1535 1917 1598 catholicum
1936 1551 2003 1596 esse
2016 1551 2097 1597 sem-

1349 1643 1403 1706 per
1424 1634 1642 1705 praesumunt3
1666 1629 1797 1706 ideoque
1817 1645 1927 1692 eorum
1942 1644 2047 1708 preces
2063 1631 2094 1691 in

1347 1721 1453 1783 libello
1474 1719 1761 1800 (supplicationem
1782 1720 1951 1802 appellant)
1970 1723 2096 1785 Pantili-

1348 1815 1390 1876 cis
1412 1831 1541 1878 manum
1571 1815 1761 1891 obsignando
1789 1817 1838 1877 his
1868 1817 1972 1879 verbis
2003 1832 2096 1897 expo-

1349 1917 1446 1970 nunt:
1473 1909 1619 1986 Cupiunt
1640 1916 1784 1971 oratores
1802 1911 1960 1992 praefati,
1976 1912 2032 1990 qui
2047 1928 2097 1972 or·

1350 2003 1506 2066 thodanus
1526 2001 1599 2082 fidei
1626 2004 1765 2065 cultores
1786 2020 1859 2064 cere
1879 2005 2041 2078 esistunt,
2065 2012 2096 2068 ct

1348 2095 1406 2159 sub
1429 2095 1608 2160 obedientia
1633 2097 1663 2159 S.
1680 2096 1717 2159 R.
1736 2098 2096 2177 scientissimeque

1349 2199 1379 2254 et
1400 2191 1483 2252 mori
1505 2190 1680 2253 intendunt
1702 2198 1775 2264 ctu,
1792 2193 1904 2270 quibus
1926 2201 2098 2255 consonant

1349 2286 1406 2347 alia
1428 2286 1532 2360 verba,
1564 2286 1696 2364 quaein
1725 2295 1811 2364 parte
1839 2285 2039 2348 conditionali
2060 2285 2096 2346 ad

1349 2381 1499 2442 maiorem
1520 2379 1673 2442 cautelam
1693 2389 1904 2457 apponuntur,
1928 2379 2094 2442 nimirum:

1351 2472 1394 2534 Et
1415 2472 1582 2534 dummodo
1611 2478 1753 2535 oratores
1779 2474 1928 2555 praefati
1950 2474 2098 2536 orthodo-

1350 2583 1412 2628 nae
1432 2565 1505 2644 fidei
1536 2565 1676 2627 cultores
1706 2582 1777 2627 cere
1804 2567 1961 2642 esistunt,
1985 2572 2017 2629 et
2038 2564 2097 2629 sub

1351 2656 1529 2722 obedientia
1553 2659 1583 2720 S.
1607 2659 1645 2720 R.
1669 2658 1706 2719 E.
1730 2659 1855 2732 uiuant,
1881 2661 2046 2738 vitareque
2067 2667 2096 2722 et

1350 2753 1433 2813 mori
1455 2751 1638 2814 intendant.

1389 2845 1506 2920 Quibus
1527 2846 1725 2924 praenotatis,
1748 2846 1809 2908 iam
1831 2847 1859 2909 id
1888 2847 1958 2911 iure
1980 2848 2098 2928 optimo
2129 2855 2193 2901 exus
2213 2853 2339 2899 conditio·

2117 2906 2211 2954 nisiex
2221 2908 2339 2952 nonsinc
2401 2921 2402 2938 ³

1351 2939 1547 3017 quaerimus:
1572 2955 1671 3016 quum
1698 2939 1806 3002 literae
1833 2941 2097 3020 dispensationum
2116 2961 2271 3024 executoris
2290 2961 2339 3008 cur·
2401 2961 2402 2976 ³

1350 3031 1628 3095 matrimonialium
1642 3032 1794 3096 eiusmodi
1805 3033 1908 3096 verbis
1918 3043 2097 3115 conceptae,
2116 3027 2149 3073 ¹³³
2164 3013 2293 3062 V¹⁰¹³²⁰³
2401 3025 2402 3028 '

1350 3141 1449 3205 eoque
1481 3135 1590 3188 tenore
1614 3126 1779 3205 expeditae
1805 3126 1942 3205 luerint;
1971 3130 1996 3190 si
2018 3137 2098 3208 post·

1351 3221 1481 3282 modum
1501 3219 1675 3282 innotescat
1695 3221 1914 3283 contrahentes
1929 3222 2098 3285 haereticos

1351 3329 1428 3387 esse,
1452 3312 1502 3374 vel
1523 3328 1624 3375 unum
1656 3328 1766 3376 eorum
1793 3313 1981 3377 catholicum
2002 3315 2097 3376 alium

1354 3421 1425 3468 vero
1448 3406 1655 3483 haereticum,
1679 3415 1710 3468 et
1725 3407 1930 3470 nihilominus
1944 3409 2098 3489 dispensa-

1352 3497 1394 3561 tio
1415 3498 1591 3561 executioni
1607 3501 1794 3576 'mandetur3
1816 3501 1905 3563 euius
1921 3501 1982 3564 erit
1996 3502 2096 3583 culpa,

1351 3600 1382 3654 et
1403 3592 1545 3671 quisnam
1568 3593 1803 3670 dispensationis
1825 3594 1857 3656 in
1880 3595 2011 3672 indigno
2029 3611 2100 3675 pre·

1351 3685 1434 3748 lusae
1450 3685 1519 3748 iure
1533 3685 1668 3748 accusari
1682 3686 1820 3765 poterit?
1834 3689 1882 3748 hn
1898 3689 1933 3764 is,
1949 3690 2002 3768 qui
2017 3690 2098 3752 bona

1351 3781 1421 3854 lide,
1444 3787 1475 3840 et
1497 3780 1678 3858 opportunis
1699 3780 1828 3842 cautelis
1847 3781 2002 3858 adhibitis,
2017 3783 2098 3846 adie-

1349 3875 1470 3952 ctisque
1490 3871 1637 3950 legitimis
1657 3873 1898 3951 conditionibus,
1920 3875 2006 3938 illam
2027 3893 2099 3938 con·

1350 3970 1456 4043 cessit;
1480 3983 1518 4028 an
1540 3983 1615 4029 vero
1636 3967 1673 4042 is,
1689 3969 1754 4046 qui,
1770 3968 1857 4030 nulla
1882 3970 2098 4033 conditionum

1351 4061 1529 4124 huiusmodi
1543 4061 1664 4124 ratione
1678 4061 1793 4137 habita,
1806 4070 1859 4125 aut
1874 4062 1960 4125 nulla
1974 4063 2012 4126 de
2026 4080 2100 4127 eon-

1351 4156 1545 4219 trahentibus
1560 4155 1775 4232 disquisitione
1787 4157 1963 4235 praemissa,
1977 4159 2099 4237 dispen-

1349 4250 1503 4312 sationem
1535 4249 1646 4329 ipsam,
1679 4259 1788 4313 contra
1818 4251 2018 4316 concedentis
2045 4270 2099 4316 ro-

1351 4343 1515 4419 luntatem,
1538 4343 1711 4406 indebitum
1732 4343 1879 4408 effectam
1901 4344 2013 4408 habere
2030 4363 2098 4426 per-

1353 4436 1459 4498 misitt

1390 4532 1429 4592 nt
1450 4529 1530 4592 dicet
1551 4530 1674 4610 aliquis,
1697 4549 1761 4594 non
1776 4547 1884 4596 omnes
1899 4532 2098 4614 dispensatio·
2149 4548 2282 4596 carectum
2296 4546 2326 4610 aa

1351 4639 1429 4686 num
1458 4624 1561 4686 literas
1593 4625 1767 4689 istiusmodi
1794 4628 1939 4690 clausulis
1960 4629 2097 4691 munitas
2116 4601 2325 4714 g,⁰0⁶¹i,},³„²,⁰,',¹,{

1350 4733 1473 4796 semper
1494 4715 1648 4796 expediri,
1671 4733 1770 4796 quum
1791 4729 1821 4781 et
1842 4719 1874 4782 in
1895 4720 1996 4798 ipsum
2012 4721 2098 4782 Pole-
2115 4711 2250 4759 rcrartnur.

1351 4813 1421 4872 niae
1442 4826 1589 4888 regnum,
1612 4813 1716 4890 paucis
1737 4813 1774 4875 ab
1794 4813 1868 4876 hinc
1888 4815 1989 4890 annis,
2005 4831 2097 4894 quae·

1350 4903 1420 4965 dam
1441 4902 1627 4982 dispensatio
1648 4905 1685 4966 ab
1701 4906 1777 4968 urbe
1791 4907 1884 4969 missa
1897 4907 2002 4984 luerit,
2019 4925 2099 4987 quae

1350 4998 1469 5059 nullam
1491 4999 1584 5059 huius
1606 4999 1730 5076 generis
1758 5000 1928 5080 appositam
1948 5002 2100 5063 conditio·

1351 5108 1423 5154 nem
1451 5091 1687 5172 praeseferebat.
1720 5094 1819 5156 liuius
1849 5094 1920 5156 laeti
1950 5097 2096 5175 speciem,

1351 5203 1443 5265 quam
1465 5203 1521 5249 nos
1549 5187 1654 5249 animo
1686 5197 1880 5267 praesentem
1911 5190 2097 5268 retinemus,

1351 5296 1414 5342 non
1437 5280 1489 5341 abs
1510 5297 1543 5342 re
1564 5282 1624 5343 erit
1645 5281 1694 5344 hic
1715 5282 1890 5361 explanare.
1908 5283 2098 5364 Dispensatio

1348 5381 1416 5434 erat
1437 5391 1530 5453 super
1544 5382 1654 5452 aetate,
1670 5375 1775 5438 lavore
1789 5378 1950 5440 cuiusdam
1965 5377 2097 5457 puellae,

1351 5483 1429 5544 quae
1448 5485 1503 5530 sex
1525 5471 1683 5532 mensibus
1706 5472 1810 5533 minor
1829 5478 1893 5533 erat
1909 5469 2097 5549 duodennio,

1351 5563 1433 5639 quod
1454 5575 1500 5626 est
1519 5564 1552 5625 in
1568 5562 1692 5627 leminis
1708 5564 1884 5642 legitimum
1899 5565 2006 5627 aetatis
2021 5573 2099 5627 tem·
2123 5615 2125 5620 ,

1351 5678 1407 5741 pus
1429 5660 1465 5721 ad
1492 5658 1729 5721 matrimonium
1760 5658 1945 5721 ineundum.
1976 5658 2010 5720 ln
2032 5658 2099 5721 eius

1351 5763 1455 5818 autem
1486 5752 1682 5815 concessione
1712 5752 1889 5831 expositum
1917 5752 1987 5827 luit,
2016 5752 2099 5831 quod

1351 5849 1482 5914 malitia
1504 5850 1553 5911 itu
1574 5843 1738 5924 supplebat
1754 5851 1904 5920 aetatem,
1922 5853 1961 5909 ut
1975 5847 2012 5909 de
2026 5847 2098 5909 iare

1351 5943 1597 6008 matrimonium
1619 5939 1808 6004 contrahere
1828 5948 1941 6020 posset.
1965 5940 2099 6022 Quapro-
