4708 6978
343 541 398 595 Aa.
412 545 442 596 d.
465 546 532 597 1747

584 545 643 610 326

565 679 740 762 famulum,
762 697 859 744 avum
877 698 949 742 uero
972 679 1041 742 eius
1067 677 1178 746 tiberis
1200 687 1308 744 ortum
1364 679 1539 744 salubribus
1569 681 1753 757 abluantur,
1776 697 1840 746 non
1863 689 1967 746 tamen
1995 680 2111 746 Christi
2130 687 2162 734 ob
2181 688 2311 743 conamen.

564 780 691 838 coastat
712 792 775 836 esse
796 772 974 846 aetatibus,
987 781 1017 836 et
1042 773 1110 837 ideo
1131 775 1185 838 aci
1206 777 1308 855 mapis

565 868 748 932 eiectionem
770 868 812 938 de,
833 869 1059 930 coaiauctiorce
1086 867 1191 946 neptis
1213 885 1308 947 quam

562 962 670 1041 patris
698 963 784 1033 eius,
817 960 912 1024 cuius
940 961 1030 1024 multo
1051 963 1140 1024 modo
1172 959 1308 1024 liberum

564 1063 668 1134 potest
690 1073 755 1118 esse
775 1053 965 1127 arbitrium,
990 1055 1189 1118 deceruimus
1204 1061 1310 1118 attem-

564 1151 607 1214 di.
635 1150 717 1226 Quia
734 1166 806 1228 erpa
827 1149 978 1211 electione
995 1149 1047 1212 aci
1070 1148 1146 1212 huic
1167 1149 1234 1212 isia
1249 1165 1309 1212 rcu-

563 1242 661 1321 psisse
672 1241 842 1321 probatur,
855 1243 938 1306 hamc
954 1247 1079 1306 coastat
1092 1241 1231 1322 lepitime
1247 1261 1309 1306 esse

564 1339 758 1417 copulatam.

603 1433 622 1508 ἓ
646 1431 691 1495 18.
715 1433 836 1496 Fictitia
857 1411 907 1494 rei
921 1449 984 1496 non
1000 1440 1057 1508 est,
1079 1429 1309 1512 quodatiqnin-

564 1529 601 1590 do
623 1536 709 1606 pater
729 1527 879 1590 hebraeus
901 1543 932 1588 se
955 1527 1036 1590 relic
1058 1527 1238 1590 catholicam
1262 1545 1309 1590 re·

564 1619 714 1696 ligionem
735 1619 879 1698 amplecti
901 1619 1066 1698 praedicet,
1084 1635 1117 1682 ac
1138 1635 1170 1681 se
1193 1620 1307 1697 ipsum,

564 1713 706 1792 filiosque
727 1713 861 1776 infantes
875 1713 1072 1792 baptizandos
1093 1714 1211 1790 oilerat,
1228 1722 1311 1792 post-

560 1809 692 1871 modum
714 1825 789 1872 uero
809 1809 856 1871 sui
878 1827 911 1871 se
932 1809 1051 1874 consilii
1074 1811 1241 1888 poeniteat,
1257 1809 1308 1871 ab·

565 1913 704 1983 nuatque
726 1903 826 1966 lilium
838 1903 995 1984 baptizari.
1020 1903 1052 1965 ld
1075 1905 1218 1968 Mantuae
1239 1920 1309 1966 eve-

564 2001 623 2076 nit,
646 1999 698 2062 uhi
721 1999 871 2062 hebraeus
893 1999 1016 2078 quitiam
1039 2015 1102 2061 non
1125 2000 1216 2060 modo
1237 2015 1308 2061 cum

563 2096 631 2157 viro
653 2093 914 2172 perhonorificum
939 2094 1097 2170 dignitatis
1119 2083 1249 2171 gradum
1264 2102 1309 2157 te·

564 2195 671 2264 neate,
687 2189 738 2250 sed
756 2189 820 2268 ipso
834 2190 927 2250 etiam
943 2204 1015 2252 cum
1030 2191 1105 2252 duce
1129 2190 1156 2251 id
1180 2191 1226 2252 rei
1243 2205 1309 2266 ges-

563 2282 612 2344 sit.
638 2282 719 2344 Duos
734 2282 864 2344 habebat
876 2281 1010 2344 infantes
1027 2283 1150 2359 liberos,
1168 2282 1311 2346 totidem-

563 2392 624 2453 que
645 2391 768 2454 pueros,
791 2383 883 2454 atque
905 2391 1048 2452 uxorem,
1068 2392 1202 2455 cumque
1223 2377 1310 2440 dein·

563 2483 633 2547 ceps
654 2469 689 2530 ari
712 2467 826 2532 Christi
849 2469 941 2530 fidem
962 2470 1107 2532 accedere
1128 2475 1309 2542 recusasset,

562 2561 711 2640 ducisque
732 2577 819 2639 spem
840 2560 1005 2625 frustratus
1016 2569 1109 2637 esset,
1126 2579 1174 2624 res
1189 2563 1224 2626 ad
1241 2577 1310 2624 exa·

563 2669 636 2716 men
658 2654 785 2717 deducta
807 2663 853 2717 est
875 2655 907 2718 in
931 2655 1177 2733 congregatione
1204 2654 1308 2718 Sancti

562 2747 674 2825 Officii,
702 2765 735 2811 ac
761 2749 902 2812 Pontifex
932 2750 981 2812 die
1009 2766 1098 2812 xxrr.
1122 2747 1309 2829 septembris

563 2841 644 2904 amai
672 2857 829 2904 ancxcrx.
851 2845 971 2916 statuit,
993 2861 1028 2906 ea
1056 2845 1136 2919 heri,
1164 2860 1242 2922 quae
1263 2859 1309 2905 se·

563 2944 719 3014 quantur:
736 2935 1114 3009 sanctissimus,auditis
1126 2937 1209 2998 cotis
1222 2935 1308 2998 Emi·

563 3026 841 3099 acutissimorum,
877 3026 1031 3100 decrevit,
1060 3027 1141 3106 quod
1163 3029 1225 3089 duo
1246 3025 1309 3107 ptri

563 3119 717 3201 tutantes,
731 3119 815 3182 alter
826 3119 948 3183 scilicet
961 3121 1111 3194 triennis,
1121 3121 1206 3184 atter
1218 3122 1310 3200 quim-

563 3213 709 3292 queaais,
733 3210 952 3292 baptizentur.
981 3215 1061 3288 atii,
1088 3231 1195 3293 aempe
1221 3215 1308 3293 fitius

563 3312 630 3368 octo
651 3324 823 3380 ammarum,
841 3315 871 3370 et
885 3308 954 3388 fitia
971 3309 1144 3381 duodecim,
1158 3309 1309 3371 cottorerc·

564 3407 620 3463 tur
635 3401 670 3462 ira
682 3402 770 3462 demo
788 3402 1106 3476 cathecumenorum,
1122 3403 1152 3464 si
1167 3419 1202 3466 eu
1218 3403 1308 3470 Marc·

563 3501 639 3558 tuae
660 3496 760 3568 adsit,
782 3497 835 3560 sim
856 3497 963 3559 miuus
986 3498 1072 3576 apud
1092 3499 1190 3576 pium,
1215 3497 1308 3559 hauc·

561 3597 706 3669 stumque
715 3607 892 3670 personam,
907 3591 948 3654 act
959 3592 1104 3672 effectum
1116 3592 1307 3669 emptoruudi

562 3685 705 3764 ipsorum
736 3686 934 3748 volumtatem
970 3701 1079 3763 easque
1107 3685 1304 3748 instruendi.

565 3777 679 3843 timoris
711 3796 830 3860 quoque
857 3780 892 3842 ia
921 3780 1026 3842 locoa
1052 3779 1130 3858 filiis
1159 3785 1307 3858 separate

561 3873 749 3953 captaretur
771 3873 932 3937 roluatas.
957 3874 1088 3936 Patrem
1109 3891 1181 3936 cero
1197 3881 1227 3935 et
1242 3890 1308 3936 ma·

561 3966 665 4029 ritum
696 3968 880 4046 respective,
904 3967 959 4045 qui
980 3985 999 4030 a
1024 3968 1186 4044 proposita
1208 3969 1308 4028 susci·

559 4059 693 4138 pieudae
707 4061 779 4140 fidei
795 4060 993 4123 christianae
1008 4062 1149 4133 recessit,
1167 4077 1230 4122 aaa
1245 4077 1308 4122 esse

561 4156 744 4235 rependum,
758 4155 810 4216 sed
832 4161 945 4217 contra
967 4171 1042 4216 eum*
1058 4169 1146 4232 passe
1168 4154 1305 4232 procedi,

560 4254 658 4326 prout
681 4249 715 4310 de
738 4249 820 4310 iure.
845 4249 930 4311 ldem
953 4249 1052 4312 terme
1073 4248 1181 4312 accidit
1201 4249 1307 4326 Augu-

559 4350 624 4405 stae
646 4343 872 4418 Taurinorum,
896 4343 947 4405 ubi
970 4359 1041 4405 cum
1071 4342 1218 4416 hebraeus
1240 4345 1307 4424 qui-

560 4437 629 4498 dam
644 4435 830 4513 religionem
845 4435 1024 4499 catholicam
1038 4435 1181 4514 amplecti
1198 4436 1306 4512 nollet,

561 4538 722 4608 postquam
745 4528 773 4590 id
789 4546 821 4591 se
837 4529 990 4591 iacturum
1012 4531 1205 4608 promiserat,
1222 4547 1308 4592 cam-

562 4641 623 4703 que
645 4624 772 4687 instaret
793 4624 898 4699 filiola,
915 4640 1008 4703 quam
1027 4623 1239 4702 baptizandam
1255 4624 1307 4686 ob-

564 4718 687 4792 tulerat,
705 4719 836 4796 ideoque
851 4735 866 4778 a
882 4725 981 4779 matre
1003 4719 1131 4780 hebraea
1147 4718 1206 4779 iam
1227 4718 1307 4780 abla-

562 4819 625 4874 tam
645 4811 828 4873 christianae
844 4810 960 4872 nutrici
981 4811 1153 4874 lactandam
1169 4811 1305 4887 dederat,

561 4907 592 4967 in
616 4911 797 4986 potestatem
819 4904 934 4966 rediret
958 4921 1062 4982 suam3
1087 4907 1307 4984 congregacio-

561 4999 608 5060 nis
631 4999 733 5062 Sancti
754 4997 850 5061 Officii
872 4999 1054 5061 auctoritate
1075 4998 1190 5061 Romae
1210 4999 1308 5061 sanci·

562 5101 629 5154 tum
653 5091 723 5166 luit,
741 5099 774 5152 ut
788 5090 926 5169 puellula
947 5092 1131 5154 christianos
1153 5109 1246 5171 penes
1262 5110 1309 5156 es·

561 5195 619 5262 set,
642 5195 673 5248 et
700 5185 735 5246 ad
761 5200 884 5246 sacrum
916 5187 1161 5262 regenerationis
1187 5186 1307 5249 iontem

561 5279 747 5351 elevaretur,
764 5277 844 5356 quod
864 5278 961 5339 rideri
977 5286 1076 5355 potest
1090 5279 1168 5358 apud
1185 5279 1306 5342 Sessam

561 5387 629 5450 cap.
652 5373 705 5446 51,
730 5387 819 5434 aum.
844 5370 899 5434 98.
925 5371 987 5433 lloc
1012 5381 1116 5434 autem
1140 5373 1309 5451 prudenter

560 5471 713 5527 statutum
734 5472 791 5541 est,
808 5481 848 5526 ne
870 5465 986 5527 scilicet
1007 5471 1149 5543 parentes
1171 5464 1306 5540 hebraei,

561 5558 746 5636 quibuscum
757 5574 880 5622 summa
901 5559 1057 5636 aequitate
1072 5558 1149 5636 apud
1172 5557 1309 5620 christia·

562 5667 618 5714 nos
638 5653 753 5728 agitur,
772 5668 808 5714 eo
830 5653 1057 5730 imprudentiae
1078 5652 1258 5728 deveniant,
1275 5660 1309 5716 ut

563 5752 593 5805 et
614 5760 671 5805 nos
691 5752 724 5805 et
745 5745 910 5807 Ecclesiam
933 5746 1064 5806 audeant
1086 5744 1227 5806 irridere.

1084 559 1147 606 ttttt.
1172 561 1262 605 ruht:
1287 561 1327 604 bb
1349 561 1377 605 P·
1402 561 1431 606 1².
1456 562 1538 606 PARS
1561 563 1580 605 l.

1365 783 1400 837 ut
1420 774 1572 854 stipendia
1593 784 1785 851 mereantur,
1802 792 1905 855 neque
1920 783 1955 838 ut
1976 776 2112 853 origina-

1365 868 1402 929 lis
1423 867 1511 946 culpa
1524 883 1641 930 eorum
1658 885 1695 932 eu
1710 869 1811 932 anima
1833 868 1988 932 deleatur:
2010 870 2064 932 sed
2080 868 2110 930 id

1365 959 1482 1024 iaciunt
1494 961 1620 1039 indigna
1635 961 1767 1042 quadam
1777 963 1997 1042 superstitione
2011 961 2111 1036 ducti,

1365 1056 1444 1135 quod
1468 1071 1579 1136 nempe
1594 1055 1736 1134 baptismi
1751 1055 1901 1120 beneficio
1917 1055 2112 1130 existimant,

1365 1151 1488 1212 eosdem
1503 1167 1518 1210 a
1535 1149 1678 1226 malignis
1699 1149 1869 1226 spiritibus,
1889 1165 1904 1208 a
1920 1148 2037 1212 laetere
2059 1157 2114 1210 aut

1366 1243 1473 1306 morbo
1495 1244 1598 1322 aliquo
1611 1242 1794 1306 liberandos.
1819 1243 1949 1307 Sanctus
1965 1243 2113 1320 logosti-

1367 1355 1425 1400 nus
1440 1339 1474 1399 ia
1486 1337 1620 1415 epistola
1631 1337 1673 1400 oct
1685 1337 1892 1418 Bomitacium
1907 1337 2112 1416 Episcopum,

1367 1433 1440 1492 tam.
1464 1431 1496 1503 2,
1524 1429 1607 1506 tppis
1630 1429 1767 1492 Parrum
1788 1427 1819 1492 S.
1838 1427 1959 1502 Mauri,
1977 1447 2007 1492 rc.
2023 1429 2056 1501 4,
2074 1432 2114 1492 de

1366 1527 1419 1589 hac
1441 1541 1475 1588 re
1497 1527 1537 1587 ita
1563 1525 1701 1586 disserit:
1730 1524 1791 1588 Nec
1813 1523 1897 1586 illud
1920 1532 1949 1586 te
1975 1529 2112 1595 moueat,

1366 1621 1447 1699 quad
1468 1620 1598 1698 quietam
1613 1634 1683 1693 ,aaa
1710 1635 1745 1680 ea
1766 1618 1827 1698 pide
1847 1617 1888 1682 act
1916 1615 2114 1698 baptismum

1365 1714 1605 1792 percipiendum
1626 1712 1777 1790 porrulos
1798 1715 1923 1796 (maret,
1940 1717 1979 1774 at
1999 1712 2114 1791 pratia

1365 1807 1537 1886 spirituali
1563 1807 1604 1869 act
1631 1809 1731 1870 citam
1759 1814 1988 1887 repararentur
2009 1809 2115 1868 aeter·

1366 1918 1457 1974 mam,
1479 1902 1532 1964 sed
1560 1901 1641 1980 quod
1662 1918 1712 1962 eas
1743 1908 1863 1978 patamt
1886 1900 1943 1962 hoc
1974 1900 2114 1961 remedia

1368 1995 1571 2074 temporalem
1592 1995 1743 2066 retinere,
1760 1997 1806 2059 aet
1829 1996 1966 2073 recipere
1986 1996 2116 2058 samita·

1368 2096 1439 2152 tem.
1465 2087 1537 2151 Nou
1557 2090 1641 2150 emim
1670 2095 1838 2166 propterea
1860 2089 1912 2151 itti
1941 2106 2004 2152 raam
2027 2106 2114 2171 repe-

1367 2189 1545 2255 aecautur‚
1574 2183 1650 2260 quia
1675 2199 1738 2245 aaa
1760 2180 1799 2245 ab
1821 2183 1894 2245 istis
1924 2183 1984 2246 hac
2005 2186 2114 2246 iutere-

1368 2279 1453 2340 tiome
1482 2276 1676 2356 afferuntur.
1708 2274 1920 2340 Celebraatur
1945 2278 2030 2340 emim
2056 2295 2115 2357 per

1368 2388 1416 2433 eas
1439 2370 1618 2433 necessaria
1639 2371 1837 2441 ministeria,
1850 2378 1880 2433 et
1896 2369 1988 2434 acrba
2003 2389 2116 2435 sacra·

1368 2469 1558 2536 meatorum,
1572 2463 1641 2525 siae
1662 2461 1776 2541 quihus
1792 2465 1972 2526 consecrari
1993 2481 2115 2543 parcu-

1367 2556 1417 2619 lus
1436 2574 1498 2618 aaa
1512 2561 1627 2636 potest.
1652 2558 1737 2619 biens
1752 2557 1866 2636 quippe
1880 2573 1944 2620 non
1960 2557 2114 2622 infantem

1367 2651 1517 2730 baptismo
1538 2650 1707 2725 oderentis,
1727 2649 1778 2711 sed
1802 2651 1985 2729 baptizantis
2006 2660 2050 2714 est
2065 2670 2116 2715 sc·

1367 2745 1411 2806 rio
1433 2743 1669 2807 consideranda:
1697 2748 1739 2807 At
1761 2760 1825 2806 aaa
1847 2749 2036 2822 parasitum,
2057 2745 2116 2807 sed

1366 2837 1592 2898 ministrorum
1606 2851 1693 2898 meus
1708 2843 1754 2898 est
1775 2836 1958 2914 spectanda,
1977 2835 2012 2898 bi
2026 2839 2115 2900 euim

1366 2930 1394 2990 si
1416 2927 1495 2992 hama
1512 2925 1547 2991 'et
1566 2938 1654 2992 recta
1671 2937 1775 2992 memte
1796 2929 1968 2992 coluerunt
1983 2931 2112 3009 emeqai,

1366 3023 1446 3100 qued
1461 3021 1590 3084 ecclesia
1602 3024 1759 3099 postulat,
1773 3022 1901 3082 omnimo
1917 3020 2114 3100 baptismum

1367 3115 1471 3178 aalide
1499 3115 1720 3178 coutulerunt.
1757 3113 1857 3177 Verba
1884 3125 1958 3178 sunt
1985 3116 2114 3178 Arcadii

1366 3207 1420 3272 ao.
1446 3209 1482 3271 de
1509 3209 1678 3271 concordia
1706 3206 1865 3270 Ecclesiae
1896 3209 2113 3272 Occidentalis

1366 3310 1395 3364 et
1423 3301 1612 3373 orientalis,
1636 3299 1691 3364 tih.
1715 3305 1745 3373 1,
1769 3317 1836 3380 cap.
1854 3303 1908 3363 12.

1405 3396 1494 3472 §²⁰-
1518 3397 1576 3458 lles
1601 3396 1636 3458 ad
1666 3411 1796 3458 examen
1824 3404 1964 3459 revocata
1993 3396 2051 3460 lurt
2079 3398 2112 3459 in

1366 3493 1490 3573 Synorlo
1512 3493 1708 3556 hahitaanno
1730 3493 1885 3556 ucxnvrn.
1909 3490 2113 3555 subPatriar·

1365 3593 1419 3654 cha
1441 3592 1532 3666 Luca,
1546 3591 1584 3654 de
1598 3607 1657 3668 qua
1680 3590 1804 3670 Synodo
1825 3605 2005 3654 sermonem
2018 3590 2112 3655 habet

1366 3686 1525 3746 Ralsamon
1561 3700 1657 3762 super
1698 3683 1823 3747 Canon-e
1859 3686 1907 3748 84
1943 3682 2111 3746 Truttaao.

1365 3779 1496 3856 dgareni
1520 3778 1644 3857 quidam
1667 3777 1791 3856 Synodo
1812 3779 1990 3853 adfuerunt,
2007 3779 2060 3857 qui
2076 3787 2113 3842 ut

1366 3872 1551 3950 baptismum
1584 3873 1767 3951 reciperent,
1797 3873 1930 3946 inritati,
1961 3871 2042 3934 illico
2063 3889 2114 3934 re-

1364 3969 1570 4045 sponderunt,
1593 3983 1660 4029 sese
1684 3967 1744 4028 iam
1767 3967 1886 4045 pridem
1901 3981 1985 4027 sacro
1999 3965 2114 4045 baptis-

1365 4067 1445 4122 mate
1467 4061 1622 4138 initiat0s3
1646 4076 1719 4122 nam
1736 4061 1763 4121 id
1779 4061 1813 4123 in
1828 4077 1915 4124 more
1928 4075 2016 4123 suam
2031 4064 2110 4139 apud

1365 4164 1491 4231 gentem
1513 4171 1579 4217 esse
1605 4153 1770 4230 dixerunt,
1795 4154 1927 4218 inientes
1948 4157 2002 4216 rix
2023 4163 2113 4217 natos

1365 4251 1399 4311 nd
1422 4247 1596 4311 Sacerdotes
1619 4244 1788 4312 Catholicos
1810 4247 1922 4310 deterri
1943 4247 2060 4320 solitos,
2077 4264 2114 4310 ac

1365 4344 1526 4423 baptizari:
1560 4359 1623 4403 aaa
1647 4347 1754 4404 tantem
1785 4342 1918 4406 admissi
1949 4344 2113 4423 fueruat,-

1365 4441 1516 4502 audierat
1539 4440 1623 4500 caira
1644 4437 1829 4518 (praedictus
1850 4438 1964 4502 scilicet
1979 4437 2111 4501 Patriac-

1365 4532 1433 4613 cha)
1466 4534 1546 4612 quod
1578 4531 1778 4611 baptismus,
1806 4549 1895 4611 prtem
1927 4531 2111 4612 infidelesa

1366 4627 1558 4689 christianis
1583 4631 1711 4704 petunt,
1734 4643 1798 4686 aaa
1820 4623 1901 4688 homa
1931 4625 2110 4706 affectione,

1365 4726 1396 4780 et
1418 4721 1594 4783 arthodoma
1611 4723 1771 4799 proposito
1784 4722 1922 4800 petitur,
1945 4721 1997 4782 sed
2020 4736 2113 4798 prap-

1367 4821 1415 4876 ter
1430 4816 1624 4892 corporalem
1639 4815 1842 4877 medicinam.
1856 4813 2050 4876 Persuasum
2063 4820 2111 4875 est

1366 4907 1449 4968 euim
1471 4907 1640 4988 Apareuis,
1657 4909 1737 4988 sora,
1753 4915 1789 4969 ut
1804 4908 1858 4969 sui
1874 4905 1968 4970 liberi
1988 4904 2026 4969 ab
2042 4907 2111 4968 coe·

1365 5017 1454 5061 marre
1476 5007 1644 5074 remeatur,
1670 5005 1701 5062 et
1725 5006 1887 5078 tamquam
1914 5016 2006 5062 cartes
2028 4998 2111 5061 male

1366 5093 1483 5165 aleam,
1508 5093 1573 5154 uisi
1589 5092 1783 5173 baptismum
1799 5093 2014 5156 christianum
2029 5109 2111 5155 asse-

1366 5192 1521 5264 quantur.
1546 5187 1646 5250 Verba
1666 5195 1739 5250 sunt
1761 5187 1980 5250 Balsamonise
2002 5203 2111 5264 graeco

1367 5280 1510 5342 idiomate
1539 5282 1571 5342 in
1602 5281 1731 5344 latinum
1761 5297 1848 5343 versa
1870 5297 1885 5341 a
1908 5279 1996 5345 card.
2020 5280 2111 5342 Raro-

1367 5373 1419 5434 nio
1442 5373 1476 5433 irc
1498 5373 1673 5437 naualibus
1695 5375 1736 5436 ad
1765 5389 1888 5436 aarum
1909 5373 2110 5450 praedictum

1366 5481 1521 5528 acuatur.
1553 5469 1637 5530 unde
1661 5467 1828 5544 significari
1860 5467 1999 5541 videtur,
2027 5466 2111 5529 illius

1366 5558 1496 5621 Consilii
1519 5561 1620 5623 Patres
1647 5561 1831 5638 baptismum
1853 5566 1954 5620 ratum
1975 5575 2017 5642 ac
2037 5559 2111 5620 rali-

1366 5650 1442 5713 dum
1465 5669 1660 5732 nequaquam
1683 5654 1882 5715 existimasse.

1405 5746 1501 5821 §it
1531 5748 1611 5809 Cum
1639 5749 1674 5808 ad
1708 5746 1868 5822 theologos
1893 5762 2111 5824 canonumque

377 5838 411 5881 ⁰0
429 5833 542 5880 runcin-
603 5837 622 5912 ὅ
646 5837 691 5900 lii.
716 5835 795 5900 Sunt
816 5855 940 5917 quoque
954 5838 1050 5919 aliqui
1073 5837 1225 5913 infideles,
1238 5855 1309 5901 suos
1367 5840 1481 5919 peritos
1502 5840 1595 5902 huius
1616 5840 1804 5918 quaestionis
1833 5855 1962 5902 eramen
1986 5840 2112 5902 transis-

330 5889 544 5952 bus,qulbaptis-

330 5953 401 5989 mum
417 5943 544 6000 reerpsuni
564 5927 696 5992 infantes
718 5930 891 5993 christianis
914 5931 1025 5993 cherre
1050 5931 1143 6008 soliti,
1168 5939 1202 5994 ut
1223 5932 1309 6010 aquis
1336 5919 1342 5978 i
1365 5940 1423 6009 set,
1446 5935 1523 5994 varii
1544 5950 1629 5995 casus
1650 5933 1816 6012 propositi,
1839 5949 1873 5996 ac
1898 5933 2024 5996 discussi
2045 5933 2111 5996 lue·

2142 540 2192 594 Aa.
2205 545 2232 594 C.
2251 549 2302 602 lili

2130 744 2196 840 fflmd
2211 746 2311 815 tempqra.
