4838 6982
957 605 1154 651 acucmcvus
1176 606 1239 652 xiv.
1790 589 1848 654 607
1897 581 1952 642 An.
1966 588 2003 642 0.·
2018 589 2086 643 1755

323 721 450 785 classem
471 722 581 786 reterri
602 729 731 803 possunt
746 723 875 787 Armeni
889 741 923 788 ac
936 723 1067 786 Maroni·
1123 738 1232 786 cxxxi.
1249 741 1328 804 quae
1343 726 1465 806 incipit:
1480 727 1624 792 Romano
1635 727 1788 803 Ecclesia,
1803 731 1864 805 51,

235 837 245 852 =
324 821 383 890 tae,
407 816 460 896 qui
482 815 704 880 fermentatum
726 820 943 895 deseruerunt,
959 826 990 880 et
1005 817 1066 879 Eu·
1124 815 1266 880 Bullorii
1288 821 1394 882 nostri
1417 827 1491 883 tam.
1509 821 1541 896 1,
1564 823 1716 902 qtramvis,
1739 838 1867 900 genera·

323 909 512 987 charistiam,
534 912 624 976 sicuti
645 912 766 988 Latini,
789 914 820 974 in
842 927 951 990 azymo
972 911 1066 974 cond·
1124 911 1181 972 tim
1201 910 1366 989 loquendo,
1389 914 1559 994 presbyteri
1588 914 1783 994 italo-graeci
1804 933 1866 980 ser·
1902 907 1907 916 ’

323 1002 422 1079 ciunt,
445 1005 491 1065 uti
512 1011 643 1068 testatur
663 1007 854 1069 Abrabamus
875 1004 1065 1067 Echelleusis
1122 1011 1199 1066 vent
1220 1005 1253 1066 iu
1269 1005 1352 1068 ltalia
1370 1007 1542 1086 insulisque
1556 1009 1765 1073 adiacentibus
1778 1027 1866 1072 suam

324 1095 1064 1179 insuoEutuchioeircdicato,pag.477:quam
1122 1097 1315 1175 disciplinam
1347 1117 1380 1162 ac
1409 1098 1506 1162 ritum
1537 1101 1720 1164 conficiendi
1747 1104 1779 1165 in
1807 1103 1880 1166 ler·.

324 1190 449 1270 quidem
470 1187 681 1258 Armeuorum
702 1192 897 1270 disciplinam
919 1189 1065 1253 nonnulli
1122 1199 1260 1253 mentato
1276 1191 1514 1256 Eucharistiam:
1539 1205 1787 1274 moneanturque
1808 1197 1865 1258 im-

324 1283 468 1346 tribuunt
482 1283 595 1348 Sancto
610 1285 758 1363 Gregorio
773 1283 987 1359 illuminatori,
1004 1283 1066 1362 pri·
1122 1284 1246 1362 pemius
1267 1285 1437 1348 sacerdotes
1462 1285 1548 1348 latini
1578 1288 1628 1350 vel
1650 1290 1751 1366 graeci
1773 1287 1863 1365 ritus,

323 1393 374 1438 mo
395 1379 560 1441 armeniae
581 1381 741 1460 Episcopo,
764 1379 817 1458 qui
839 1378 930 1440 initio
951 1375 1064 1438 saeculi
1121 1391 1162 1437 ne
1184 1377 1406 1441 Eucbaristiam
1429 1397 1608 1444 consecrare
1628 1399 1661 1444 ac
1682 1381 1865 1446 distribuere

322 1476 434 1555 quarti,
449 1475 507 1538 sub
519 1474 653 1537 Tiridate
668 1489 752 1551 rege,
764 1474 905 1552 martyrii
921 1487 1064 1535 caronam
1121 1468 1206 1531 iuxta
1221 1472 1381 1549 proprium
1396 1473 1546 1552 cuiusque
1561 1475 1655 1546 ritum
1672 1476 1864 1553 praetermit-

323 1578 368 1633 est
389 1576 589 1644 consecutus3
611 1568 662 1630 alii
677 1583 763 1640 vero,
781 1566 892 1630 Sancto
915 1565 1064 1629 Silvestre
1121 1568 1198 1638 tant,
1211 1564 1258 1625 uti
1276 1565 1448 1628 declaratur
1463 1567 1495 1630 in
1512 1577 1614 1632 nostra
1630 1570 1863 1644 constitutione,

322 1663 473 1739 Pontifici,
490 1671 542 1726 aut
557 1663 668 1727 Sancto
682 1661 831 1740 Gregorio
846 1659 967 1736 Magne,
983 1673 1064 1720 eam·
1119 1670 1197 1731 quae
1212 1656 1334 1736 incipit:
1350 1658 1422 1721 Etsi
1437 1661 1690 1738 pastoralium,
1707 1664 1726 1739 ᾖ
1742 1664 1770 1735 1,
1786 1664 1861 1738 nh,

321 1758 392 1820 dem
412 1757 555 1820 reierunt
574 1764 740 1834 acceptam,
758 1757 790 1817 in
806 1752 1064 1818 conventionibus
1119 1763 1158 1808 uc
1178 1749 1197 1824 ἓ
1218 1749 1249 1821 6,
1273 1767 1362 1813 num.
1376 1755 1418 1815 10
1440 1758 1471 1815 et
1492 1769 1565 1834 sep„
1590 1754 1735 1820 Bullorii
1757 1758 1863 1819 nostri

321 1856 612 1916 cumnrmenorum
628 1850 754 1912 natione
774 1849 870 1924 initis,
887 1863 965 1927 quae
985 1846 1064 1908 indi·
1121 1844 1195 1900 tam.
1220 1843 1250 1903 1.
1671 1894 1674 1900 ,
1768 1927 1772 1938 ,

322 1945 608 2009 cantaraSummo
631 1943 777 2006 Pontifice
793 1940 944 2018 Gregorio
965 1938 1062 2002 lll.in
1158 1936 1248 2010 §hb
1281 1939 1466 2014 Quibusdam
1499 1941 1650 2006 Ecclesiae
1683 1945 1811 2008 saeculis
1837 1945 1862 2007 is
1920 1955 1993 2002 nctus
2014 1955 2093 2002 mini-

321 2039 384 2101 suis
412 2037 548 2116 epistolis
574 2038 610 2099 aii
632 2052 737 2113 regern
761 2037 938 2108 Armeniae,
960 2032 1063 2094 relatis
1119 2045 1192 2090 usus
1213 2031 1359 2107 obtinuit,
1382 2041 1417 2096 ut
1438 2043 1504 2112 post
1526 2035 1668 2114 baptismi
1689 2054 1861 2103 sacramen·
1879 2009 2092 2110 {Gllffirlllllt

242 2121 261 2174 '·
322 2130 513 2210 altaynaldo
534 2129 575 2192 ael
597 2145 719 2192 anitum
749 2128 873 2192 Christi
902 2142 1060 2190 mcxxxix.
1119 2128 1185 2184 tum
1214 2124 1404 2188 Eucliaristia
1435 2128 1539 2206 pueris
1569 2130 1754 2206 traderetur,
1780 2132 1860 2195 baud
1880 2115 2092 2226 ssflfflffgulfft

321 2241 408 2288 nuuc.
433 2224 489 2286 82.
513 2221 588 2286 Eam
603 2229 686 2284 certe
701 2221 893 2299 disciplinam
908 2221 945 2283 ab
959 2221 1061 2284 Eccle-
1118 2215 1242 2293 quidem
1266 2233 1303 2278 ex
1325 2235 1359 2280 ea
1385 2219 1599 2298 persuasione,
1622 2224 1703 2301 quod
1725 2232 1804 2287 esset
1825 2223 1859 2286 ad
1879 2205 2091 2334 33233021032}

318 2321 361 2382 sia
382 2319 517 2382 Romana
539 2316 683 2378 humenis
705 2315 847 2378 traditam
862 2322 993 2377 testatur
1014 2331 1063 2376 eo·
1118 2315 1275 2371 aeternam
1307 2328 1477 2390 puerorum
1507 2314 1638 2377 salutem
1669 2319 1859 2396 necessaria3
1879 2339 1905 2376 re
1915 2311 2075 2377 aesitaverit.

319 2411 462 2475 rumdem
484 2405 692 2472 hrm'enorum
728 2407 859 2472 Siseusis
889 2406 1060 2470 Patriarcha
1116 2403 1168 2462 sed
1184 2418 1222 2463 en
1239 2419 1325 2464 mero
1341 2404 1401 2466 ritu
1418 2407 1683 2470 etcousuetudine
1698 2417 1774 2473 tunc
1786 2418 1861 2472 tem·

319 2505 498 2582 Gregorius,
515 2503 547 2564 in
563 2502 688 2580 epistola
704 2504 739 2565 ad
755 2502 927 2580 llaytonem
942 2507 1062 2578 patrem
1116 2496 1199 2572 poris
1221 2496 1359 2573 vigente,
1374 2500 1636 2576 quemadmodum
1655 2503 1810 2582 sapienter
1830 2522 1861 2565 a·

318 2601 430 2664 Leonis
450 2599 533 2676 regis
554 2597 717 2659 Armeniae
747 2595 951 2670 coenobitam,
974 2593 1061 2672 apud
1117 2589 1389 2654 nimadverterunt
1411 2593 1585 2656 Tridentini
1606 2595 1736 2659 Goncilii
1758 2609 1860 2676 patres

321 2694 509 2758 Clementem
527 2690 696 2764 Gelonem,
715 2691 750 2751 in
765 2687 991 2750 conciliatione
1004 2686 1061 2748 Ec·
1116 2697 1189 2742 sess.
1211 2682 1267 2755 21,
1283 2700 1352 2762 cap.
1366 2685 1398 2746 4.
1417 2685 1502 2748 lnter
1516 2703 1635 2752 errores
1649 2691 1860 2756 armenorum

318 2786 430 2849 clasiae
450 2789 607 2849 Arrianae
631 2799 703 2844 cum
730 2782 885 2854 Romana,
913 2781 995 2843 Tam.
1020 2781 1059 2853 l.‚
1116 2789 1132 2834 a
1154 2774 1285 2838 Summo
1306 2778 1454 2842 Pantilius
1474 2781 1638 2846 Benedicta
1654 2782 1718 2847 llll.
1736 2784 1860 2848 damna-

317 2896 390 2960 peg.
414 2880 495 2952 449,
518 2877 561 2940 sic
590 2876 744 2940 scribens:
781 2875 935 2951 Qitocirca
963 2891 1060 2935 hosa
1117 2876 1173 2943 tos,
1187 2870 1462 2949 quinquagesimus
1484 2883 1609 2938 octavus
1631 2880 1709 2957 apud
1731 2880 1859 2958 llaynal-

319 2975 350 3037 S.
374 2972 517 3034 Romana
549 2967 710 3042 Ecclesia,
733 2985 833 3048 oquae
859 2966 1059 3028 commintio·
1115 2961 1202 3037 dum,
1225 2963 1266 3025 ad
1286 2981 1411 3027 annum
1435 2967 1558 3032 Christi
1580 2986 1745 3050 accentu,
1768 2976 1857 3052 566,

316 3082 387 3127 nem
408 3065 494 3142 (cum
509 3065 583 3126 vino
598 3063 630 3125 in
647 3059 752 3142 calice)
770 3059 859 3122 modo
874 3061 1056 3138 recipimus,
1115 3065 1296 3120 recensetur
1316 3058 1385 3135 ille,
1408 3077 1469 3139 quo
1489 3064 1682 3140 asserebant,
1704 3069 1739 3130 ad
1761 3075 1859 3130 aeter·

315 3160 403 3220 sicut
423 3155 462 3220 ab
485 3156 590 3219 eodem
616 3161 780 3234 acceptum
808 3151 957 3216 habemus
983 3167 1059 3229 aiu·
1116 3167 1188 3213 nam
1203 3167 1374 3230 puerorum
1393 3154 1526 3218 salutem
1548 3163 1579 3220 et
1594 3158 1734 3238 baptismi
1749 3161 1785 3224 iis
1799 3162 1859 3225 col·

316 3268 416 3325 mum,
437 3251 571 3312 mitram
593 3249 809 3328 episcopalem,
823 3252 853 3308 et
875 3246 1002 3308 modum
1016 3245 1060 3306 si·
1115 3244 1167 3308 lati
1189 3245 1390 3323 validitatem,
1407 3245 1528 3327 praeter
1549 3250 1799 3317 confirmationis
1812 3273 1858 3318 sa-

315 3345 437 3426 ecundi
466 3358 600 3406 crucem.
634 3341 850 3404 vetustissima
880 3341 995 3419 pariter
1028 3346 1059 3401 et
1114 3341 1858 3416 aramentum,Eucbaristiametiamiisdemesse

316 3436 568 3501 immemorabilis
588 3443 635 3497 est
662 3433 740 3514 apud
766 3433 930 3496 Maronitas
957 3432 1057 3511 azymi
1114 3431 1399 3498 administrandam.
1432 3436 1466 3498 ln
1499 3438 1679 3502 occidentali
1712 3442 1856 3521 Ecclesia,

315 3531 516 3606 consuetudo,
546 3528 592 3591 uti
623 3536 741 3591 constat
770 3545 808 3589 ev
828 3526 940 3590 Morini
967 3542 1057 3605 prae·
1113 3525 1348 3602 quadringentis
1378 3533 1409 3590 et
1437 3529 1568 3607 amplius
1595 3531 1730 3596 abhinc
1756 3537 1855 3614 annis,

315 3626 441 3705 [atione
474 3623 515 3685 ad
542 3622 784 3689 Maronitarum
817 3621 1053 3692 ordinationes,
1114 3619 1707 3703 Eucbaristiapuerispostbaptismum
1729 3632 1858 3693 nonad-

315 3727 345 3781 et
367 3735 407 3780 ear
429 3714 618 3779 bibliotheca
651 3713 805 3776 orientali
826 3711 992 3778 Assemani
1012 3730 1057 3774 se·
1113 3713 1320 3776 ministratur.
1349 3713 1468 3778 Verum
1489 3718 1596 3794 negari
1622 3722 1743 3800 nequit,
1766 3723 1798 3783 in
1821 3723 1857 3786 li·

314 3811 430 3882 nioris,
455 3815 529 3871 tom.
555 3810 586 3881 1,
607 3823 679 3887 pag.
696 3808 773 3880 410,
796 3815 887 3886 atque
907 3823 944 3868 ex
961 3806 1057 3885 Syno·
1113 3805 1175 3868 bris
1196 3807 1358 3870 ritualibus
1385 3808 1592 3872 Orientalium
1619 3817 1857 3878 commemorari

314 3905 352 3966 do
373 3903 521 3966 nationali
542 3903 574 3964 in
601 3902 705 3965 Monte
730 3902 847 3964 Libano
873 3909 1058 3978 congregata
1113 3899 1210 3961 ritum
1232 3901 1457 3963 communionis
1473 3912 1541 3981 post
1556 3903 1741 3984 baptismum
1753 3909 1856 3986 pueris

313 4014 396 4062 anuo
417 4012 615 4061 naccxxxvr.
632 4002 663 4058 et
678 4013 693 4056 a
709 3995 796 4056 nobis
811 3995 844 4055 in
859 4001 962 4056 nostra
975 3995 1057 4058 Con·
1112 3990 1381 4057 administrandae.
1411 3995 1596 4059 assemanus
1623 3999 1729 4062 iunior
1757 3999 1810 4064 lih.
1833 4001 1857 4062 2

313 4092 489 4155 stitutione:
514 4089 700 4168 Singularis
714 4087 768 4158 31,
786 4087 929 4166 liutharii
951 4087 1057 4149 nostri
1114 4085 1238 4150 Codicis
1249 4085 1423 4166 liturgici,
1438 4105 1506 4167 cap.
1519 4088 1592 4164 149,
1607 4092 1855 4156 retertordinem

315 4191 388 4247 tom.
413 4186 443 4254 1,
467 4183 666 4257 confirmata,
693 4179 725 4242 in
746 4181 833 4243 cuius
858 4195 926 4258 cap.
951 4180 993 4240 12
1021 4181 1057 4242 de
1112 4179 1308 4243 ministrandi
1331 4181 1473 4260 baptismi
1488 4184 1567 4262 apud
1584 4185 1757 4264 Melcbitas;
1780 4201 1852 4268 pap.

315 4283 515 4340 sacramento
538 4273 779 4344 Eucharistiae,
801 4288 872 4334 cum
890 4273 927 4334 de
948 4289 1056 4351 azymo
1112 4287 1235 4350 quoque
1251 4271 1318 4334 309
1333 4275 1474 4337 ordinem
1488 4278 1631 4340 exscribit
1643 4276 1784 4358 baptismi
1799 4282 1855 4362 Sy-

313 4370 427 4446 agitur,
450 4369 524 4431 haec
546 4366 710 4444 leguntur:
737 4365 798 4440 θαι·
820 4381 885 4426 mos
900 4373 930 4429 et
947 4367 982 4427 in
998 4367 1056 4429 Ea·
1112 4381 1230 4439 rarum,
1244 4367 1363 4428 editum
1378 4383 1393 4428 a
1409 4369 1578 4432 Philoxeno
1589 4371 1769 4450 Mabugensi
1785 4375 1854 4455 Epi·

313 4461 408 4524 alesia
429 4465 541 4522 rtostra
562 4465 592 4522 et
614 4459 700 4537 apud
714 4462 865 4522 Armenes
887 4474 1007 4537 queque
1021 4461 1057 4521 in
1111 4473 1201 4535 scopo
1222 4457 1448 4538 Monopbysita3
1469 4477 1543 4541 pag.
1565 4465 1631 4524 306
1650 4466 1746 4528 alium
1767 4468 1854 4532 aliert

197 4602 204 4618 .
314 4551 484 4616 orienteah
496 4550 738 4615 immemorabili
752 4550 1054 4630 tenipus-iactuum
1112 4551 1309 4630 desumptum
1324 4569 1339 4614 a
1355 4555 1452 4616 veteri
1475 4555 1579 4618 rituali
1596 4557 1703 4632 Severi
1725 4559 1855 4623 Patriac-

313 4653 343 4709 et
364 4645 556 4709 authen-tica
578 4645 676 4708 etiam
691 4644 789 4706 huius
805 4646 851 4706 rei
867 4645 1055 4708 documenta
1111 4645 1182 4706 ebae
1212 4645 1397 4708 antiocheni
1428 4647 1715 4728 Monopbvsitarum
1742 4655 1855 4716 antesi-

312 4742 643 4820 praferrepossumus.
657 4739 939 4801 HocArmenorum
953 4739 1056 4802 etMa·
1111 4737 1222 4813 guam:
1246 4744 1277 4797 et
1298 4734 1391 4798 libat
1412 4738 1550 4802 eiusdem
1576 4743 1853 4826 contrectandae

311 4835 486 4897 ronitarum
512 4833 664 4911 exempla,
688 4832 846 4896 Bessarion
876 4833 1054 4910 cardinalis,
1110 4835 1141 4889 et
1155 4844 1226 4908 pag.
1242 4829 1318 4902 130,
1335 4831 1423 4893 binos
1438 4832 1511 4894 alios
1522 4835 1646 4898 ordines
1666 4853 1853 4902 commemo-

312 4928 362 4990 cui
384 4928 522 5006 primum
544 4927 660 4989 abbatia
681 4927 814 5005 Gryptae
835 4927 978 4990 Ferratae
999 4926 1055 4988 sita
1111 4930 1168 4999 rat,
1190 4931 1328 4986 servatos
1349 4925 1432 4988 inter
1452 4926 1604 4992 Armenes
1626 4937 1656 4992 et
1672 4932 1804 5010 Gopbtos
1819 4935 1852 4996 in

314 5020 347 5081 in
368 5019 499 5082 dioecesi
521 5018 692 5080 Tusculana
714 5019 814 5080 luerat
830 5021 1053 5095 commendata,
1110 5015 1316 5078 ministrando
1352 5017 1520 5097 baptism03
1556 5023 1669 5100 quibus
1707 5027 1852 5090 omnibus

312 5113 342 5174 id
363 5113 509 5187 obtinuit,
533 5120 568 5173 ut
589 5113 691 5190 graeci
714 5112 855 5174 monachi
876 5113 909 5173 in
932 5112 983 5175 illa
1004 5111 1055 5174 de·
1111 5108 1307 5188 praecipitur,
1321 5119 1355 5172 ut
1377 5114 1480 5190 pueris
1501 5121 1568 5192 post
1589 5115 1775 5194 baptismum
1791 5120 1852 5181 Eu·

313 5214 420 5283 gentes
434 5205 467 5268 in
482 5207 591 5284 azymo
612 5213 837 5281 consecrarent,
854 5207 1055 5283 quemadmo·
1110 5201 1251 5264 cbaristia
1280 5203 1486 5267 ministretur.
1520 5207 1703 5286 Huiusmodi
1724 5228 1851 5276 consue-

313 5303 387 5365 dum
419 5301 523 5378 legere
559 5309 604 5362 est
635 5301 668 5362 iu
699 5310 802 5363 nostra
832 5302 1055 5364 constitutions
1111 5296 1252 5357 tudinem
1280 5298 1359 5374 apud
1386 5299 1552 5362 nonnullos
1580 5301 1708 5366 Graecos
1734 5306 1770 5367 ad
1796 5323 1851 5369 sua

311 5411 427 5458 xxxin.
458 5395 548 5459 lotar
576 5393 696 5466 msulta,
719 5396 737 5469 ἓ
770 5395 808 5457 llt
829 5403 952 5468 eutem,
978 5396 1055 5457 But·
1110 5405 1207 5466 usque
1229 5395 1366 5467 tempora
1387 5391 1556 5455 obtinuisse
1577 5396 1757 5460 aitsanctus
1773 5399 1851 5460 Tho·

311 5487 390 5552 larii
411 5489 515 5550 nostri
539 5497 614 5551 tom.
636 5490 669 5551 2.
693 5489 777 5552 ldem
804 5505 925 5567 semper
952 5507 1054 5552 serva·
1109 5497 1173 5542 mas
1195 5485 1315 5559 filet..
1332 5501 1383 5562 qtt.
1401 5486 1459 5558 80,
1474 5493 1539 5550 art.
1557 5489 1598 5552 ud
1624 5489 1778 5554 Tertium.
1794 5496 1851 5555 ltr-

312 5594 379 5648 tum
407 5587 482 5660 luit,
513 5585 665 5663 hodieque
695 5591 837 5646 servatur
867 5585 900 5645 in
929 5585 1054 5647 ecclesia
1108 5575 1216 5638 cadius
1238 5591 1312 5638 vero
1335 5576 1388 5642 lib.
1411 5581 1433 5638 3
1453 5582 1489 5643 de
1509 5586 1850 5650 sacrementollucha·
1964 5627 1967 5636 ·

311 5679 468 5756 collegiata
490 5677 617 5740 Sanctae
647 5678 756 5742 Mariae
778 5679 813 5740 de
836 5679 951 5758 Grafea
973 5695 1053 5742 nun·
1109 5669 1397 5749 9399949911,
1421 5675 1498 5738 hanc
1512 5691 1578 5738 esse
1599 5677 1785 5741 Graecorum
1806 5681 1849 5743 dl-

310 5782 433 5851 numera,
468 5773 524 5832 sita
556 5773 588 5832 in
624 5771 808 5834 Messanensi
842 5771 988 5848 dioecesi,
1018 5774 1052 5835 li·
1107 5765 1268 5842 sciplitlam
1289 5769 1412 5846 Scribil3
1434 5772 1488 5832 sed
1508 5770 1603 5849 aliqui
1625 5787 1663 5832 eit
1685 5771 1755 5852 ipsis
1777 5789 1850 5852 patl-

309 5876 358 5930 cet
379 5867 473 5946 ipsius
497 5867 598 5930 clerus
621 5867 718 5927 ritum
742 5881 887 5941 graecum
909 5859 1051 5943 retineat,
1108 5858 1195 5920 latim
1207 5876 1275 5922 eam
1287 5862 1503 5938 deseruerunt,
1515 5873 1641 5942 propter
1655 5865 1848 5930 incommoda

310 5962 356 6024 uti
385 5961 484 6025 videri
508 5966 608 6040 potest
639 5960 671 6021 in
700 5968 803 6022 nostra
831 5961 1051 6024 constitutione
1107 5973 1185 6035 quae
1207 5955 1239 6018 in
1260 5954 1433 6035 praebenda
1452 5957 1555 6034 pueris
1577 5966 1644 6037 post
1664 5958 1849 6038 baptismum
1870 6035 1873 6044 ,
