4838 6982
313 528 501 582 An.c.1753
551 528 610 592 528

531 679 580 726 ma
609 680 648 726 ex
676 663 852 728 huiusmodi
881 659 1032 724 desiderio
1064 657 1275 739 provenientia

531 758 642 820 damna
673 755 852 835 explicavit,
873 754 972 817 addit:
1007 753 1139 834 Goqniic
1168 753 1276 830 itaque

532 850 735 921 detrimento,
749 849 831 912 banc
842 846 1015 912 absurdam
1028 846 1211 926 cupidinem
1223 848 1241 925 s
1263 878 1275 891 ·

530 943 667 1022 qiumns.
692 943 832 1021 Denique
853 942 911 1004 hoc
931 941 1100 1028 capitulum
1121 940 1206 1002 hisce
1225 939 1275 1002 ab·

529 1038 622 1100 solvit
653 1036 770 1100 verbis:
809 1035 896 1110 Quod
926 1033 955 1095 si
985 1033 1069 1095 Deus
1101 1031 1275 1112 aliquando

530 1129 629 1210 eliqut
661 1131 839 1209 quempiam
867 1133 907 1194 ad
935 1129 1091 1192 eiusmodi
1122 1145 1273 1204 munera,

530 1227 632 1296 nouit,
647 1226 774 1288 sumsit
790 1224 977 1287 indicatrius
991 1240 1030 1287 oc
1041 1240 1154 1304 sequa,
1171 1240 1274 1302 quem·

530 1320 698 1383 admodum
725 1319 824 1382 etium
851 1320 957 1396 ipsum
987 1320 1208 1394 praestiturus
1229 1317 1274 1379 sit

531 1413 676 1493 diqnnm.
701 1415 763 1477 Nos
783 1413 1031 1476 autemconscii
1053 1409 1274 1473 accedebamus

530 1503 776 1584 nobismet-ipsis,
794 1523 960 1584 nunquam
987 1523 1041 1567 nos
1064 1504 1187 1582 aliquid
1211 1503 1275 1567 tale

530 1599 729 1678 appetivisse,
746 1615 843 1677 neque
864 1598 930 1661 ullo
945 1597 1034 1660 modo
1048 1598 1203 1660 eiusmodi
1226 1598 1275 1658 de·

529 1693 686 1756 siderium
708 1689 1054 1755 10011110000001000.Ι
1078 1707 1153 1754 nam
1170 1697 1200 1752 et
1223 1690 1274 1752 hie

529 1787 657 1850 animae
677 1784 804 1848 morbus
826 1786 1038 1866 quavissimus
1060 1792 1116 1859 eat,
1139 1792 1169 1847 et
1191 1785 1273 1865 facit

530 1886 567 1942 ut
588 1899 608 1943 u
630 1879 717 1944 banis
739 1878 937 1940 concidamus.

313 1991 512 2056 1101010101-
570 1980 589 2054 ἓ
610 1977 638 2039 7.
663 1977 810 2049 10011010,
826 1989 898 2037 cum
912 1972 1073 2053 apostoliea
1096 1971 1273 2034 huiusmodi

300 2046 511 2154 ἓῖξῃῇὲἶξὲᾞῗξῗ
531 2080 635 2134 nostra
657 2069 813 2148 dispositio
834 2085 868 2131 ae
889 2067 1004 2130 sanctio
1026 2081 1274 2144 eorumquoque

300 2151 442 2209 ⁰⁰⁰i²³¹¹d¹·
530 2165 577 2228 ins
599 2164 750 2242 respiciat,
768 2164 821 2242 qui
843 2162 877 2224 ad
900 2161 1189 2240 archiepiscopatus,
1212 2159 1274 2237 epi·

529 2265 669 2337 scopatus
700 2265 731 2319 et
754 2257 993 2318 archimandrias
1021 2253 1200 2317 nominandi
1224 2253 1272 2315 vel

529 2350 743 2431 praesentandi
766 2349 815 2410 ius
836 2347 1067 2426 quomodolibet
1095 2347 1208 2408 hahere
1230 2345 1274 2408 di-

530 2452 737 2521 gnoscuntur,
768 2441 876 2503 iisdem
908 2440 1041 2503 salutare
1069 2439 1100 2502 S.
1126 2438 1273 2502 Bernardi

529 2537 685 2599 monitum
717 2535 901 2608 indicimus,
932 2533 1094 2611 reputandi
1121 2532 1273 2593 nimirum

528 2628 738 2692 ecclesiasticis
769 2627 972 2702 dignitatibus
1001 2625 1166 2702 indignum
1186 2639 1272 2697 eum,

509 2723 582 2802 vqui
604 2721 653 2784 rel
675 2737 730 2800 per
751 2737 783 2782 se
806 2720 907 2798 ipsum
929 2717 979 2780 vel
1001 2734 1055 2796 per
1073 2716 1148 2778 alios
1169 2719 1203 2779 ad
1226 2732 1275 2777 ea-

528 2817 673 2880 rumdem
698 2814 885 2891 dignitatum
908 2812 1187 2891 consequutiouem
1208 2825 1273 2872 sese

427 2943 433 2956 ·
529 2910 736 2972 commendat.
761 2905 854 2970 Alius
868 2922 926 2985 pro
947 2905 1025 2977 alio,
1038 2905 1125 2968 alius
1147 2907 1232 2985 forte
1246 2908 1274 2965 et

529 3017 585 3080 pro
606 3019 638 3063 ee
660 3008 762 3081 raqnt.
787 3000 848 3062 Pro
870 3016 929 3078 quo
945 2998 1081 3077 reponis,
1103 2998 1147 3060 eit
1169 3013 1273 3075 suape-

528 3100 617 3157 ctna:
641 3095 694 3173 qni
717 3094 783 3172 ipae
804 3100 897 3173 roqat
920 3108 975 3170 pro
995 3109 1037 3163 se,
1063 3092 1273 3155 101010111οα-

530 3195 663 3250 100001.
686 3186 785 3249 Verba
811 3193 886 3249 sont
911 3186 1050 3248 eiusdem
1076 3183 1273 3248 S..Bernardi

529 3279 583 3343 lib.
607 3280 688 3342 4110
715 3279 922 3351 comederat,
945 3294 1014 3356 cap.
1038 3279 1068 3353 4,
1092 3279 1202 3358 quibus
1223 3294 1273 3357 ap-

528 3373 629 3453 prime
650 3379 821 3436 consonant
842 3373 935 3434 verha
966 3372 996 3436 S.
1021 3373 1157 3434 Thomas
1179 3371 1273 3450 nqui-

528 3468 608 3529 natis
637 3469 716 3540 2-2,
744 3473 866 3546 quaest.
899 3463 1117 3538 10011115
1150 3467 1272 3528 011101-

529 3561 630 3622 tium:
654 3560 688 3624 Si
710 3577 782 3622 uera
797 3559 916 3638 aliquis
938 3573 995 3637 pro
1010 3575 1042 3620 ae
1057 3563 1150 3638 requi
1171 3565 1208 3620 nt
1224 3555 1273 3620 od-

529 3656 634 3718 tineat
663 3669 775 3716 euram
803 3653 1001 3723 attimacum,
1024 3667 1064 3712 en
1092 3653 1272 3728 10000100-

527 3748 708 3826 sumptione
744 3745 894 3808 redditur
925 3744 1089 3824 indiqnns.
1113 3745 1272 3806 Postremo

527 3841 639 3904 addere
661 3846 792 3918 praestat
814 3839 906 3901 verba
941 3838 1070 3900 concilii
1099 3837 1271 3901 Tridentini

526 3938 602 3996 sect.
625 3932 671 3994 24
691 3933 727 3994 de
743 3934 872 4012 reform.
891 3947 958 4010 cap.
982 3937 1013 3993 1.
1038 3932 1182 3995 «Omnes
1197 3947 1272 3993 vero

527 4035 557 4090 et
569 4026 721 4104 singulos,
733 4027 786 4105 qui
798 4027 833 4090 ad
850 4027 1078 4104 promotionem
1094 4025 1274 4103 praeficien-

527 4123 639 4184 dorum
653 4122 871 4198 quodcumque
886 4119 932 4180 ius
944 4135 1140 4197 quacumque
1153 4118 1273 4179 ratione

528 4234 541 4278 0
564 4215 643 4280 Sede
657 4214 830 4294 apostolica
845 4215 970 4289 hahent,
987 4223 1038 4276 aut
1052 4214 1189 4292 alioquin
1203 4230 1274 4292 ope-

527 4325 702 4373 rammam
724 4314 887 4387 praestant,
904 4307 983 4369 nihil
1004 4309 1037 4370 in
1054 4308 1090 4370 iis
1112 4323 1166 4385 pro
1188 4323 1273 4386 prae-

526 4405 609 4467 senti
630 4410 806 4481 temporum
821 4403 944 4464 ratione
965 4400 1155 4475 innovando,
1170 4400 1272 4462 horta-

529 4508 580 4562 tur
601 4505 633 4560 et
659 4501 777 4569 montet,
800 4501 836 4557 nt
865 4495 897 4556 in
926 4493 1031 4573 primis
1060 4495 1272 4570 meminerint,

528 4591 607 4656 nihil
627 4607 660 4652 se
681 4591 717 4652 ad
739 4589 794 4650 Dei
816 4588 946 4664 gloriam
969 4596 999 4649 et
1021 4588 1208 4666 populorum
1229 4606 1275 4650 sa-

528 4683 626 4746 lutern
648 4682 758 4746 utilius
778 4696 866 4759 posse
886 4679 999 4756 lacere,
1015 4697 1107 4759 quam
1129 4682 1154 4742 si
1177 4681 1273 4744 bonos

528 4785 662 4855 pastores
684 4783 715 4837 et
727 4775 879 4838 Ecclesiae
896 4776 1131 4851 gubernanadae
1147 4775 1273 4838 idoneos

527 4869 704 4949 promoveri
725 4870 885 4945 studeant;
909 4883 1021 4946 eosque
1041 4868 1150 4930 alienis
1171 4885 1272 4946 pecca-

528 4964 566 5024 tis
587 4954 851 5026 communicantes
867 4961 1041 5022 mortaliter
1062 4977 1196 5040 peccare,
1213 4962 1272 5023 nisi

527 5073 603 5136 quos
618 5055 774 5132 digniores
791 5061 821 5116 01
835 5053 986 5116 Ecclesiae
1001 5055 1099 5132 magis
1110 5054 1202 5117 utiles
1217 5055 1272 5134 ipsi

527 5149 745 5224 iudicaverint,
762 5164 825 5209 non
841 5147 967 5226 quidem
988 5148 1128 5227 precibus
1150 5148 1273 5210 10100-

527 5261 620 5308 mano
641 5244 751 5307 allecta
772 5251 825 5304 aut
840 5241 1045 5304 ambientium
1066 5241 1273 5319 suggestioni-

527 5339 596 5414 bus,
609 5339 660 5400 sed
677 5352 785 5400 eornm
799 5335 995 5412 exigentibus
1009 5334 1128 5396 meritis
1148 5336 1271 5414 praefici

527 5433 696 5510 diligenter
717 5429 937 5493 curaverint.»

315 5552 449 5600 mur„
464 5561 508 5609 oro
568 5527 586 5600 5
607 5524 635 5586 8.
660 5525 739 5587 llaec
759 5539 831 5585 sane
846 5523 912 5584 sive
926 5524 1088 5588 statuenda
1104 5523 1170 5586 sive
1186 5539 1272 5585 man·

298 5609 508 5708 firiifflssffifflm
528 5618 626 5683 danda
646 5619 713 5680 sive
734 5618 890 5679 monenda
913 5616 1087 5690 habuimus,
1103 5617 1274 5680 decernen-

317 5667 425 5708 “m‘m'
530 5721 575 5776 tes
595 5711 699 5774 omnia
720 5717 751 5774 01
771 5709 893 5787 singula
915 5711 947 5772 in
972 5711 1082 5772 iisdem
1104 5713 1272 5790 praesenti-

530 5809 586 5868 bus
598 5806 711 5868 nostris
733 5804 845 5880 litteris
860 5812 1017 5881 contenta,
1033 5821 1156 5885 semper
1171 5807 1271 5882 firma,

530 5899 629 5964 valida
650 5906 680 5961 01
702 5899 832 5962 efficacia
854 5900 985 5964 existere
998 5907 1030 5961 et
1045 5898 1122 5977 lore,
1139 5915 1272 5980 suosque

1054 543 1118 588 llIR·
1143 540 1232 586 ΡΟΝΤ.
1257 538 1297 584 DE
1320 539 1347 582 P.
1371 536 1399 583 F·
1425 539 1506 584 nans
1529 537 1549 582 l.

2108 511 2308 566 nn.c.1753

1331 655 1484 735 plenarios
1498 663 1530 719 01
1545 656 1682 733 integros
1704 653 1832 718 01100100
1847 653 1952 716 0011111
1973 659 2004 716 01
2025 653 2076 715 00-

1332 749 1443 824 tinere,
1465 755 1497 812 01
1517 748 1553 810 00
1576 747 1648 824 11110,
1670 749 1706 810 ad
1729 764 1805 826 quos
1831 751 1947 826 spectat
1969 755 1999 807 et
2020 761 2075 824 pro

1332 848 1473 919 ‘tempore
1494 843 1751 922 quandocumque
1771 840 1931 919 spectabit,
1948 839 2075 902 inviola-

1331 934 1436 998 biliter
1457 932 1612 998 observari
1633 935 1762 1012 debere3
1785 934 1934 1012 sicqueet
1949 933 2075 996 nonali-

1332 1036 1379 1090 ter
1401 1030 1433 1091 io
1454 1028 1627 1106 praemissis
1659 1043 1940 1108 perquoscumque
1961 1027 2075 1090 iudices

1331 1121 1502 1185 ordinarios
1534 1131 1565 1185 et
1587 1122 1758 1198 delegatos,
1790 1121 1885 1183 etiam
1912 1137 2072 1184 caussarum

1330 1217 1432 1294 palatii
1453 1215 1610 1295 apostolici
1632 1217 1787 1280 auditores
1802 1221 1833 1278 01
1849 1215 1880 1278 S.
1895 1214 1930 1277 R.
1944 1215 1979 1276 E.
2005 1215 2074 1277 Gar-

1330 1309 1445 1372 dinales
1460 1319 1491 1372 01
1512 1312 1693 1373 eorumdem
1709 1309 1920 1376 cardinalium
1940 1309 2075 1386 Congre-

1330 1403 1480 1479 gatianus,
1504 1419 1560 1466 nec
1583 1419 1645 1465 non
1669 1403 1754 1466 Sedis
1777 1403 1968 1482 Apostolicae
1990 1401 2075 1466 Nun-

1331 1496 1399 1570 tios,
1422 1497 1453 1557 ei
1474 1497 1599 1576 quosvis
1620 1497 1694 1558 alios
1709 1511 1905 1575 quacumque
1925 1496 2074 1574 praeemi-

1330 1590 1437 1652 nentia
1452 1598 1482 1652 01
1497 1597 1649 1669 potestate
1670 1588 1838 1666 iungentes
1849 1598 1880 1651 et
1902 1589 2072 1663 iuncturos,

1328 1682 1446 1744 sublati
1467 1684 1509 1746 010
1531 1691 1562 1745 01
1583 1699 1693 1746 eorum
1713 1681 1840 1744 cuilibet
1862 1683 1970 1760 quavis
1985 1681 2074 1746 aliter

1328 1773 2074 1855 iudicandietinterpretandifacultateetaucto·

1329 1867 1429 1944 ritate,
1452 1868 1579 1933 iudicari
1600 1879 1631 1932 et
1653 1868 1776 1932 deirniri
1794 1867 1925 1948 dehere;
1950 1885 1983 1930 ac
2005 1867 2074 1929 irri-

1331 1969 1448 2024 tumet
1474 1963 1584 2038 inane,
1610 1963 1635 2024 si
1657 1979 1743 2025 secus
1773 1977 1866 2040 super
1894 1961 1940 2022 his
1962 1978 1977 2022 0
1999 1977 2073 2039 quo-

1328 2071 1421 2133 quam
1442 2057 1550 2136 quavis
1570 2057 1751 2120 auctoritate
1765 2057 1900 2120 scienter
1915 2055 1963 2117 vel
1987 2055 2073 2132 igno·

1327 2157 1432 2213 ranter
1457 2151 1622 2228 contigerit
1650 2151 1806 2212 attentari.

1367 2245 1435 2319 59.
1460 2243 1529 2306 Non
1550 2244 1742 2306 obstantibus
1764 2243 1891 2322 praelati
1914 2243 2070 2308 Benedicti
2101 2267 2321 2328 0111110110-

1328 2337 1570 2416 praedecessoris
1586 2336 1686 2398 nostri
1701 2335 1814 2398 litteris
1829 2346 1860 2399 01
1874 2337 2072 2416 quibuscum·
2091 2321 2185 2364 Μ·

1328 2447 1388 2510 que
1408 2429 1531 2492 statutis
1547 2438 1576 2493 01
1591 2429 1722 2494 decretis
1736 2431 1767 2492 in
1782 2429 1973 2492 contrarium
1988 2447 2073 2508 prae-

1329 2522 1495 2584 missorum
1517 2522 1548 2582 in
1575 2520 1712 2584 conciliis
1735 2529 1766 2583 et
1787 2522 1911 2601 synodis
1939 2524 2072 2586 nationis

1328 2616 1490 2680 Ruthenae
1518 2615 1620 2678 lorsan
1647 2614 1747 2691 editis,
1776 2623 1807 2676 01
1833 2615 1954 2679 Ordinis
1977 2618 2070 2679 vestri

1327 2711 1422 2772 etiam
1455 2709 1653 2786 iuramento,
1686 2710 1922 2774 confirmatione
1954 2720 2071 2790 aposto·

1329 2804 1403 2879 lica,
1436 2801 1486 2864 vel
1518 2804 1626 2880 quavis
1658 2805 1804 2867 tirmitate
1834 2805 1891 2868 atta
1922 2806 2071 2869 roboratis

1327 2899 1449 2960 statutis
1464 2905 1494 2960 et
1508 2897 1798 2974 consuetudinibus,
1812 2899 1982 2979 privilegiis
1996 2917 2071 2979 quo·

1328 3009 1400 3071 que,
1417 2993 1544 3055 indultis
1571 3001 1601 3056 et
1621 2992 1733 3056 litteris
1752 2994 1935 3074 apostolicis,
1952 2996 1984 3057 in
1999 3010 2071 3057 con-

1329 3088 1459 3150 trarium
1488 3089 1727 3165 praemissorum
1750 3088 1980 3167 quomodolibet
2000 3107 2071 3152 con-

1327 3182 1428 3256 cessis,
1445 3181 1636 3244 confirmatis
1651 3189 1681 3244 01
1696 3181 1862 3244 innovatis.
1878 3182 2072 3258 0111000010-

1328 3274 1420 3337 nibus
1438 3282 1469 3336 01
1484 3275 1629 3351 singulis,
1646 3275 1771 3341 illorum
1788 3282 1911 3338 tenores
1933 3293 2074 3356 praesen-

1329 3372 1410 3436 tibus
1441 3388 1496 3449 pro
1527 3372 1619 3449 plene
1646 3379 1678 3434 et
1703 3371 1894 3433 sufficienter
1921 3373 2072 3450 expressis

1327 3483 1360 3530 00
1381 3467 1419 3528 de
1442 3465 1535 3526 verbo
1553 3466 1591 3528 ad
1614 3466 1746 3526 verbum
1768 3465 1892 3528 insertis
1914 3465 2070 3542 habentes,

1328 3561 1388 3622 illis
1413 3559 1485 3622 alias
1510 3560 1543 3620 in
1564 3575 1621 3622 suo
1650 3559 1762 3623 robore
1781 3559 2010 3639 permansuris,
2036 3560 2070 3621 ad

1327 3655 1565 3733 praemissorum
1590 3652 1747 3728 edentum,
1761 3654 1815 3715 hae
1830 3652 1897 3715 vice
1915 3653 2073 3716 dumtaxat

1327 3747 1499 3826 specialiter
1528 3757 1558 3811 01
1588 3763 1732 3827 expresse
1762 3747 1964 3824 derogamus,
1993 3753 2073 3808 cele-

1328 3844 1431 3920 risque
1452 3843 1615 3905 conttariis
1631 3843 1890 3922 quibuscumque.

1367 3936 1455 4010 510.
1489 3934 1642 3999 Volumus
1674 3944 1797 4011 autem,
1827 3943 1862 3997 ut
1892 3937 2069 4000 earumdem
2123 3951 2310 4014 arenosorum

1328 4030 1536 4109 praesentium
1570 4029 1734 4092 literarum
1767 4031 1985 4108 transumptis,
2017 4047 2069 4092 seu
2090 4009 2237 4050 ²⁰⁰¹⁰f¹t³⁸

1327 4122 1490 4201 exemplis,
1511 4123 1607 4184 etiam
1628 4123 1804 4201 impressis,
1827 4138 1922 4185 manu
1944 4123 2071 4185 alicuius

1328 4217 1439 4278 notarii
1451 4214 1564 4295 publici
1576 4215 1755 4294 subscriptis
1770 4224 1800 4277 et
1810 4215 1913 4292 sigilla
1925 4232 2072 4293 personae

1327 4309 1360 4372 in
1383 4308 1534 4386 dignitate
1554 4308 1757 4370 ecclesiastici
1770 4308 1955 4378 constitutae
1970 4308 2074 4370 muni-

1330 4403 1378 4476 tis,
1402 4402 1509 4464 eadem
1531 4416 1658 4479 prorsus
1687 4400 1761 4462 fides
1782 4401 1972 4476 adhibeatur,
1996 4417 2072 4482 quae

1329 4497 1437 4560 iisdem
1458 4496 1670 4576 praesentibus
1692 4496 1900 4570 adhiberetur,
1922 4495 1946 4556 si
1969 4493 2072 4558 forent

1327 4590 1483 4652 exhibitae
1504 4590 1554 4653 vel
1578 4596 1728 4651 ostensae.

1368 4683 1499 4745 interim
1528 4683 1623 4759 vobis,
1649 4683 1752 4746 dilecti
1783 4683 1848 4758 lilii,
1877 4683 2069 4762 apostolicam

1327 4777 1577 4840 benedictionem
1598 4784 1791 4855 peramanter
1812 4777 2022 4856 impertimur.

1366 4868 1629 4944 Datum'ilomae,
1656 4869 1735 4948 apud
1767 4867 1798 4931 S.
1823 4871 1949 4947 Mariam
1980 4871 2071 4934 hlain-

1326 4981 1393 5027 rem
1408 4965 1466 5026 suh
1486 4963 1603 5026 annulo
1626 4964 1796 5039 Piscatoris,
1820 4966 1869 5026 die
1891 4982 1947 5027 xrr.
1965 4966 2071 5044 aprilis

1327 5074 1482 5120 uocetur.
1514 5057 1710 5136 pontificatus
1732 5058 1830 5119 nostri
1850 5073 1932 5120 anno
1954 5075 2023 5120 xrn.

1582 5261 1819 5270 —u—————-

1637 5437 1769 5504 CXLlX.

1327 5622 1465 5703 Requlaa
1478 5623 1582 5686 trudit
1598 5621 1804 5686 utissionihus
1815 5621 1950 5703 Attqlioe
1964 5637 2071 5702 repen·
2158 5633 2160 5638 ·

1367 5715 1427 5786 dis,
1443 5715 1634 5793 praesertim
1645 5731 1718 5776 uero
1732 5715 1853 5776 slatuit
1866 5731 1944 5792 quae
1962 5711 2070 5776 debeat

1367 5823 1429 5870 esse
1445 5808 1653 5886 dependentia
1669 5807 1950 5871 missionariornm
1968 5808 2070 5888 Requ-

1368 5901 1532 5964 luriumu
1558 5901 1692 5964 l'ieariis
1718 5901 1910 5980 apostolicis
1933 5917 2071 5980 quaeque
