4732 7014
311 505 365 561 Aa.
379 506 409 561 (i.
431 507 499 561 1742

347 5151 428 5196 causa
442 5150 520 5196 buius

309 5204 521 5250 constitutionis

309 5261 335 5303 et
353 5257 522 5302 eoniirmatio-

310 5311 350 5356 nis
366 5309 519 5367 privilegior.

310 5364 522 5420 quacltato-erae·

310 5417 523 5464 cistemsoecula-

311 5472 523 5528 cibusquamre-

310 5524 392 5582 gular.
413 5536 429 5571 a
448 5527 523 5570 Sauc-

311 5583 338 5625 ta
353 5579 416 5624 Sede
426 5589 524 5624 conces-

311 5643 339 5679 se
355 5633 432 5678 luere.

549 505 593 568 bs·

530 657 591 719 que
612 641 706 719 spatia
734 639 854 703 emensi
881 641 960 706 istuc
988 643 1143 720 evangelii
1171 643 1273 707 iucem

530 733 705 797 diffundere
725 743 938 814 susceperunt.
962 735 1041 798 ilaec
1061 744 1166 800 autem
1187 745 1222 800 ut
1244 745 1275 800 et

531 825 705 889 celsitudini
727 837 798 889 tuae
818 826 935 904 fulgeat
955 837 987 891 et
1000 828 1087 891 omni
1106 830 1275 892 tumuleris

530 919 751 997 prosperitate,
778 919 983 982 vehementer
1010 921 1153 1001 cupimus
1183 930 1276 1002 atque

531 1026 720 1073 ominamur.

570 1103 682 1165 ilatum
710 1104 840 1179 Romae,
867 1104 947 1182 apud
976 1104 1006 1168 S.
1031 1105 1156 1168 liariam
1184 1107 1276 1168 ilaio·

530 1212 609 1272 rem,
630 1198 688 1260 sub
719 1198 835 1260 annulo
868 1199 1046 1277 Piscatoris,
1074 1201 1170 1263 dier.
1204 1202 1276 1264 maii

532 1307 696 1354 unccxcrr.
714 1291 912 1371 pontificatus
933 1293 1030 1357 nostri
1052 1311 1135 1357 anno
1157 1311 1191 1357 u.

783 1453 1021 1464 -—-—-—-..

847 1575 957 1641 XXIV.

535 1762 740 1840 Confirmatis
762 1765 1045 1831 Praedccessorttm
1071 1765 1278 1829 constitutio·

572 1853 668 1918 cibes
689 1858 731 1921 od
754 1859 1009 1924 italos-Graecos
1023 1857 1275 1940 pcrtinentibus,

572 1949 609 2011 dc
624 1950 826 2031 dogmatibus
841 1959 870 2016 ct
884 1952 1005 2017 vitibus
1020 1954 1059 2018 ab
1073 1955 1118 2016 eis
1135 1952 1278 2016 tenendis

572 2049 603 2107 et
624 2044 791 2107 servandis
814 2045 955 2126 disponit
976 2045 1031 2128 (i).

666 2213 911 2285 senioretus
934 2215 1145 2286 EPiSOOPUS

718 2407 827 2461 servus
849 2408 1003 2462 servorun
1026 2391 1094 2473 liei,

654 2513 690 2583 ai
713 2521 884 2600 perpetuam
907 2517 950 2584 rei
977 2517 1156 2585 memoriam.

574 2705 639 2770 Etsi
661 2708 819 2785 pastoralis
833 2709 962 2771 Romani
977 2710 1133 2773 Pontificis
1148 2710 1279 2787 vigilan·

534 2801 574 2862 tia
588 2803 625 2862 ad
639 2817 746 2863 omnes
757 2803 971 2866 christifideles
986 2803 1173 2880 longissimis
1187 2804 1279 2865 etiam

533 2895 674 2956 iocorum
695 2895 867 2957 intervallis
888 2897 1045 2972 distantes
1069 2898 1216 2972 acritate,
1239 2897 1279 2958 ri·

533 2994 626 3050 tuum
647 2994 678 3049 et
699 2986 878 3065 linguarum
901 3004 1016 3066 genere
1037 2990 1120 3052 inter
1135 3005 1166 3051 se
1183 2989 1281 3050 mari-

533 3096 585 3143 me
607 3080 784 3144 diiierentes
806 3083 931 3161 paterni
952 3084 1076 3147 caritate
1090 3100 1158 3146 sese
1172 3091 1279 3146 exten-

533 3174 596 3252 dat,
608 3190 797 3254 omnemque
808 3193 913 3239 curam
925 3195 957 3240 ac
971 3176 1110 3240 studium
1125 3178 1277 3252 adhibeat,

534 3277 569 3332 ut
591 3269 706 3350 ubique
734 3278 891 3333 terrarum
917 3271 1082 3334 catholicae
1104 3272 1175 3334 iidei
1200 3273 1280 3334 inte-

535 3365 641 3440 gritas,
664 3365 885 3428 ecclesiasticae
906 3364 1081 3448 disciplinae
1105 3366 1190 3428 nitor
1210 3381 1280 3444 pro-

534 3457 674 3536 bitasque
695 3473 819 3520 morum
833 3464 913 3520 sarta
930 3465 1007 3521 tecta
1022 3465 1200 3534 servantum
1216 3473 1279 3520 ma-

534 3550 650 3612 ioribus
661 3552 946 3629 tamenpontidciae
956 3553 1159 3616 solicitudinis
1170 3553 1280 3616 studiis

534 3643 568 3705 in
590 3659 641 3705 eos
652 3643 807 3726 intendit,
824 3646 877 3724 qui
897 3647 931 3708 in
946 3647 1063 3709 ditione
1078 3646 1280 3710 ecclesiastici

535 3746 566 3800 et
587 3738 620 3799 in
641 3723 770 3816 reliquis
791 3739 893 3802 italiae
921 3741 1057 3818 partibus
1077 3742 1205 3820 eiusque
1230 3741 1278 3803 in-

535 3829 612 3892 suils
641 3831 850 3894 adiacentibus
870 3833 938 3894 sive
968 3835 1029 3896 orti
1056 3835 1123 3896 sive
1154 3834 1278 3897 aliunde

533 3924 655 3987 advecti
676 3923 794 3986 incolae
814 3934 1057 3989 commorantur.
1083 3928 1161 3990 Cum
1175 3928 1279 4004 itaque

533 4015 649 4078 iactum
669 4018 709 4078 sit
731 4027 776 4092 ut,
799 4021 1008 4095 grassantibus
1030 4021 1210 4084 iamdudum
1224 4035 1280 4098 per

536 4118 636 4173 totum
665 4111 825 4176 Orientem
846 4121 913 4176 tum
942 4113 1143 4177 barbarorum
1171 4115 1280 4176 inlide-

536 4205 615 4267 iium
637 4205 845 4282 immanitate,
869 4213 937 4270 tom
959 4208 1052 4270 etiam
1072 4207 1279 4271 schismatico-

537 4314 609 4360 rum
636 4299 764 4377 perndie
791 4300 919 4378 plurimi
944 4317 982 4362 ιιι
1010 4302 1149 4378 Graecia,
1173 4301 1278 4381 Epiro,

538 4392 675 4467 Albania,
699 4391 828 4471 aliisque
849 4394 938 4456 Asiae
966 4395 1145 4471 regionibus
1165 4395 1202 4456 ad
1223 4393 1281 4455 ita-

537 4483 609 4546 iiam
630 4485 722 4564 eique
743 4485 913 4550 adiacentes
935 4487 1051 4549 insulas
1074 4495 1230 4567 tamquam
1244 4485 1279 4548 ad

537 4578 608 4640 iidei
630 4585 661 4640 et
683 4579 915 4658 tranquillitatis
945 4587 1068 4658 portum
1100 4580 1281 4656 confugien-

538 4679 595 4747 tes,
618 4672 732 4734 rbidem
752 4676 838 4736 sedes
853 4690 886 4740 ac
900 4674 1092 4738 domicilium
1113 4675 1282 4738 collocave-

537 4766 614 4840 rint,
630 4773 660 4827 et
675 4773 738 4828 tam
759 4767 815 4846 ipsi
837 4783 931 4846 quam
952 4784 1060 4830 eorum
1081 4769 1138 4831 iiiii
1152 4768 1281 4832 Graeco·

538 4875 610 4923 rum
632 4875 744 4936 mores,
767 4861 1011 4936 instituta,ritus
1032 4871 1063 4925 et
1083 4863 1281 4924 consuetudi-

539 4971 594 5016 nes
615 4971 631 5014 a
651 4953 772 5018 Graecis
798 4956 1048 5034 progenitoribus
1074 4957 1132 5017 sibi
1157 4955 1281 5017 traditas

539 5047 675 5111 studiose
696 5049 850 5126 enixeque
870 5066 995 5112 servare
1017 5058 1158 5130 pergant,
1182 5051 1222 5112 ita
1241 5045 1284 5111 ta·

540 5159 613 5206 men
636 5151 670 5206 ιιι
690 5141 823 5204 debitam
852 5146 1007 5208 Romanae
1036 5145 1189 5209 Ecclesiae
1213 5145 1283 5208 obe·

539 5239 687 5301 dientiam
702 5255 735 5302 ac
749 5238 947 5302 devotionem
969 5242 1097 5304 omnino
1118 5243 1282 5319 profitean-

542 5342 609 5412 tur3
632 5337 705 5398 irinc
725 5342 770 5397 est
790 5334 871 5414 quod
894 5350 962 5410 noe,
985 5335 1039 5413 qui
1059 5335 1206 5398 ineffabili
1230 5336 1282 5396 liei

541 5431 723 5505 clementii,
755 5430 875 5494 meritis
902 5429 975 5492 licet
1003 5427 1189 5507 imparibus,
1217 5429 1283 5489 eius

542 5525 644 5588 ricem
665 5525 802 5601 gerimus
823 5523 855 5584 in
878 5522 979 5597 terris,
1002 5523 1081 5601 apud
1103 5521 1198 5600 quem
1219 5537 1282 5583 non

541 5627 587 5682 est
607 5619 738 5682 Graecus
753 5626 784 5679 et
799 5619 937 5693 iudaeus
950 5615 1100 5678 Barbarus
1113 5623 1144 5678 et
1161 5615 1282 5694 Scytha,

1052 524 1116 570 ltili.
1140 525 1231 572 PONT·
1256 525 1296 572 DE
1318 527 1347 572 P·
1370 527 1400 572 F.
1424 526 1507 574 PARS
1529 528 1550 572 i.

1311 647 1452 728 (omnes
1473 647 1558 711 enim
1579 665 1678 712 unum
1701 655 1776 714 sunt
1796 651 1829 713 in
1844 650 1966 714 Christo
1980 649 2079 731 iesu),

1330 741 1459 804 Graecos
1480 751 1511 804 et
1532 743 1721 806 libanenses
1742 745 1842 821 graeci
1865 745 1944 807 ritus
1965 752 2027 806 tam
2042 745 2080 806 in

1331 834 1448 896 ditione
1470 837 1573 898 nostrai
1600 838 1800 901 ecclesiastici
1822 847 1852 900 et
1877 839 2009 918 utrique
2031 837 2083 902 Si-

1331 928 1409 1003 cilia,
1433 945 1525 1007 quam
1548 930 1580 992 in
1608 931 1734 1012 reliquis
1757 931 1859 996 ltaliae
1885 932 2024 1010 partibus
2044 937 2082 993 et

1331 1021 1443 1084 insulis
1464 1023 1671 1088 adiacentibus
1693 1026 1725 1088 in
1748 1026 1878 1088 dioecesi
1907 1026 2081 1088 latinorum

1332 1115 1555 1195 Episcoporum
1575 1127 1812 1195 commorantes,
1834 1119 2015 1198 specialibus
2035 1118 2083 1180 ia-

1332 1208 1457 1271 voribus
1479 1217 1510 1272 et
1525 1211 1628 1286 gratiis
1643 1215 1786 1291 prosequi
1803 1213 1955 1288 volentes,
1971 1211 2080 1274 omnia

1332 1308 1365 1363 et
1385 1303 1520 1380 singula,
1543 1321 1622 1383 quae
1647 1305 1840 1370 laudabiliter
1866 1305 1993 1385 providi
2017 1305 2081 1367 ilo-

1333 1412 1496 1458 manorum
1519 1397 1705 1462 Pontificum
1733 1400 2001 1478 praedecessorum
2022 1415 2081 1461 no-

1333 1494 1471 1553 strorum
1492 1492 1688 1554 ordinatione
1709 1492 1829 1556 Graecis
1851 1500 1882 1556 et
1896 1491 2079 1558 libanensi·

1333 1582 1391 1646 bus
1411 1584 1585 1662 praedictis,
1602 1594 1670 1648 tum
1692 1586 1790 1666 quoad
1812 1587 1931 1650 rituum
1953 1601 2079 1664 graeco-

1333 1692 1406 1739 rum
1435 1677 1504 1740 sire
1534 1681 1796 1744 consuetudinum
1827 1680 2078 1754 observantiam,

1336 1777 1399 1832 tum
1423 1770 1521 1848 quoad
1542 1773 1716 1851 privilegia,
1732 1775 1956 1850 immunitates,
1973 1789 2081 1835 erem·

1334 1863 1465 1942 ptiones,
1475 1863 1605 1940 lavores,
1615 1867 1734 1929 indulta
1746 1874 1777 1930 ιι
1789 1867 1911 1944 gratias,
1924 1883 2078 1941 concmsa,

1333 1961 1456 2031 statuta,
1469 1958 1619 2035 ordinata,
1632 1959 1750 2022 indulta
1763 1969 1793 2022 et
1804 1960 1880 2024 iacta
1892 1962 2080 2037 dignoscun-

1333 2053 1397 2123 tur,
1421 2059 1455 2112 ut
1476 2051 1648 2128 pleniorem
1676 2053 1795 2116 roboris
1824 2054 2005 2116 firmitatem
2026 2053 2081 2115 ob-

1335 2141 1467 2217 tineant,
1491 2159 1590 2222 eoque
1610 2146 1731 2208 firmius
1751 2153 1783 2208 et
1804 2146 1941 2209 stabilius
1962 2147 2079 2208 illibata

1334 2232 1576 2314 inconcussaque
1596 2237 1779 2316 perdurent,
1795 2255 1856 2318 quo
1870 2239 1991 2318 saepius
2004 2247 2080 2300 sunt

1335 2327 1366 2388 in
1388 2343 1504 2404 genere
1526 2336 1556 2391 ιι
1577 2331 1677 2409 specie
1688 2331 1773 2396 Sedis
1788 2332 1978 2412 Apostolicae
1993 2348 2079 2410 prae·

1334 2421 1411 2484 sidio
1441 2423 1642 2500 communita,
1669 2441 1726 2503 per
1755 2433 1931 2505 praesentes
1959 2431 2080 2488 nostras

1334 2516 1438 2578 literas
1459 2519 1655 2596 innovamus,
1677 2522 1899 2585 confirmamus
1920 2529 1951 2584 et
1972 2537 2079 2602 appro-

1334 2609 1454 2687 bamus,
1467 2611 1591 2692 iilisque
1612 2622 1735 2677 nostrae
1756 2616 1993 2695 approbationis,
2006 2633 2080 2679 con-

1335 2704 1518 2767 firmationis
1533 2715 1564 2768 et
1579 2707 1788 2772 innovationis
1800 2710 1895 2772 robur
1906 2710 2078 2785 adiicimus,

1335 2803 1370 2859 ιιι
1381 2798 1490 2860 iisdem
1504 2800 1687 2878 privilegiis,
1700 2802 1960 2881 immunitatibus,
1974 2818 2080 2866 exem-

1334 2890 1502 2968 ptionibus,
1511 2893 1652 2970 induitis,
1665 2897 1770 2972 gratiis
1785 2904 1816 2958 et
1830 2896 1996 2975 lareribus
2010 2913 2080 2976 per-

1334 2981 1406 3044 inde
1427 3000 1461 3046 ae
1481 2985 1584 3048 clerici
1605 2986 1694 3050 latini
1715 2996 1778 3050 tam
1802 2991 1972 3053 saeculares
1985 3006 2079 3070 quam

1335 3076 1503 3153 regulares,
1526 3095 1698 3160 eorumque
1721 3083 1876 3160 ecciesiae,
1893 3085 2080 3147 monasteria

1335 3177 1366 3232 ιι
1387 3171 1464 3232 bona
1486 3171 1518 3234 in
1547 3175 1654 3238 iisdem
1677 3175 1768 3252 iocis,
1796 3177 1850 3239 ubi
1876 3177 2079 3242 italo—Graeci

1334 3273 1579 3342 commorantur,
1603 3276 1748 3346 utuntur,
1772 3271 1935 3349 potiuntur
1956 3279 1987 3334 et
2005 3287 2079 3350 gau·

1334 3358 1419 3433 dent,
1443 3359 1500 3434 uti,
1522 3359 1615 3438 potiri
1636 3372 1666 3424 et
1688 3362 1822 3440 gaudere
1843 3365 1939 3426 iibere
1959 3367 2079 3443 possint

1335 3467 1368 3512 ac
1389 3452 1521 3528 valeant,
1544 3461 1575 3516 et
1595 3455 1766 3533 privilegiis
1787 3474 1820 3519 ac
1845 3459 1950 3535 gratiis
1971 3459 2081 3522 huius·

1335 3545 1418 3607 modi
1438 3545 1495 3606 sibi
1517 3548 1665 3610 concessis
1687 3549 1719 3611 in
1741 3550 1871 3612 Domino
1893 3550 1982 3629 piene
2005 3567 2078 3628 gau-

1335 3637 1454 3714 dentes,
1470 3639 1503 3701 iu
1518 3641 1741 3720 tranquillitate
1756 3643 1836 3722 pacis
1846 3646 2077 3723 conquiescant,

1335 3740 1366 3794 et
1387 3748 1441 3811 per
1461 3734 1603 3796 semitam
1625 3735 1842 3799 mandatorum
1864 3739 1916 3800 liei
1938 3739 2080 3814 gradien-

1336 3835 1380 3888 tes
1415 3825 1596 3888 ferventiori
1628 3845 1702 3906 erga
1732 3832 1937 3908 Apostolicam
1965 3831 2079 3896 Sedem

2115 505 2177 561 Aa.
2197 507 2229 561 0.
2245 507 2308 562 1742

1335 3921 1500 3983 devotione
1521 3925 1903 3999 perseverent.·Quoniam
1926 3942 2001 3988 vero
2023 3942 2079 4005 pro
2112 3933 2309 3984 concamarata

1334 4014 1463 4077 diversis
1485 4029 1592 4075 rerum
1603 4031 1637 4076 ac
1651 4022 1828 4095 temporum
1839 4019 2080 4083 circumstantiis
2098 3989 2309 4091 ζῗῑῗὲἶιῗῖἧῗιηῗοὲἶ

1336 4108 1438 4188 piures
1459 4123 1492 4170 ac
1507 4106 1645 4171 diversae
1663 4110 1760 4172 editae
1774 4110 1902 4174 luerunt
1917 4113 1955 4174 ab
1968 4113 2079 4176 iisdem
2097 4109 2114 4198 ξ

2115 4097 2310 4148 ostoitcarquo·

2116 4151 2133 4197 d
2158 4149 2308 4196 italo-erac-

1335 4201 1616 4280 praedecessoribus
1637 4205 1750 4266 nostris
1760 4204 1904 4268 Romanis
1925 4207 2082 4271 Pontifici·
2096 4217 2150 4252 ⁰⁰⁵·

1335 4296 1403 4372 bus,
1428 4303 1459 4358 et
1479 4312 1494 4356 a
1516 4297 1676 4359 nonnuliis
1698 4313 1792 4360 venn.
1807 4299 1938 4363 trau-um
1960 4308 2079 4364 nostro-

1336 4405 1407 4452 rum
1419 4389 1450 4453 S.
1461 4390 1496 4452 it.
1508 4391 1543 4452 E.
1558 4391 1767 4454 cardinalium
1781 4395 2080 4473 congregationibus

1336 4483 1414 4545 cirea
1442 4484 1567 4546 eosdem
1592 4482 1719 4547 Graecos
1740 4493 1771 4548 ιι
1799 4485 2007 4564 libanenses,
2030 4506 2081 4552 eo·

1337 4591 1470 4654 rumque
1491 4577 1586 4652 ritus,
1598 4580 1849 4656 consuetudines,
1861 4581 2013 4658 instituta,
2030 4585 2081 4646 de·

1336 4669 1494 4748 bitamque
1525 4669 1629 4744 latinis
1650 4673 1861 4749 Praesuiibus,
1885 4676 1918 4738 in
1945 4692 2080 4755 quorum

1337 4762 1467 4824 dioecesi
1497 4763 1628 4840 degunt,
1649 4767 1874 4831 subiectionem
1901 4771 2082 4847 apostolicae

1337 4859 1585 4934 constitutiones,
1608 4862 1827 4938 ordinationes,
1844 4879 1999 4942 responsa,
2018 4867 2081 4927 edi-

1337 4960 1383 5015 cta
1405 4961 1435 5014 et
1456 4951 1591 5029 decreta,
1614 4969 1744 5032 eamque
1764 4955 1803 5016 ob
1823 4971 1944 5017 causam
1965 4966 2029 5020 tam
2044 4959 2083 5021 de

1337 5050 1449 5112 ritibus
1462 5051 1598 5128 ipsorum
1609 5051 1795 5113 Graecorum
1806 5052 2080 5132 etiiibaneusium,

1338 5163 1431 5226 quam
1453 5148 1490 5209 de
1510 5147 1693 5210 eorumdem
1713 5149 1905 5210 sacerdotum
1919 5151 2081 5227 poststate,

1339 5251 1370 5303 et
1391 5241 1560 5303 latinorum
1588 5243 1681 5304 etiam
1707 5242 1887 5303 Praesulum
1915 5248 2008 5321 atque
2032 5261 2081 5322 pa·

1339 5335 1504 5397 rethorum
1527 5335 1736 5398 iurisdictione
1750 5342 1780 5396 ιι
1799 5337 1979 5398 auctoritate
1992 5355 2083 5418 saepe

1339 5429 1463 5491 obortae
1484 5434 1557 5490 sunt
1579 5437 1609 5490 et
1630 5429 1745 5492 oboriri
1767 5430 1867 5490 soient
1887 5431 2082 5507 quaestiones

1339 5530 1370 5585 et
1390 5523 1633 5598 controversiae;
1656 5538 1711 5584 nos
1732 5537 1787 5600 pro
1802 5523 1906 5582 nostra
1924 5525 2083 5601 pastoralis

1340 5615 1431 5678 oiiicii
1452 5614 1662 5690 solicitudine,
1684 5607 1891 5693 quantumin
1914 5616 2002 5678 nobis
2024 5625 2081 5692 est,

582 5863 611 5920 (l)
627 5867 664 5908 ιιι
678 5863 745 5908 Bull.
760 5865 786 5908 P.
795 5862 827 5907 de
841 5865 866 5906 Ρ.
878 5864 904 5906 F.
920 5863 969 5908 vol.
985 5865 1037 5917 lli,
1051 5871 1109 5918 pag.
1125 5863 1158 5916 22,
1173 5859 1300 5906 collatum
1314 5869 1374 5904 cum
1388 5857 1501 5915 Regesto
1515 5856 1651 5902 Builarum
1666 5853 1879 5901 Abbbreviatoris
1893 5853 1987 5902 curiae
2001 5867 2084 5902 asser·

541 5935 602 5978 vato
616 5931 643 5977 in
657 5928 787 5978 archiviis
801 5928 942 5976 Vaticanis.
