4838 6982
364 537 417 591 An.
433 542 462 591 G.
486 541 554 593 1754
603 541 661 604 582

638 698 807 770 lienerabili
830 700 918 768 tratri
943 699 1132 786 sigismundo
1155 703 1283 772 Antonio

665 793 814 880 Episcopo
837 792 958 862 ilibenai
982 797 1009 861 in
1032 790 1249 875 transilvania,

753 967 996 1038 sendelenus
1014 969 1073 1035 PP.
1094 967 1165 1035 tili.

797 1143 986 1212 llenerabilia
1008 1145 1114 1224 irater,

619 1237 802 1327 salutemet
823 1239 1021 1324 apostolicam
1045 1239 1292 1308 benedictionem.

623 1431 760 1508 Acceptis
783 1430 986 1493 fraternitatis
1003 1439 1071 1492 tuae
1086 1430 1196 1504 literis,
1214 1430 1246 1492 in
1262 1430 1329 1510 qui-

583 1523 640 1584 bus
669 1523 827 1586 conabaris
856 1525 1039 1598 ostendere,
1073 1523 1327 1596 matrimonium,

583 1618 664 1694 quod
688 1617 842 1679 Christina
865 1618 1011 1680 Marchasi
1034 1624 1100 1696 post
1121 1618 1328 1680 calvinianam

584 1710 735 1772 haeresim
757 1709 1006 1786 condemnatam,
1029 1726 1207 1788 nomenque
1222 1710 1329 1772 datum

586 1803 731 1880 religioni
754 1804 930 1879 catholicae,
953 1805 1161 1867 celebraverat
1182 1821 1252 1866 cum
1276 1804 1329 1866 bli-

583 1897 686 1959 chaele
708 1897 786 1959 Bona
809 1897 876 1958 viro
898 1897 1055 1959 Romanae
1077 1899 1158 1972 hilei,
1176 1897 1274 1960 adhuc
1297 1897 1328 1958 ln

584 1990 663 2050 vivis
686 2001 798 2067 agente
818 1991 973 2069 Steplrann
988 1991 1097 2053 Varnili
1115 1991 1241 2052 immine
1264 1990 1329 2052 Carl-

585 2085 723 2158 viniano,
745 2085 795 2146 cui
819 2083 998 2162 iampridem
1016 2091 1162 2162 nupserat
1185 2099 1239 2160 per
1260 2099 1327 2144 eam

583 2178 752 2239 verborum
774 2177 951 2249 formulam,
968 2194 1046 2255 quae
1065 2178 1159 2239 moris
1181 2184 1226 2236 cst
1247 2177 1326 2253 apud

570 2288 634 2332 'eos
657 2273 687 2332 in
712 2271 936 2345 Transilrania,
961 2270 1073 2348 illaque
1095 2270 1227 2330 ov'lhibita
1250 2269 1328 2330 cale·

584 2364 628 2425 hri
651 2365 827 2426 conditione
843 2363 967 2426 «donoc
990 2365 1024 2425 in
1044 2365 1103 2444 fide
1118 2370 1147 2425 et
1164 2363 1327 2424 ltonestnte

581 2460 833 2536 peramoenus»,
847 2460 968 2520 irritum
983 2475 1016 2520 ac
1027 2458 1149 2518 nullum
1163 2474 1244 2531 esse3
1261 2473 1328 2517 rem

585 2559 676 2612 totam
710 2562 831 2614 mature
860 2559 889 2611 et
917 2552 1082 2626 diligenter
1110 2551 1324 2627 expendimus.

583 2642 628 2704 Ne
643 2651 746 2705 auteur
762 2643 794 2704 in
811 2644 984 2722 aequivocis
997 2643 1181 2716 laboremne,
1194 2642 1328 2703 animavi-

582 2738 769 2798 vertendum
796 2735 981 2798 fraternitati
1011 2745 1080 2798 tuae
1109 2736 1326 2813 proponimus,

583 2845 644 2890 non
676 2846 740 2890 csse
769 2830 855 2892 nobis
888 2845 954 2890 vem
985 2831 1022 2890 ile
1045 2830 1080 2889 irs
1107 2827 1325 2901 matrimoniis,

582 2938 660 2999 quae
690 2939 703 2981 a
736 2923 916 2984 calvinianis
948 2923 1108 2983 haereticis
1139 2920 1327 2982 contrahun-

583 3025 633 3078 tnr
654 3015 686 3075 in
708 3015 814 3078 iisdem
841 3017 996 3077 erroribus
1023 3015 1057 3075 ad
1084 3015 1204 3076 obitum
1230 3029 1327 3091 usqne

582 3109 870 3188 perseverantibus,
903 3125 978 3187 qnae
1009 3123 1111 3186 neque
1141 3115 1206 3170 turn
1239 3107 1335 3168 nobis'

582 3203 811 3280 proposuimus,
835 3217 937 3279 ireque
958 3218 1042 3264 nnnc
1064 3203 1150 3263 nobis
1181 3203 1327 3280 proponi-

582 3313 651 3358 mus
667 3297 898 3372 consideranda
913 3295 977 3370 sed,
989 3296 1069 3374 quod
1086 3297 1324 3357 examinandum

582 3389 861 3468 declarandamque
894 3389 979 3452 nobis
1008 3389 1145 3450 oblatum
1168 3400 1225 3464 est,
1248 3389 1326 3450 circa

582 3499 692 3545 eorum
715 3483 911 3544 matrimonia
941 3483 1067 3556 versari,
1090 3481 1143 3560 qui
1167 3496 1239 3543 cnm
1261 3480 1326 3542 lue-

582 3579 646 3639 rint
667 3579 749 3640 inter
769 3593 801 3638 se
817 3577 948 3654 copulati
968 3592 1029 3654 spuo
1052 3584 1191 3655 tempore
1208 3576 1239 3636 in
1256 3576 1327 3636 liae-

581 3673 658 3732 resis
672 3671 862 3732 calvinianae
877 3669 1012 3732 tenebris
1027 3670 1236 3742 ambulabant,
1248 3670 1326 3730 alter

581 3773 684 3842 postea
705 3781 743 3826 en
759 3766 794 3824 iis
810 3765 845 3825 acl
862 3762 968 3824 lumen
986 3763 1151 3825 catholicae
1166 3763 1326 3838 religionis

582 3857 686 3919 oculos
715 3858 823 3936 aperit,
847 3858 981 3934 vivoque
1003 3856 1101 3918 aillnnc
1129 3857 1229 3933 primo
1254 3871 1325 3916 con-

582 3953 654 4028 iuge
676 3952 861 4028 calviniana,
877 3969 948 4014 curn
964 3954 1111 4015 catholico
1127 3955 1325 4015 matrimonio

580 4047 715 4109 secundo
730 4047 789 4108 rite
804 4047 1015 4122 coniungitur.
1031 4046 1136 4124 Neque
1151 4049 1181 4109 iu
1193 4041 1325 4126 hoo'ipso

581 4156 687 4203 rernm
708 4151 873 4220 systemate
888 4143 1121 4218 affirmavimus,
1138 4144 1275 4222 primum
1292 4144 1325 4203 il-

584 4236 635 4297 lnd
651 4235 886 4299 nratrimonlnm
904 4253 917 4296 a
934 4237 1053 4298 dnobus
1067 4237 1252 4313 coningibus
1268 4237 1325 4298 111-

581 4338 649 4390 tum
671 4347 731 4408 qno
762 4339 901 4407 tempore
925 4331 955 4392 in
977 4333 1087 4392 eadem
1111 4331 1229 4395 haeresi
1258 4349 1326 4410 per·
1369 4364 1373 4372 -

580 4425 772 4499 sauciabant,
790 4425 828 4485 ita
844 4440 967 4501 semper
981 4425 1091 4487 ellectu
1106 4441 1222 4499 carere,
1239 4433 1285 4498 nt,
1301 4426 1325 4485 si

581 4518 659 4579 alter
681 4535 718 4578 eu
741 4520 780 4578 iis
802 4517 986 4594 religionem
1009 4519 1189 4580 catholicam
1211 4517 1326 4596 ample·

580 4619 693 4687 statur,
716 4627 837 4690 semper
860 4613 953 4690 possit
974 4615 1146 4674 secundum
1168 4614 1325 4674 matrimo-

581 4706 669 4766 nium
691 4721 762 4768 cum
790 4705 937 4768 catholico
966 4707 1069 4784 aliquo
1095 4707 1227 4782 coniuge
1248 4706 1325 4767 cele-

581 4800 668 4860 brare
690 4797 744 4877 (l).
768 4799 852 4862 Rene
875 4817 949 4862 vero
971 4803 1159 4863 asseruimus
1174 4801 1202 4862 id
1225 4801 1324 4861 solum

582 4892 685 4966 licere,
697 4903 729 4953 et
744 4910 842 4972 posse,
859 4894 982 4972 qnando
998 4911 1030 4956 ea
1048 4897 1142 4974 posita
1159 4895 1254 4956 luerit
1269 4895 1325 4956 cir·

580 4988 775 5062 cumstantla‚
792 4988 906 5050 scilicet
921 4989 1002 5065 qnod
1019 4989 1253 5049 matrimonium
1266 4988 1327 5064 pri-

581 5095 669 5140 mum
692 5082 726 5142 ad
748 5089 870 5144 certum
887 5091 1008 5158 tempus
1023 5089 1209 5143 coarctatum
1233 5080 1327 5142 luerit

581 5174 796 5236 accinditione
823 5177 860 5236 de
888 5175 996 5236 eodem
1025 5175 1125 5252 quoad
1153 5174 1325 5250 vinculum,

581 5267 731 5328 adulterio
760 5269 1009 5342 interveniente,
1032 5267 1196 5329 solvendo:
1219 5283 1327 5344 quem-

1108 562 1171 606 ltin.
1196 563 1284 606 PONE.
1310 563 1348 606 DE
1373 563 1398 606 l’.
1426 563 1453 606 F·
1481 564 1561 608 lintis·
1585 565 1605 606 l.

1386 695 1454 740 cuno
1479 679 1510 741 in
1533 681 1640 742 eodem
1662 694 1755 742 sensu
1770 679 1946 752 convenias,
1960 686 1992 741 et
2006 679 2040 740 in
2064 693 2140 739 casu

1388 776 1559 849 praeposito
1582 789 1616 834 ea
1638 773 1764 834 consilia
1787 773 1896 850 capias,
1910 788 1989 850 qnae
2010 780 2041 832 et
2057 771 2140 832 ratio

1386 873 1416 924 et
1438 867 1573 944 aequitas
1602 866 1797 944 postulanda
1821 866 1976 928 wunnicis
2003 864 2140 926 sanctio-

1386 959 1477 1021 nibus
1500 959 1722 1022 manilestatae.
1748 959 1786 1021 Et
1807 958 2057 1021 benedictionem
2084 957 2140 1020 tibi

1380 1051 1580 1142 qpostnlicam
1603 1054 1811 1131 impertimur.

1425 1146 1536 1208 Datum
1552 1146 1676 1220 Romae,
1694 1149 1771 1225 apud
1789 1146 1819 1210 S.
1836 1147 1962 1210 llariam
1973 1146 2139 1220 Maiorem,

1385 1240 1442 1301 sub
1463 1240 1579 1301 annulo
1603 1240 1762 1302 Piscatoris
1784 1241 1833 1302 die
1860 1257 1930 1304 xlvi.
1955 1239 2141 1302 novembris

1387 1350 1535 1395 unccorv.
1559 1333 1755 1412 pontificatus
1777 1333 1874 1395 nostri
1897 1349 1979 1395 anno
2001 1349 2054 1394 xv.

1642 1537 1881 1546 —au—-m———n-

1687 1713 1831 1778 ctxtlt.

1388 1901 1600 1964 Procurnlori
1620 1902 1810 1964 missionum
1841 1903 2010 1964 seminarii
2039 1901 2143 1965 Pori-

1424 1995 1538 2055 sionsis
1562 1995 1596 2055 in
1619 1996 1753 2058 cicitnte
1774 1995 1893 2066 Monoi,
1907 1995 2043 2073 ollisque
2059 1997 2141 2056 nnis-

1423 2087 1579 2148 so'onovo'is
1593 2089 1628 2149 in
1640 2088 1729 2152 dicto
1745 2089 1834 2150 donno
1847 2088 2138 2159 corrnmornntihns,

1425 2179 1617 2262 falcultatem
1641 2179 1759 2242 tribuit
1785 2181 1819 2242 in
1843 2182 1973 2258 pricnto
1995 2181 2141 2242 residem

1427 2275 1492 2335 tine
1514 2273 1624 2334 donnus
1652 2273 1796 2334 unctoria
1825 2290 1955 2334 saccom
1978 2273 2137 2352 facisculi,

1425 2382 1496 2426 cuna
1511 2365 1727 2442 periculosum
1738 2365 1783 2425 sit
1799 2365 1897 2426 rainois
1910 2365 2072 2442 publicone
2083 2381 2138 2443 pc-

1425 2468 1492 2520 tore
1508 2459 1672 2518 ecclesiam
1692 2458 1733 2521 od
1753 2458 1952 2537 sucrificium
1974 2456 2138 2521 celebran-

1425 2553 1500 2614 dum
1522 2550 1577 2632 (E).

1552 2718 1795 2790 beneolentis
1813 2723 1872 2788 ΡΡ.
1890 2721 1959 2789 lllll.

1523 2845 1559 2911 ad
1588 2843 1718 2910 loturam
1741 2845 1784 2912 rei
1807 2843 1988 2912 memoriam.

1424 3020 1545 3098 Exponi
1578 3021 1666 3082 nobis
1696 3037 1797 3099 nuper
1829 3022 1900 3084 lecit
1928 3037 2000 3084 ven.
2035 3021 2134 3084 irater
2154 3035 2301 3132 ,qssssij‘m
2319 3047 2346 3090 pc-

1383 3114 1555 3176 loachimus
1579 3113 1727 3189 Enjobert
1750 3115 1916 3193 Episcopus
1943 3115 2132 3188 Evlimensis,
2167 3099 2173 3130 ¹

1383 3207 1463 3286 qnod
1486 3208 1518 3268 in
1540 3207 1622 3270 Urbe
1644 3208 1735 3270 blacai
1751 3209 1882 3272 dilectus
1905 3209 1986 3271 salins
2009 3211 2133 3270 moder-

1384 3318 1442 3363 nus
1464 3308 1494 3362 ct
1522 3315 1577 3378 pro
1610 3309 1749 3378 teraapore
1781 3302 1918 3363 existens
1950 3309 2134 3380 procurator

1385 3394 1567 3454 missionum
1599 3393 1757 3454 seminarii
1800 3395 1977 3456 Parisiensls
2010 3411 2132 3455 moram

1384 3487 1488 3561 trahit,
1512 3505 1545 3548 ac
1574 3486 1667 3548 etiam
1688 3503 1752 3548 uon
1781 3504 1849 3548 raro
1876 3487 2013 3548 accidere
2037 3487 2129 3562 solet,

1385 3589 1417 3641 ut
1439 3581 1609 3642 sacerdotes
1636 3579 1795 3654 Sinenses‚
1818 3579 1939 3642 alumni
1970 3582 2131 3642 seminarii

1384 3674 1549 3736 Siamensls
1564 3690 1671 3736 earnm
1684 3674 1879 3749 missionum,
1893 3691 1945 3752 per
1960 3675 2072 3736 dictam
2088 3675 2132 3735 ci-

1384 3768 1511 3828 vitatem
1536 3768 1665 3828 transire
1680 3776 1830 3846 oporteat,
1847 3771 1911 3829 sive
1934 3771 2008 3829 dum
2031 3768 2132 3831 eSia-

1384 3876 1433 3921 mo
1456 3861 1486 3920 in
1510 3857 1598 3920 Sinas
1619 3863 1764 3934 redeunt,
1780 3862 1846 3920 sive
1862 3877 1933 3922 cum
1949 3877 1986 3921 ev
2002 3861 2129 3938 provin·

1383 3955 1435 4014 ciis
1466 3953 1648 4016 Sinensibns
1669 3955 1704 4014 ad
1730 3955 1825 4032 ipsam
1846 3955 2003 4017 civitatem
2036 3955 2128 4016 Macci

1383 4049 1420 4109 ob
1442 4046 1608 4108 nonnullas
1637 4046 1790 4123 legitimas
1821 4049 1954 4108 rationes
1985 4050 2130 4110 accedere

1382 4157 1415 4202 ac
1437 4140 1512 4202 inibi
1528 4156 1581 4218 per
1593 4139 1715 4218 aliquod
1734 4142 1879 4217 temporis
1893 4142 2028 4219 spatium
2043 4157 2128 4202 corn·

1384 4235 1496 4294 morari
1518 4243 1678 4311 tenentum
1695 4235 1781 4296 valde
1800 4242 1905 4296 autem
1920 4236 2128 4312 periculosum

1383 4335 1439 4402 est,
1462 4344 1512 4402 ne,
1529 4327 1603 4390 dum
1628 4336 1689 4390 tana
1712 4329 1809 4390 dictus
1832 4335 2010 4405 procurator
2035 4345 2128 4405 quam

1384 4423 1555 4500 presbyteri
1585 4423 1732 4501 praedicti
1760 4433 1989 4485 sacrosanctum
2018 4423 2127 4484 missae

1381 4517 1564 4577 sacrificium
1582 4518 1613 4577 in
1628 4517 1763 4578 ecclesiis
1776 4517 1944 4588 celebrant,
1961 4530 2129 4592 agnoscan-

1383 4618 1434 4673 tur
1455 4628 1471 4671 a
1492 4611 1662 4688 gentilibus
1685 4613 1884 4686 Sinensibns,
1907 4611 2020 4688 quibus
2042 4625 2128 4688 prae·

1383 4706 1533 4766 dictarum
1555 4706 1754 4768 ecclesiarum
1777 4707 1934 4781 ingressus
1950 4712 2033 4782 patet
2047 4703 2127 4764 sicut

1383 4805 1412 4859 el
1424 4798 1616 4860 Christianis:
1630 4817 1663 4860 an
1676 4808 1833 4877 propterea
1847 4799 1946 4860 dictus
1959 4797 2128 4858 loachirnus

1384 4892 1548 4970 Episcopus
1569 4893 1605 4952 ad
1626 4890 1797 4953 dirimenda
1812 4907 2028 4969 quaecumque
2049 4889 2128 4968 perl-

1383 4985 1461 5058 cuh,
1485 5001 1562 5063 quae
1585 4985 1616 5048 ln
1640 4986 1812 5064 praemissis
1833 4985 1908 5046 oriri
1930 4992 2069 5061 possunt,
2087 4981 2128 5042 la-

1383 5078 1530 5139 cultatem
1543 5079 1717 5140 celebrandi
1740 5080 1770 5139 11
1788 5079 1906 5156 privato
1928 5078 2061 5138 oratorio
2076 5075 2127 5136 do·

1384 5186 1452 5232 mus
1473 5171 1659 5233 residentiae
1680 5173 1886 5251 procuratoris
1903 5180 1970 5232 tum
1991 5169 2037 5230 illi
2061 5179 2126 5230 tum

1383 5265 1569 5341 presbyteris
1592 5266 1750 5344 praedictis
1767 5282 1819 5344 pen·
1841 5281 1896 5326 111
1918 5263 2129 5341 1111111111-

1384 5361 1497 5420 rimum
1514 5359 1676 5421 desiderat.
1691 5359 1764 5432 Nos,
1777 5360 1833 5437 piis
1849 5357 1999 5432 masdeio,
2016 5355 2127 5418 inachi·
2159 5359 2335 5456 C‘.'-'·¹f5⁵⁸',},⁰,9{,{,
2385 5315 2386 5394 ἒ

1383 5453 1426 5513 mi
1449 5453 1590 5531 Episcopi
1617 5453 1696 5514 votis
1718 5455 1772 5514 hac
1800 5454 1830 5514 in
1861 5469 1894 5512 re
1922 5463 2074 5529 qnantum
2097 5449 2126 5510 11
2144 5421 2256 5514 iss'iv'on‘o'»
2267 5429 2336 5527 1131-
2385 5437 2386 5526 j

1383 5547 1516 5608 Domino
1551 5562 1713 5624 possumus
1747 5545 1955 5607 lavorabiliter
1986 5527 2335 5620 arnnne1·e{²,'f,⁰„f,',{,¹,{f,⁰,},l,¹{{³.
2385 5549 2386 5622 ζ

1382 5640 1552 5718 cupientes,
1570 5641 1749 5718 dictumque
1765 5647 1995 5718 procuratorem
2015 5633 2129 5717 specia-¹
2145 5629 2266 5674 ⁵5⁰¹¹³si¹³1

581 5362 746 5421 admodum
768 5363 913 5422 coarctari
936 5361 973 5421 ah
994 5361 1155 5422 haereticis
1183 5360 1325 5422 calvinia-

583 5453 684 5514 111111
715 5453 926 5516 'l'ronsilvania
955 5455 1170 5530 cognovimus.
1202 5455 1279 5516 Haec
1301 5456 1325 5515 si

582 5553 700 5608 attente
727 5547 931 5608 considerabit
959 5547 1137 5608 fraternitas
1162 5556 1212 5609 tna
1234 5556 1326 5624 atque

582 5639 767 5716 distinguet,
791 5656 854 5701 non
877 5641 1054 5702 dubitamus
1076 5639 1152 5713 lore,
1169 5649 1204 5702 ut
1226 5641 1327 5702 nobis-

583 5882 785 5995 111)111)3(.“,ο111121ἷ2
792 5882 913 5994 eumdeqa
931 5881 1022 5926 Bencd.
1039 5885 1099 5926 xlt'.
1115 5882 1146 5928 de
1161 5886 1221 5938 Syn.
1237 5881 1327 5938 dioec,
1353 5889 1355 5955 q
1422 5885 1451 5938 (2)
1468 5885 1504 5926 Ex
1519 5887 1580 5938 App.
1596 5881 1628 5927 ad
1642 5881 1709 5926 Bull.
1725 5881 1756 5925 de
1771 5884 1843 5936 Prop.
1861 5880 1931 5936 Fide,
1946 5891 2004 5935 pag.
2019 5880 2064 5934 175,
2079 5877 2129 5924 col·

620 5985 625 5995 .
654 5953 743 6006 ',cap.
786 5961 878 6006 ,num
910 5985 914 5994 .

1353 5960 1355 5994 l
1381 5952 1426 5997 lat.
1443 5957 1490 5996 etc.
