<?xml version="1.0" encoding="UTF-8"?>
<!DOCTYPE html PUBLIC "-//W3C//DTD XHTML 1.0 Transitional//EN"
    "http://www.w3.org/TR/xhtml1/DTD/xhtml1-transitional.dtd">
<html xmlns="http://www.w3.org/1999/xhtml" xml:lang="en" lang="en">
 <head>
  <title>
</title>
<meta http-equiv="Content-Type" content="text/html;charset=utf-8" />
  <meta name='ocr-system' content='tesseract 3.04.00' />
  <meta name='ocr-capabilities' content='ocr_page ocr_carea ocr_par ocr_line ocrx_word'/>
</head>
<body>
  <div class='ocr_page' id='page_1' title='image "./iurispontificii02martgoog_0415.png"; bbox 0 0 4828 6990; ppageno 0'>
   <div class='ocr_carea' id='block_1_1' title="bbox 968 569 1248 620">
    <p class='ocr_par' dir='ltr' id='par_1_1' title="bbox 968 569 1248 620">
     <span class='ocr_line' id='line_1_1' title="bbox 968 569 1248 620; baseline -0.004 -2"><span class='ocrx_word' id='word_1_1' title='bbox 968 569 1163 620; x_wconf 78' lang='lat' dir='ltr'>cudberctus</span> <span class='ocrx_word' id='word_1_2' title='bbox 1185 571 1248 617; x_wconf 87' lang='lat' dir='ltr'>xlv.</span> 
     </span>
    </p>
   </div>
   <div class='ocr_carea' id='block_1_2' title="bbox 109 690 1093 6028">
    <p class='ocr_par' dir='ltr' id='par_1_2' title="bbox 109 690 1093 6028">
     <span class='ocr_line' id='line_1_2' title="bbox 335 690 1081 774; baseline -0.008 -16"><span class='ocrx_word' id='word_1_3' title='bbox 335 697 392 772; x_wconf 93' lang='lat' dir='ltr'>bis,</span> <span class='ocrx_word' id='word_1_4' title='bbox 413 695 604 759; x_wconf 88' lang='lat' dir='ltr'>inhaerendo</span> <span class='ocrx_word' id='word_1_5' title='bbox 625 696 712 774; x_wconf 93' lang='lat' dir='ltr'>praxi</span> <span class='ocrx_word' id='word_1_6' title='bbox 734 693 1002 773; x_wconf 85' lang='lat' dir='ltr'>congregationis,</span> <span class='ocrx_word' id='word_1_7' title='bbox 1018 690 1081 754; x_wconf 90' lang='lat' dir='ltr'>late</span> 
     </span>
     <span class='ocr_line' id='line_1_3' title="bbox 334 785 1079 867; baseline -0.011 -14"><span class='ocrx_word' id='word_1_8' title='bbox 334 798 495 854; x_wconf 89' lang='lat' dir='ltr'>ostensum</span> <span class='ocrx_word' id='word_1_9' title='bbox 526 789 585 853; x_wconf 86' lang='lat' dir='ltr'>luit</span> <span class='ocrx_word' id='word_1_10' title='bbox 608 791 640 852; x_wconf 94' lang='lat' dir='ltr'>in</span> <span class='ocrx_word' id='word_1_11' title='bbox 663 797 769 852; x_wconf 90' lang='lat' dir='ltr'>nostro</span> <span class='ocrx_word' id='word_1_12' title='bbox 790 804 884 867; x_wconf 88' lang='lat' dir='ltr'>opere</span> <span class='ocrx_word' id='word_1_13' title='bbox 912 785 955 848; x_wconf 87' lang='lat' dir='ltr'>De</span> <span class='ocrx_word' id='word_1_14' title='bbox 980 787 1079 850; x_wconf 83' lang='lat' dir='ltr'>coao-</span> 
     </span>
     <span class='ocr_line' id='line_1_4' title="bbox 336 880 1080 960; baseline -0.005 -16"><span class='ocrx_word' id='word_1_15' title='bbox 336 885 440 946; x_wconf 79' lang='lat' dir='ltr'>nizot.</span> <span class='ocrx_word' id='word_1_16' title='bbox 467 884 630 956; x_wconf 74' lang='lat' dir='ltr'>sanctor,</span> <span class='ocrx_word' id='word_1_17' title='bbox 653 881 707 945; x_wconf 89' lang='lat' dir='ltr'>lib.</span> <span class='ocrx_word' id='word_1_18' title='bbox 723 883 757 957; x_wconf 87' lang='lat'>2,</span> <span class='ocrx_word' id='word_1_19' title='bbox 774 897 842 960; x_wconf 87' lang='lat' dir='ltr'>cop.</span> <span class='ocrx_word' id='word_1_20' title='bbox 866 880 922 953; x_wconf 83' lang='lat'>39,</span> <span class='ocrx_word' id='word_1_21' title='bbox 946 895 1034 942; x_wconf 81' lang='lat' dir='ltr'>cem.</span> <span class='ocrx_word' id='word_1_22' title='bbox 1058 881 1080 940; x_wconf 86' lang='lat'><strong>3</strong></span> 
     </span>
     <span class='ocr_line' id='line_1_5' title="bbox 335 975 1081 1056; baseline -0.004 -18"><span class='ocrx_word' id='word_1_23' title='bbox 335 982 365 1039; x_wconf 87' lang='lat' dir='ltr'>et</span> <span class='ocrx_word' id='word_1_24' title='bbox 387 979 423 1051; x_wconf 78' lang='lat'>4,</span> <span class='ocrx_word' id='word_1_25' title='bbox 447 985 482 1040; x_wconf 92' lang='lat' dir='ltr'>ut</span> <span class='ocrx_word' id='word_1_26' title='bbox 503 993 649 1056; x_wconf 80' lang='lat' dir='ltr'><strong>praesens</strong></span> <span class='ocrx_word' id='word_1_27' title='bbox 675 993 763 1040; x_wconf 92' lang='lat' dir='ltr'>causa</span> <span class='ocrx_word' id='word_1_28' title='bbox 785 978 820 1039; x_wconf 91' lang='lat' dir='ltr'>ad</span> <span class='ocrx_word' id='word_1_29' title='bbox 843 975 991 1039; x_wconf 78' lang='lat' dir='ltr'>ulteriora</span> <span class='ocrx_word' id='word_1_30' title='bbox 1012 991 1081 1054; x_wconf 93' lang='lat' dir='ltr'>pro-</span> 
     </span>
     <span class='ocr_line' id='line_1_6' title="bbox 335 1067 1082 1150; baseline -0.003 -18"><span class='ocrx_word' id='word_1_31' title='bbox 335 1072 421 1148; x_wconf 86' lang='lat' dir='ltr'>gredi</span> <span class='ocrx_word' id='word_1_32' title='bbox 442 1072 549 1150; x_wconf 83' lang='lat' dir='ltr'><strong>possit,</strong></span> <span class='ocrx_word' id='word_1_33' title='bbox 573 1087 648 1150; x_wconf 92' lang='lat' dir='ltr'>opus</span> <span class='ocrx_word' id='word_1_34' title='bbox 669 1077 727 1146; x_wconf 78' lang='lat' dir='ltr'>est,</span> <span class='ocrx_word' id='word_1_35' title='bbox 749 1077 786 1132; x_wconf 91' lang='lat' dir='ltr'>ut</span> <span class='ocrx_word' id='word_1_36' title='bbox 807 1070 856 1130; x_wconf 87' lang='lat' dir='ltr'>vol</span> <span class='ocrx_word' id='word_1_37' title='bbox 879 1070 1024 1131; x_wconf 88' lang='lat' dir='ltr'>doceatur</span> <span class='ocrx_word' id='word_1_38' title='bbox 1044 1067 1082 1130; x_wconf 86' lang='lat' dir='ltr'>dc</span> 
     </span>
     <span class='ocr_line' id='line_1_7' title="bbox 335 1163 1082 1243; baseline -0.003 -19"><span class='ocrx_word' id='word_1_39' title='bbox 335 1163 448 1227; x_wconf 89' lang='lat' dir='ltr'>iudicio</span> <span class='ocrx_word' id='word_1_40' title='bbox 459 1179 553 1243; x_wconf 88' lang='lat' dir='ltr'>super</span> <span class='ocrx_word' id='word_1_41' title='bbox 564 1163 643 1226; x_wconf 83' lang='lat' dir='ltr'>lama</span> <span class='ocrx_word' id='word_1_42' title='bbox 659 1163 798 1241; x_wconf 82' lang='lat' dir='ltr'>martyrii</span> <span class='ocrx_word' id='word_1_43' title='bbox 814 1163 848 1224; x_wconf 94' lang='lat' dir='ltr'>in</span> <span class='ocrx_word' id='word_1_44' title='bbox 861 1178 986 1240; x_wconf 78' lang='lat' dir='ltr'>genere,</span> <span class='ocrx_word' id='word_1_45' title='bbox 999 1177 1082 1225; x_wconf 90' lang='lat' dir='ltr'>corn-</span> 
     </span>
     <span class='ocr_line' id='line_1_8' title="bbox 335 1255 1081 1337; baseline -0.007 -18"><span class='ocrx_word' id='word_1_46' title='bbox 335 1259 431 1337; x_wconf 90' lang='lat' dir='ltr'>pleto,</span> <span class='ocrx_word' id='word_1_47' title='bbox 454 1257 503 1320; x_wconf 91' lang='lat' dir='ltr'>vel</span> <span class='ocrx_word' id='word_1_48' title='bbox 520 1259 557 1320; x_wconf 90' lang='lat' dir='ltr'>de</span> <span class='ocrx_word' id='word_1_49' title='bbox 578 1259 704 1321; x_wconf 92' lang='lat' dir='ltr'>obtenta</span> <span class='ocrx_word' id='word_1_50' title='bbox 727 1255 882 1336; x_wconf 84' lang='lat' dir='ltr'>pontificia</span> <span class='ocrx_word' id='word_1_51' title='bbox 897 1272 912 1316; x_wconf 93' lang='lat' dir='ltr'>a</span> <span class='ocrx_word' id='word_1_52' title='bbox 927 1255 1081 1334; x_wconf 88' lang='lat' dir='ltr'>praedicto</span> 
     </span>
     <span class='ocr_line' id='line_1_9' title="bbox 336 1351 710 1430; baseline -0.003 -18"><span class='ocrx_word' id='word_1_53' title='bbox 336 1351 451 1415; x_wconf 89' lang='lat' dir='ltr'>iudicio</span> <span class='ocrx_word' id='word_1_54' title='bbox 472 1352 710 1430; x_wconf 80' lang='lat' dir='ltr'>dispensatione.</span> 
     </span>
     <span class='ocr_line' id='line_1_10' title="bbox 144 1443 1082 1522; baseline -0.01 -9"><span class='ocrx_word' id='word_1_55' title='bbox 144 1455 318 1520; x_wconf 58' lang='lat' dir='ltr'>sonanter-rs</span> <span class='ocrx_word' id='word_1_56' title='bbox 376 1443 530 1522; x_wconf 89' lang='lat' dir='ltr'>Secundo,</span> <span class='ocrx_word' id='word_1_57' title='bbox 552 1461 624 1509; x_wconf 92' lang='lat' dir='ltr'>cum</span> <span class='ocrx_word' id='word_1_58' title='bbox 653 1461 691 1508; x_wconf 91' lang='lat' dir='ltr'>ex</span> <span class='ocrx_word' id='word_1_59' title='bbox 718 1445 854 1509; x_wconf 80' lang='lat' dir='ltr'>archivio</span> <span class='ocrx_word' id='word_1_60' title='bbox 875 1445 990 1507; x_wconf 85' lang='lat' dir='ltr'>Domus</span> <span class='ocrx_word' id='word_1_61' title='bbox 1010 1444 1082 1505; x_wconf 91' lang='lat' dir='ltr'>Pro·</span> 
     </span>
     <span class='ocr_line' id='line_1_11' title="bbox 113 1507 1082 1624; baseline -0.007 -21"><span class='ocrx_word' id='word_1_62' title='bbox 113 1511 225 1612; x_wconf 51' lang='lat' dir='ltr'>&amp;PM</span> <span class='ocrx_word' id='word_1_63' title='bbox 247 1507 318 1555; x_wconf 53' lang='grc' dir='ltr'>Μ’</span> <span class='ocrx_word' id='word_1_64' title='bbox 336 1539 432 1624; x_wconf 82' lang='lat' dir='ltr'>fessae</span> <span class='ocrx_word' id='word_1_65' title='bbox 454 1539 613 1603; x_wconf 89' lang='lat' dir='ltr'>Societatis</span> <span class='ocrx_word' id='word_1_66' title='bbox 628 1538 695 1600; x_wconf 87' lang='lat' dir='ltr'>lesu</span> <span class='ocrx_word' id='word_1_67' title='bbox 712 1539 760 1602; x_wconf 91' lang='lat' dir='ltr'>hic</span> <span class='ocrx_word' id='word_1_68' title='bbox 775 1538 808 1600; x_wconf 92' lang='lat' dir='ltr'>in</span> <span class='ocrx_word' id='word_1_69' title='bbox 824 1536 906 1600; x_wconf 90' lang='lat' dir='ltr'>Urbe</span> <span class='ocrx_word' id='word_1_70' title='bbox 921 1536 1082 1614; x_wconf 89' lang='lat' dir='ltr'>desumpta</span> 
     </span>
     <span class='ocr_line' id='line_1_12' title="bbox 337 1629 1082 1710; baseline -0.007 -16"><span class='ocrx_word' id='word_1_71' title='bbox 337 1632 431 1695; x_wconf 90' lang='lat' dir='ltr'>luerit</span> <span class='ocrx_word' id='word_1_72' title='bbox 453 1633 579 1710; x_wconf 87' lang='lat' dir='ltr'>epistola</span> <span class='ocrx_word' id='word_1_73' title='bbox 601 1632 693 1710; x_wconf 87' lang='lat' dir='ltr'>patris</span> <span class='ocrx_word' id='word_1_74' title='bbox 715 1639 791 1694; x_wconf 91' lang='lat' dir='ltr'>tunc</span> <span class='ocrx_word' id='word_1_75' title='bbox 805 1629 967 1710; x_wconf 74' lang='lat' dir='ltr'>praepositi</span> <span class='ocrx_word' id='word_1_76' title='bbox 991 1644 1082 1705; x_wconf 87' lang='lat' dir='ltr'>gene·</span> 
     </span>
     <span class='ocr_line' id='line_1_13' title="bbox 339 1724 1082 1804; baseline -0.004 -17"><span class='ocrx_word' id='word_1_77' title='bbox 339 1725 411 1788; x_wconf 89' lang='lat' dir='ltr'>ralis</span> <span class='ocrx_word' id='word_1_78' title='bbox 425 1727 586 1804; x_wconf 86' lang='lat' dir='ltr'>pertinens</span> <span class='ocrx_word' id='word_1_79' title='bbox 601 1724 636 1787; x_wconf 93' lang='lat' dir='ltr'>ad</span> <span class='ocrx_word' id='word_1_80' title='bbox 652 1733 785 1788; x_wconf 89' lang='lat' dir='ltr'>mortem</span> <span class='ocrx_word' id='word_1_81' title='bbox 801 1724 987 1787; x_wconf 89' lang='lat' dir='ltr'>venerabilis</span> <span class='ocrx_word' id='word_1_82' title='bbox 1001 1724 1082 1786; x_wconf 91' lang='lat' dir='ltr'>servi</span> 
     </span>
     <span class='ocr_line' id='line_1_14' title="bbox 340 1815 1084 1896; baseline -0.004 -16"><span class='ocrx_word' id='word_1_83' title='bbox 340 1819 395 1880; x_wconf 84' lang='lat' dir='ltr'>liei</span> <span class='ocrx_word' id='word_1_84' title='bbox 415 1820 556 1881; x_wconf 80' lang='lat' dir='ltr'>Andreae</span> <span class='ocrx_word' id='word_1_85' title='bbox 576 1817 700 1894; x_wconf 89' lang='lat' dir='ltr'>Bobola,</span> <span class='ocrx_word' id='word_1_86' title='bbox 724 1819 756 1879; x_wconf 95' lang='lat' dir='ltr'>in</span> <span class='ocrx_word' id='word_1_87' title='bbox 778 1833 848 1896; x_wconf 87' lang='lat' dir='ltr'>qua,</span> <span class='ocrx_word' id='word_1_88' title='bbox 873 1817 929 1879; x_wconf 91' lang='lat' dir='ltr'>etsi</span> <span class='ocrx_word' id='word_1_89' title='bbox 951 1815 1031 1878; x_wconf 87' lang='lat' dir='ltr'>dicat</span> <span class='ocrx_word' id='word_1_90' title='bbox 1051 1831 1084 1877; x_wconf 89' lang='lat' dir='ltr'>se</span> 
     </span>
     <span class='ocr_line' id='line_1_15' title="bbox 322 1909 1083 1990; baseline -0.007 -15"><span class='ocrx_word' id='word_1_91' title='bbox 322 1909 401 1976; x_wconf 89' lang='lat' dir='ltr'>&#39;non</span> <span class='ocrx_word' id='word_1_92' title='bbox 423 1913 565 1976; x_wconf 91' lang='lat' dir='ltr'>dubitare</span> <span class='ocrx_word' id='word_1_93' title='bbox 585 1916 624 1976; x_wconf 89' lang='lat' dir='ltr'>de</span> <span class='ocrx_word' id='word_1_94' title='bbox 639 1913 706 1976; x_wconf 87' lang='lat' dir='ltr'>eius</span> <span class='ocrx_word' id='word_1_95' title='bbox 730 1912 892 1990; x_wconf 73' lang='lat' dir='ltr'>martyrio,</span> <span class='ocrx_word' id='word_1_96' title='bbox 906 1918 1026 1990; x_wconf 89' lang='lat' dir='ltr'>patrem</span> <span class='ocrx_word' id='word_1_97' title='bbox 1041 1917 1083 1971; x_wconf 92' lang='lat' dir='ltr'>ta-</span> 
     </span>
     <span class='ocr_line' id='line_1_16' title="bbox 337 2003 1084 2086; baseline -0.003 -20"><span class='ocrx_word' id='word_1_98' title='bbox 337 2020 410 2068; x_wconf 91' lang='lat' dir='ltr'>men</span> <span class='ocrx_word' id='word_1_99' title='bbox 431 2004 665 2086; x_wconf 87' lang='lat' dir='ltr'>provincialem,</span> <span class='ocrx_word' id='word_1_100' title='bbox 689 2006 744 2085; x_wconf 86' lang='lat' dir='ltr'>qui</span> <span class='ocrx_word' id='word_1_101' title='bbox 765 2007 803 2069; x_wconf 86' lang='lat' dir='ltr'>de</span> <span class='ocrx_word' id='word_1_102' title='bbox 824 2003 958 2083; x_wconf 85' lang='lat' dir='ltr'>predicta</span> <span class='ocrx_word' id='word_1_103' title='bbox 985 2009 1084 2064; x_wconf 91' lang='lat' dir='ltr'>morte</span> 
     </span>
     <span class='ocr_line' id='line_1_17' title="bbox 336 2098 1084 2173; baseline -0.001 -13"><span class='ocrx_word' id='word_1_104' title='bbox 336 2115 410 2160; x_wconf 88' lang='lat' dir='ltr'>eum</span> <span class='ocrx_word' id='word_1_105' title='bbox 430 2101 597 2162; x_wconf 82' lang='lat' dir='ltr'>certiorem</span> <span class='ocrx_word' id='word_1_106' title='bbox 620 2098 745 2173; x_wconf 89' lang='lat' dir='ltr'>lecerat,</span> <span class='ocrx_word' id='word_1_107' title='bbox 768 2099 926 2172; x_wconf 87' lang='lat' dir='ltr'>admonet,</span> <span class='ocrx_word' id='word_1_108' title='bbox 943 2104 978 2160; x_wconf 94' lang='lat' dir='ltr'>ut</span> <span class='ocrx_word' id='word_1_109' title='bbox 999 2113 1084 2159; x_wconf 90' lang='lat' dir='ltr'>accu-</span> 
     </span>
     <span class='ocr_line' id='line_1_18' title="bbox 339 2189 1085 2265; baseline -0.003 -11"><span class='ocrx_word' id='word_1_110' title='bbox 339 2199 436 2256; x_wconf 91' lang='lat' dir='ltr'>ratam</span> <span class='ocrx_word' id='word_1_111' title='bbox 458 2193 649 2256; x_wconf 90' lang='lat' dir='ltr'>transmittat</span> <span class='ocrx_word' id='word_1_112' title='bbox 670 2191 866 2265; x_wconf 81' lang='lat' dir='ltr'>relationem,</span> <span class='ocrx_word' id='word_1_113' title='bbox 883 2199 952 2253; x_wconf 92' lang='lat' dir='ltr'>tum</span> <span class='ocrx_word' id='word_1_114' title='bbox 966 2189 1004 2251; x_wconf 91' lang='lat' dir='ltr'>de</span> <span class='ocrx_word' id='word_1_115' title='bbox 1019 2190 1085 2252; x_wconf 89' lang='lat' dir='ltr'>eius</span> 
     </span>
     <span class='ocr_line' id='line_1_19' title="bbox 338 2281 1085 2360; baseline -0.004 -13"><span class='ocrx_word' id='word_1_116' title='bbox 338 2294 451 2360; x_wconf 91' lang='lat' dir='ltr'>morte,</span> <span class='ocrx_word' id='word_1_117' title='bbox 474 2293 543 2349; x_wconf 92' lang='lat' dir='ltr'>tum</span> <span class='ocrx_word' id='word_1_118' title='bbox 565 2287 660 2349; x_wconf 91' lang='lat' dir='ltr'>etiam</span> <span class='ocrx_word' id='word_1_119' title='bbox 674 2285 712 2347; x_wconf 91' lang='lat' dir='ltr'>de</span> <span class='ocrx_word' id='word_1_120' title='bbox 726 2294 829 2347; x_wconf 87' lang='lat' dir='ltr'>morte</span> <span class='ocrx_word' id='word_1_121' title='bbox 849 2283 946 2347; x_wconf 89' lang='lat' dir='ltr'>Patris</span> <span class='ocrx_word' id='word_1_122' title='bbox 968 2281 1085 2346; x_wconf 91' lang='lat' dir='ltr'>Simeo-</span> 
     </span>
     <span class='ocr_line' id='line_1_20' title="bbox 338 2377 1085 2457; baseline -0.004 -14"><span class='ocrx_word' id='word_1_123' title='bbox 338 2381 387 2443; x_wconf 91' lang='lat' dir='ltr'>nis</span> <span class='ocrx_word' id='word_1_124' title='bbox 407 2379 535 2457; x_wconf 84' lang='lat' dir='ltr'>Mallon,</span> <span class='ocrx_word' id='word_1_125' title='bbox 558 2387 589 2442; x_wconf 88' lang='lat' dir='ltr'>et</span> <span class='ocrx_word' id='word_1_126' title='bbox 610 2379 684 2442; x_wconf 92' lang='lat' dir='ltr'>hinc</span> <span class='ocrx_word' id='word_1_127' title='bbox 712 2379 875 2442; x_wconf 89' lang='lat' dir='ltr'>necessitas</span> <span class='ocrx_word' id='word_1_128' title='bbox 897 2377 1085 2440; x_wconf 89' lang='lat' dir='ltr'>derivaverit</span> 
     </span>
     <span class='ocr_line' id='line_1_21' title="bbox 338 2471 1086 2552; baseline -0.008 -16"><span class='ocrx_word' id='word_1_129' title='bbox 338 2474 453 2536; x_wconf 88' lang='lat' dir='ltr'>nedum</span> <span class='ocrx_word' id='word_1_130' title='bbox 469 2473 636 2536; x_wconf 89' lang='lat' dir='ltr'>exhibendi</span> <span class='ocrx_word' id='word_1_131' title='bbox 651 2473 787 2534; x_wconf 87' lang='lat' dir='ltr'>litteram</span> <span class='ocrx_word' id='word_1_132' title='bbox 805 2471 899 2552; x_wconf 91' lang='lat' dir='ltr'>patris</span> <span class='ocrx_word' id='word_1_133' title='bbox 913 2471 1086 2551; x_wconf 90' lang='lat' dir='ltr'>provincia-</span> 
     </span>
     <span class='ocr_line' id='line_1_22' title="bbox 338 2565 1085 2646; baseline -0.004 -17"><span class='ocrx_word' id='word_1_134' title='bbox 338 2568 374 2629; x_wconf 93' lang='lat' dir='ltr'>lis</span> <span class='ocrx_word' id='word_1_135' title='bbox 389 2568 533 2646; x_wconf 83' lang='lat' dir='ltr'>scriptam</span> <span class='ocrx_word' id='word_1_136' title='bbox 544 2569 621 2645; x_wconf 90' lang='lat' dir='ltr'>patri</span> <span class='ocrx_word' id='word_1_137' title='bbox 638 2567 788 2643; x_wconf 87' lang='lat' dir='ltr'>generali,</span> <span class='ocrx_word' id='word_1_138' title='bbox 803 2567 856 2629; x_wconf 90' lang='lat' dir='ltr'>sed</span> <span class='ocrx_word' id='word_1_139' title='bbox 872 2567 967 2628; x_wconf 90' lang='lat' dir='ltr'>etiam</span> <span class='ocrx_word' id='word_1_140' title='bbox 981 2565 1085 2645; x_wconf 87' lang='lat' dir='ltr'>requi-</span> 
     </span>
     <span class='ocr_line' id='line_1_23' title="bbox 337 2659 1086 2747; baseline -0.007 -23"><span class='ocrx_word' id='word_1_141' title='bbox 337 2663 425 2724; x_wconf 91' lang='lat' dir='ltr'>sitam</span> <span class='ocrx_word' id='word_1_142' title='bbox 448 2659 616 2724; x_wconf 88' lang='lat' dir='ltr'>abeodem</span> <span class='ocrx_word' id='word_1_143' title='bbox 639 2667 730 2747; x_wconf 16' lang='lat' dir='ltr'>‘patre</span> <span class='ocrx_word' id='word_1_144' title='bbox 751 2660 889 2738; x_wconf 86' lang='lat' dir='ltr'>generali</span> <span class='ocrx_word' id='word_1_145' title='bbox 912 2665 1086 2722; x_wconf 86' lang='lat' dir='ltr'>accuratam</span> 
     </span>
     <span class='ocr_line' id='line_1_24' title="bbox 339 2753 1084 2836; baseline -0.008 -18"><span class='ocrx_word' id='word_1_146' title='bbox 339 2757 534 2832; x_wconf 87' lang='lat' dir='ltr'>relationem,</span> <span class='ocrx_word' id='word_1_147' title='bbox 557 2770 636 2836; x_wconf 83' lang='lat' dir='ltr'>quae</span> <span class='ocrx_word' id='word_1_148' title='bbox 657 2755 868 2832; x_wconf 85' lang='lat' dir='ltr'>praesumitur</span> <span class='ocrx_word' id='word_1_149' title='bbox 889 2753 1084 2829; x_wconf 87' lang='lat' dir='ltr'>transmissa;</span> 
     </span>
     <span class='ocr_line' id='line_1_25' title="bbox 339 2847 1087 2927; baseline -0.011 -11"><span class='ocrx_word' id='word_1_150' title='bbox 339 2861 369 2916; x_wconf 88' lang='lat' dir='ltr'>et</span> <span class='ocrx_word' id='word_1_151' title='bbox 380 2848 536 2914; x_wconf 85' lang='lat' dir='ltr'>exhibitae</span> <span class='ocrx_word' id='word_1_152' title='bbox 547 2849 673 2927; x_wconf 85' lang='lat' dir='ltr'>quidem</span> <span class='ocrx_word' id='word_1_153' title='bbox 688 2847 806 2911; x_wconf 83' lang='lat' dir='ltr'>luerint</span> <span class='ocrx_word' id='word_1_154' title='bbox 818 2847 989 2912; x_wconf 88' lang='lat' dir='ltr'>nonnullae</span> <span class='ocrx_word' id='word_1_155' title='bbox 1001 2861 1087 2925; x_wconf 88' lang='lat' dir='ltr'>prae·</span> 
     </span>
     <span class='ocr_line' id='line_1_26' title="bbox 337 2941 1087 3023; baseline -0.009 -15"><span class='ocrx_word' id='word_1_156' title='bbox 337 2948 481 3008; x_wconf 89' lang='lat' dir='ltr'>cedentes</span> <span class='ocrx_word' id='word_1_157' title='bbox 491 2942 636 3023; x_wconf 90' lang='lat' dir='ltr'>epistolae</span> <span class='ocrx_word' id='word_1_158' title='bbox 646 2943 682 3005; x_wconf 90' lang='lat' dir='ltr'>ad</span> <span class='ocrx_word' id='word_1_159' title='bbox 693 2951 812 3022; x_wconf 86' lang='lat' dir='ltr'>patrem</span> <span class='ocrx_word' id='word_1_160' title='bbox 823 2942 1003 3019; x_wconf 88' lang='lat' dir='ltr'>generalem</span> <span class='ocrx_word' id='word_1_161' title='bbox 1013 2941 1087 3003; x_wconf 91' lang='lat' dir='ltr'>scri·</span> 
     </span>
     <span class='ocr_line' id='line_1_27' title="bbox 337 3035 1086 3120; baseline -0.007 -19"><span class='ocrx_word' id='word_1_162' title='bbox 337 3047 417 3120; x_wconf 91' lang='lat' dir='ltr'>ptae,</span> <span class='ocrx_word' id='word_1_163' title='bbox 430 3045 462 3101; x_wconf 90' lang='lat' dir='ltr'>et</span> <span class='ocrx_word' id='word_1_164' title='bbox 476 3039 508 3100; x_wconf 95' lang='lat' dir='ltr'>in</span> <span class='ocrx_word' id='word_1_165' title='bbox 524 3037 637 3117; x_wconf 86' lang='lat' dir='ltr'>quibus</span> <span class='ocrx_word' id='word_1_166' title='bbox 652 3038 687 3099; x_wconf 88' lang='lat' dir='ltr'>ct</span> <span class='ocrx_word' id='word_1_167' title='bbox 701 3035 821 3099; x_wconf 89' lang='lat' dir='ltr'>mentio</span> <span class='ocrx_word' id='word_1_168' title='bbox 835 3037 944 3097; x_wconf 87' lang='lat' dir='ltr'>mortis</span> <span class='ocrx_word' id='word_1_169' title='bbox 958 3051 1086 3097; x_wconf 86' lang='lat' dir='ltr'>venera·</span> 
     </span>
     <span class='ocr_line' id='line_1_28' title="bbox 338 3129 1084 3204; baseline -0.008 -8"><span class='ocrx_word' id='word_1_170' title='bbox 338 3132 408 3196; x_wconf 89' lang='lat' dir='ltr'>bilis</span> <span class='ocrx_word' id='word_1_171' title='bbox 421 3132 504 3194; x_wconf 90' lang='lat' dir='ltr'>servi</span> <span class='ocrx_word' id='word_1_172' title='bbox 516 3131 571 3193; x_wconf 88' lang='lat' dir='ltr'>ltei</span> <span class='ocrx_word' id='word_1_173' title='bbox 582 3131 722 3192; x_wconf 79' lang='lat' dir='ltr'>Andreae</span> <span class='ocrx_word' id='word_1_174' title='bbox 734 3129 856 3204; x_wconf 85' lang='lat' dir='ltr'>liobola,</span> <span class='ocrx_word' id='word_1_175' title='bbox 868 3129 923 3191; x_wconf 91' lang='lat' dir='ltr'>sed</span> <span class='ocrx_word' id='word_1_176' title='bbox 934 3145 1005 3190; x_wconf 92' lang='lat' dir='ltr'>cum</span> <span class='ocrx_word' id='word_1_177' title='bbox 1022 3143 1084 3191; x_wconf 93' lang='lat' dir='ltr'>non</span> 
     </span>
     <span class='ocr_line' id='line_1_29' title="bbox 338 3223 1086 3289; baseline -0.007 0"><span class='ocrx_word' id='word_1_178' title='bbox 338 3226 433 3289; x_wconf 87' lang='lat' dir='ltr'>luerit</span> <span class='ocrx_word' id='word_1_179' title='bbox 462 3224 598 3286; x_wconf 89' lang='lat' dir='ltr'>exhibita</span> <span class='ocrx_word' id='word_1_180' title='bbox 629 3230 769 3286; x_wconf 90' lang='lat' dir='ltr'>accurata</span> <span class='ocrx_word' id='word_1_181' title='bbox 791 3223 899 3284; x_wconf 90' lang='lat' dir='ltr'>relatio</span> <span class='ocrx_word' id='word_1_182' title='bbox 919 3223 956 3284; x_wconf 96' lang='lat' dir='ltr'>ab</span> <span class='ocrx_word' id='word_1_183' title='bbox 976 3224 1086 3285; x_wconf 87' lang='lat' dir='ltr'>eodem</span> 
     </span>
     <span class='ocr_line' id='line_1_30' title="bbox 339 3315 1086 3400; baseline -0.007 -19"><span class='ocrx_word' id='word_1_184' title='bbox 339 3325 425 3400; x_wconf 87' lang='lat' dir='ltr'>patre</span> <span class='ocrx_word' id='word_1_185' title='bbox 446 3317 586 3395; x_wconf 89' lang='lat' dir='ltr'>generali</span> <span class='ocrx_word' id='word_1_186' title='bbox 605 3318 797 3392; x_wconf 88' lang='lat' dir='ltr'>demandata,</span> <span class='ocrx_word' id='word_1_187' title='bbox 818 3315 1035 3395; x_wconf 89' lang='lat' dir='ltr'>praecipimus,</span> <span class='ocrx_word' id='word_1_188' title='bbox 1052 3321 1086 3376; x_wconf 92' lang='lat' dir='ltr'>ut</span> 
     </span>
     <span class='ocr_line' id='line_1_31' title="bbox 339 3408 1087 3488; baseline -0.008 -13"><span class='ocrx_word' id='word_1_189' title='bbox 339 3427 438 3475; x_wconf 91' lang='lat' dir='ltr'>novae</span> <span class='ocrx_word' id='word_1_190' title='bbox 461 3412 537 3474; x_wconf 87' lang='lat' dir='ltr'>fiant</span> <span class='ocrx_word' id='word_1_191' title='bbox 558 3411 738 3488; x_wconf 85' lang='lat' dir='ltr'>diligentiae</span> <span class='ocrx_word' id='word_1_192' title='bbox 760 3412 792 3473; x_wconf 94' lang='lat' dir='ltr'>iu</span> <span class='ocrx_word' id='word_1_193' title='bbox 813 3415 924 3474; x_wconf 90' lang='lat' dir='ltr'>eodem</span> <span class='ocrx_word' id='word_1_194' title='bbox 941 3408 1087 3474; x_wconf 77' lang='lat' dir='ltr'>archivio</span> 
     </span>
     <span class='ocr_line' id='line_1_32' title="bbox 340 3501 1090 3586; baseline -0.004 -18"><span class='ocrx_word' id='word_1_195' title='bbox 340 3521 396 3586; x_wconf 93' lang='lat' dir='ltr'>pro</span> <span class='ocrx_word' id='word_1_196' title='bbox 416 3521 451 3566; x_wconf 90' lang='lat' dir='ltr'>ea</span> <span class='ocrx_word' id='word_1_197' title='bbox 472 3505 667 3584; x_wconf 89' lang='lat' dir='ltr'>reperienda,</span> <span class='ocrx_word' id='word_1_198' title='bbox 683 3505 812 3567; x_wconf 90' lang='lat' dir='ltr'>servatis</span> <span class='ocrx_word' id='word_1_199' title='bbox 833 3503 1005 3578; x_wconf 68' lang='lat' dir='ltr'>servandis</span> <span class='ocrx_word' id='word_1_200' title='bbox 1021 3501 1090 3565; x_wconf 77' lang='lat' dir='ltr'>om-&#39;</span> 
     </span>
     <span class='ocr_line' id='line_1_33' title="bbox 341 3596 1087 3683; baseline -0.012 -16"><span class='ocrx_word' id='word_1_201' title='bbox 341 3603 495 3683; x_wconf 84' lang='lat' dir='ltr'>tribusque</span> <span class='ocrx_word' id='word_1_202' title='bbox 522 3599 715 3680; x_wconf 86' lang='lat' dir='ltr'>adimpletis,</span> <span class='ocrx_word' id='word_1_203' title='bbox 737 3615 816 3678; x_wconf 88' lang='lat' dir='ltr'>quae</span> <span class='ocrx_word' id='word_1_204' title='bbox 837 3615 853 3659; x_wconf 92' lang='lat' dir='ltr'>a</span> <span class='ocrx_word' id='word_1_205' title='bbox 876 3598 963 3660; x_wconf 88' lang='lat' dir='ltr'>nohis</span> <span class='ocrx_word' id='word_1_206' title='bbox 992 3596 1087 3658; x_wconf 92' lang='lat' dir='ltr'>adim-</span> 
     </span>
     <span class='ocr_line' id='line_1_34' title="bbox 341 3695 1087 3777; baseline -0.005 -17"><span class='ocrx_word' id='word_1_207' title='bbox 341 3699 423 3777; x_wconf 92' lang='lat' dir='ltr'>pleta</span> <span class='ocrx_word' id='word_1_208' title='bbox 443 3706 528 3774; x_wconf 88' lang='lat' dir='ltr'>sum,</span> <span class='ocrx_word' id='word_1_209' title='bbox 551 3697 626 3760; x_wconf 90' lang='lat' dir='ltr'>dum</span> <span class='ocrx_word' id='word_1_210' title='bbox 649 3697 681 3758; x_wconf 94' lang='lat' dir='ltr'>in</span> <span class='ocrx_word' id='word_1_211' title='bbox 704 3695 880 3758; x_wconf 89' lang='lat' dir='ltr'>minoribus</span> <span class='ocrx_word' id='word_1_212' title='bbox 901 3695 1087 3773; x_wconf 91' lang='lat' dir='ltr'>promotoris</span> 
     </span>
     <span class='ocr_line' id='line_1_35' title="bbox 343 3789 1086 3868; baseline -0.003 -14"><span class='ocrx_word' id='word_1_213' title='bbox 343 3793 414 3856; x_wconf 85' lang='lat' dir='ltr'>fidei</span> <span class='ocrx_word' id='word_1_214' title='bbox 434 3807 568 3855; x_wconf 89' lang='lat' dir='ltr'>munero</span> <span class='ocrx_word' id='word_1_215' title='bbox 595 3791 821 3868; x_wconf 76' lang='lat' dir='ltr'>fungebamur,</span> <span class='ocrx_word' id='word_1_216' title='bbox 844 3789 877 3852; x_wconf 94' lang='lat' dir='ltr'>in</span> <span class='ocrx_word' id='word_1_217' title='bbox 901 3805 988 3852; x_wconf 86' lang='lat' dir='ltr'>causa</span> <span class='ocrx_word' id='word_1_218' title='bbox 1011 3793 1086 3852; x_wconf 93' lang='lat' dir='ltr'>tunc</span> 
     </span>
     <span class='ocr_line' id='line_1_36' title="bbox 342 3883 1087 3958; baseline -0.007 -8"><span class='ocrx_word' id='word_1_219' title='bbox 342 3885 527 3950; x_wconf 89' lang='lat' dir='ltr'>venerabilis</span> <span class='ocrx_word' id='word_1_220' title='bbox 547 3885 630 3948; x_wconf 87' lang='lat' dir='ltr'>servi</span> <span class='ocrx_word' id='word_1_221' title='bbox 652 3884 717 3958; x_wconf 82' lang='lat' dir='ltr'>liei,</span> <span class='ocrx_word' id='word_1_222' title='bbox 742 3899 826 3948; x_wconf 92' lang='lat' dir='ltr'>nunc</span> <span class='ocrx_word' id='word_1_223' title='bbox 841 3883 944 3946; x_wconf 89' lang='lat' dir='ltr'>Sancti</span> <span class='ocrx_word' id='word_1_224' title='bbox 964 3883 1087 3945; x_wconf 89' lang='lat' dir='ltr'>loannis</span> 
     </span>
     <span class='ocr_line' id='line_1_37' title="bbox 256 3976 1086 4064; baseline -0.002 -21"><span class='ocrx_word' id='word_1_225' title='bbox 256 4053 260 4064; x_wconf 30' lang='lat'>¹</span> <span class='ocrx_word' id='word_1_226' title='bbox 343 3981 494 4044; x_wconf 76' lang='lat' dir='ltr'>Francisci</span> <span class='ocrx_word' id='word_1_227' title='bbox 516 3979 608 4056; x_wconf 83' lang='lat' dir='ltr'>Regis</span> <span class='ocrx_word' id='word_1_228' title='bbox 630 3976 786 4042; x_wconf 91' lang='lat' dir='ltr'>Societatis</span> <span class='ocrx_word' id='word_1_229' title='bbox 814 3981 883 4043; x_wconf 89' lang='lat' dir='ltr'>lesu</span> <span class='ocrx_word' id='word_1_230' title='bbox 904 3980 1086 4058; x_wconf 79' lang='lat' dir='ltr'>presbyteri,</span> 
     </span>
     <span class='ocr_line' id='line_1_38' title="bbox 343 4072 1086 4153; baseline 0 -18"><span class='ocrx_word' id='word_1_231' title='bbox 343 4074 376 4136; x_wconf 91' lang='lat' dir='ltr'>in</span> <span class='ocrx_word' id='word_1_232' title='bbox 397 4090 457 4153; x_wconf 82' lang='lat' dir='ltr'>qua</span> <span class='ocrx_word' id='word_1_233' title='bbox 479 4072 588 4148; x_wconf 90' lang='lat' dir='ltr'>multa,</span> <span class='ocrx_word' id='word_1_234' title='bbox 605 4089 683 4150; x_wconf 80' lang='lat' dir='ltr'>quae</span> <span class='ocrx_word' id='word_1_235' title='bbox 702 4072 906 4151; x_wconf 90' lang='lat' dir='ltr'>postulatores</span> <span class='ocrx_word' id='word_1_236' title='bbox 921 4073 1086 4149; x_wconf 91' lang='lat' dir='ltr'>latuerant,</span> 
     </span>
     <span class='ocr_line' id='line_1_39' title="bbox 344 4165 1088 4246; baseline -0.003 -16"><span class='ocrx_word' id='word_1_237' title='bbox 344 4166 511 4243; x_wconf 87' lang='lat' dir='ltr'>diligenter</span> <span class='ocrx_word' id='word_1_238' title='bbox 531 4165 696 4244; x_wconf 83' lang='lat' dir='ltr'>pervoluta</span> <span class='ocrx_word' id='word_1_239' title='bbox 716 4165 851 4228; x_wconf 91' lang='lat' dir='ltr'>archivio</span> <span class='ocrx_word' id='word_1_240' title='bbox 882 4166 998 4229; x_wconf 87' lang='lat' dir='ltr'>Domus</span> <span class='ocrx_word' id='word_1_241' title='bbox 1018 4182 1088 4246; x_wconf 91' lang='lat' dir='ltr'>pro·</span> 
     </span>
     <span class='ocr_line' id='line_1_40' title="bbox 343 4258 1089 4338; baseline 0.003 -18"><span class='ocrx_word' id='word_1_242' title='bbox 343 4258 439 4322; x_wconf 75' lang='lat' dir='ltr'>cessae</span> <span class='ocrx_word' id='word_1_243' title='bbox 461 4259 588 4321; x_wconf 87' lang='lat' dir='ltr'>inventa</span> <span class='ocrx_word' id='word_1_244' title='bbox 608 4267 699 4335; x_wconf 88' lang='lat' dir='ltr'>sunt,</span> <span class='ocrx_word' id='word_1_245' title='bbox 722 4276 801 4338; x_wconf 86' lang='lat' dir='ltr'>quae</span> <span class='ocrx_word' id='word_1_246' title='bbox 826 4260 986 4323; x_wconf 86' lang='lat' dir='ltr'>lavorabitt</span> <span class='ocrx_word' id='word_1_247' title='bbox 1008 4277 1089 4324; x_wconf 89' lang='lat' dir='ltr'>reso-</span> 
     </span>
     <span class='ocr_line' id='line_1_41' title="bbox 344 4352 1087 4432; baseline 0.001 -16"><span class='ocrx_word' id='word_1_248' title='bbox 344 4352 456 4416; x_wconf 93' lang='lat' dir='ltr'>lutioni</span> <span class='ocrx_word' id='word_1_249' title='bbox 477 4352 563 4415; x_wconf 93' lang='lat' dir='ltr'>dubii</span> <span class='ocrx_word' id='word_1_250' title='bbox 583 4368 676 4431; x_wconf 89' lang='lat' dir='ltr'>super</span> <span class='ocrx_word' id='word_1_251' title='bbox 697 4353 868 4416; x_wconf 88' lang='lat' dir='ltr'>virtutibus</span> <span class='ocrx_word' id='word_1_252' title='bbox 889 4353 1087 4432; x_wconf 85' lang='lat' dir='ltr'>protuerunt,</span> 
     </span>
     <span class='ocr_line' id='line_1_42' title="bbox 343 4445 1089 4526; baseline 0.004 -18"><span class='ocrx_word' id='word_1_253' title='bbox 343 4453 435 4525; x_wconf 89' lang='lat' dir='ltr'>prout</span> <span class='ocrx_word' id='word_1_254' title='bbox 458 4445 551 4508; x_wconf 90' lang='lat' dir='ltr'>etiam</span> <span class='ocrx_word' id='word_1_255' title='bbox 566 4461 582 4506; x_wconf 97' lang='lat' dir='ltr'>a</span> <span class='ocrx_word' id='word_1_256' title='bbox 597 4445 686 4508; x_wconf 90' lang='lat' dir='ltr'>nobis</span> <span class='ocrx_word' id='word_1_257' title='bbox 705 4445 838 4508; x_wconf 84' lang='lat' dir='ltr'>fideliter</span> <span class='ocrx_word' id='word_1_258' title='bbox 852 4449 1027 4526; x_wconf 90' lang='lat' dir='ltr'>expositum</span> <span class='ocrx_word' id='word_1_259' title='bbox 1043 4457 1089 4511; x_wconf 90' lang='lat' dir='ltr'>est</span> 
     </span>
     <span class='ocr_line' id='line_1_43' title="bbox 344 4538 1089 4619; baseline 0.003 -17"><span class='ocrx_word' id='word_1_260' title='bbox 344 4540 377 4602; x_wconf 93' lang='lat' dir='ltr'>in</span> <span class='ocrx_word' id='word_1_261' title='bbox 398 4541 491 4602; x_wconf 92' lang='lat' dir='ltr'>citato</span> <span class='ocrx_word' id='word_1_262' title='bbox 505 4545 612 4602; x_wconf 90' lang='lat' dir='ltr'>nostro</span> <span class='ocrx_word' id='word_1_263' title='bbox 627 4555 720 4619; x_wconf 90' lang='lat' dir='ltr'>opere</span> <span class='ocrx_word' id='word_1_264' title='bbox 735 4538 780 4600; x_wconf 84' lang='lat' dir='ltr'>Dc</span> <span class='ocrx_word' id='word_1_265' title='bbox 793 4539 985 4606; x_wconf 73' lang='lat' dir='ltr'>Cocceiani.</span> <span class='ocrx_word' id='word_1_266' title='bbox 1010 4541 1089 4606; x_wconf 83' lang='lat' dir='ltr'>Soa-</span> 
     </span>
     <span class='ocr_line' id='line_1_44' title="bbox 345 4631 897 4713; baseline 0 -19"><span class='ocrx_word' id='word_1_267' title='bbox 345 4641 439 4705; x_wconf 72' lang='lat' dir='ltr'>ctor,</span> <span class='ocrx_word' id='word_1_268' title='bbox 457 4631 511 4696; x_wconf 81' lang='lat' dir='ltr'>tib.</span> <span class='ocrx_word' id='word_1_269' title='bbox 527 4633 558 4707; x_wconf 85' lang='lat'>3,</span> <span class='ocrx_word' id='word_1_270' title='bbox 583 4651 651 4713; x_wconf 83' lang='lat' dir='ltr'>cop.</span> <span class='ocrx_word' id='word_1_271' title='bbox 674 4633 708 4705; x_wconf 80' lang='lat'>6,</span> <span class='ocrx_word' id='word_1_272' title='bbox 731 4649 820 4696; x_wconf 82' lang='lat' dir='ltr'>oum.</span> <span class='ocrx_word' id='word_1_273' title='bbox 839 4635 897 4694; x_wconf 69' lang='lat'>16.</span> 
     </span>
     <span class='ocr_line' id='line_1_45' title="bbox 142 4728 1090 4806; baseline 0.004 -16"><span class='ocrx_word' id='word_1_274' title='bbox 142 4747 182 4790; x_wconf 75' lang='lat' dir='ltr'>oe</span> <span class='ocrx_word' id='word_1_275' title='bbox 199 4743 325 4798; x_wconf 75' lang='lat' dir='ltr'>martyrio</span> <span class='ocrx_word' id='word_1_276' title='bbox 384 4728 586 4804; x_wconf 83' lang='lat' dir='ltr'>Tertio,cum</span> <span class='ocrx_word' id='word_1_277' title='bbox 608 4728 641 4790; x_wconf 95' lang='lat' dir='ltr'>in</span> <span class='ocrx_word' id='word_1_278' title='bbox 663 4729 798 4806; x_wconf 90' lang='lat' dir='ltr'>presenti</span> <span class='ocrx_word' id='word_1_279' title='bbox 820 4746 909 4793; x_wconf 90' lang='lat' dir='ltr'>causa</span> <span class='ocrx_word' id='word_1_280' title='bbox 930 4731 1090 4796; x_wconf 87' lang='lat' dir='ltr'>venerabi·</span> 
     </span>
     <span class='ocr_line' id='line_1_46' title="bbox 109 4799 1090 4912; baseline 0.006 -29"><span class='ocrx_word' id='word_1_281' title='bbox 109 4799 486 4912; x_wconf 56' lang='lat' dir='ltr'>2?,22l,2‘{¹,¹,³1¹2,2⁰,lisservi</span> <span class='ocrx_word' id='word_1_282' title='bbox 507 4822 559 4884; x_wconf 85' lang='lat' dir='ltr'>liei</span> <span class='ocrx_word' id='word_1_283' title='bbox 582 4821 724 4885; x_wconf 78' lang='lat' dir='ltr'>Andreae</span> <span class='ocrx_word' id='word_1_284' title='bbox 745 4822 858 4885; x_wconf 90' lang='lat' dir='ltr'>Bobola</span> <span class='ocrx_word' id='word_1_285' title='bbox 879 4832 963 4887; x_wconf 90' lang='lat' dir='ltr'>totus</span> <span class='ocrx_word' id='word_1_286' title='bbox 984 4826 1090 4890; x_wconf 89' lang='lat' dir='ltr'>Postu·</span> 
     </span>
     <span class='ocr_line' id='line_1_47' title="bbox 344 4914 1091 4981; baseline 0.004 -3"><span class='ocrx_word' id='word_1_287' title='bbox 344 4916 480 4979; x_wconf 91' lang='lat' dir='ltr'>latorum</span> <span class='ocrx_word' id='word_1_288' title='bbox 501 4923 630 4977; x_wconf 91' lang='lat' dir='ltr'>conatus</span> <span class='ocrx_word' id='word_1_289' title='bbox 653 4916 686 4976; x_wconf 94' lang='lat' dir='ltr'>in</span> <span class='ocrx_word' id='word_1_290' title='bbox 702 4931 738 4978; x_wconf 92' lang='lat' dir='ltr'>eo</span> <span class='ocrx_word' id='word_1_291' title='bbox 753 4914 847 4979; x_wconf 87' lang='lat' dir='ltr'>luerit</span> <span class='ocrx_word' id='word_1_292' title='bbox 869 4923 904 4980; x_wconf 92' lang='lat' dir='ltr'>ut</span> <span class='ocrx_word' id='word_1_293' title='bbox 924 4917 1091 4981; x_wconf 86' lang='lat' dir='ltr'>favorabile</span> 
     </span>
     <span class='ocr_line' id='line_1_48' title="bbox 344 5011 1089 5089; baseline 0.003 -18"><span class='ocrx_word' id='word_1_294' title='bbox 344 5015 544 5088; x_wconf 88' lang='lat' dir='ltr'>reportarent</span> <span class='ocrx_word' id='word_1_295' title='bbox 574 5023 758 5085; x_wconf 90' lang='lat' dir='ltr'>responsum</span> <span class='ocrx_word' id='word_1_296' title='bbox 790 5025 884 5088; x_wconf 90' lang='lat' dir='ltr'>super</span> <span class='ocrx_word' id='word_1_297' title='bbox 921 5011 1089 5089; x_wconf 80' lang='lat' dir='ltr'>martyrio,</span> 
     </span>
     <span class='ocr_line' id='line_1_49' title="bbox 345 5101 1091 5184; baseline -0.001 -17"><span class='ocrx_word' id='word_1_298' title='bbox 345 5119 496 5182; x_wconf 88' lang='lat' dir='ltr'>causaque</span> <span class='ocrx_word' id='word_1_299' title='bbox 526 5101 669 5180; x_wconf 75' lang='lat' dir='ltr'>martyrii</span> <span class='ocrx_word' id='word_1_300' title='bbox 696 5101 908 5180; x_wconf 89' lang='lat' dir='ltr'>dependenter</span> <span class='ocrx_word' id='word_1_301' title='bbox 936 5121 952 5164; x_wconf 94' lang='lat' dir='ltr'>a</span> <span class='ocrx_word' id='word_1_302' title='bbox 983 5106 1091 5184; x_wconf 88' lang='lat' dir='ltr'>proba-</span> 
     </span>
     <span class='ocr_line' id='line_1_50' title="bbox 347 5195 1092 5274; baseline -0.001 -15"><span class='ocrx_word' id='word_1_303' title='bbox 347 5197 483 5259; x_wconf 88' lang='lat' dir='ltr'>tionibus</span> <span class='ocrx_word' id='word_1_304' title='bbox 505 5195 640 5270; x_wconf 89' lang='lat' dir='ltr'>directis,</span> <span class='ocrx_word' id='word_1_305' title='bbox 657 5202 688 5257; x_wconf 92' lang='lat' dir='ltr'>et</span> <span class='ocrx_word' id='word_1_306' title='bbox 703 5210 759 5274; x_wconf 90' lang='lat' dir='ltr'>per</span> <span class='ocrx_word' id='word_1_307' title='bbox 780 5202 873 5258; x_wconf 89' lang='lat' dir='ltr'>testes</span> <span class='ocrx_word' id='word_1_308' title='bbox 885 5198 923 5259; x_wconf 92' lang='lat' dir='ltr'>de</span> <span class='ocrx_word' id='word_1_309' title='bbox 944 5197 1024 5273; x_wconf 92' lang='lat' dir='ltr'>visu,</span> <span class='ocrx_word' id='word_1_310' title='bbox 1041 5197 1092 5259; x_wconf 89' lang='lat' dir='ltr'>ad-</span> 
     </span>
     <span class='ocr_line' id='line_1_51' title="bbox 346 5288 1092 5369; baseline -0.001 -17"><span class='ocrx_word' id='word_1_311' title='bbox 346 5288 533 5352; x_wconf 90' lang='lat' dir='ltr'>miniculum</span> <span class='ocrx_word' id='word_1_312' title='bbox 554 5288 666 5351; x_wconf 88' lang='lat' dir='ltr'>deinde</span> <span class='ocrx_word' id='word_1_313' title='bbox 679 5289 863 5369; x_wconf 90' lang='lat' dir='ltr'>recipientes</span> <span class='ocrx_word' id='word_1_314' title='bbox 877 5306 892 5350; x_wconf 94' lang='lat' dir='ltr'>a</span> <span class='ocrx_word' id='word_1_315' title='bbox 914 5291 1043 5354; x_wconf 86' lang='lat' dir='ltr'>testibus</span> <span class='ocrx_word' id='word_1_316' title='bbox 1054 5291 1092 5352; x_wconf 92' lang='lat' dir='ltr'>de</span> 
     </span>
     <span class='ocr_line' id='line_1_52' title="bbox 345 5381 1092 5461; baseline 0.003 -17"><span class='ocrx_word' id='word_1_317' title='bbox 345 5384 464 5458; x_wconf 89' lang='lat' dir='ltr'>auditu,</span> <span class='ocrx_word' id='word_1_318' title='bbox 482 5381 514 5444; x_wconf 91' lang='lat' dir='ltr'>in</span> <span class='ocrx_word' id='word_1_319' title='bbox 529 5399 591 5461; x_wconf 86' lang='lat' dir='ltr'>quo</span> <span class='ocrx_word' id='word_1_320' title='bbox 610 5397 723 5445; x_wconf 91' lang='lat' dir='ltr'>verum</span> <span class='ocrx_word' id='word_1_321' title='bbox 744 5382 881 5444; x_wconf 91' lang='lat' dir='ltr'>themate</span> <span class='ocrx_word' id='word_1_322' title='bbox 900 5391 1003 5446; x_wconf 90' lang='lat' dir='ltr'>tutum</span> <span class='ocrx_word' id='word_1_323' title='bbox 1025 5398 1092 5461; x_wconf 90' lang='lat' dir='ltr'>spe·</span> 
     </span>
     <span class='ocr_line' id='line_1_53' title="bbox 346 5476 1092 5556; baseline 0.003 -18"><span class='ocrx_word' id='word_1_324' title='bbox 346 5477 454 5539; x_wconf 91' lang='lat' dir='ltr'>rabant</span> <span class='ocrx_word' id='word_1_325' title='bbox 475 5489 673 5556; x_wconf 83' lang='lat' dir='ltr'>progressum</span> <span class='ocrx_word' id='word_1_326' title='bbox 688 5477 723 5538; x_wconf 90' lang='lat' dir='ltr'>ad</span> <span class='ocrx_word' id='word_1_327' title='bbox 745 5477 920 5539; x_wconf 91' lang='lat' dir='ltr'>solemnem</span> <span class='ocrx_word' id='word_1_328' title='bbox 942 5476 1092 5540; x_wconf 86' lang='lat' dir='ltr'>beatifica·</span> 
     </span>
     <span class='ocr_line' id='line_1_54' title="bbox 346 5570 1093 5648; baseline 0 -16"><span class='ocrx_word' id='word_1_329' title='bbox 346 5571 464 5632; x_wconf 91' lang='lat' dir='ltr'>tionem</span> <span class='ocrx_word' id='word_1_330' title='bbox 483 5585 541 5648; x_wconf 90' lang='lat' dir='ltr'>opo</span> <span class='ocrx_word' id='word_1_331' title='bbox 561 5570 695 5632; x_wconf 90' lang='lat' dir='ltr'>duorum</span> <span class='ocrx_word' id='word_1_332' title='bbox 726 5572 908 5633; x_wconf 91' lang='lat' dir='ltr'>tantumodo</span> <span class='ocrx_word' id='word_1_333' title='bbox 928 5571 1093 5634; x_wconf 89' lang='lat' dir='ltr'>miraculo-</span> 
     </span>
     <span class='ocr_line' id='line_1_55' title="bbox 347 5663 1092 5740; baseline 0 -14"><span class='ocrx_word' id='word_1_334' title='bbox 347 5681 418 5727; x_wconf 93' lang='lat' dir='ltr'>rum</span> <span class='ocrx_word' id='word_1_335' title='bbox 439 5679 455 5725; x_wconf 92' lang='lat' dir='ltr'>a</span> <span class='ocrx_word' id='word_1_336' title='bbox 476 5664 538 5726; x_wconf 90' lang='lat' dir='ltr'>Deo</span> <span class='ocrx_word' id='word_1_337' title='bbox 559 5663 769 5726; x_wconf 88' lang='lat' dir='ltr'>interccsione</span> <span class='ocrx_word' id='word_1_338' title='bbox 792 5665 842 5726; x_wconf 93' lang='lat' dir='ltr'>sui</span> <span class='ocrx_word' id='word_1_339' title='bbox 863 5665 957 5740; x_wconf 92' lang='lat' dir='ltr'>servi,</span> <span class='ocrx_word' id='word_1_340' title='bbox 979 5665 1025 5727; x_wconf 92' lang='lat' dir='ltr'>uti</span> <span class='ocrx_word' id='word_1_341' title='bbox 1047 5681 1092 5726; x_wconf 92' lang='lat' dir='ltr'>as·</span> 
     </span>
     <span class='ocr_line' id='line_1_56' title="bbox 346 5757 1093 5838; baseline 0 -18"><span class='ocrx_word' id='word_1_342' title='bbox 346 5757 518 5832; x_wconf 88' lang='lat' dir='ltr'>serebatur,</span> <span class='ocrx_word' id='word_1_343' title='bbox 531 5764 734 5838; x_wconf 89' lang='lat' dir='ltr'>patratorum,</span> <span class='ocrx_word' id='word_1_344' title='bbox 747 5757 956 5834; x_wconf 88' lang='lat' dir='ltr'>inhaerentes,</span> <span class='ocrx_word' id='word_1_345' title='bbox 968 5774 1093 5822; x_wconf 91' lang='lat' dir='ltr'>concor·</span> 
     </span>
     <span class='ocr_line' id='line_1_57' title="bbox 347 5850 1092 5928; baseline 0.004 -16"><span class='ocrx_word' id='word_1_346' title='bbox 347 5850 437 5914; x_wconf 90' lang='lat' dir='ltr'>dibus</span> <span class='ocrx_word' id='word_1_347' title='bbox 457 5851 611 5928; x_wconf 76' lang='lat' dir='ltr'>suffragiis</span> <span class='ocrx_word' id='word_1_348' title='bbox 631 5851 974 5916; x_wconf 85' lang='lat' dir='ltr'>Reverendissimonum</span> <span class='ocrx_word' id='word_1_349' title='bbox 989 5853 1092 5917; x_wconf 90' lang='lat' dir='ltr'>cardi-</span> 
     </span>
     <span class='ocr_line' id='line_1_58' title="bbox 348 5945 1091 6028; baseline 0.003 -20"><span class='ocrx_word' id='word_1_350' title='bbox 348 5945 469 6009; x_wconf 91' lang='lat' dir='ltr'>nalium</span> <span class='ocrx_word' id='word_1_351' title='bbox 489 5952 522 6008; x_wconf 89' lang='lat' dir='ltr'>et</span> <span class='ocrx_word' id='word_1_352' title='bbox 542 5946 719 6028; x_wconf 84' lang='lat' dir='ltr'>aliquorum</span> <span class='ocrx_word' id='word_1_353' title='bbox 739 5945 834 6009; x_wconf 89' lang='lat' dir='ltr'>etiam</span> <span class='ocrx_word' id='word_1_354' title='bbox 854 5947 1091 6026; x_wconf 87' lang='lat' dir='ltr'>consultorum,</span> 
     </span>
    </p>
   </div>
   <div class='ocr_carea' id='block_1_3' title="bbox 1805 563 2104 628">
    <p class='ocr_par' dir='ltr' id='par_1_3' title="bbox 1805 563 2104 628">
     <span class='ocr_line' id='line_1_59' title="bbox 1805 563 2104 628; baseline 0.003 -15"><span class='ocrx_word' id='word_1_355' title='bbox 1805 563 1865 628; x_wconf 78' lang='lat'>399</span> <span class='ocrx_word' id='word_1_356' title='bbox 1917 563 1969 615; x_wconf 77' lang='lat' dir='ltr'>aa.</span> <span class='ocrx_word' id='word_1_357' title='bbox 1984 563 2013 616; x_wconf 90' lang='lat' dir='ltr'>o.</span> <span class='ocrx_word' id='word_1_358' title='bbox 2037 564 2104 616; x_wconf 81' lang='lat'>1749</span> 
     </span>
    </p>
   </div>
   <div class='ocr_carea' id='block_1_4' title="bbox 1137 685 1885 1410">
    <p class='ocr_par' dir='ltr' id='par_1_4' title="bbox 1137 685 1885 1410">
     <span class='ocr_line' id='line_1_60' title="bbox 1137 685 1884 778; baseline 0.013 -26"><span class='ocrx_word' id='word_1_359' title='bbox 1137 689 1345 770; x_wconf 84' lang='lat' dir='ltr'>decernimus,</span> <span class='ocrx_word' id='word_1_360' title='bbox 1368 710 1431 758; x_wconf 95' lang='lat' dir='ltr'>non</span> <span class='ocrx_word' id='word_1_361' title='bbox 1453 703 1594 760; x_wconf 89' lang='lat' dir='ltr'>constare</span> <span class='ocrx_word' id='word_1_362' title='bbox 1614 700 1652 762; x_wconf 91' lang='lat' dir='ltr'>de</span> <span class='ocrx_word' id='word_1_363' title='bbox 1673 685 1833 778; x_wconf 77' lang='lat' dir='ltr'>martyrio,</span> <span class='ocrx_word' id='word_1_364' title='bbox 1853 708 1884 762; x_wconf 90' lang='lat' dir='ltr'>et</span> 
     </span>
     <span class='ocr_line' id='line_1_61' title="bbox 1137 787 1885 872; baseline 0.012 -26"><span class='ocrx_word' id='word_1_365' title='bbox 1137 799 1225 846; x_wconf 92' lang='lat' dir='ltr'>causa</span> <span class='ocrx_word' id='word_1_366' title='bbox 1240 787 1381 864; x_wconf 80' lang='lat' dir='ltr'>martyrii</span> <span class='ocrx_word' id='word_1_367' title='bbox 1397 803 1451 866; x_wconf 90' lang='lat' dir='ltr'>per</span> <span class='ocrx_word' id='word_1_368' title='bbox 1466 789 1594 854; x_wconf 86' lang='lat' dir='ltr'>directas</span> <span class='ocrx_word' id='word_1_369' title='bbox 1606 791 1811 870; x_wconf 67' lang='lat' dir='ltr'>probationes</span> <span class='ocrx_word' id='word_1_370' title='bbox 1830 807 1885 872; x_wconf 90' lang='lat' dir='ltr'>per</span> 
     </span>
     <span class='ocr_line' id='line_1_62' title="bbox 1137 881 1884 960; baseline 0.011 -20"><span class='ocrx_word' id='word_1_371' title='bbox 1137 885 1229 942; x_wconf 85' lang='lat' dir='ltr'>testes</span> <span class='ocrx_word' id='word_1_372' title='bbox 1250 881 1394 944; x_wconf 86' lang='lat' dir='ltr'>videlicet</span> <span class='ocrx_word' id='word_1_373' title='bbox 1415 883 1452 944; x_wconf 90' lang='lat' dir='ltr'>de</span> <span class='ocrx_word' id='word_1_374' title='bbox 1474 885 1555 960; x_wconf 91' lang='lat' dir='ltr'>visu,</span> <span class='ocrx_word' id='word_1_375' title='bbox 1577 894 1736 948; x_wconf 89' lang='lat' dir='ltr'>contestes</span> <span class='ocrx_word' id='word_1_376' title='bbox 1757 885 1884 950; x_wconf 89' lang='lat' dir='ltr'>idoneos</span> 
     </span>
     <span class='ocr_line' id='line_1_63' title="bbox 1138 974 1884 1060; baseline 0.011 -26"><span class='ocrx_word' id='word_1_377' title='bbox 1138 979 1169 1034; x_wconf 90' lang='lat' dir='ltr'>et</span> <span class='ocrx_word' id='word_1_378' title='bbox 1190 979 1287 1051; x_wconf 92' lang='lat' dir='ltr'>aptos,</span> <span class='ocrx_word' id='word_1_379' title='bbox 1310 974 1395 1038; x_wconf 90' lang='lat' dir='ltr'>iuxta</span> <span class='ocrx_word' id='word_1_380' title='bbox 1417 977 1667 1056; x_wconf 87' lang='lat' dir='ltr'>congregationis</span> <span class='ocrx_word' id='word_1_381' title='bbox 1698 980 1830 1060; x_wconf 89' lang='lat' dir='ltr'>praxim,</span> <span class='ocrx_word' id='word_1_382' title='bbox 1854 987 1884 1042; x_wconf 91' lang='lat' dir='ltr'>et</span> 
     </span>
     <span class='ocr_line' id='line_1_64' title="bbox 1138 1063 1884 1146; baseline 0.012 -20"><span class='ocrx_word' id='word_1_383' title='bbox 1138 1063 1223 1128; x_wconf 89' lang='lat' dir='ltr'>Sedis</span> <span class='ocrx_word' id='word_1_384' title='bbox 1247 1069 1437 1146; x_wconf 81' lang='lat' dir='ltr'>apostolicae</span> <span class='ocrx_word' id='word_1_385' title='bbox 1459 1071 1652 1146; x_wconf 88' lang='lat' dir='ltr'>institutum,</span> <span class='ocrx_word' id='word_1_386' title='bbox 1678 1088 1694 1132; x_wconf 89' lang='lat' dir='ltr'>a</span> <span class='ocrx_word' id='word_1_387' title='bbox 1721 1072 1810 1136; x_wconf 93' lang='lat' dir='ltr'>nobis</span> <span class='ocrx_word' id='word_1_388' title='bbox 1832 1089 1884 1135; x_wconf 89' lang='lat' dir='ltr'>ex·</span> 
     </span>
     <span class='ocr_line' id='line_1_65' title="bbox 1138 1161 1884 1244; baseline 0.008 -24"><span class='ocrx_word' id='word_1_389' title='bbox 1138 1161 1274 1239; x_wconf 91' lang='lat' dir='ltr'>positum</span> <span class='ocrx_word' id='word_1_390' title='bbox 1296 1161 1441 1225; x_wconf 91' lang='lat' dir='ltr'>incitato</span> <span class='ocrx_word' id='word_1_391' title='bbox 1470 1171 1576 1226; x_wconf 91' lang='lat' dir='ltr'>nostro</span> <span class='ocrx_word' id='word_1_392' title='bbox 1598 1180 1690 1244; x_wconf 89' lang='lat' dir='ltr'>opere</span> <span class='ocrx_word' id='word_1_393' title='bbox 1716 1165 1761 1226; x_wconf 87' lang='lat' dir='ltr'>Dc</span> <span class='ocrx_word' id='word_1_394' title='bbox 1784 1165 1884 1230; x_wconf 82' lang='lat' dir='ltr'>Coeo·</span> 
     </span>
     <span class='ocr_line' id='line_1_66' title="bbox 1140 1253 1882 1336; baseline 0.007 -21"><span class='ocrx_word' id='word_1_395' title='bbox 1140 1253 1243 1316; x_wconf 86' lang='lat' dir='ltr'>oizct.</span> <span class='ocrx_word' id='word_1_396' title='bbox 1270 1254 1429 1330; x_wconf 74' lang='lat' dir='ltr'>Soactor,</span> <span class='ocrx_word' id='word_1_397' title='bbox 1448 1254 1502 1320; x_wconf 81' lang='lat' dir='ltr'>tit.</span> <span class='ocrx_word' id='word_1_398' title='bbox 1521 1263 1555 1332; x_wconf 87' lang='lat'>3,</span> <span class='ocrx_word' id='word_1_399' title='bbox 1578 1273 1646 1336; x_wconf 85' lang='lat' dir='ltr'>cop.</span> <span class='ocrx_word' id='word_1_400' title='bbox 1671 1261 1705 1333; x_wconf 88' lang='lat'>5,</span> <span class='ocrx_word' id='word_1_401' title='bbox 1727 1275 1817 1322; x_wconf 81' lang='lat' dir='ltr'>actm.</span> <span class='ocrx_word' id='word_1_402' title='bbox 1844 1262 1882 1321; x_wconf 88' lang='lat'>11</span> 
     </span>
     <span class='ocr_line' id='line_1_67' title="bbox 1139 1351 1357 1410; baseline 0.005 -1"><span class='ocrx_word' id='word_1_403' title='bbox 1139 1354 1170 1410; x_wconf 85' lang='lat' dir='ltr'>ct</span> <span class='ocrx_word' id='word_1_404' title='bbox 1191 1364 1280 1410; x_wconf 80' lang='lat' dir='ltr'>com.</span> <span class='ocrx_word' id='word_1_405' title='bbox 1305 1351 1357 1410; x_wconf 84' lang='grc'>13.</span> 
     </span>
    </p>
   </div>
   <div class='ocr_carea' id='block_1_5' title="bbox 1140 1445 2117 1622">
    <p class='ocr_par' dir='ltr' id='par_1_5' title="bbox 1140 1445 2117 1622">
     <span class='ocr_line' id='line_1_68' title="bbox 1179 1445 2117 1526; baseline 0.006 -18"><span class='ocrx_word' id='word_1_406' title='bbox 1179 1445 1304 1521; x_wconf 83' lang='lat' dir='ltr'>Quarto,</span> <span class='ocrx_word' id='word_1_407' title='bbox 1327 1463 1399 1508; x_wconf 92' lang='lat' dir='ltr'>cum</span> <span class='ocrx_word' id='word_1_408' title='bbox 1421 1446 1635 1512; x_wconf 78' lang='lat' dir='ltr'>deficientibus</span> <span class='ocrx_word' id='word_1_409' title='bbox 1650 1449 1881 1526; x_wconf 91' lang='lat' dir='ltr'>probationibus</span> <span class='ocrx_word' id='word_1_410' title='bbox 1939 1456 2046 1503; x_wconf 72' lang='lat' dir='ltr'>Admitti</span> <span class='ocrx_word' id='word_1_411' title='bbox 2064 1469 2117 1521; x_wconf 66' lang='lat' dir='ltr'>roe</span> 
     </span>
     <span class='ocr_line' id='line_1_69' title="bbox 1140 1511 2117 1622; baseline 0.009 -20"><span class='ocrx_word' id='word_1_412' title='bbox 1140 1539 1278 1616; x_wconf 89' lang='lat' dir='ltr'>directis,</span> <span class='ocrx_word' id='word_1_413' title='bbox 1310 1555 1399 1602; x_wconf 89' lang='lat' dir='ltr'>cansa</span> <span class='ocrx_word' id='word_1_414' title='bbox 1431 1541 1504 1603; x_wconf 90' lang='lat' dir='ltr'>haec</span> <span class='ocrx_word' id='word_1_415' title='bbox 1531 1541 1715 1604; x_wconf 89' lang='lat' dir='ltr'>ulteriorem</span> <span class='ocrx_word' id='word_1_416' title='bbox 1741 1559 1885 1622; x_wconf 75' lang='lat' dir='ltr'>prognes</span> <span class='ocrx_word' id='word_1_417' title='bbox 1904 1515 1966 1610; x_wconf 53' lang='grc' dir='ltr'>ῧῖἓῑ</span> <span class='ocrx_word' id='word_1_418' title='bbox 1983 1511 2117 1611; x_wconf 46' lang='lat' dir='ltr'>iffi&amp;</span> 
     </span>
    </p>
   </div>
   <div class='ocr_carea' id='block_1_6' title="bbox 1139 1618 2117 3571">
    <p class='ocr_par' dir='ltr' id='par_1_6' title="bbox 1139 1618 2117 1892">
     <span class='ocr_line' id='line_1_70' title="bbox 1139 1618 2117 1728; baseline 0.009 -36"><span class='ocrx_word' id='word_1_419' title='bbox 1139 1649 1209 1694; x_wconf 88' lang='lat' dir='ltr'>sum</span> <span class='ocrx_word' id='word_1_420' title='bbox 1232 1633 1345 1695; x_wconf 87' lang='lat' dir='ltr'>habere</span> <span class='ocrx_word' id='word_1_421' title='bbox 1356 1633 1455 1696; x_wconf 89' lang='lat' dir='ltr'>valeat</span> <span class='ocrx_word' id='word_1_422' title='bbox 1477 1633 1689 1714; x_wconf 89' lang='lat' dir='ltr'>dependenter</span> <span class='ocrx_word' id='word_1_423' title='bbox 1703 1655 1719 1698; x_wconf 93' lang='lat' dir='ltr'>a</span> <span class='ocrx_word' id='word_1_424' title='bbox 1733 1637 1887 1716; x_wconf 93' lang='lat' dir='ltr'>probatio·</span> <span class='ocrx_word' id='word_1_425' title='bbox 1904 1618 2117 1728; x_wconf 54' lang='lat' dir='ltr'>fi‘ssgtggssdmffi</span> 
     </span>
     <span class='ocr_line' id='line_1_71' title="bbox 1140 1723 1979 1808; baseline 0.011 -25"><span class='ocrx_word' id='word_1_426' title='bbox 1140 1723 1232 1786; x_wconf 92' lang='lat' dir='ltr'>nibus</span> <span class='ocrx_word' id='word_1_427' title='bbox 1253 1724 1452 1801; x_wconf 85' lang='lat' dir='ltr'>subsidiariis,</span> <span class='ocrx_word' id='word_1_428' title='bbox 1469 1726 1596 1805; x_wconf 87' lang='lat' dir='ltr'>quaein</span> <span class='ocrx_word' id='word_1_429' title='bbox 1612 1743 1726 1804; x_wconf 88' lang='lat' dir='ltr'>genere</span> <span class='ocrx_word' id='word_1_430' title='bbox 1746 1744 1804 1791; x_wconf 91' lang='lat' dir='ltr'>suo</span> <span class='ocrx_word' id='word_1_431' title='bbox 1818 1745 1885 1808; x_wconf 91' lang='lat' dir='ltr'>per·</span> <span class='ocrx_word' id='word_1_432' title='bbox 1905 1725 1979 1772; x_wconf 56' lang='lat'><strong>“¹¹¹⁸-</strong></span> 
     </span>
     <span class='ocr_line' id='line_1_72' title="bbox 1140 1814 1887 1892; baseline 0.011 -16"><span class='ocrx_word' id='word_1_433' title='bbox 1140 1814 1236 1878; x_wconf 85' lang='lat' dir='ltr'>tectae</span> <span class='ocrx_word' id='word_1_434' title='bbox 1251 1817 1325 1892; x_wconf 90' lang='lat' dir='ltr'>sint,</span> <span class='ocrx_word' id='word_1_435' title='bbox 1338 1817 1506 1881; x_wconf 87' lang='lat' dir='ltr'>dummodo</span> <span class='ocrx_word' id='word_1_436' title='bbox 1521 1825 1625 1882; x_wconf 87' lang='lat' dir='ltr'>tamen</span> <span class='ocrx_word' id='word_1_437' title='bbox 1641 1821 1675 1882; x_wconf 91' lang='lat' dir='ltr'>ad</span> <span class='ocrx_word' id='word_1_438' title='bbox 1691 1821 1887 1885; x_wconf 83' lang='lat' dir='ltr'>heatldcatlo-</span> 
     </span>
    </p>

    <p class='ocr_par' dir='ltr' id='par_1_7' title="bbox 1141 1912 1985 2370">
     <span class='ocr_line' id='line_1_73' title="bbox 1141 1912 1885 1991; baseline 0.012 -21"><span class='ocrx_word' id='word_1_439' title='bbox 1141 1925 1215 1971; x_wconf 91' lang='lat' dir='ltr'>nem</span> <span class='ocrx_word' id='word_1_440' title='bbox 1247 1912 1445 1989; x_wconf 86' lang='lat' dir='ltr'>procedatur,</span> <span class='ocrx_word' id='word_1_441' title='bbox 1468 1927 1533 1974; x_wconf 90' lang='lat' dir='ltr'>non</span> <span class='ocrx_word' id='word_1_442' title='bbox 1559 1912 1641 1975; x_wconf 91' lang='lat' dir='ltr'>binis</span> <span class='ocrx_word' id='word_1_443' title='bbox 1671 1921 1811 1991; x_wconf 91' lang='lat' dir='ltr'>tantum,</span> <span class='ocrx_word' id='word_1_444' title='bbox 1834 1918 1885 1979; x_wconf 86' lang='lat' dir='ltr'>scd</span> 
     </span>
     <span class='ocr_line' id='line_1_74' title="bbox 1141 2004 1885 2084; baseline 0.008 -20"><span class='ocrx_word' id='word_1_445' title='bbox 1141 2009 1273 2081; x_wconf 87' lang='lat' dir='ltr'>quatuor</span> <span class='ocrx_word' id='word_1_446' title='bbox 1299 2004 1582 2068; x_wconf 88' lang='lat' dir='ltr'>intervenientibus</span> <span class='ocrx_word' id='word_1_447' title='bbox 1611 2007 1777 2084; x_wconf 90' lang='lat' dir='ltr'>miraculis,</span> <span class='ocrx_word' id='word_1_448' title='bbox 1801 2010 1885 2073; x_wconf 91' lang='lat' dir='ltr'>iuxta</span> 
     </span>
     <span class='ocr_line' id='line_1_75' title="bbox 1142 2097 1885 2173; baseline 0.008 -15"><span class='ocrx_word' id='word_1_449' title='bbox 1142 2097 1286 2173; x_wconf 89' lang='lat' dir='ltr'>generale</span> <span class='ocrx_word' id='word_1_450' title='bbox 1296 2098 1457 2161; x_wconf 89' lang='lat' dir='ltr'>decretum</span> <span class='ocrx_word' id='word_1_451' title='bbox 1469 2117 1484 2160; x_wconf 94' lang='lat' dir='ltr'>a</span> <span class='ocrx_word' id='word_1_452' title='bbox 1497 2099 1587 2162; x_wconf 92' lang='lat' dir='ltr'>nobis</span> <span class='ocrx_word' id='word_1_453' title='bbox 1597 2100 1718 2164; x_wconf 91' lang='lat' dir='ltr'>editum</span> <span class='ocrx_word' id='word_1_454' title='bbox 1729 2101 1779 2164; x_wconf 88' lang='lat' dir='ltr'>die</span> <span class='ocrx_word' id='word_1_455' title='bbox 1791 2119 1885 2165; x_wconf 87' lang='lat' dir='ltr'>xxxxv.</span> 
     </span>
     <span class='ocr_line' id='line_1_76' title="bbox 1142 2192 1985 2271; baseline 0.008 -17"><span class='ocrx_word' id='word_1_456' title='bbox 1142 2192 1246 2271; x_wconf 92' lang='lat' dir='ltr'>aprilis</span> <span class='ocrx_word' id='word_1_457' title='bbox 1274 2194 1638 2258; x_wconf 84' lang='lat' dir='ltr'>uoooxn1.relatumin</span> <span class='ocrx_word' id='word_1_458' title='bbox 1668 2197 1760 2259; x_wconf 92' lang='lat' dir='ltr'>citato</span> <span class='ocrx_word' id='word_1_459' title='bbox 1781 2205 1886 2260; x_wconf 90' lang='lat' dir='ltr'>nostro</span> <span class='ocrx_word' id='word_1_460' title='bbox 1983 2258 1985 2261; x_wconf 84' lang='grc'><strong>,</strong></span> 
     </span>
     <span class='ocr_line' id='line_1_77' title="bbox 1141 2286 1886 2370; baseline 0.007 -21"><span class='ocrx_word' id='word_1_461' title='bbox 1141 2303 1235 2366; x_wconf 89' lang='lat' dir='ltr'>opere</span> <span class='ocrx_word' id='word_1_462' title='bbox 1248 2286 1292 2348; x_wconf 86' lang='lat' dir='ltr'>De</span> <span class='ocrx_word' id='word_1_463' title='bbox 1302 2288 1494 2352; x_wconf 78' lang='lat' dir='ltr'>coaooizot.</span> <span class='ocrx_word' id='word_1_464' title='bbox 1505 2287 1665 2364; x_wconf 77' lang='lat' dir='ltr'>soncior,</span> <span class='ocrx_word' id='word_1_465' title='bbox 1678 2288 1731 2352; x_wconf 79' lang='lat' dir='ltr'>tib.</span> <span class='ocrx_word' id='word_1_466' title='bbox 1744 2295 1775 2364; x_wconf 88' lang='lat'>3,</span> <span class='ocrx_word' id='word_1_467' title='bbox 1787 2296 1886 2370; x_wconf 88' lang='lat' dir='ltr'>cop.3</span> 
     </span>
    </p>

    <p class='ocr_par' dir='ltr' id='par_1_8' title="bbox 1141 2380 1887 2557">
     <span class='ocr_line' id='line_1_78' title="bbox 1141 2380 1887 2464; baseline 0.005 -20"><span class='ocrx_word' id='word_1_468' title='bbox 1141 2380 1199 2446; x_wconf 77' lang='lat' dir='ltr'>sat</span> <span class='ocrx_word' id='word_1_469' title='bbox 1222 2399 1309 2446; x_wconf 82' lang='lat' dir='ltr'>cort.</span> <span class='ocrx_word' id='word_1_470' title='bbox 1326 2387 1373 2446; x_wconf 84' lang='lat'>25</span> <span class='ocrx_word' id='word_1_471' title='bbox 1397 2383 1540 2446; x_wconf 90' lang='lat' dir='ltr'>editionis</span> <span class='ocrx_word' id='word_1_472' title='bbox 1564 2384 1737 2461; x_wconf 87' lang='lat' dir='ltr'>Patavinae,</span> <span class='ocrx_word' id='word_1_473' title='bbox 1754 2402 1812 2464; x_wconf 87' lang='lat' dir='ltr'>qua</span> <span class='ocrx_word' id='word_1_474' title='bbox 1828 2387 1887 2448; x_wconf 90' lang='lat' dir='ltr'>uti·</span> 
     </span>
     <span class='ocr_line' id='line_1_79' title="bbox 1143 2477 1887 2557; baseline 0.005 -19"><span class='ocrx_word' id='word_1_475' title='bbox 1143 2493 1226 2552; x_wconf 91' lang='lat' dir='ltr'>mur,</span> <span class='ocrx_word' id='word_1_476' title='bbox 1237 2477 1476 2557; x_wconf 88' lang='lat' dir='ltr'>postulatoribus</span> <span class='ocrx_word' id='word_1_477' title='bbox 1488 2494 1595 2541; x_wconf 87' lang='lat' dir='ltr'>causae</span> <span class='ocrx_word' id='word_1_478' title='bbox 1606 2479 1794 2542; x_wconf 90' lang='lat' dir='ltr'>venerabilis</span> <span class='ocrx_word' id='word_1_479' title='bbox 1806 2481 1887 2542; x_wconf 90' lang='lat' dir='ltr'>servi</span> 
     </span>
    </p>

    <p class='ocr_par' dir='ltr' id='par_1_9' title="bbox 1143 2571 1887 2650">
     <span class='ocr_line' id='line_1_80' title="bbox 1143 2571 1887 2650; baseline 0.003 -17"><span class='ocrx_word' id='word_1_480' title='bbox 1143 2572 1196 2633; x_wconf 87' lang='lat' dir='ltr'>liei</span> <span class='ocrx_word' id='word_1_481' title='bbox 1218 2572 1359 2634; x_wconf 76' lang='lat' dir='ltr'>Andreae</span> <span class='ocrx_word' id='word_1_482' title='bbox 1380 2571 1492 2634; x_wconf 90' lang='lat' dir='ltr'>Bobola</span> <span class='ocrx_word' id='word_1_483' title='bbox 1515 2571 1650 2634; x_wconf 90' lang='lat' dir='ltr'>libenter</span> <span class='ocrx_word' id='word_1_484' title='bbox 1676 2573 1887 2650; x_wconf 86' lang='lat' dir='ltr'>indulgemus,</span> 
     </span>
    </p>

    <p class='ocr_par' dir='ltr' id='par_1_10' title="bbox 1143 2664 1917 2931">
     <span class='ocr_line' id='line_1_81' title="bbox 1143 2664 1917 2743; baseline 0.003 -16"><span class='ocrx_word' id='word_1_485' title='bbox 1143 2673 1178 2727; x_wconf 91' lang='lat' dir='ltr'>ut</span> <span class='ocrx_word' id='word_1_486' title='bbox 1200 2665 1231 2725; x_wconf 92' lang='lat' dir='ltr'>in</span> <span class='ocrx_word' id='word_1_487' title='bbox 1248 2664 1383 2740; x_wconf 83' lang='lat' dir='ltr'>generali</span> <span class='ocrx_word' id='word_1_488' title='bbox 1399 2665 1652 2743; x_wconf 79' lang='lat' dir='ltr'>congregatione</span> <span class='ocrx_word' id='word_1_489' title='bbox 1665 2683 1824 2728; x_wconf 89' lang='lat' dir='ltr'>sacrorum</span> <span class='ocrx_word' id='word_1_490' title='bbox 1838 2667 1889 2729; x_wconf 86' lang='lat' dir='ltr'>lii·</span> <span class='ocrx_word' id='word_1_491' title='bbox 1911 2715 1917 2740; x_wconf 83' lang='lat'>,</span> 
     </span>
     <span class='ocr_line' id='line_1_82' title="bbox 1144 2757 1889 2838; baseline 0.003 -18"><span class='ocrx_word' id='word_1_492' title='bbox 1144 2766 1232 2820; x_wconf 91' lang='lat' dir='ltr'>tuum</span> <span class='ocrx_word' id='word_1_493' title='bbox 1250 2758 1554 2838; x_wconf 88' lang='lat' dir='ltr'>iterum-proponere</span> <span class='ocrx_word' id='word_1_494' title='bbox 1568 2759 1686 2837; x_wconf 92' lang='lat' dir='ltr'>possint</span> <span class='ocrx_word' id='word_1_495' title='bbox 1707 2757 1835 2822; x_wconf 91' lang='lat' dir='ltr'>dubium</span> <span class='ocrx_word' id='word_1_496' title='bbox 1852 2762 1889 2822; x_wconf 93' lang='lat' dir='ltr'>de</span> 
     </span>
     <span class='ocr_line' id='line_1_83' title="bbox 1144 2853 1887 2931; baseline 0.001 -17"><span class='ocrx_word' id='word_1_497' title='bbox 1144 2853 1307 2930; x_wconf 80' lang='lat' dir='ltr'>martyrio,</span> <span class='ocrx_word' id='word_1_498' title='bbox 1331 2860 1361 2914; x_wconf 87' lang='lat' dir='ltr'>et</span> <span class='ocrx_word' id='word_1_499' title='bbox 1383 2869 1471 2915; x_wconf 89' lang='lat' dir='ltr'>causa</span> <span class='ocrx_word' id='word_1_500' title='bbox 1493 2853 1646 2931; x_wconf 81' lang='lat' dir='ltr'>martyrii,</span> <span class='ocrx_word' id='word_1_501' title='bbox 1670 2862 1701 2916; x_wconf 90' lang='lat' dir='ltr'>et</span> <span class='ocrx_word' id='word_1_502' title='bbox 1723 2855 1760 2916; x_wconf 88' lang='lat' dir='ltr'>de</span> <span class='ocrx_word' id='word_1_503' title='bbox 1781 2854 1887 2930; x_wconf 84' lang='lat' dir='ltr'>signis,</span> 
     </span>
    </p>

    <p class='ocr_par' dir='ltr' id='par_1_11' title="bbox 1142 2945 1889 3396">
     <span class='ocr_line' id='line_1_84' title="bbox 1143 2945 1889 3026; baseline 0.001 -19"><span class='ocrx_word' id='word_1_504' title='bbox 1143 2951 1173 3007; x_wconf 91' lang='lat' dir='ltr'>et</span> <span class='ocrx_word' id='word_1_505' title='bbox 1195 2945 1369 3020; x_wconf 90' lang='lat' dir='ltr'>miraculis,</span> <span class='ocrx_word' id='word_1_506' title='bbox 1392 2946 1487 3007; x_wconf 90' lang='lat' dir='ltr'>etsie</span> <span class='ocrx_word' id='word_1_507' title='bbox 1514 2961 1636 3008; x_wconf 93' lang='lat' dir='ltr'>causam</span> <span class='ocrx_word' id='word_1_508' title='bbox 1668 2947 1812 3024; x_wconf 82' lang='lat' dir='ltr'>prosequi</span> <span class='ocrx_word' id='word_1_509' title='bbox 1834 2961 1889 3026; x_wconf 86' lang='lat' dir='ltr'>per</span> 
     </span>
     <span class='ocr_line' id='line_1_85' title="bbox 1144 3037 1887 3118; baseline 0.001 -17"><span class='ocrx_word' id='word_1_510' title='bbox 1144 3040 1222 3102; x_wconf 89' lang='lat' dir='ltr'>viam</span> <span class='ocrx_word' id='word_1_511' title='bbox 1245 3037 1445 3100; x_wconf 89' lang='lat' dir='ltr'>subsidiariae</span> <span class='ocrx_word' id='word_1_512' title='bbox 1466 3038 1656 3116; x_wconf 90' lang='lat' dir='ltr'>probationis</span> <span class='ocrx_word' id='word_1_513' title='bbox 1681 3040 1713 3100; x_wconf 94' lang='lat' dir='ltr'>in</span> <span class='ocrx_word' id='word_1_514' title='bbox 1733 3055 1768 3100; x_wconf 89' lang='lat' dir='ltr'>ea</span> <span class='ocrx_word' id='word_1_515' title='bbox 1790 3048 1887 3118; x_wconf 91' lang='lat' dir='ltr'>parte,</span> 
     </span>
     <span class='ocr_line' id='line_1_86' title="bbox 1144 3133 1888 3213; baseline -0.004 -15"><span class='ocrx_word' id='word_1_516' title='bbox 1144 3133 1888 3213; x_wconf 79' lang='lat' dir='ltr'>quaemartyriumetcansamrespicltmartyrii,</span> 
     </span>
     <span class='ocr_line' id='line_1_87' title="bbox 1142 3224 1888 3304; baseline -0.001 -14"><span class='ocrx_word' id='word_1_517' title='bbox 1142 3232 1262 3290; x_wconf 88' lang='lat' dir='ltr'>servata</span> <span class='ocrx_word' id='word_1_518' title='bbox 1284 3232 1390 3288; x_wconf 81' lang='lat' dir='ltr'>tamen</span> <span class='ocrx_word' id='word_1_519' title='bbox 1413 3224 1509 3304; x_wconf 86' lang='lat' dir='ltr'>quoad</span> <span class='ocrx_word' id='word_1_520' title='bbox 1525 3241 1655 3288; x_wconf 91' lang='lat' dir='ltr'>examen</span> <span class='ocrx_word' id='word_1_521' title='bbox 1674 3231 1704 3288; x_wconf 90' lang='lat' dir='ltr'>et</span> <span class='ocrx_word' id='word_1_522' title='bbox 1720 3242 1888 3289; x_wconf 91' lang='lat' dir='ltr'>numerum</span> 
     </span>
     <span class='ocr_line' id='line_1_88' title="bbox 1144 3319 1889 3396; baseline 0 -14"><span class='ocrx_word' id='word_1_523' title='bbox 1144 3319 1367 3382; x_wconf 90' lang='lat' dir='ltr'>miraculorum</span> <span class='ocrx_word' id='word_1_524' title='bbox 1388 3326 1421 3380; x_wconf 89' lang='lat' dir='ltr'>et</span> <span class='ocrx_word' id='word_1_525' title='bbox 1440 3319 1615 3396; x_wconf 88' lang='lat' dir='ltr'>signorum,</span> <span class='ocrx_word' id='word_1_526' title='bbox 1634 3319 1732 3382; x_wconf 84' lang='lat' dir='ltr'>forma</span> <span class='ocrx_word' id='word_1_527' title='bbox 1754 3336 1826 3382; x_wconf 92' lang='lat' dir='ltr'>mox</span> <span class='ocrx_word' id='word_1_528' title='bbox 1849 3320 1889 3382; x_wconf 93' lang='lat' dir='ltr'>ci-</span> 
     </span>
    </p>

    <p class='ocr_par' dir='ltr' id='par_1_12' title="bbox 1144 3413 1889 3494">
     <span class='ocr_line' id='line_1_89' title="bbox 1144 3413 1889 3494; baseline 0 -17"><span class='ocrx_word' id='word_1_529' title='bbox 1144 3415 1199 3477; x_wconf 91' lang='lat' dir='ltr'>tati</span> <span class='ocrx_word' id='word_1_530' title='bbox 1221 3413 1335 3476; x_wconf 88' lang='lat' dir='ltr'>decreti</span> <span class='ocrx_word' id='word_1_531' title='bbox 1351 3413 1425 3475; x_wconf 93' lang='lat' dir='ltr'>editi</span> <span class='ocrx_word' id='word_1_532' title='bbox 1443 3419 1478 3476; x_wconf 92' lang='lat' dir='ltr'>ut</span> <span class='ocrx_word' id='word_1_533' title='bbox 1492 3413 1628 3476; x_wconf 83' lang='lat' dir='ltr'>diximus</span> <span class='ocrx_word' id='word_1_534' title='bbox 1643 3414 1692 3476; x_wconf 88' lang='lat' dir='ltr'>die</span> <span class='ocrx_word' id='word_1_535' title='bbox 1707 3427 1801 3478; x_wconf 81' lang='lat' dir='ltr'>xxxxi.</span> <span class='ocrx_word' id='word_1_536' title='bbox 1811 3415 1889 3494; x_wconf 91' lang='lat' dir='ltr'>apri·</span> 
     </span>
    </p>

    <p class='ocr_par' dir='ltr' id='par_1_13' title="bbox 1144 3508 1356 3571">
     <span class='ocr_line' id='line_1_90' title="bbox 1144 3508 1356 3571; baseline -0.005 -2"><span class='ocrx_word' id='word_1_537' title='bbox 1144 3508 1181 3569; x_wconf 90' lang='lat' dir='ltr'>lis</span> <span class='ocrx_word' id='word_1_538' title='bbox 1203 3525 1356 3571; x_wconf 86' lang='lat' dir='ltr'>uuccxur.</span> 
     </span>
    </p>
   </div>
   <div class='ocr_carea' id='block_1_7' title="bbox 1144 3604 2127 5942">
    <p class='ocr_par' dir='ltr' id='par_1_14' title="bbox 1144 3604 2123 5740">
     <span class='ocr_line' id='line_1_91' title="bbox 1184 3604 2122 3686; baseline 0 -21"><span class='ocrx_word' id='word_1_539' title='bbox 1184 3604 1309 3679; x_wconf 88' lang='lat' dir='ltr'>Quinto,</span> <span class='ocrx_word' id='word_1_540' title='bbox 1331 3620 1401 3666; x_wconf 93' lang='lat' dir='ltr'>cum</span> <span class='ocrx_word' id='word_1_541' title='bbox 1425 3610 1497 3666; x_wconf 92' lang='lat' dir='ltr'>ante</span> <span class='ocrx_word' id='word_1_542' title='bbox 1525 3605 1766 3684; x_wconf 88' lang='lat' dir='ltr'>propositionem</span> <span class='ocrx_word' id='word_1_543' title='bbox 1788 3622 1889 3669; x_wconf 89' lang='lat' dir='ltr'>causa·</span> <span class='ocrx_word' id='word_1_544' title='bbox 1940 3624 2007 3684; x_wconf 72' lang='lat' dir='ltr'>onae</span> <span class='ocrx_word' id='word_1_545' title='bbox 2021 3629 2122 3686; x_wconf 71' lang='lat' dir='ltr'>servan-</span> 
     </span>
     <span class='ocr_line' id='line_1_92' title="bbox 1144 3676 2123 3785; baseline 0.003 -25"><span class='ocrx_word' id='word_1_546' title='bbox 1144 3713 1214 3760; x_wconf 90' lang='lat' dir='ltr'>rum</span> <span class='ocrx_word' id='word_1_547' title='bbox 1246 3697 1484 3758; x_wconf 86' lang='lat' dir='ltr'>Beatilicationis</span> <span class='ocrx_word' id='word_1_548' title='bbox 1515 3705 1547 3759; x_wconf 91' lang='lat' dir='ltr'>et</span> <span class='ocrx_word' id='word_1_549' title='bbox 1578 3699 1828 3762; x_wconf 76' lang='lat' dir='ltr'>canonizationis</span> <span class='ocrx_word' id='word_1_550' title='bbox 1856 3701 1888 3762; x_wconf 93' lang='lat' dir='ltr'>iu</span> <span class='ocrx_word' id='word_1_551' title='bbox 1909 3676 2123 3785; x_wconf 55' lang='grc' dir='ltr'>ἣὲἱὲὲῗιξωῆἳῗᾱ</span> 
     </span>
     <span class='ocr_line' id='line_1_93' title="bbox 1145 3783 2069 3868; baseline 0.002 -14"><span class='ocrx_word' id='word_1_552' title='bbox 1145 3790 1396 3868; x_wconf 83' lang='lat' dir='ltr'>Congregatione</span> <span class='ocrx_word' id='word_1_553' title='bbox 1419 3790 1557 3866; x_wconf 89' lang='lat' dir='ltr'>generali</span> <span class='ocrx_word' id='word_1_554' title='bbox 1581 3808 1737 3856; x_wconf 89' lang='lat' dir='ltr'>sacrorum</span> <span class='ocrx_word' id='word_1_555' title='bbox 1760 3793 1889 3857; x_wconf 86' lang='lat' dir='ltr'>Rituum</span> <span class='ocrx_word' id='word_1_556' title='bbox 1908 3783 2069 3830; x_wconf 73' lang='lat'>⁶⁰”⁶⁰&#39;‘¹⁰²⁰·</span> 
     </span>
     <span class='ocr_line' id='line_1_94' title="bbox 1144 3882 1890 3963; baseline 0 -15"><span class='ocrx_word' id='word_1_557' title='bbox 1144 3899 1248 3948; x_wconf 90' lang='lat' dir='ltr'>coram</span> <span class='ocrx_word' id='word_1_558' title='bbox 1269 3898 1393 3946; x_wconf 92' lang='lat' dir='ltr'>summo</span> <span class='ocrx_word' id='word_1_559' title='bbox 1415 3882 1563 3946; x_wconf 81' lang='lat' dir='ltr'>Ponticae</span> <span class='ocrx_word' id='word_1_560' title='bbox 1584 3883 1712 3959; x_wconf 89' lang='lat' dir='ltr'>lactum,</span> <span class='ocrx_word' id='word_1_561' title='bbox 1739 3885 1822 3963; x_wconf 86' lang='lat' dir='ltr'>quod</span> <span class='ocrx_word' id='word_1_562' title='bbox 1846 3887 1890 3950; x_wconf 91' lang='lat' dir='ltr'>di·</span> 
     </span>
     <span class='ocr_line' id='line_1_95' title="bbox 1145 3974 1890 4052; baseline 0.007 -13"><span class='ocrx_word' id='word_1_563' title='bbox 1145 3978 1226 4039; x_wconf 91' lang='lat' dir='ltr'>citur</span> <span class='ocrx_word' id='word_1_564' title='bbox 1241 3974 1481 4052; x_wconf 79' lang='lat' dir='ltr'>concordatum,</span> <span class='ocrx_word' id='word_1_565' title='bbox 1498 3976 1607 4040; x_wconf 89' lang='lat' dir='ltr'>edatur</span> <span class='ocrx_word' id='word_1_566' title='bbox 1621 3995 1636 4039; x_wconf 94' lang='lat' dir='ltr'>a</span> <span class='ocrx_word' id='word_1_567' title='bbox 1654 3979 1807 4042; x_wconf 89' lang='lat' dir='ltr'>cardinali</span> <span class='ocrx_word' id='word_1_568' title='bbox 1822 3998 1890 4044; x_wconf 90' lang='lat' dir='ltr'>cau·</span> 
     </span>
     <span class='ocr_line' id='line_1_96' title="bbox 1144 4070 1889 4148; baseline 0.007 -16"><span class='ocrx_word' id='word_1_569' title='bbox 1144 4087 1194 4132; x_wconf 84' lang='lat' dir='ltr'>sae</span> <span class='ocrx_word' id='word_1_570' title='bbox 1215 4070 1358 4145; x_wconf 88' lang='lat' dir='ltr'>relatore,</span> <span class='ocrx_word' id='word_1_571' title='bbox 1379 4070 1411 4131; x_wconf 93' lang='lat' dir='ltr'>in</span> <span class='ocrx_word' id='word_1_572' title='bbox 1433 4087 1494 4148; x_wconf 86' lang='lat' dir='ltr'>quo</span> <span class='ocrx_word' id='word_1_573' title='bbox 1515 4071 1611 4133; x_wconf 90' lang='lat' dir='ltr'>totius</span> <span class='ocrx_word' id='word_1_574' title='bbox 1632 4088 1739 4135; x_wconf 88' lang='lat' dir='ltr'>causae</span> <span class='ocrx_word' id='word_1_575' title='bbox 1760 4073 1889 4137; x_wconf 92' lang='lat' dir='ltr'>iuridica</span> 
     </span>
     <span class='ocr_line' id='line_1_97' title="bbox 1145 4163 1889 4245; baseline 0.005 -19"><span class='ocrx_word' id='word_1_576' title='bbox 1145 4165 1240 4227; x_wconf 86' lang='lat' dir='ltr'>series</span> <span class='ocrx_word' id='word_1_577' title='bbox 1256 4163 1438 4242; x_wconf 91' lang='lat' dir='ltr'>exponenda</span> <span class='ocrx_word' id='word_1_578' title='bbox 1453 4171 1499 4226; x_wconf 89' lang='lat' dir='ltr'>est</span> <span class='ocrx_word' id='word_1_579' title='bbox 1514 4171 1549 4227; x_wconf 91' lang='lat' dir='ltr'>ut</span> <span class='ocrx_word' id='word_1_580' title='bbox 1563 4165 1627 4227; x_wconf 90' lang='lat' dir='ltr'>ictu</span> <span class='ocrx_word' id='word_1_581' title='bbox 1642 4166 1722 4228; x_wconf 92' lang='lat' dir='ltr'>oculi</span> <span class='ocrx_word' id='word_1_582' title='bbox 1738 4168 1889 4245; x_wconf 89' lang='lat' dir='ltr'>videatur,</span> 
     </span>
     <span class='ocr_line' id='line_1_98' title="bbox 1145 4256 1891 4338; baseline 0.007 -20"><span class='ocrx_word' id='word_1_583' title='bbox 1145 4274 1184 4319; x_wconf 94' lang='lat' dir='ltr'>an</span> <span class='ocrx_word' id='word_1_584' title='bbox 1206 4258 1321 4337; x_wconf 87' lang='lat' dir='ltr'>aliquid</span> <span class='ocrx_word' id='word_1_585' title='bbox 1344 4256 1440 4320; x_wconf 83' lang='lat' dir='ltr'>luerit</span> <span class='ocrx_word' id='word_1_586' title='bbox 1460 4257 1622 4332; x_wconf 91' lang='lat' dir='ltr'>omissum,</span> <span class='ocrx_word' id='word_1_587' title='bbox 1645 4259 1809 4338; x_wconf 88' lang='lat' dir='ltr'>antiquum</span> <span class='ocrx_word' id='word_1_588' title='bbox 1825 4276 1891 4323; x_wconf 92' lang='lat' dir='ltr'>mo·</span> 
     </span>
     <span class='ocr_line' id='line_1_99' title="bbox 1146 4351 1891 4429; baseline 0.004 -16"><span class='ocrx_word' id='word_1_589' title='bbox 1146 4366 1214 4413; x_wconf 89' lang='lat' dir='ltr'>rem</span> <span class='ocrx_word' id='word_1_590' title='bbox 1235 4369 1251 4412; x_wconf 96' lang='lat' dir='ltr'>a</span> <span class='ocrx_word' id='word_1_591' title='bbox 1273 4351 1362 4413; x_wconf 89' lang='lat' dir='ltr'>nobis</span> <span class='ocrx_word' id='word_1_592' title='bbox 1383 4366 1507 4429; x_wconf 91' lang='lat' dir='ltr'>semper</span> <span class='ocrx_word' id='word_1_593' title='bbox 1528 4359 1705 4429; x_wconf 88' lang='lat' dir='ltr'>retentum,</span> <span class='ocrx_word' id='word_1_594' title='bbox 1729 4355 1804 4418; x_wconf 93' lang='lat' dir='ltr'>dum</span> <span class='ocrx_word' id='word_1_595' title='bbox 1825 4355 1891 4417; x_wconf 88' lang='lat' dir='ltr'>oili-</span> 
     </span>
     <span class='ocr_line' id='line_1_100' title="bbox 1146 4443 1891 4528; baseline 0.003 -20"><span class='ocrx_word' id='word_1_596' title='bbox 1146 4445 1193 4508; x_wconf 93' lang='lat' dir='ltr'>cio</span> <span class='ocrx_word' id='word_1_597' title='bbox 1215 4443 1285 4506; x_wconf 87' lang='lat' dir='ltr'>fidei</span> <span class='ocrx_word' id='word_1_598' title='bbox 1302 4444 1486 4522; x_wconf 91' lang='lat' dir='ltr'>promotoris</span> <span class='ocrx_word' id='word_1_599' title='bbox 1508 4443 1540 4506; x_wconf 93' lang='lat' dir='ltr'>in</span> <span class='ocrx_word' id='word_1_600' title='bbox 1555 4446 1729 4510; x_wconf 88' lang='lat' dir='ltr'>minoribus</span> <span class='ocrx_word' id='word_1_601' title='bbox 1743 4447 1891 4528; x_wconf 85' lang='lat' dir='ltr'>fungeba-</span> 
     </span>
     <span class='ocr_line' id='line_1_101' title="bbox 1147 4539 1892 4615; baseline 0.008 -15"><span class='ocrx_word' id='word_1_602' title='bbox 1147 4554 1237 4613; x_wconf 92' lang='lat' dir='ltr'>mur,</span> <span class='ocrx_word' id='word_1_603' title='bbox 1268 4543 1455 4600; x_wconf 87' lang='lat' dir='ltr'>renovantes</span> <span class='ocrx_word' id='word_1_604' title='bbox 1483 4539 1695 4615; x_wconf 87' lang='lat' dir='ltr'>decernimus,</span> <span class='ocrx_word' id='word_1_605' title='bbox 1718 4557 1781 4603; x_wconf 90' lang='lat' dir='ltr'>non</span> <span class='ocrx_word' id='word_1_606' title='bbox 1803 4542 1892 4605; x_wconf 89' lang='lat' dir='ltr'>aliter</span> 
     </span>
     <span class='ocr_line' id='line_1_102' title="bbox 1146 4629 1893 4715; baseline 0.005 -21"><span class='ocrx_word' id='word_1_607' title='bbox 1146 4631 1183 4694; x_wconf 91' lang='lat' dir='ltr'>ad</span> <span class='ocrx_word' id='word_1_608' title='bbox 1204 4630 1373 4694; x_wconf 89' lang='lat' dir='ltr'>editionem</span> <span class='ocrx_word' id='word_1_609' title='bbox 1401 4629 1472 4691; x_wconf 90' lang='lat' dir='ltr'>iacti</span> <span class='ocrx_word' id='word_1_610' title='bbox 1501 4633 1674 4694; x_wconf 90' lang='lat' dir='ltr'>concordati</span> <span class='ocrx_word' id='word_1_611' title='bbox 1698 4650 1764 4696; x_wconf 90' lang='lat' dir='ltr'>esse</span> <span class='ocrx_word' id='word_1_612' title='bbox 1786 4635 1818 4697; x_wconf 94' lang='lat' dir='ltr'>in</span> <span class='ocrx_word' id='word_1_613' title='bbox 1840 4652 1893 4715; x_wconf 93' lang='lat' dir='ltr'>po-</span> 
     </span>
     <span class='ocr_line' id='line_1_103' title="bbox 1146 4725 1891 4805; baseline 0.004 -15"><span class='ocrx_word' id='word_1_614' title='bbox 1146 4735 1265 4790; x_wconf 91' lang='lat' dir='ltr'>sterum</span> <span class='ocrx_word' id='word_1_615' title='bbox 1279 4725 1521 4805; x_wconf 86' lang='lat' dir='ltr'>procedendum,</span> <span class='ocrx_word' id='word_1_616' title='bbox 1534 4743 1627 4805; x_wconf 89' lang='lat' dir='ltr'>quam</span> <span class='ocrx_word' id='word_1_617' title='bbox 1638 4727 1783 4790; x_wconf 78' lang='lat' dir='ltr'>extractis</span> <span class='ocrx_word' id='word_1_618' title='bbox 1795 4729 1827 4789; x_wconf 95' lang='lat' dir='ltr'>in</span> <span class='ocrx_word' id='word_1_619' title='bbox 1840 4747 1891 4793; x_wconf 94' lang='lat' dir='ltr'>au-</span> 
     </span>
     <span class='ocr_line' id='line_1_104' title="bbox 1146 4819 1892 4902; baseline 0.008 -20"><span class='ocrx_word' id='word_1_620' title='bbox 1146 4821 1282 4884; x_wconf 90' lang='lat' dir='ltr'>thentica</span> <span class='ocrx_word' id='word_1_621' title='bbox 1304 4819 1403 4882; x_wconf 84' lang='lat' dir='ltr'>torma</span> <span class='ocrx_word' id='word_1_622' title='bbox 1424 4835 1462 4881; x_wconf 87' lang='lat' dir='ltr'>ex</span> <span class='ocrx_word' id='word_1_623' title='bbox 1483 4819 1622 4897; x_wconf 81' lang='lat' dir='ltr'>liegestis</span> <span class='ocrx_word' id='word_1_624' title='bbox 1638 4823 1892 4902; x_wconf 86' lang='lat' dir='ltr'>congregationis</span> 
     </span>
     <span class='ocr_line' id='line_1_105' title="bbox 1147 4912 1892 4996; baseline 0.005 -18"><span class='ocrx_word' id='word_1_625' title='bbox 1147 4915 1312 4979; x_wconf 89' lang='lat' dir='ltr'>Sacrorum</span> <span class='ocrx_word' id='word_1_626' title='bbox 1344 4912 1489 4990; x_wconf 84' lang='lat' dir='ltr'>llituum,</span> <span class='ocrx_word' id='word_1_627' title='bbox 1522 4915 1668 4979; x_wconf 90' lang='lat' dir='ltr'>omnibus</span> <span class='ocrx_word' id='word_1_628' title='bbox 1701 4925 1733 4980; x_wconf 90' lang='lat' dir='ltr'>et</span> <span class='ocrx_word' id='word_1_629' title='bbox 1760 4919 1892 4996; x_wconf 89' lang='lat' dir='ltr'>singulis</span> 
     </span>
     <span class='ocr_line' id='line_1_106' title="bbox 1148 5008 1894 5088; baseline 0.004 -15"><span class='ocrx_word' id='word_1_630' title='bbox 1148 5009 1278 5073; x_wconf 90' lang='lat' dir='ltr'>decretis</span> <span class='ocrx_word' id='word_1_631' title='bbox 1294 5008 1326 5069; x_wconf 94' lang='lat' dir='ltr'>in</span> <span class='ocrx_word' id='word_1_632' title='bbox 1341 5024 1441 5084; x_wconf 88' lang='lat' dir='ltr'>causa,</span> <span class='ocrx_word' id='word_1_633' title='bbox 1457 5009 1495 5070; x_wconf 89' lang='lat' dir='ltr'>de</span> <span class='ocrx_word' id='word_1_634' title='bbox 1509 5025 1568 5088; x_wconf 87' lang='lat' dir='ltr'>qua</span> <span class='ocrx_word' id='word_1_635' title='bbox 1583 5009 1740 5086; x_wconf 87' lang='lat' dir='ltr'>agendum</span> <span class='ocrx_word' id='word_1_636' title='bbox 1756 5017 1812 5088; x_wconf 91' lang='lat' dir='ltr'>est,</span> <span class='ocrx_word' id='word_1_637' title='bbox 1829 5013 1894 5076; x_wconf 88' lang='lat' dir='ltr'>edi·</span> 
     </span>
     <span class='ocr_line' id='line_1_107' title="bbox 1148 5103 1892 5178; baseline 0.007 -13"><span class='ocrx_word' id='word_1_638' title='bbox 1148 5103 1199 5178; x_wconf 92' lang='lat' dir='ltr'>tis,</span> <span class='ocrx_word' id='word_1_639' title='bbox 1221 5103 1298 5164; x_wconf 89' lang='lat' dir='ltr'>item</span> <span class='ocrx_word' id='word_1_640' title='bbox 1313 5117 1422 5164; x_wconf 90' lang='lat' dir='ltr'>eorum</span> <span class='ocrx_word' id='word_1_641' title='bbox 1438 5103 1654 5166; x_wconf 89' lang='lat' dir='ltr'>tantummodo</span> <span class='ocrx_word' id='word_1_642' title='bbox 1670 5111 1811 5167; x_wconf 89' lang='lat' dir='ltr'>tenorem</span> <span class='ocrx_word' id='word_1_643' title='bbox 1826 5123 1892 5170; x_wconf 89' lang='lat' dir='ltr'>esse</span> 
     </span>
     <span class='ocr_line' id='line_1_108' title="bbox 1147 5194 1891 5274; baseline 0.008 -16"><span class='ocrx_word' id='word_1_644' title='bbox 1147 5198 1351 5258; x_wconf 89' lang='lat' dir='ltr'>inserendum</span> <span class='ocrx_word' id='word_1_645' title='bbox 1367 5195 1400 5256; x_wconf 91' lang='lat' dir='ltr'>in</span> <span class='ocrx_word' id='word_1_646' title='bbox 1412 5194 1525 5258; x_wconf 88' lang='lat' dir='ltr'>lactum</span> <span class='ocrx_word' id='word_1_647' title='bbox 1541 5199 1771 5274; x_wconf 86' lang='lat' dir='ltr'>concordatum,</span> <span class='ocrx_word' id='word_1_648' title='bbox 1785 5216 1842 5264; x_wconf 90' lang='lat' dir='ltr'>nec</span> <span class='ocrx_word' id='word_1_649' title='bbox 1856 5202 1891 5263; x_wconf 90' lang='lat' dir='ltr'>ad</span> 
     </span>
     <span class='ocr_line' id='line_1_109' title="bbox 1148 5287 1893 5366; baseline 0.005 -14"><span class='ocrx_word' id='word_1_650' title='bbox 1148 5291 1214 5353; x_wconf 91' lang='lat' dir='ltr'>eius</span> <span class='ocrx_word' id='word_1_651' title='bbox 1235 5288 1403 5350; x_wconf 88' lang='lat' dir='ltr'>editionem</span> <span class='ocrx_word' id='word_1_652' title='bbox 1419 5303 1485 5350; x_wconf 90' lang='lat' dir='ltr'>esse</span> <span class='ocrx_word' id='word_1_653' title='bbox 1499 5287 1740 5366; x_wconf 91' lang='lat' dir='ltr'>procedendum,</span> <span class='ocrx_word' id='word_1_654' title='bbox 1754 5291 1813 5353; x_wconf 91' lang='lat' dir='ltr'>nisi</span> <span class='ocrx_word' id='word_1_655' title='bbox 1828 5291 1893 5356; x_wconf 87' lang='lat' dir='ltr'>iue-</span> 
     </span>
     <span class='ocr_line' id='line_1_110' title="bbox 1148 5381 1891 5463; baseline 0.003 -18"><span class='ocrx_word' id='word_1_656' title='bbox 1148 5384 1189 5445; x_wconf 92' lang='lat' dir='ltr'>rit</span> <span class='ocrx_word' id='word_1_657' title='bbox 1218 5381 1421 5462; x_wconf 90' lang='lat' dir='ltr'>approbatum</span> <span class='ocrx_word' id='word_1_658' title='bbox 1449 5381 1541 5443; x_wconf 91' lang='lat' dir='ltr'>etiam</span> <span class='ocrx_word' id='word_1_659' title='bbox 1565 5398 1580 5442; x_wconf 93' lang='lat' dir='ltr'>a</span> <span class='ocrx_word' id='word_1_660' title='bbox 1606 5381 1677 5444; x_wconf 85' lang='lat' dir='ltr'>fidei</span> <span class='ocrx_word' id='word_1_661' title='bbox 1702 5395 1891 5463; x_wconf 89' lang='lat' dir='ltr'>promotore,</span> 
     </span>
     <span class='ocr_line' id='line_1_111' title="bbox 1148 5473 1893 5555; baseline 0.004 -17"><span class='ocrx_word' id='word_1_662' title='bbox 1148 5476 1195 5540; x_wconf 91' lang='lat' dir='ltr'>uti</span> <span class='ocrx_word' id='word_1_663' title='bbox 1215 5474 1383 5555; x_wconf 82' lang='lat' dir='ltr'>praesefert</span> <span class='ocrx_word' id='word_1_664' title='bbox 1405 5490 1520 5536; x_wconf 90' lang='lat' dir='ltr'>nomen</span> <span class='ocrx_word' id='word_1_665' title='bbox 1536 5473 1606 5537; x_wconf 89' lang='lat' dir='ltr'>lacti</span> <span class='ocrx_word' id='word_1_666' title='bbox 1621 5478 1806 5552; x_wconf 90' lang='lat' dir='ltr'>concordati,</span> <span class='ocrx_word' id='word_1_667' title='bbox 1824 5495 1893 5540; x_wconf 91' lang='lat' dir='ltr'>con-</span> 
     </span>
     <span class='ocr_line' id='line_1_112' title="bbox 1148 5567 1894 5638; baseline 0.001 -6"><span class='ocrx_word' id='word_1_668' title='bbox 1148 5570 1262 5632; x_wconf 91' lang='lat' dir='ltr'>cordati</span> <span class='ocrx_word' id='word_1_669' title='bbox 1288 5567 1432 5631; x_wconf 89' lang='lat' dir='ltr'>videlicet</span> <span class='ocrx_word' id='word_1_670' title='bbox 1453 5569 1536 5631; x_wconf 92' lang='lat' dir='ltr'>inter</span> <span class='ocrx_word' id='word_1_671' title='bbox 1562 5569 1757 5638; x_wconf 87' lang='lat' dir='ltr'>cardinalem</span> <span class='ocrx_word' id='word_1_672' title='bbox 1783 5571 1894 5634; x_wconf 90' lang='lat' dir='ltr'>relato·</span> 
     </span>
     <span class='ocr_line' id='line_1_113' title="bbox 1148 5661 1605 5740; baseline -0.007 -15"><span class='ocrx_word' id='word_1_673' title='bbox 1148 5679 1217 5726; x_wconf 89' lang='lat' dir='ltr'>rem</span> <span class='ocrx_word' id='word_1_674' title='bbox 1237 5670 1268 5725; x_wconf 89' lang='lat' dir='ltr'>et</span> <span class='ocrx_word' id='word_1_675' title='bbox 1289 5661 1362 5725; x_wconf 86' lang='lat' dir='ltr'>fidei</span> <span class='ocrx_word' id='word_1_676' title='bbox 1382 5668 1605 5740; x_wconf 90' lang='lat' dir='ltr'>promotorem.</span> 
     </span>
    </p>

    <p class='ocr_par' dir='ltr' id='par_1_15' title="bbox 1148 5755 2127 5942">
     <span class='ocr_line' id='line_1_114' title="bbox 1190 5755 2127 5835; baseline 0.003 -15"><span class='ocrx_word' id='word_1_677' title='bbox 1190 5757 1295 5831; x_wconf 88' lang='lat' dir='ltr'>Sexto,</span> <span class='ocrx_word' id='word_1_678' title='bbox 1317 5771 1389 5818; x_wconf 89' lang='lat' dir='ltr'>cum</span> <span class='ocrx_word' id='word_1_679' title='bbox 1411 5773 1427 5816; x_wconf 94' lang='lat' dir='ltr'>a</span> <span class='ocrx_word' id='word_1_680' title='bbox 1448 5755 1535 5817; x_wconf 92' lang='lat' dir='ltr'>nobis</span> <span class='ocrx_word' id='word_1_681' title='bbox 1556 5771 1681 5835; x_wconf 86' lang='lat' dir='ltr'>quoque</span> <span class='ocrx_word' id='word_1_682' title='bbox 1701 5758 1894 5822; x_wconf 90' lang='lat' dir='ltr'>animadver-</span> <span class='ocrx_word' id='word_1_683' title='bbox 1926 5777 1994 5829; x_wconf 73' lang='lat' dir='ltr'>auae</span> <span class='ocrx_word' id='word_1_684' title='bbox 2011 5777 2127 5824; x_wconf 77' lang='lat' dir='ltr'>animac-</span> 
     </span>
     <span class='ocr_line' id='line_1_115' title="bbox 1148 5831 2127 5942; baseline 0 -28"><span class='ocrx_word' id='word_1_685' title='bbox 1148 5850 1291 5925; x_wconf 92' lang='lat' dir='ltr'>sumsit,</span> <span class='ocrx_word' id='word_1_686' title='bbox 1319 5849 1488 5912; x_wconf 89' lang='lat' dir='ltr'>scribentes</span> <span class='ocrx_word' id='word_1_687' title='bbox 1509 5849 1542 5912; x_wconf 93' lang='lat' dir='ltr'>in</span> <span class='ocrx_word' id='word_1_688' title='bbox 1569 5850 1665 5912; x_wconf 90' lang='lat' dir='ltr'>causis</span> <span class='ocrx_word' id='word_1_689' title='bbox 1692 5850 1894 5914; x_wconf 89' lang='lat' dir='ltr'>Beatiilcatio-</span> <span class='ocrx_word' id='word_1_690' title='bbox 1912 5831 2127 5942; x_wconf 52' lang='lat' dir='ltr'>ffissffffifflssssf</span> 
     </span>
    </p>
   </div>
   <div class='ocr_carea' id='block_1_8' title="bbox 1148 5941 1894 6028">
    <p class='ocr_par' dir='ltr' id='par_1_16' title="bbox 1148 5941 1894 6028">
     <span class='ocr_line' id='line_1_116' title="bbox 1148 5941 1894 6028; baseline 0.001 -21"><span class='ocrx_word' id='word_1_691' title='bbox 1148 5959 1228 6008; x_wconf 92' lang='lat' dir='ltr'>num</span> <span class='ocrx_word' id='word_1_692' title='bbox 1248 5950 1280 6006; x_wconf 87' lang='lat' dir='ltr'>et</span> <span class='ocrx_word' id='word_1_693' title='bbox 1301 5941 1578 6007; x_wconf 85' lang='lat' dir='ltr'>Canonizationum</span> <span class='ocrx_word' id='word_1_694' title='bbox 1594 5957 1683 6025; x_wconf 91' lang='lat' dir='ltr'>saepe</span> <span class='ocrx_word' id='word_1_695' title='bbox 1704 5945 1824 6025; x_wconf 91' lang='lat' dir='ltr'>saepius</span> <span class='ocrx_word' id='word_1_696' title='bbox 1839 5961 1894 6028; x_wconf 91' lang='lat' dir='ltr'>pro</span> 
     </span>
    </p>
   </div>
   <div class='ocr_carea' id='block_1_9' title="bbox 0 0 2434 6980">
    <p class='ocr_par' dir='ltr' id='par_1_17' title="bbox 0 0 2434 6980">
     <span class='ocr_line' id='line_1_117' title="bbox 0 0 2434 6980; baseline 0 0"><span class='ocrx_word' id='word_1_697' title='bbox 0 0 2434 6980; x_wconf 95' lang='lat' dir='ltr'> </span> 
     </span>
    </p>
   </div>
  </div>
 </body>
</html>
