4744 6976
34 1581 36 1596 ι
86 1555 178 1605 ιιιιιιιι
194 1561 246 1612 ron·

34 1637 35 1648 t
85 1623 126 1668 {th
143 1603 245 1652 somni

34 1671 36 1678 ’
84 1669 151 1711 utam
167 1668 246 1706 tanna·

84 1722 180 1766 dtxtttctx.

896 613 1093 660 uehementis
1116 614 1178 658 xlv.

267 734 399 796 randum
421 741 454 796 et
478 733 698 812 exequendum
730 746 796 795 esse
825 732 950 805 statuit,
974 747 1008 794 ea

267 839 369 892 tamen
389 829 489 890 addita
501 827 653 890 clausula:
678 827 781 890 Donec
802 827 901 890 alitor
922 827 1010 891 oSe-

265 923 300 984 de
320 921 502 1000 apostolico
523 923 688 999 provisum
709 922 826 1002 suerit,
842 925 1009 1000 postquam

263 1032 313 1077 eos
338 1016 497 1086 audierit,
519 1015 548 1076 si
570 1015 625 1094 pai
658 1022 774 1088 attint,
806 1015 862 1093 qui
883 1014 1009 1094 aliquid

264 1109 416 1171 odiremur
438 1114 588 1171 contento
612 1109 648 1170 io
669 1108 852 1170 liuiusmodi
878 1107 1009 1169 Decreta

264 1203 462 1282 offerendum
496 1202 683 1266 habuerint.
719 1203 758 1265 En
791 1202 944 1280 pontilicis
977 1202 1007 1263 in

266 1298 516 1375 congregatione
544 1297 648 1361 Sancti
671 1297 767 1362 Officii
794 1295 942 1359 resolutio
963 1311 1010 1358 se-

264 1392 389 1470 quentis
409 1398 455 1453 est
476 1391 606 1465 tenoris,
629 1391 794 1454 videlicets

112 1508 170 1548 uror
187 1508 245 1542 rasa
303 1485 423 1548 ‹Feria
445 1501 476 1544 v.
499 1484 549 1547 dte
573 1483 627 1544 vii.
659 1484 789 1546 ianuarii
819 1499 949 1547 unccvr.
974 1483 1009 1544 lu

263 1579 511 1655 congregatione
533 1577 674 1641 cenerati
697 1577 824 1641 Sanctae
852 1576 1009 1638 Romanae

264 1681 295 1734 et
315 1671 507 1734 Universalis
528 1670 753 1750 inquisitionis,
776 1671 876 1732 habita
901 1669 934 1732 in
956 1670 1009 1731 Pa·

264 1765 336 1826 latio
359 1764 532 1842 Apostolico
562 1763 719 1838 Vaticano,
746 1780 849 1826 coram
877 1763 1010 1826 Sanctis·

261 1860 342 1920 simo
363 1860 494 1922 ιιοιιιιο
515 1857 625 1920 Nostro
642 1858 773 1920 Oomino
789 1858 951 1921 Clemente
965 1857 1008 1920 di-

261 1954 334 2014 vina
356 1953 550 2014 Providentia
573 1951 648 2030 Papa
670 1952 744 2026 ιιι,
766 1969 800 2014 ac
820 1951 1008 2014 Eminentis·

260 2048 350 2108 simis
371 2054 401 2109 et
421 2045 700 2108 ileverendissimis
722 2047 860 2109 Dominis
882 2043 1005 2106 Sitit.

261 2140 477 2204 cardinalibus
501 2140 533 2202 in
560 2146 621 2201 tota
643 2139 808 2217 Republica
838 2139 1008 2204 christiana

260 2244 369 2296 contra
391 2234 576 2298 haereticam
597 2233 782 2311 pravitatem
803 2232 1008 2295 Generalibus

259 2328 500 2407 inquisitoribus
515 2345 531 2388 a
546 2327 654 2391 Sancta
667 2326 745 2392 Sede
757 2327 927 2406 Apostolica
942 2341 1007 2404 spe·

259 2421 381 2483 cialiter
402 2421 566 2499 deputatis.

300 2513 416 2576 «illem
429 2513 648 2578 Sanctissimus
661 2513 811 2576 Dominus
822 2513 944 2586 Noster,
961 2527 1009 2574 re·

244 2597 322 2670 'lato
336 2615 445 2670 tenore
457 2607 571 2669 decreti
583 2607 656 2668 editi
666 2607 841 2669 Pudicherii
852 2606 901 2668 die
914 2620 1005 2667 xxnr.

258 2702 341 2764 iunii
362 2717 493 2764 uncctv.
513 2717 528 2760 a
543 2701 577 2762 b.
603 2700 712 2764 carolo
728 2701 844 2762 Thomu
859 2701 896 2762 de
907 2700 1007 2766 ¹Tour-

258 2811 324 2856 non
347 2795 518 2856 Patriarcha
540 2795 733 2856 Antiocheno
749 2793 1008 2857 commissarioet

259 2887 430 2949 visitatore
451 2885 625 2966 Apostolico
648 2888 679 2949 iu
702 2887 833 2965 imperio
863 2885 1009 2949 Sinarum

258 2989 291 3042 et
312 2981 381 3042 aliis
403 2981 560 3042 indiarum
576 2979 779 3044 Orientalium
795 2980 921 3057 Regnis,
938 2995 1008 3041 nec·

259 3089 326 3135 non
350 3074 513 3137 literarum
535 3073 606 3135 inde
626 3074 812 3152 scriptarum
833 3074 870 3136 ab
898 3074 1008 3134 eodem

259 3167 292 3228 b.
320 3166 506 3238 Patriarcba,
531 3181 644 3244 nempe
659 3167 708 3228 die
722 3182 767 3227 rx.
785 3165 852 3227 iulii
868 3166 939 3229 dicti
955 3181 1009 3226 an-

258 3259 291 3321 ni
315 3275 449 3322 unccrv.
466 3261 501 3322 ad
517 3258 667 3338 praelatos
689 3259 963 3334 Eminentissimos
978 3266 1009 3321 et

257 3352 547 3415 Revereudissimos
578 3354 725 3415 Dominos
758 3353 945 3426 cardinales,
975 3368 1008 3414 ac

34 3455 36 3532 ι
111 3471 239 3517 nunonem
258 3448 308 3510 die
332 3462 362 3507 x.
387 3447 527 3508 eiusdem
548 3449 665 3509 mensis
686 3449 721 3510 ad
743 3447 779 3509 il.
797 3447 827 3508 P.
846 3447 881 3508 ii.
905 3447 1009 3507 Asses-

34 3535 36 3582 t
84 3527 240 3594 alrmetpru-

84 3579 241 3676 ffiits'ffi'ecrffi

84 3696 114 3730 ron
136 3686 241 3730 rodoara·

85 3737 241 3837 ιιιιιιι
312 3823 318 3833 .
497 3839 521 3853 ,,
639 3824 643 3832 .

181 3845 241 3899 mar,
258 3825 462 3884 scribendum
477 3838 543 3886 esse
557 3824 689 3885 Domino
705 3823 908 3899 patriarcnae,
926 3838 1011 3886 com-

184 3905 239 3944 [816.

34 3935 35 3954 ,
85 3897 154 3944 urard

85 3840 142 3890 edan

257 3557 376 3616 sorem,
398 3541 514 3603 diserte
542 3557 635 3619 super
657 3542 765 3604 iisdem
793 3542 830 3604 dc
856 3555 941 3602 more
965 3540 1008 3601 lo·

258 3645 379 3714 quutus
400 3634 470 3696 luit.
495 3635 617 3698 Auditis
632 3636 743 3696 deinde
766 3634 844 3696 votis
861 3633 1009 3713 praelato·

260 3745 334 3791 rum
355 3729 561 3790 Dominorum
593 3729 822 3804 cardinalium,
848 3729 937 3803 dixit,
961 3743 1008 3790 re·

259 3924 436 3987 mandando
459 3923 543 3986 illius
565 3923 762 4001 prudentiam
784 3939 818 3984 ac
840 3923 956 3996 zelum,
977 3929 1010 3984 et

258 4019 343 4097 qnod
365 4026 472 4080 exacte
493 4017 650 4080 observari
679 4015 810 4078 debeant
831 4031 866 4076 ea
892 4015 1007 4090 omnia,

259 4113 394 4190 quaein
416 4111 539 4174 decreto
560 4111 733 4190 supradicto
754 4108 931 4170 lueruutab
945 4109 1009 4186 ipso

259 4206 458 4284 praescripta,
481 4207 576 4267 donec
598 4203 687 4266 aliter
708 4220 724 4263 a
746 4202 823 4266 Sede
836 4201 1008 4279 Apostolica

258 4298 423 4378 provisum
445 4298 551 4372 luerit,
568 4305 730 4376 postquam
750 4313 801 4358 eos
823 4295 967 4369 audierit,
983 4295 1007 4356 si

258 4397 313 4474 qui
336 4403 449 4470 erunt,
471 4394 524 4471 qui
546 4391 661 4470 aliquid
688 4390 836 4452 adversus
863 4397 1008 4450 contenta

260 4491 292 4552 in
315 4489 493 4552 huiusmodi
526 4488 648 4548 decreto
673 4484 867 4546 afferendum
895 4483 1008 4546 habue-

260 4587 336 4648 rint.

101 4699 242 4746 narraveras
300 4683 425 4746 «lussit
446 4697 569 4761 quoque
592 4679 741 4744 Sanctitas
764 4682 836 4757 Sua,
857 4683 939 4758 quod
954 4696 1008 4756 per

85 4753 241 4800 -ιιιιιιιιιιιιι-

34 4771 36 4850 l
85 4815 101 4848 „
113 4807 157 4851 g„
174 4808 239 4854 pp,
259 4777 383 4839 Patrem
396 4777 613 4840 consultorem
626 4777 772 4840 loannem
785 4777 1007 4838 Damascenum

34 4871 36 4878 “
85 4858 157 4912 ”flii
172 4862 240 4907 ⁰¹³⁸¹¹¹
258 4871 385 4934 Ordinis
405 4869 536 4932 fratrum
560 4871 713 4932 itinerum
737 4869 839 4933 Sancti
856 4868 1006 4931 Francisci

85 4914 174 4958 tondum
201 4927 241 4960 ex·

34 4979 36 5026 ῑ
85 4969 240 5014 rosarium-
261 4964 526 5028 conventualium
560 4971 793 5025 reassumantur
824 4978 858 5023 ea
889 4961 1006 5036 omnia,

85 5021 142 5115 ἷῑιιῗίΙ
154 5027 241 5121 ⁸s⁰a⁰o⁵issi
259 5075 341 5136 duae
362 5059 440 5122 circa
473 5057 641 5120 nonnullos
671 5057 760 5131 ritus,
790 5065 825 5118 ut
846 5058 1005 5130 asseritur,

86 5123 143 5170 letata.

258 5152 491 5229 superstitiosos
506 5150 681 5214 christianis
691 5149 852 5212 Malabaris
867 5150 898 5210 in
915 5150 1007 5212 indiis

258 5245 467 5308 Orientalibus
487 5263 503 5306 a
524 5245 707 5324 quibusdam
737 5244 949 5318 missionariis,
973 5253 1007 5306 ut

258 5339 487 5417 praetenditur,
500 5340 675 5417 permissos,
686 5337 866 5415 iampridem
878 5339 913 5400 ad
926 5353 1009 5398 eam-

258 5434 333 5496 dem
354 5431 559 5510 Apostolicam
583 5432 695 5495 sedem
716 5431 814 5494 delata
841 5429 970 5494 luerunt
991 5447 1006 5490 a

258 5525 354 5588 tratre
375 5525 535 5588 Francisco
565 5524 656 5587 Maria
683 5525 857 5588 coronensi
885 5523 1007 5587 Ordinis

258 5619 418 5682 itinerum
433 5620 572 5680 eiusdem
588 5617 691 5681 Sancti
704 5617 855 5680 Francisci
871 5617 1009 5696 cappuc-

258 5713 405 5774 cimorum
427 5710 620 5773 missionario
647 5711 772 5772 illarum
801 5711 947 5788 partium,
971 5709 1005 5770 ad

257 5804 327 5879 hoc,
352 5811 386 5867 nt
408 5805 490 5867 idem
512 5803 601 5868 Pater
622 5803 789 5866 Consultor
811 5803 848 5864 de
864 5804 912 5879 iis,
929 5819 1007 5882 quae

256 5899 324 5962 sive
344 5915 362 5960 a
382 5914 449 5962 san.
472 5914 567 5961 mem.
584 5897 733 5975 Gregorio
755 5896 824 5962 XV.
840 5897 873 5959 in
893 5897 957 5958 suis
972 5897 1006 5958 li-

258 5993 333 6054 teris
355 5991 407 6062 die
429 6007 518 6054 xxxi.
543 5991 695 6056 iaunuarii
718 6005 880 6056 unexxm.
898 5990 930 6064 in
947 5989 1007 6053 lor-

1737 597 1792 659 ιῚι
1843 599 1896 650 An.
1912 599 1941 650 c.
1963 596 2033 652 1744

1065 747 1114 794 ma
1130 732 1238 795 Brevis
1252 732 1385 811 desuper
1397 733 1558 811 expeditis,
1570 733 1637 794 sive
1652 734 1812 796 abeodem

1067 828 1197 891 Domino
1218 827 1393 889 Patriarcba
1415 828 1447 890 in
1469 843 1525 888 suo
1551 829 1673 890 decreto
1694 827 1814 905 praedi-

1065 927 1113 982 clo
1143 935 1289 997 expresse
1320 922 1462 983 damnata
1489 921 1538 983 vel
1570 920 1723 998 prohibita
1748 935 1809 982 non

1065 1013 1195 1088 luerint,
1219 1015 1359 1077 conficiat
1380 1015 1585 1077 summarium
1596 1046 1612 1088 ,·
1635 1029 1810 1091 superque

1065 1107 1176 1170 discuti
1198 1125 1231 1170 ac
1252 1106 1378 1170 decerni
1411 1108 1521 1184 valeat,
1550 1109 1625 1186 quid
1652 1108 1692 1170 sit
1717 1122 1811 1183 agen·

1065 1202 1148 1263 dum.

1104 1295 1198 1370 «Quo
1212 1311 1285 1356 vero
1298 1294 1332 1356 ad
1345 1294 1559 1372 quaestionem
1575 1296 1612 1357 de
1626 1293 1810 1373 ortibusdam
1862 1305 2043 1384 desertionem

1065 1387 1254 1466 ignobilibus
1281 1405 1314 1451 ac
1335 1389 1461 1450 intimae
1493 1388 1585 1450 sortis
1613 1387 1808 1462 hominibus,
1829 1357 2044 1476 ῗξιῖἕζίἶιξῖξὲἶ

1064 1483 1118 1559 qui
1141 1483 1173 1543 in
1195 1483 1311 1544 eisdem
1331 1480 1510 1558 regionibus
1525 1489 1675 1542 vocantur
1691 1479 1810 1544 Poreos
1830 1475 1851 1510 Γ·
1867 1466 1947 1514 “mit-

1065 1582 1095 1636 et
1117 1589 1131 1634 a
1154 1574 1310 1637 nobilibus
1338 1585 1496 1654 tamquam
1524 1573 1652 1636 inlames
1674 1581 1705 1636 et
1726 1573 1810 1636 dam·

1065 1669 1128 1730 nati
1152 1669 1303 1744 vitantur,
1321 1668 1469 1732 Sanctitas
1486 1669 1547 1733 Sua
1562 1667 1650 1744 dixit,
1666 1667 1746 1746 quod
1763 1682 1811 1728 se·

1064 1762 1194 1840 paratim
1215 1764 1386 1825 examinari
1407 1763 1557 1826 debeat.»

1104 1856 1123 1930 5
1144 1857 1172 1917 i.
1193 1855 1309 1920 Verum
1331 1857 1409 1918 hanc
1431 1856 1670 1936 providentiam,
1687 1855 1810 1918 uberes·
1849 1863 1940 1912 salsus
1955 1875 2043 1912 rumor

1065 1968 1136 2031 que,
1160 1967 1236 2030 quos
1259 1953 1330 2013 inde
1351 1967 1419 2029 spes
1435 1959 1499 2012 erat
1514 1959 1733 2029 proventurae,
1746 1949 1809 2010 ιιι-
1829 1920 2044 2028 ἓξῖὦὲᾞὲὓξένῗζ

1063 2053 1131 2106 ctus
1152 2043 1318 2107 frustratus
1340 2053 1385 2107 est
1407 2044 1499 2106 ialsus
1520 2059 1640 2118 rumor,
1663 2044 1715 2122 qui
1737 2061 1810 2122 pau·
1828 2026 2042 2126 {ffl'npoffiffl

1064 2153 1114 2200 cos
1136 2146 1203 2217 post
1224 2155 1321 2203 annos
1343 2155 1399 2218 per
1411 2139 1510 2201 Indias
1527 2139 1691 2213 increbuit,
1708 2139 1810 2218 ipsum

1065 2247 1179 2309 nempe
1201 2233 1394 2296 clementem
1417 2234 1468 2297 xi.
1493 2232 1758 2312 praedecessorem
1779 2238 1810 2294 et

1065 2328 1198 2390 relatum
1221 2327 1411 2390 Patriarchae
1431 2329 1591 2390 decretum
1618 2327 1810 2389 revocavisse

1063 2429 1095 2483 et
1116 2420 1282 2483 nonnullas
1294 2435 1329 2481 ex
1343 2421 1380 2481 iis
1401 2421 1602 2484 caeremoniis
1617 2420 1808 2499 adprobasse,

1063 2530 1138 2591 quas
1160 2514 1212 2575 ille
1235 2522 1392 2592 tamquam
1414 2514 1649 2591 superstitiosas,
1663 2515 1811 2574 minime-

1063 2622 1124 2685 que
1145 2606 1286 2668 terendas
1315 2607 1544 2685 proscripserat.
1578 2607 1635 2670 Cui
1662 2605 1737 2667 laiso
1758 2622 1810 2668 ru·

1065 2700 1142 2762 mori
1165 2716 1291 2762 cursum
1316 2701 1546 2778 intercepturos
1572 2699 1710 2763 laudatus
1732 2699 1809 2760 Pon·
1842 2716 1966 2772 curseop
1986 2717 2043 2764 onir

1066 2792 1139 2855 tilex
1162 2792 1307 2855 clemens
1330 2793 1395 2866 xl,
1421 2801 1516 2870 utque
1545 2793 1689 2856 omnibus
1711 2793 1808 2853 mani·
1829 2769 2042 2881 ssss}2ffi{¹,⁵„,¹·’,2!

1064 2885 1138 2948 lesia
1160 2885 1302 2951 redderet
1324 2886 1420 2947 animi
1442 2886 1490 2946 sui
1514 2901 1613 2958 sensa,
1638 2895 1730 2964 atque
1752 2887 1810 2948 im·
1829 2878 2042 2986 {ffiffifflssmiffi

1064 2979 1287 3057 pugnatoribus
1301 2977 1525 3041 decreturuma
1541 2979 1712 3042 Patriarcha
1724 2995 1810 3058 prae·
1829 2985 1885 3031 cres
1899 2984 1988 3034 mittit.

1064 3075 1144 3135 dicto
1179 3073 1337 3134 editorum
1371 3087 1466 3134 omne
1500 3076 1624 3151 penitus
1658 3073 1810 3150 effugium

1064 3167 1225 3241 adimeret,
1240 3166 1520 3244 quoapraestanda
1541 3168 1658 3229 eisdem
1680 3167 1811 3228 decretis

1064 3260 1165 3323 debita
1199 3259 1371 3321 obedientia
1402 3275 1435 3321 se
1468 3259 1650 3321 subtrahere
1685 3275 1810 3338 quoquo

1065 3353 1156 3414 modo
1178 3361 1315 3429 possent,
1339 3353 1388 3414 die
1410 3354 1509 3431 prima
1530 3351 1715 3431 septembris
1736 3353 1809 3414 anui

1065 3463 1210 3510 unncxrr.
1245 3447 1367 3508 extrahi
1394 3461 1433 3507 ex
1460 3445 1618 3508 tabulariis
1650 3447 1810 3509 mandavit

1064 3542 1280 3602 authenticum
1295 3541 1473 3618 exemplum
1489 3541 1615 3613 decreti,
1628 3542 1708 3618 quod
1725 3555 1810 3617 prae-

1064 3637 1142 3698 dicta
1163 3635 1212 3696 die
1234 3651 1289 3696 vn.
1313 3635 1444 3696 ianuarii
1468 3638 1541 3698 anni
1568 3653 1701 3699 uuccvr.
1728 3654 1810 3700 ema-

1065 3738 1202 3802 naverat,
1226 3738 1257 3791 et
1277 3730 1419 3808 superius
1447 3733 1667 3810 transcriptum
1690 3741 1751 3813 est,
1775 3734 1811 3796 il-

1065 3828 1180 3905 ludque
1210 3827 1357 3906 Episcopo
1390 3829 1608 3906 ileliapurensi
1640 3831 1809 3893 transmitti

1064 3924 1163 3996 iussit,
1181 3934 1216 3986 ut
1231 3941 1269 3986 ιι
1283 3940 1319 3986 eo
1334 3934 1365 3986 et
1381 3927 1405 3987 is
1419 3927 1514 4002 probe
1536 3935 1678 3988 nosceret
1700 3934 1729 3988 et
1744 3927 1810 3989 aliis

1065 4021 1156 4082 etiarn
1179 4021 1339 4099 Episcopis
1354 4030 1384 4082 et
1400 4020 1600 4082 missionariis
1622 4038 1729 4084 earum
1753 4023 1810 4084 lle-

1064 4115 1194 4190 gionum
1215 4115 1316 4193 palam
1345 4114 1475 4190 laceret,
1499 4115 1572 4192 quid
1594 4131 1630 4176 eo
1652 4132 1750 4194 usque
1772 4118 1809 4179 de

1064 4207 1256 4270 Patriarchae
1277 4208 1463 4271 Antiocheni
1484 4209 1608 4271 decreto
1636 4209 1809 4287 Apostolica

1064 4302 1156 4366 Sedes
1178 4303 1350 4365 iudicasset.
1374 4305 1416 4364 dc
1438 4321 1478 4368 ne
1501 4305 1564 4368 uilo
1591 4306 1682 4366 modo
1704 4304 1809 4366 Ponti-

1064 4395 1149 4457 srciae
1171 4398 1285 4459 mentis
1313 4399 1474 4461 oraculum
1497 4399 1682 4462 indubium
1708 4409 1808 4477 posset

1065 4493 1211 4566 revocari,
1238 4492 1351 4555 decreti
1379 4494 1522 4573 exemplo
1550 4495 1722 4571 iungendas
1743 4493 1810 4556 alli-

1064 4589 1239 4667 gandasque
1260 4590 1365 4652 voluit·
1383 4591 1486 4652 literas
1500 4590 1678 4670 apostolicas
1701 4591 1732 4652 in
1748 4590 1808 4652 lor·

1064 4698 1113 4743 ma
1135 4683 1253 4758 Brevis,
1270 4691 1305 4745 ut
1325 4686 1486 4763 sequitur:

1104 4775 1333 4839 «Venerabilis
1354 4781 1461 4858 (noter
1482 4787 1540 4842 etc.
1565 4779 1633 4841 Non
1656 4780 1724 4844 sine
1741 4795 1809 4856 gra·
1880 4791 1994 4848 Epistola
2011 4790 2038 4837 tn

1064 4871 1095 4931 vi
1117 4871 1212 4932 animi
1241 4872 1339 4934 nostri
1362 4873 1501 4934 molestia
1531 4873 1649 4936 istisin
1672 4875 1807 4952 partibus
1827 4845 2040 4954 ξῗῖξὲῗιῦἧῗὶἓζῖἶ

1063 4965 1246 5041 evulgatum
1272 4965 1366 5028 larissa
1389 4965 1582 5042 audivimus,
1615 4969 1696 5045 quod
1723 4984 1809 5047 prae·
1828 4911 2041 5053 {ggf'gifflffi'gg

1062 5059 1173 5134 scripta
1196 5059 1226 5120 in
1249 5060 1382 5137 quodam
1404 5061 1526 5121 decreto
1548 5061 1597 5122 die
1618 5075 1712 5124 xxxix.
1731 5063 1808 5124 iunii
1827 5065 2039 5118 primariorum.

1064 5167 1208 5226 uocatu,
1231 5152 1405 5215 Pudicherii
1430 5153 1512 5214 edito
1536 5171 1551 5214 a
1573 5155 1645 5234 bon.
1674 5171 1804 5217 memor.

1065 5245 1217 5307 Cardinali
1239 5246 1448 5321 deTournon,
1461 5263 1534 5310 cum
1556 5248 1631 5311 illuc
1646 5249 1680 5308 ad
1698 5248 1809 5312 Sinen·
1832 5325 1834 5330 ,

1062 5339 1104 5398 sis
1125 5339 1251 5416 imperii
1273 5355 1340 5399 oras
1367 5340 1643 5416 transmigraturus
1671 5327 1833 5416 accessit,‘
1895 5393 1897 5398 ,

1063 5448 1080 5492 a
1102 5431 1190 5494 nobis
1211 5432 1337 5494 rescissa
1357 5440 1389 5494 et
1410 5432 1567 5509 abrogata,
1591 5452 1625 5496 ac
1645 5435 1740 5496 simul
1761 5451 1809 5497 ce-

1063 5526 1220 5586 remoniae
1242 5533 1272 5587 et
1295 5525 1394 5600 Ritus,
1410 5526 1463 5604 qui
1483 5527 1593 5589 eodem
1616 5529 1737 5591 decreto
1758 5546 1809 5590 su·

1064 5618 1254 5696 perstitionis
1285 5617 1351 5680 labe
1381 5618 1488 5680 inlecti
1514 5612 1732 5698 declarantur,
1759 5622 1809 5684 vel

1063 5711 1150 5772 omni
1172 5711 1220 5772 vel
1242 5710 1342 5788 aliqua
1359 5727 1396 5773 ex
1411 5719 1495 5790 parte
1511 5714 1668 5790 approbati
1687 5732 1719 5777 ac
1740 5731 1809 5794 per·

1064 5804 1149 5865 missi
1170 5803 1298 5867 luerint.
1322 5806 1402 5868 cum
1424 5814 1529 5868 autem
1548 5807 1686 5869 maxime
1708 5810 1809 5889 cupia-

1064 5913 1145 5974 mus,
1168 5898 1256 5960 utin
1279 5915 1312 5962 ιι
1339 5900 1416 5960 tanti
1442 5901 1595 5962 momenti
1623 5917 1688 5965 non
1718 5907 1808 5967 modo

1063 5991 1248 6054 fraternitati
1271 5998 1352 6069 tuae,
1377 6007 1488 6056 verum
1503 5993 1608 6070 etiam,
1622 6001 1654 6058 tc
1667 6005 1807 6074 curante,
