4798 6978
332 517 386 578 An.
401 525 431 580 O.
453 519 521 579 itte

358 3592 503 3644 densatum.

330 5146 346 5190 t
364 5143 470 5190 Ns'coiao
481 5143 526 5189 tlt.

316 5197 453 5244 interdicta
473 5197 529 5253 iite—

315 5261 351 5304 re,
366 5255 388 5296 et
402 5250 477 5297 nulio
490 5251 528 5297 de-

315 5304 431 5366 clarata¹
453 5305 529 5368 tetra-

315 5362 529 5404 meutacsrcatm-

315 5411 529 5511 reclausae:

315 5519 393 5565 eticae
414 5519 529 5566 libertati

315 5572 454 5618 contraria.

570 516 629 588 aaa
1066 534 1132 588 tua.
1156 536 1246 588 nour.
1271 536 1310 588 os
1332 544 1360 588 r.
1385 539 1414 590 n.
1439 543 1521 592 anns
1543 537 1565 589 t.

552 659 602 735 lis,
626 658 730 722 eadem
752 675 876 738 prorsus
899 659 972 722 fides
994 660 1190 734 adhibeatur,
1216 675 1296 738 quae

551 752 751 815 adhiberetur
782 753 853 832 ipsis
885 753 1116 833 praesentibus,
1139 753 1164 813 si
1192 751 1295 814 loreut

551 846 705 908 exhibitae
726 844 778 906 vel
798 854 948 908 ostensae.
1108 853 1110 858 ’

1505 687 1752 780 'asusotcras
1777 709 1837 779 er.
1862 709 1934 779 atr.

1469 847 1506 916 ai
1528 851 1699 932 perpetratu
1722 848 1765 915 rai
1794 848 1973 917 maneriam.

590 939 702 1000 Datum
726 938 857 1012 Romae,
884 937 963 1018 apud
992 937 1022 1000 S.
1047 937 1175 1000 litaniam
1205 937 1297 1000 blaio-
1395 973 1397 976 -

551 1047 632 1106 rem,
648 1031 705 1093 sub
728 1030 845 1093 annulo
871 1029 1042 1107 Piscatoris,
1057 1029 1107 1091 die
1129 1047 1178 1092 ru.
1192 1028 1297 1109 aprilis

550 1140 715 1200 unacurt,
738 1123 934 1204 pontificatus
956 1124 1052 1186 nostri
1069 1141 1152 1186 anno
1176 1139 1239 1185 xvr.

805 1325 1043 1334 .—----—-—a

834 1503 1008 1570 ccxxiii.

552 1693 725 1772 Confirmat
748 1693 919 1756 Decretum
937 1690 1201 1772 Coaprcpatiouis
1218 1689 1296 1752 Coa-

591 1786 870 1865 materialiaque
902 1787 969 1866 tuit
1003 1783 1214 1854 deciaratum,
1238 1779 1297 1844 sab

590 1880 823 1944 constitutione
850 1877 1031 1944 iunocentii
1058 1875 1122 1938 PP.
1151 1877 1219 1940 llll.
1243 1893 1297 1938 su·

589 1990 644 2051 pet·
666 1970 960 2052 capitulationibus
982 1969 1058 2035 Sede
1077 1971 1211 2032 Vacante
1233 1969 1296 2030 iui-

589 2068 631 2132 tta
664 2066 882 2146 campreltcudi
913 2065 1010 2128 ctiam
1042 2063 1236 2126 monasteria
1264 2067 1295 2123 ct

589 2160 722 2240 collepia
745 2161 918 2236 utriusque
932 2174 1041 2229 secus,
1054 2173 1175 2218 urcuou
1190 2155 1295 2218 cadem

589 2255 823 2316 constitutione
839 2249 1002 2330 probibere·
1014 2265 1227 2328 quoscumque
1240 2265 1295 2327 pa·

588 2349 707 2412 ctioues
730 2353 760 2408 et
783 2345 1043 2425 capitulationes,
1069 2343 1168 2405 otiosa
1189 2358 1245 2420 per
1263 2360 1295 2402 se

589 2443 737 2504 loaestas
758 2448 788 2502 et
811 2438 931 2501 licitas.

590 2715 619 2771 (1)
635 2718 664 2760 ln
678 2713 814 2760 constitut.
830 2716 916 2757 innoc.
931 2713 983 2756 1111.
1000 2714 1039 2754 Act
1059 2713 1107 2755 ltoc
1127 2713 1209 2754 ttuutt
1224 2712 1294 2754 betta

549 2783 588 2829 ed.
604 2793 720 2828 uocxcu.
735 2781 778 2826 die
792 2792 867 2826 xxttt.
884 2776 1294 2835 octobris-pontii.a.11.,agitur

549 2851 581 2896 de
595 2848 779 2907 suppressione
794 2847 946 2892 venalitatis
960 2845 1135 2902 quorumdam
1148 2843 1293 2890 officiorum

550 2921 687 2973 camerae;
709 2913 884 2973 inpraesenti
905 2913 980 2958 cita
1000 2912 1091 2957 Bened.
1108 2913 1169 2956 xlv.
1187 2910 1294 2964 interdi-

549 2989 648 3031 cuntur
670 2981 855 3028 conventiones
874 2980 901 3025 in
921 2977 1087 3037 providendis
1108 2977 1225 3023 ecclesiis
1246 2989 1292 3022 seu

550 3051 728 3106 monasteriis,
742 3059 802 3094 cum
824 3046 992 3092 innovatione
1012 3046 1179 3108 quaerundum
1200 3045 1295 3090 consti·

549 3120 683 3165 tatianum
698 3115 781 3162 simili
795 3116 826 3160 ds
841 3126 877 3170 re,
891 3125 922 3160 aa
935 3113 1082 3159 adiectione
1097 3123 1224 3158 novarum
1238 3123 1294 3168 poe-

549 3197 652 3232 narum.

753 3317 961 3363 tuuoaanrltls
975 3317 1020 3359 ΡΡ.
1035 3313 1088 3358 xil.

717 3459 752 3500 att
765 3457 891 3504 fatuorum
905 3455 945 3496 rei
959 3453 1125 3495 memartatn.

590 3589 719 3638 Ecclesiae
733 3587 879 3634 catholicae
894 3597 941 3643 per
955 3585 1108 3630 universum
1120 3583 1211 3629 orbern
1221 3581 1295 3627 dillu-

549 3670 593 3704 sae
608 3656 740 3714 regimini,
756 3653 859 3700 meritis
872 3653 935 3699 licet
945 3651 1101 3710 imparibus,
1112 3649 1202 3694 divina
1211 3649 1294 3706 dispe

548 3725 643 3771 sitione
658 3723 845 3782 praesidentes,
860 3731 899 3774 ea,
914 3731 981 3777 quae
995 3731 1011 3764 a
1025 3715 1150 3763 Romame
1165 3715 1295 3761 Pontillci-

547 3793 596 3838 bus
610 3788 854 3849 praedecessoribus
868 3786 978 3841 nostris,
987 3785 1042 3831 sive
1054 3784 1088 3831 ad
1098 3783 1254 3829 illicitorum
1264 3793 1294 3828 ac

546 3858 703 3917 praesertim
713 3855 906 3902 ecclesiasticae
917 3853 1037 3900 libertati
1046 3849 1245 3897 adversantium
1257 3849 1294 3894 iu-

546 3928 728 3972 ramentorum
742 3923 855 3969 abusum
868 3919 1025 3975 tollendum,
1035 3919 1090 3964 sive
1099 3918 1132 3964 ad
1141 3927 1294 3976 quamcum-

546 4002 596 4050 que
609 3990 739 4038 avaritiae
758 3989 844 4036 labem
859 3999 875 4033 a
889 3985 1009 4044 personis
1028 3985 1056 4031 ln
1074 3987 1173 4032 sortem
1189 3982 1292 4029 Domini

546 4060 654 4116 vocatis,
663 4069 729 4116 quas
741 4068 792 4104 non
803 4067 871 4113 quae
880 4066 929 4101 sua
938 4057 1010 4110 sunt,
1020 4055 1063 4099 sed
1074 4063 1141 4110 quae
1152 4056 1210 4098 lesu
1221 4052 1294 4097 curi-

547 4127 591 4180 sti,
605 4137 733 4185 quaerere
750 4124 864 4170 maxime
878 4121 1007 4176 convenil,
1022 4119 1219 4174 excludendam,
1234 4130 1294 4176 pru·

546 4193 620 4239 denti
642 4191 796 4248 salubrique
818 4189 941 4244 consilio,
959 4198 990 4234 ac
1004 4187 1064 4242 illo,
1082 4187 1128 4246 qui
1148 4185 1291 4232 secundum

547 4259 684 4305 scientiam
699 4261 748 4313 est,
763 4257 816 4303 zelo
835 4255 981 4302 constituta
995 4259 1022 4299 et
1036 4253 1158 4300 ordinata
1179 4263 1237 4298 esse
1251 4261 1294 4297 no

546 4329 665 4380 scantur,
680 4324 816 4382 apostolici
830 4322 987 4368 muniminis
1003 4320 1089 4366 nostri
1103 4319 1251 4377 patrocinio
1265 4317 1293 4364 li-

546 4395 640 4440 beuter
660 4393 824 4446 roboramus,
839 4390 965 4446 novisque
983 4387 1131 4444 praesidiis,
1147 4389 1177 4432 ut
1191 4397 1294 4432 serven·

547 4463 592 4508 tur
613 4459 741 4512 exactius,
754 4455 963 4510 constabilimus,
977 4465 1007 4500 ac
1021 4453 1089 4500 alias
1110 4454 1222 4510 desuper
1236 4463 1294 4500 con-

546 4538 634 4574 cessae
655 4519 759 4571 nobisa
780 4522 889 4569 Domino
909 4521 1050 4580 potestatis
1070 4523 1159 4578 partes
1174 4520 1293 4566 studiosa

546 4593 677 4640 charitate
685 4591 887 4648 interponimus,
895 4587 975 4634 sicuti
982 4587 1154 4633 ecclesiarum
1165 4585 1293 4642 omniurn,

546 4671 626 4718 quam
640 4658 768 4715 gerimus,
782 4654 934 4702 sollicitudo
949 4653 1075 4712 postulat,
1091 4663 1197 4710 nosque,
1212 4652 1294 4698 omni·

546 4728 595 4774 bus
610 4729 731 4772 maturae
744 4721 963 4769 considerationis
984 4720 1088 4766 trutina
1102 4720 1245 4778 perpensis,
1257 4720 1292 4766 ad

545 4792 735 4852 omnipotentis
749 4791 793 4836 Dei
808 4790 931 4846 gloriam,
945 4791 1046 4834 rectam
1061 4799 1091 4836 ac
1103 4787 1205 4834 felicem
1215 4789 1294 4833 eccle·

546 4861 713 4908 siasticarum
728 4867 819 4904 rerum
834 4856 1015 4911 directionem,
1026 4865 1125 4900 necnon
1140 4855 1291 4912 animarum

546 4928 661 4987 pretioso
683 4924 813 4983 unigeniti
833 4923 879 4969 Del
900 4923 950 4968 11111
964 4925 991 4967 et
1011 4919 1112 4967 domiui
1133 4921 1218 4966 nostri
1233 4925 1292 4967 lesu

546 4995 645 5042 christi
653 4994 782 5052 sanguine
794 4992 991 5048 redemptarum
1002 4989 1125 5044 salutem,
1133 4988 1254 5046 expedire
1265 4988 1292 5032 iu

546 5062 654 5109 Domino
668 5059 840 5108 arbitramur.

586 5137 598 5180 s
615 5135 631 5175 1.
648 5129 750 5176 Dudum
765 5127 895 5185 siquidem
911 5128 1058 5184 [postquam
1078 5124 1162 5170 ielicis
1175 5126 1293 5172 recorda-

547 5198 626 5243 tiouis
640 5197 762 5242 Nicotaus
777 5197 820 5240 ΡΡ.
831 5195 872 5239 111.
883 5193 1068 5251 praedecessor
1078 5195 1168 5238 noster
1178 5193 1293 5249 (accepto

546 5264 574 5309 in
588 5263 723 5310 nonnullis
737 5260 854 5308 ecclesiis
864 5261 895 5305 de
905 5271 998 5306 aarum
1008 5258 1196 5305 consuetudine
1207 5259 1292 5304 obser·

547 5331 613 5386 rari,
627 5333 665 5384 ut,
679 5341 740 5375 cum
755 5339 847 5374 aarum
862 5327 975 5384 praelati
987 5327 1019 5372 nd
1030 5325 1153 5371 ecclesias
1163 5325 1233 5381 ipsas
1243 5325 1293 5382 pri·

547 5407 590 5443 mo
603 5397 765 5450 accederent,
777 5395 818 5440 vel
832 5405 892 5440 cum
903 5395 935 5440 de
943 5392 1100 5452 recipiendis
1110 5392 1207 5437 ibidem
1219 5391 1293 5438 noris

546 5464 677 5511 mannisis
698 5466 832 5521 ageretur,
848 5473 894 5507 nec
908 5463 1041 5520 praelatos
1062 5459 1178 5514 admitti,
1193 5471 1239 5504 nee
1253 5469 1293 5505 ca·

547 5532 653 5578 nonicos
673 5531 753 5578 aliter
773 5529 856 5586 recipi
877 5530 904 5574 in
926 5529 1019 5576 iisdem
1040 5528 1165 5584 ecclesiis,
1185 5527 1237 5572 nisi
1256 5527 1293 5572 iu·

547 5603 651 5645 rassent
665 5603 767 5644 statuta
780 5602 808 5643 et
821 5597 1023 5644 consuetudines
1042 5596 1160 5652 ipsarum
1175 5593 1293 5640 ecclesia-

547 5675 607 5711 rum
622 5667 722 5723 scripta
733 5668 758 5710 et
769 5677 819 5710 nan
830 5664 930 5720 scripta
939 5663 1128 5708 inviolabiliter
1137 5661 1290 5716 observaret

547 5732 618 5777 inter
626 5733 707 5778 laicos
717 5743 820 5790 quaque
830 5731 975 5776 multarum
986 5729 1291 5785 civitatum,castrorum

547 5803 573 5844 et
588 5802 719 5845 terrarum
736 5809 797 5844 eum
807 5795 1005 5842 consuetudinis
1016 5796 1137 5841 morbum
1147 5794 1173 5840 in
1185 5795 1240 5840 suis
1250 5807 1292 5851 po·

548 5867 697 5921 testatibus,
711 5865 858 5910 rectoribus
868 5865 909 5908 vel
919 5863 1074 5909 officialibus
1083 5861 1248 5908 assumendis
1258 5862 1292 5907 ir-

547 5933 708 5990 sepsissent
723 5931 773 5990 ipsi
787 5933 1067 5989 potestates,.rectores
1082 5935 1109 5977 et
1122 5931 1246 5977 officiales
1260 5931 1293 5976 ad

1390 1037 1550 1100 Pastoralis
1580 1040 1744 1117 regiminis
1772 1039 1946 1103 sollicitudo
1974 1041 2335 1143 ⁸¹³¹‘0115⁰0¹llit¹m'il”

1350 1131 1439 1192 nobis
1471 1131 1711 1196 immerentibus
1739 1133 1900 1195 commissa
1928 1133 2037 1210 exigit,
2060 1141 2095 1196 ut
2114 1149 2154 1194 ass
2176 1161 2243 1206 quae
2272 1123 2337 1208 pros

1351 1239 1414 1285 non
1436 1225 1538 1286 solum
1561 1241 1707 1289 curemus
1730 1241 1826 1288 novas
1847 1226 1942 1304 leges,
1959 1227 1984 1288 si
1999 1243 2095 1306 quan.
2114 1203 2250 1303 ζξῆξηῲῑ
2274 1215 2336 1249 con-

1350 1317 1388 1378 do
1410 1333 1520 1380 rerum.
1539 1318 1674 1382 conditio
1696 1327 1749 1382 aut
1771 1321 1933 1383 necessitas
1948 1321 2093 1398 postulat,

1350 1411 1535 1490 concedere;
1557 1413 1608 1474 sed
1631 1413 1724 1476 etiam
1746 1403 1792 1490 ea,
1809 1429 1889 1492 quae
1911 1431 1926 1476 a
1949 1415 2095 1478 Romanis

1350 1501 1551 1566 Pontificibus
1583 1505 1865 1582 praedecessoribus
1891 1507 2005 1569 nostris
2025 1523 2094 1585 pro·

1351 1595 1421 1656 vide
1442 1611 1475 1657 ac
1495 1595 1660 1658 salubriter
1681 1598 1848 1660 constitute
1869 1607 1954 1674 sunt,
1975 1606 2095 1678 aposto-

1349 1686 1425 1749 licae
1446 1690 1690 1753 confirmationis
1711 1692 1821 1754 robore
1841 1694 2047 1755 communire.

1390 1782 1409 1857 ἓ
1433 1782 1459 1843 1.
1484 1782 1565 1846 Alias
1584 1785 1737 1862 siquidem
1755 1801 1770 1846 a
1789 1786 2035 1863 congregatione
2049 1802 2095 1848 re·
2124 1803 2258 1848 narseum
2270 1803 2333 1847 con-

1352 1873 1407 1936 bus
1418 1875 1679 1940 consistorialibas
1691 1879 1861 1958 praeposita
1877 1881 2032 1943 emanavit
2043 1881 2094 1943 de·
2114 1855 2331 1954 {giffissfffflssffll

1350 1977 1470 2030 cretum
1488 1969 1604 2032 tenoris
1618 1973 1788 2049 sequentis,
1805 1972 1962 2035 videlicet:
1985 1975 2095 2038 «Cum

1350 2077 1414 2123 san.
1440 2077 1534 2124 mem.
1560 2064 1758 2127 innocentius
1780 2065 1834 2127 PP.
1860 2067 1924 2130 Xll.
1948 2083 2003 2146 per
2023 2085 2095 2130 cou-
2128 2100 2131 2106 ·

1349 2155 1544 2217 stitutionem
1566 2157 1680 2220 editam
1699 2159 1747 2220 die
1763 2175 1841 2220 xxxi.
1857 2168 1934 2238 sept.
1953 2177 2092 2224 nncxcv.

1349 2265 1428 2328 quae
1455 2250 1562 2328 incipit
1588 2247 1747 2314 Ecclesiae
1774 2253 1949 2316 cottoltcae
1970 2253 2027 2334 (l),
2050 2256 2095 2317 ia·

1350 2342 1470 2404 novatis
1491 2343 1584 2404 ctiam
1606 2343 1746 2422 pluribus
1767 2345 1898 2408 aliarum
1922 2350 2097 2426 praedeces·

1349 2451 1454 2497 sorum
1487 2437 1672 2500 Pontificum
1704 2440 2097 2515 sanctionibus,.districte

1346 2709 1476 2756 eiusmodi
1490 2712 1657 2767 potestas-ias,
1674 2711 1802 2758 rectoriae
1812 2715 1838 2760 et
1849 2713 1932 2759 cilicia
1944 2715 2096 2760 nullatenus

1346 2776 1563 2833 admitterentur,
1578 2779 1629 2826 nisi
1644 2778 1718 2834 prius
1733 2791 1760 2824 se
1774 2781 1877 2826 statute
1899 2779 2016 2838 ipsorum
2032 2783 2097 2827 loco-

1347 2853 1407 2888 rum
1421 2845 1512 2890 clause
1532 2849 1686 2892 servaturos
1700 2846 1825 2892 similiter
1840 2848 1987 2902 iurassent:
2003 2849 2030 2894 in
2044 2855 2096 2898 sta-

1348 2911 1413 2956 tutis
1428 2922 1489 2956 vero
1504 2923 1533 2956 ac
1545 2912 1780 2958 consuetudinibus
1790 2915 1951 2969 supradietis
1960 2914 2095 2962 interdum

1348 2978 1438 3036 aliqua
1458 2980 1571 3036 reperiri
1593 2979 1687 3026 illicita
1708 2980 1762 3025 sive
1777 2979 1952 3038 impossibilia
1965 2985 2005 3029 vel
2020 2986 2097 3030 eccle·

1348 3045 1470 3091 siasticae
1488 3044 1607 3094 libertati
1626 3047 1780 3104 obviarunt,
1795 3060 1827 3094 ne
1842 3050 1890 3094 sub
1905 3051 1955 3096 tali
1968 3053 2097 3108 generali·

1349 3113 1404 3158 tate
1417 3112 1523 3158 iurandi
1538 3113 1575 3158 sie
1594 3113 1745 3160 iurantibus
1764 3115 1886 3171 peccandi
1908 3119 2009 3163 occasio
2024 3129 2096 3175 prae

1348 3180 1464 3236 beretur,
1478 3180 1629 3226 animarum
1645 3181 1770 3238 periculis
1787 3181 1916 3228 obsistere
1930 3183 2046 3242 cupiens,
2057 3195 2096 3230 sa·

1348 3247 1418 3292 labri
1432 3247 1480 3294 sua
1495 3259 1524 3293 ac
1538 3249 1654 3304 geuermi
1676 3249 1866 3294 constitutione
1887 3255 2096 3308 praeceperam

1348 3313 1569 3372 quibuscumque,
1590 3315 1735 3361 scientibus
1756 3317 1887 3362 contineri
1907 3317 1934 3362 in
1953 3318 2095 3374 praedictis

1347 3382 1582 3428 consuetudinibus
1597 3385 1623 3428 et
1637 3383 1747 3428 statutis
1758 3382 1859 3438 illicita,
1870 3384 2045 3442 impossibilia
2056 3387 2095 3432 rel

1347 3448 1467 3494 libertati
1481 3447 1673 3494 ecclesiasticae
1687 3448 1830 3504 obviantia,
1840 3449 1991 3497 iuramenta
2006 3451 2097 3499 huius-

1349 3515 1419 3561 modi
1434 3515 1598 3560 nullomodo
1612 3517 1756 3574 praestari:
1771 3527 1802 3562 aa
1821 3521 1959 3574 praeterea
1978 3521 2096 3566 decreve-

1348 3586 1391 3628 rat
1405 3582 1471 3628 talia
1488 3581 1647 3638 iuramenta,
1662 3581 1693 3628 eti
1707 3583 1854 3629 intentione
1872 3583 1991 3632 iacienda
2005 3588 2047 3633 vel
2061 3589 2096 3634 ia·
2179 3623 2185 3632 .

1347 3650 1390 3693 cta
1405 3651 1434 3694 ut
1449 3647 1529 3694 etiam
1544 3648 1638 3696 illicita
1649 3649 1687 3694 rel
1700 3649 1871 3706 impossibilia
1883 3663 1928 3698 seu
1940 3655 2095 3701 ecclesiasti·

1348 3726 1393 3760 cae
1407 3715 1527 3761 libertati
1548 3715 1683 3762 obviantia
1703 3716 1916 3774 observarentur,
1932 3731 1990 3765 cum
2012 3723 2095 3768 etiam
2181 3719 2186 3732 '

1348 3783 1397 3828 sub
1412 3781 1461 3828 tali
1481 3783 1627 3830 intentione
1649 3783 1781 3840 praestari
1799 3795 1854 3830 non
1869 3791 1976 3841 possent
1996 3788 2096 3846 absque

1346 3849 1451 3895 divinae
1473 3849 1622 3896 maiestatis
1643 3849 1749 3906 offensa,
1765 3851 1792 3897 ia
1807 3851 1961 3899 huiusmodi
1982 3854 2095 3912 illicitis,

1347 3916 1564 3974 impossibilibus,
1579 3927 1625 3962 seu
1643 3916 1763 3963 libertati
1784 3919 1976 3966 ecclesiasticae
1990 3921 2096 3967 obvian·

1348 3983 1419 4029 tibus
1434 3993 1485 4028 non
1500 3984 1640 4038 camenam
1655 3983 1718 4040 quin
1734 3983 1823 4041 potius
1837 3997 1885 4042 pro
1893 3987 2044 4033 animarum
2056 3999 2095 4036 sa·

1346 4050 1411 4106 lule,
1426 4049 1447 4095 si
1462 4052 1510 4095 sub
1523 4049 1609 4096 forme
1624 4049 1742 4108 praelata
1758 4052 1798 4097 vel
1812 4052 1896 4097 simili
1910 4053 2013 4111 aliquos
2025 4054 2096 4111 igno-

1347 4122 1437 4164 rantes
1452 4118 1586 4175 praedicta
1600 4117 1697 4164 illicita
1711 4129 1757 4164 ssu
1772 4118 1947 4176 impossibilia
1961 4121 2002 4166 vel
2016 4121 2094 4166 liber-

1348 4187 1396 4232 tati
1411 4185 1603 4232 eeclesiasticae
1623 4185 1758 4232 obviantia
1772 4187 1862 4232 iurare
1883 4187 2046 4245 contigisset,
2062 4190 2094 4235 ad

1347 4253 1510 4300 observanda
1529 4253 1668 4301 dumtaxat
1682 4255 1763 4308 licita,
1782 4255 1919 4311 possibilia
1933 4259 1959 4300 et
1974 4255 2095 4302 libertati

1346 4321 1536 4368 ecclesiasticae
1551 4333 1601 4368 nou
1616 4321 1752 4368 obviantia
1761 4321 1908 4368 iurantium
1919 4321 2092 4370 intentionem

1347 4389 1440 4434 reterri
1461 4387 1565 4442 debere:
1587 4389 1724 4435 declarans
1745 4389 1854 4446 insuper
1874 4389 2027 4435 iuramenta
2045 4391 2094 4436 sub

1346 4455 1498 4502 huiusmodi
1513 4455 1688 4512 generalitate
1698 4455 1927 4512 qualitercumque
1938 4459 1964 4501 et
1973 4457 2023 4501 sub
2032 4468 2095 4514 qua·

1346 4533 1457 4579 cumque
1472 4522 1611 4567 verborum
1627 4521 1710 4567 torma·
1725 4521 1854 4578 praestita
1871 4522 1914 4566 vel
1927 4523 2094 4581 praestanda,

1346 4589 1379 4634 od
1392 4589 1474 4644 licita,
1496 4588 1629 4646 possibilia
1642 4599 1673 4634 ac
1693 4589 1885 4634 ecclesiasticae
1907 4589 2028 4636 libertati
2043 4600 2094 4635 non

1346 4655 1480 4702 obviantia
1498 4656 1636 4702 dumtaxat
1655 4655 1768 4710 extendi,
1784 4653 1906 4712 ipsosque
1928 4655 2047 4702 iurantes
2061 4657 2094 4702 ad

1346 4723 1400 4770 alia
1415 4735 1461 4780 per
1482 4722 1687 4780 praestationem
1710 4721 1855 4768 iuramenti
1874 4723 2027 4769 huiusmodi
2042 4736 2094 4770 nou

1348 4789 1442 4845 teneri]
1458 4788 1610 4834 recolendae
1626 4787 1769 4834 memoriae
1785 4788 1928 4845 Gregorius
1944 4791 2014 4846 Papa
2028 4792 2093 4835 xlll.
2140 4805 2156 4849 p
2175 4804 2246 4862 gfff,
2260 4805 2325 4850 pm¹

1347 4857 1428 4901 etiam
1444 4854 1627 4913 praedecessor
1642 4857 1732 4900 noster
1745 4865 1791 4912 per
1805 4855 1932 4912 quasdam
1948 4867 2010 4902 suas
2020 4856 2095 4901 desu-
2112 4856 2239 4904 iuuouota
2277 4857 2326 4913 tuit

1347 4934 1393 4980 per
1407 4923 1456 4968 sub
1470 4921 1578 4979 plumbo
1592 4921 1728 4978 expeditas
1739 4921 1854 4976 litteras,
1864 4933 1977 4979 quarum
1986 4921 2094 4967 initium
2113 4911 2260 4974 θῦῒῑῐῖῑΜῑθ
2282 4913 2328 4960 lt't'·

1347 4994 1422 5034 latter
1435 4993 1602 5043 apostolicas,
1619 4993 1672 5038 etc..
1691 4987 1851 5044 praedictam
1873 4989 1970 5034 Nicolai
1989 4989 2096 5046 praede·
2113 4965 2182 5011 Μ*
2197 4967 2242 5010 ¹¹¹·

1346 5055 1457 5101 cessoris
1472 5054 1697 5109 constitutionem,
1713 5054 1856 5111 itidemque
1869 5054 1937 5100 alias
1951 5065 2042 5100 omnes
2055 5065 2094 5100 ca·

1347 5123 1453 5168 noniaas
1474 5121 1623 5168 sanctiones
1637 5121 1668 5165 de
1682 5121 1766 5167 abusu
1782 5125 1809 5166 et
1823 5119 2008 5177 reprobatione
2024 5121 2095 5168 iura-

1348 5193 1498 5235 mentorum
1520 5187 1672 5234 huiusmodi
1693 5187 1873 5245 promulgatas
1893 5187 2093 5245 1111ον11111,νο-

1347 5258 1457 5314 luitque,
1472 5267 1516 5301 eas
1532 5255 1628 5313 ubique
1641 5255 1675 5300 ab
1689 5255 1820 5308 omnibus,
1830 5254 1910 5301 etiam
1925 5257 2011 5312 quoad
2021 5268 2094 5314 prae·

1348 5323 1435 5379 teriia,
1446 5321 1636 5370 inviolabiliter
1650 5321 1798 5368 observari:
1813 5325 1951 5378 praeterea
1960 5323 2094 5380 praecepit

1347 5399 1374 5438 et
1384 5389 1521 5437 interdixit
1531 5389 1666 5447 praelatis,
1677 5387 1808 5435 canonicis
1818 5391 1846 5433 et
1855 5387 1916 5434 aliis
1925 5391 2094 5446 supradictis,

1348 5470 1445 5504 necnon
1465 5457 1637 5504 ecclesiarum
1656 5455 1779 5513 capitulis
1794 5459 1821 5500 et
1835 5456 2015 5513 tnanasteriis,
2029 5461 2095 5503 cete·

1348 5525 1436 5582 risque
1455 5523 1636 5578 conventibus,
1653 5522 1793 5568 civitatum
1813 5534 1925 5580 quoque,
1945 5526 2093 5569 castrorum

1347 5595 1374 5638 et
1389 5595 1522 5652 terrarum
1544 5589 1780 5636 communitatibus
1795 5593 1821 5640 et
1835 5589 1953 5646 personis
1972 5601 2102 5647 quacum

1347 5671 1397 5717 que
1412 5657 1543 5714 dignitate
1557 5656 1694 5714 praeditis,
1709 5669 1740 5701 ue
1755 5657 1810 5702 ulla
1821 5657 1928 5702 omnino
1942 5656 2095 5704 iuramenta

1346 5726 1450 5782 illicita,
1464 5723 1647 5782 impossibilia,
1668 5723 1802 5778 damnosa,
1818 5723 1858 5768 vel
1880 5723 1998 5770 libertati
2016 5725 2093 5770 eccle·

1347 5793 1469 5838 siasticae
1483 5797 1531 5838 aut
1544 5791 1657 5836 decretis
1672 5791 1779 5836 concilii
1792 5790 1940 5836 Tridentini
1950 5791 2093 5848 obviantia,

1347 5859 1400 5905 sive
1414 5863 1476 5906 ante
1495 5859 1550 5906 sive
1564 5861 1623 5916 post
1641 5858 1790 5912 electiones,
1804 5857 2028 5914 confirmationes,
2043 5860 2094 5916 pri·

1346 5929 1473 5983 vationes,
1489 5926 1660 5984 receptiones,
1675 5925 1914 5981 admissiones,aut
1929 5924 1995 5971 alios
2009 5927 2092 5984 actus,
