4820 6980
74 561 134 623 An.
149 571 184 626 G.
209 569 293 631 1740

94 904 206 954 Preeml

62 955 308 1064 ἕέῗῗοὲιιῗιῗιο
327 1004 450 1074 perator
471 998 597 1062 Carolus
619 1000 749 1078 Magnus
769 1015 876 1064 secum
896 1001 1072 1080 proposuis-

61 1063 309 1168 erratumor

900 629 904 638 .
958 585 1158 642 eeusbmrtts
1176 588 1241 644 att.

327 719 588 798 quadragesimae,
604 724 636 781 ιι
651 717 683 782 in
705 718 846 798 exequiis
860 725 1070 793 mortuorum,

327 827 405 889 quae
424 813 497 876 satis
516 811 557 874 sit
575 813 734 877 indicasse.

208 918 258 956 sss
275 910 308 958 tn
366 904 385 978 5
408 905 455 968 lt.
478 906 606 982 Legisse
620 923 677 968 nos
691 908 907 984 meminimus,
925 925 998 972 cnm
1014 909 1071 970 lm·

325 1095 372 1152 set
393 1090 632 1156 ecclesiasticum
654 1101 780 1156 cantum
795 1093 828 1157 in
848 1094 983 1157 ecclesiis
1003 1093 1071 1156 Gal·

326 1181 384 1245 liae
411 1182 569 1263 incompte
600 1197 693 1264 atque
714 1186 823 1250 inscite
852 1187 1007 1262 babitum,
1034 1188 1069 1248 ad

325 1274 447 1351 regulas
468 1276 542 1338 artis
563 1277 718 1354 redigere,
733 1279 914 1358 impetrasse
935 1279 1071 1342 aPonti-

325 1367 382 1429 lice
403 1369 538 1434 Adriano
560 1371 596 1445 l.,
619 1379 654 1434 ut
675 1371 819 1434 bomines
846 1372 904 1434 sibi
929 1371 1070 1434 ecclesia-

324 1460 417 1523 sticae
428 1463 564 1526 musicae
575 1465 666 1541 periti
681 1465 719 1526 ab
729 1464 811 1527 Urbe
826 1466 1040 1541 mitterentur,
1053 1484 1069 1528 a

324 1557 436 1636 quibus
450 1560 482 1622 in
497 1558 666 1622 Galliarum
685 1576 817 1637 regnum
840 1577 988 1626 romanus
1001 1578 1071 1624 can·

324 1655 374 1712 tus
395 1649 483 1718 latile
506 1651 700 1716 introductus
720 1660 784 1729 est,
807 1661 842 1717 ut
864 1656 995 1734 quisque
1015 1672 1070 1734 per

322 1758 357 1804 se
370 1759 535 1820 agnoscere
551 1752 651 1824 potest
665 1762 704 1808 ex
718 1745 966 1818 Paulubiacono,
980 1746 1068 1810 ιιι

327 1835 388 1898 Vtt.
406 1835 437 1900 S.
454 1839 557 1917 drag,
573 1853 641 1915 cap.
655 1837 686 1910 9,
702 1847 733 1902 et
749 1856 789 1902 ιι
804 1839 970 1919 liudulpho
986 1841 1068 1903 Τιι-

323 1931 431 2008 greusi
443 1931 480 1994 de
493 1931 571 1996 Gau.
585 1929 696 2004 obser„
707 1947 795 2010 prop.
807 1935 862 2004 12,
876 1933 907 1998 S.
917 1933 1066 1996 Antonin.

323 2021 359 2082 ia
383 2021 472 2088 Sum.
496 2025 593 2097 Hier,
616 2032 704 2104 part.
722 2029 758 2097 2,
782 2027 836 2089 ιιι.
862 2029 917 2098 12,
941 2043 1009 2105 cap.
1033 2027 1065 2086 3.

322 2114 487 2182 Monachus
499 2117 744 2194 Engolismensis
766 2120 799 2183 in
815 2121 877 2183 rita
894 2121 995 2184 Caroli
1009 2121 1069 2184 Ma·

323 2209 389 2284 gni,
407 2225 475 2288 cap.
492 2213 526 2280 8,
543 2209 637 2286 addit,
653 2217 806 2287 cantores,
828 2213 881 2292 qui
902 2213 997 2274 Roma
1018 2215 1068 2276 ad·

322 2311 493 2379 venerunt,
515 2303 654 2366 docuisse
677 2306 709 2366 iu
730 2305 833 2367 Galliis
853 2312 953 2367 artem
973 2305 1067 2367 etiam

322 2396 464 2474 pulsandi
477 2412 631 2475 organum
641 2397 806 2472 musicum,
819 2398 899 2476 quod
915 2407 1067 2476 regnante

322 2487 431 2570 Piplno
451 2489 484 2551 in
502 2489 670 2553 Galliarum
694 2505 828 2567 regnum
849 2491 987 2554 delatum
1001 2490 1066 2553 lue-

321 2587 379 2643 rat.
402 2582 508 2661 ltaque
530 2597 601 2644 cnm
622 2582 762 2648 solemne
790 2589 820 2657 et
841 2584 986 2662 regulare
1013 2585 1064 2660 sit,

324 2683 357 2736 ut
378 2675 454 2738 baec
479 2673 615 2737 Romana
635 2647 715 2738 Urbs
739 2676 805 2737 aliis
826 2677 971 2739 omnibus
992 2677 1066 2738 eivi-

322 2760 435 2830 tattbis
457 2769 490 2830 in
511 2770 604 2830 sacris
625 2769 735 2831 ritibus
759 2769 951 2847 caeterisque
971 2770 1066 2832 eccle·

319 2861 448 2924 siasticis
468 2859 572 2936 rebus,
593 2859 716 2939 praeire
735 2860 845 2923 debeat
871 2862 1012 2940 exemplo
1034 2871 1065 2924 ιι

319 2952 507 3018 documento
537 2968 619 3031 esse,
633 2955 771 3039 insuper
791 2955 939 3016 accedunt
966 2963 997 3016 et
1017 2969 1063 3029 ea,

319 3061 492 3126 quaemus
513 3063 529 3107 a
550 3047 639 3108 nobis
660 3056 782 3110 narrata
801 3056 876 3110 snnt
896 3048 934 3111 de
956 3047 1064 3110 carulo

319 3139 448 3218 Magno,
470 3141 525 3219 qui
552 3140 793 3203 ecclesiasticum
820 3146 946 3203 cantum
968 3157 985 3202 e
1006 3141 1064 3202 lio·

320 3248 410 3296 mana
438 3231 520 3294 Urbe
549 3242 705 3311 tamquam
727 3249 745 3294 e
764 3232 889 3295 sedibus
910 3234 942 3294 in
970 3249 1063 3296 suum

318 3339 453 3400 regnum
473 3325 630 3401 evocavit,
652 3340 730 3403 quae
749 3325 876 3402 quidem
893 3324 993 3388 acrius
1008 3340 1063 3386 nos

319 3424 435 3494 urgent
455 3425 547 3494 atque
580 3417 778 3492 extimulant,
801 3424 836 3496 ut
864 3417 977 3479 abusus
998 3433 1064 3478 om-

319 3525 387 3586 nes,
403 3511 503 3588 quiin
524 3520 617 3572 cantu
632 3509 836 3572 ecclesiastico
855 3511 1062 3588 irrepserunt,

319 3603 476 3665 etanobis
487 3603 641 3682 reprobati
651 3611 736 3679 sunt,
748 3605 782 3665 in
793 3604 951 3678 omnibus,
963 3606 1062 3681 quoad

318 3697 388 3758 lieri
397 3703 506 3775 potest,
518 3696 571 3758 sed
583 3697 746 3775 praecipue
760 3697 793 3758 in
804 3698 961 3760 Romanae
972 3695 1063 3758 Urbis

317 3790 453 3852 ecclesiis
483 3790 608 3870 penitus
641 3789 833 3852 aboleantur.
864 3789 924 3853 Sed
954 3803 1062 3868 quem·

317 3883 484 3946 admodum
506 3897 562 3944 nos
575 3893 680 3944 nostro
696 3881 850 3944 cardinali
865 3883 897 3944 in
913 3881 996 3944 Urbe
1012 3879 1063 3943 lli-

317 3977 411 4052 cario,
433 3991 513 4054 quae
540 3975 711 4036 necessaria
738 3983 813 4037 sunt
840 3983 933 4053 atque
953 3991 1063 4053 oppor-

317 4074 404 4144 tuna,
434 4069 611 4148 praecipere
637 4083 701 4129 non
722 4067 914 4145 omittimus,
941 4067 983 4128 ιιι
1004 4067 1064 4129 lra-

317 4163 446 4225 ternitas
457 4169 509 4224 tua
526 4160 682 4239 publicare
696 4175 760 4223 non
782 4160 933 4237 negligat,
945 4161 971 4221 si
985 4175 1062 4239 opus

315 4254 423 4330 luerit,
444 4256 545 4318 edicta
559 4259 591 4314 et
614 4253 708 4329 leges,
723 4267 887 4332 quaecum
909 4253 993 4314 bisce
1007 4269 1061 4315 no·

315 4348 389 4410 stris
409 4345 610 4409 circularibus
630 4345 731 4407 literis
753 4351 977 4407 consentaneae
998 4348 1062 4408 sint

316 4447 347 4502 ιι
358 4441 471 4518 quibus
485 4438 706 4504 ecclesiasticus
716 4445 825 4500 cantus
838 4439 1061 4500 convenienter·

316 4533 352 4595 ad
373 4533 497 4610 regulas
517 4533 550 4594 in
572 4530 682 4592 iisdem
697 4530 794 4592 literis
814 4531 1016 4610 praescriptas
1030 4541 1061 4594 ιι

315 4627 463 4688 stabilitas
483 4625 647 4701 dirigatur,
665 4632 699 4684 ut
720 4625 845 4686 tandem
868 4625 992 4686 musicis
1013 4641 1061 4686 ec·

315 4718 480 4781 clesiarum
501 4716 843 4779 reformandisinitium
865 4717 1057 4794 praebeatur.

316 4811 395 4873 Nam
417 4810 447 4871 id
468 4811 570 4892 ipsum
596 4809 729 4870 maxime
758 4816 899 4886 optatum
928 4826 962 4871 ac
983 4811 1061 4872 desi-

315 4905 456 4967 deratum
478 4910 535 4977 est,
558 4917 631 4964 cuna
645 4918 662 4962 a
676 4901 828 4980 pluribus,
850 4909 917 4964 turn
933 4909 1058 4965 centum

315 4997 445 5058 abhinc
465 4996 555 5060 annis
575 5012 592 5055 a
613 4995 726 5058 loanne
751 4993 886 5072 Baptista
906 4995 987 5056 Doni
1008 4996 1061 5057 Pa-

314 5089 402 5152 tritio
423 5089 604 5151 Florentino
625 5087 658 5148 in
673 5087 739 5149 eius
761 5093 891 5150 tractatu
912 5087 951 5149 de
971 5088 1061 5149 Prae-

313 5183 426 5245 stantia
452 5181 585 5246 Musicae
609 5180 737 5254 veteris,
760 5177 815 5242 tib.
846 5183 877 5250 1,
901 5193 972 5259 pap.
995 5178 1058 5241 49.-

315 5275 409 5339 Nuec
429 5290 502 5336 uero
515 5289 548 5335 eo
562 5275 694 5337 redacta
715 5288 765 5333 res
779 5276 838 5345 est,
854 5279 892 5334 ιι
905 5290 960 5334 ιιι
973 5275 1059 5350 quis-

313 5382 409 5447 quam
423 5367 620 5447 reperiatur,
633 5365 689 5445 qui
702 5365 941 5445 effaemiuotum
956 5379 1060 5442 quem-

314 5461 387 5522 dam
409 5476 447 5523 ac
469 5460 692 5529 terlucentem,
709 5458 765 5536 qui
781 5457 847 5520 iam
866 5457 988 5536 passim
1010 5457 1058 5517 iu-

313 5551 432 5624 ualuit,
454 5551 589 5617 caueudi
610 5550 738 5612 modum
759 5565 868 5610 seuero
889 5549 953 5628 tege
974 5548 1057 5612 calti-

313 5643 395 5721 beat,
408 5664 465 5710 uec
474 5649 625 5729 affectatu
637 5645 697 5709 ilie
705 5644 909 5723 praliuaque,
920 5661 959 5707 ac
968 5661 1058 5724 saepe

313 5739 433 5814 iiulea,
450 5740 632 5804 melismatc
646 5740 688 5803 ad
702 5744 823 5801 certem
843 5755 989 5802 maumam
1010 5755 1057 5802 re-

313 5833 448 5914 digenda
470 5835 647 5906 emistimet,
666 5838 727 5896 aut
749 5832 815 5895 dies
836 5833 987 5894 solemnes
1007 5851 1058 5895 ae·

312 5925 426 6006 desque
444 5943 555 5990 sacrae
575 5941 668 5990 suem
689 5921 906 5989 celebritatem
934 5941 972 5986 ac
992 5927 1057 6005 fre-

1796 575 1854 648 779
1903 575 2091 640 sn.u.1t49

1127 719 1292 794 quantiam
1313 718 1482 784 babituros
1503 725 1607 798 putet,
1630 719 1697 782 misi
1717 720 1873 784 molliori·

1128 808 1185 873 bus
1217 830 1255 874 ac
1283 829 1373 890 saepe
1402 829 1520 891 parum
1550 816 1671 876 deceris
1700 813 1868 888 cautibus,

1127 920 1303 985 magnaque
1317 921 1427 967 uocum
1438 923 1476 970 ac
1490 908 1785 970 instrumentorum
1800 903 1872 970 coru

1127 996 1254 1074 fusione
1275 1000 1426 1061 certatim
1446 1000 1554 1062 amaia
1575 1009 1754 1077 personent.

1165 1089 1184 1162 ἓ
1208 1089 1255 1150 ιι.
1271 1081 1425 1168 Diximus,
1436 1092 1462 1154 si
1472 1109 1549 1172 opus
1560 1093 1666 1168 luerit,
1678 1093 1773 1170 probe
1783 1093 1870 1157 enim
1914 1099 1972 1148 ιιι
1986 1102 2102 1151 surana-

1887 1153 1966 1200 stlcee
1986 1153 2087 1256 discipli

1127 1182 1214 1244 nobis
1229 1193 1422 1262 compertum
1437 1193 1494 1260 est,
1510 1187 1542 1246 in
1558 1185 1647 1248 Statu
1660 1185 1869 1248 Ecclesiastico
1887 1217 1936 1253 nae
1951 1209 2037 1264 captu
2067 1182 2102 1265 ιιῖ

1125 1273 1241 1353 aliquas
1261 1291 1328 1338 esse
1355 1277 1459 1353 urbes,
1482 1277 1515 1339 in
1538 1278 1651 1356 quibus
1671 1276 1868 1342 ecclesiarum
1887 1260 2099 1360 affigentem

1127 1367 1259 1430 musicas
1287 1368 1451 1433 reformari
1471 1378 1622 1450 oporteat,
1645 1370 1678 1433 in
1700 1369 1767 1432 aliis
1794 1386 1869 1432 vero

1126 1460 1301 1524 huiusmodi
1316 1463 1530 1527 necessitatem
1545 1465 1676 1527 minime
1689 1467 1802 1528 adesse.
1820 1463 1869 1526 Τι-

1127 1568 1248 1616 memus
1269 1555 1407 1633 quidem,
1424 1557 1692 1637 vehementerque
1709 1558 1867 1633 timemus,

1126 1663 1166 1710 ne
1187 1649 1219 1711 in
1241 1649 1395 1728 aliquibus
1415 1650 1591 1714 civitatibus
1612 1651 1759 1714 ecclesiae
1773 1667 1869 1714 sacra-

1125 1756 1186 1817 que
1211 1740 1317 1804 altaria
1347 1745 1549 1807 convenienti
1576 1743 1730 1808 munditie
1761 1761 1795 1808 ac
1816 1761 1871 1807 ne-

1125 1835 1253 1896 cessario
1275 1835 1377 1898 nitore
1392 1836 1568 1914 indigeant;
1592 1838 1625 1900 in
1640 1837 1748 1900 multis
1769 1855 1810 1900 ne
1823 1855 1871 1900 ca·

1124 1925 1312 1990 tuen-alium
1343 1937 1374 1991 et
1399 1929 1633 2007 collegiatarum
1661 1931 1747 1993 ebori
1776 1940 1869 1994 cantu

1125 2018 1215 2097 plano
1244 2021 1323 2082 bene
1350 2038 1384 2084 ac
1405 2023 1502 2100 probe
1522 2023 1556 2085 ad
1579 2023 1703 2100 regulas
1729 2025 1803 2086 artis
1825 2024 1869 2086 di-

1125 2120 1208 2174 recto
1229 2113 1315 2176 iuxta
1338 2130 1383 2190 ea,
1399 2132 1478 2193 quae
1492 2134 1507 2176 a
1523 2115 1612 2178 nobis
1632 2117 1776 2195 superius
1790 2116 1867 2180 dicta

1123 2213 1208 2280 sunt,
1232 2206 1451 2270 destituantur:
1470 2224 1546 2286 quas
1559 2209 1592 2270 in
1608 2225 1669 2284 res,
1684 2209 1709 2270 si
1725 2208 1758 2271 in
1774 2209 1868 2271 eccle-

1124 2297 1166 2358 sia
1189 2306 1241 2360 ιιιι
1263 2315 1386 2362 necesse
1408 2301 1459 2376 sit,
1474 2317 1583 2362 omnes
1603 2300 1783 2380 diligentiae
1797 2312 1869 2364 tuae

1123 2397 1155 2450 et
1167 2388 1385 2454 sollicitudinis
1407 2409 1520 2454 nervos
1535 2393 1698 2456 intendere
1719 2395 1821 2471 decet3
1838 2403 1869 2456 ιι

1124 2482 1288 2545 utinam-in
1299 2485 1442 2547 omnibus
1453 2487 1547 2549 totius
1562 2493 1659 2549 status
1673 2488 1771 2550 nostri
1786 2488 1869 2550 dioe-

1122 2573 1243 2639 cesibus
1262 2580 1435 2642 sacerdotes
1450 2597 1495 2656 sa,
1512 2597 1571 2659 qua
1585 2595 1640 2659 par
1654 2587 1711 2654 est,
1728 2579 1867 2642 decentia

1122 2679 1352 2736 sacrosanctum
1373 2674 1480 2737 Missae
1506 2673 1693 2736 sacrilicium
1712 2673 1865 2751 iacerent3

1121 2777 1154 2829 ιι
1169 2775 1326 2846 praeterea
1340 2767 1530 2832 clericalibus
1548 2766 1684 2830 vestibus
1706 2766 1820 2841 induti,
1836 2776 1866 2828 ιι

1121 2861 1243 2922 decenti
1259 2862 1377 2938 babitu,
1393 2860 1530 2938 corporis
1551 2860 1683 2935 incessu,
1704 2859 1864 2934 modestia,

1121 2954 1270 3031 omnique
1290 2953 1563 3018 alloecclesiastico
1583 2954 1692 3015 decore
1712 2951 1745 3013 in
1767 2951 1868 3028 publi·

1121 3063 1192 3109 cum
1214 3049 1386 3125 prodirent,
1409 3047 1522 3126 quibus
1548 3062 1643 3125 super
1668 3045 1759 3106 rebus
1787 3043 1865 3106 nibil

1119 3141 1201 3202 aliud
1222 3142 1273 3203 bic
1292 3157 1347 3203 nos
1368 3142 1583 3216 adiungemus,
1599 3153 1671 3201 cum
1686 3136 1804 3200 insede
1818 3139 1865 3200 bis

1120 3234 1355 3297 tractaverimus
1371 3234 1406 3294 ie
1422 3240 1532 3295 uestra
1544 3230 1772 3310 Natificatiome
1783 3245 1863 3305 xre,

1120 3328 1182 3403 54
1206 3335 1236 3388 et
1265 3332 1299 3399 6,
1333 3324 1389 3389 tib.
1421 3329 1458 3397 2,
1487 3324 1565 3388 edit.
1594 3323 1685 3397 ital,
1716 3329 1864 3403 quaeest

1120 3437 1231 3482 xxxrr.
1256 3420 1290 3482 iri
1313 3420 1388 3482 edit.
1407 3419 1516 3492 latim,
1539 3425 1569 3480 et
1586 3418 1621 3478 in
1642 3418 1801 3497 notificat.
1820 3432 1861 3478 rr.

1121 3522 1196 3576 tam.
1229 3513 1262 3585 4,
1292 3513 1369 3575 edit.
1400 3511 1555 3574 similiter
1583 3509 1676 3584 ital,
1711 3527 1790 3589 quoe
1817 3517 1863 3571 est

1119 3624 1205 3671 num.
1236 3607 1313 3669 edit.
1343 3607 1454 3677 latim,
1476 3606 1512 3668 ad
1540 3621 1615 3682 quas
1641 3603 1864 3668 ecclesiasticae

1119 3700 1298 3780 disciplinae
1312 3699 1465 3761 studiosos
1480 3697 1681 3760 remittimus.
1698 3697 1804 3774 ltaque
1818 3711 1863 3756 sa-

1118 3793 1306 3856 cerdotalem
1332 3799 1422 3854 tuum
1444 3789 1548 3852 zelum
1575 3789 1745 3852 excitantes
1767 3789 1863 3850 linem

1117 3886 1272 3948 scribendi
1294 3884 1459 3959 iaciemus,
1491 3891 1689 3961 posteaquam
1711 3882 1740 3944 id
1762 3897 1863 3944 unum

1119 3981 1174 4041 tibi
1194 3976 1449 4056 significabimus,
1466 3976 1550 4038 nulla
1571 3975 1628 4036 alia
1644 3991 1676 4036 re
1698 3975 1794 4051 magis
1810 3974 1864 4035 bo-

1119 4073 1256 4134 minibus
1270 4069 1427 4142 declarari,
1444 4069 1584 4130 ecclesias
1600 4069 1679 4130 male
1696 4078 1789 4146 atque
1805 4067 1862 4128 im·

1118 4164 1245 4242 provide
1271 4163 1308 4224 ab
1337 4161 1493 4241 Episcopis
1519 4160 1585 4236 regi
1613 4166 1645 4221 et
1672 4159 1860 4235 gubernari,

1117 4257 1257 4335 quamsi
1286 4263 1465 4334 spectantur
1492 4254 1663 4315 sacerdotes
1687 4268 1786 4327 sacra,
1813 4268 1860 4314 ec·

1116 4350 1291 4412 cleslasticis
1311 4348 1512 4410 caeremoniis
1533 4361 1691 4425 perperam
1716 4346 1861 4409 adhibitis

1116 4450 1169 4504 aut
1189 4441 1322 4515 omissis,
1345 4440 1480 4502 vestibus
1505 4439 1671 4514 indecoris,
1693 4447 1746 4501 aut
1768 4440 1861 4501 mini·

1118 4551 1168 4598 me
1187 4534 1382 4597 sacerdotalis
1403 4533 1562 4610 dignitatis
1583 4532 1727 4612 propriis,
1746 4532 1861 4612 praeci·

1115 4630 1252 4707 pitanter
1271 4643 1306 4690 ac
1327 4627 1527 4703 negligenter
1547 4625 1644 4686 obire.
1675 4625 1754 4687 llaec
1775 4625 1861 4687 enim

1116 4723 1149 4784 in
1171 4724 1313 4783 omnium
1334 4719 1438 4781 oculos
1458 4718 1613 4792 incidunt,
1636 4725 1667 4778 et
1687 4718 1860 4780 incolarum

1116 4821 1147 4876 et
1168 4814 1417 4890 alienigenarum
1445 4809 1557 4873 iudicio
1581 4810 1807 4885 subiiciuntur,
1829 4818 1861 4872 et

1116 4908 1298 4986 praesertim
1319 4921 1371 4968 eos
1398 4904 1573 4980 oliendunt,
1596 4903 1650 4980 qui
1671 4919 1710 4964 eu
1730 4903 1791 4964 illis
1813 4918 1860 4965 re-

1116 5001 1260 5078 gionibus
1281 4998 1465 5072 adveniunt,
1485 4996 1536 5058 obi
1556 5006 1590 5058 ιι
1604 4995 1774 5075 presbyteri
1788 5012 1862 5071 cun·

1115 5093 1314 5156 venientibus
1334 5089 1472 5152 vestibus
1491 5090 1679 5164 induuntur,
1702 5096 1732 5151 et
1754 5088 1860 5150 Missae

1115 5189 1215 5250 debita
1237 5185 1403 5249 devotione
1424 5181 1633 5245 celebrantur.
1657 5182 1738 5244 llaec
1752 5189 1859 5244 secum

1114 5285 1273 5359 reputans,
1295 5288 1327 5340 ιι
1353 5292 1417 5339 nun
1442 5276 1511 5337 sine
1536 5276 1612 5337 lietu
1643 5274 1794 5351 cogitans,
1817 5274 1858 5336 ιιι

1114 5371 1302 5450 querebatur
1323 5371 1390 5447 pius
1417 5385 1450 5429 ac
1471 5369 1578 5432 doctus
1599 5367 1769 5430 Gardlnalis
1790 5365 1858 5430 Bel·

1114 5465 1280 5528 larminus:
1305 5461 1405 5524 Aliud
1416 5468 1462 5522 est
1477 5462 1577 5524 etiam
1593 5460 1745 5537 lacrumis
1766 5458 1858 5523 uber·

1114 5557 1207 5618 rimis
1229 5554 1372 5635 diguam,
1397 5552 1478 5632 quod
1499 5551 1535 5616 ob
1557 5552 1787 5615 uaueultarum
1806 5569 1858 5614 sa·

1114 5649 1277 5710 cordatum
1298 5646 1462 5710 incuriam
1488 5651 1549 5710 aut
1578 5645 1785 5723 impietatem,
1807 5663 1858 5707 sa·

1114 5744 1283 5803 crosaucta
1294 5739 1451 5816 Meclaria
1474 5747 1540 5801 tam
1555 5739 1701 5801 iuducere
1716 5745 1857 5801 tractem·

1114 5840 1183 5908 tur,
1200 5837 1250 5904 ιι,
1267 5833 1320 5910 qui
1343 5831 1402 5894 illa
1425 5834 1584 5904 tractaret,
1604 5830 1779 5893 uideantur
1793 5847 1856 5892 aaa

1114 5926 1238 5988 credere
1254 5925 1454 5990 Maiestatem
1475 5923 1605 5986 Domini
1626 5939 1690 5986 esse
1708 5939 1856 6003 praeseu-
