4764 6972
65 564 155 626 1130.
176 569 246 624 1744

276 705 391 770 dendas
412 724 481 772 esse
506 707 673 772 statuimus
694 708 755 772 illis
783 710 957 774 christianis
979 727 1026 774 oc·

275 803 379 878 cultis,
402 803 440 865 do
461 805 574 882 quibus
595 806 714 868 dictum
736 815 794 882 est,
816 807 896 884 quod
920 808 1027 868 mahu-

277 898 409 960 meticos
428 898 579 964 simulent
596 902 684 963 ritus.
709 901 835 964 Etenim
851 901 912 974 isti,
928 917 1027 978 quum

277 993 438 1056 Christum
460 993 656 1070 erubescant,
673 996 844 1073 gratiarum
860 995 1026 1070 Ecclesiae,

278 1103 356 1166 quaa
378 1088 492 1152 Christi
524 1104 634 1166 sponsa
664 1097 729 1166 est,
763 1091 906 1168 indignos
931 1105 965 1152 se
985 1090 1028 1152 ia·

98 1197 141 1238 uer
155 1192 256 1254 hanni
278 1181 377 1246 ciunt.
401 1182 560 1246 Praeterea
582 1184 685 1247 nullas
699 1185 942 1263 dispensationes
956 1199 1029 1246 con-

57 1252 257 1346 131111ῗεῖῗέἒὲ
278 1277 388 1340 cedant
410 1277 443 1338 in
466 1279 502 1340 iis
523 1278 658 1352 casibus,
688 1278 801 1356 quibus
828 1277 1027 1339 matrimonia

57 1352 258 1454 2¹221ffi¹ss¹¹⁸''0'
279 1373 364 1434 iuxta
386 1373 483 1434 ritum
501 1371 654 1434 Ecclesiae
679 1372 855 1446 catholicae,
880 1379 1028 1450 utsupra

278 1465 397 1528 dictum
418 1471 476 1539 est,
492 1471 523 1526 et
545 1463 645 1525 valide
665 1471 696 1524 et
717 1470 822 1525 sancte
847 1462 1028 1526 celebranda

278 1574 343 1622 non
364 1575 431 1621 esse
451 1556 947 1636 praeviderin13tuncenimnon
968 1555 1028 1618 dis-

277 1653 493 1732 pensationes,
522 1651 574 1712 sed
604 1651 818 1730 dissipationes
844 1658 876 1712 et
897 1651 1030 1712 inconti-

278 1749 402 1812 nentiae
414 1747 553 1808 tomenta
568 1750 682 1819 essent,
695 1763 711 1806 a
722 1745 835 1823 quibus
845 1743 944 1807 tidelis
957 1759 1029 1822 pru-

278 1842 417 1919 densque
441 1839 586 1901 minister
601 1838 715 1902 Christi
738 1839 916 1901 omnimode
937 1837 1028 1899 absti-

277 1951 356 1997 nere
377 1943 513 1997 tenetur.

70 2039 199 2102 melmun
213 2049 257 2084 su·
319 2030 339 2104 ἓ
361 2029 409 2091 ld.
434 2027 614 2106 Specialiter
635 2035 741 2090 autem
762 2029 936 2100 advertant,
960 2041 1027 2088 eam

58 2093 470 2203 Ρ1111111111311ῗῖ1ίῖ1331111313111,
493 2123 577 2185 inter
601 2127 734 2183 caeteras
756 2123 827 2200 ipsis
854 2121 1029 2184 communi·

59 2200 256 2300 ζῗζξῶᾚξῗὸ
278 2225 370 2292 catas,
387 2232 449 2280 non
472 2215 616 2294 reperiri,
629 2217 825 2294 dispensandi
847 2215 965 2280 scilicet
979 2232 1029 2277 su·

60 2320 98 2354 ¹⁰¹¹
110 2317 221 2353 “³⁰⁵⁰ss
277 2327 334 2391 por
348 2309 572 2390 impedimento
587 2309 723 2372 iustitiae
736 2309 876 2389 publicae
888 2311 1029 2371 honesta-

277 2407 330 2482 tis,
353 2405 560 2485 proveniente
574 2419 613 2466 31
627 2403 829 2465 matrimonio
850 2410 930 2479 rato,
945 2404 1029 2481 quod

277 2501 353 2562 alias
373 2500 457 2562 inter
486 2497 669 2560 alterutram
696 2505 817 2576 partem
842 2502 875 2558 at
902 2495 1029 2558 alterius

277 2591 549 2669 consanguineum
571 2591 602 2652 in
626 2591 727 2669 primo
754 2589 850 2667 gradu
879 2590 1031 2652 interces-

276 2687 371 2765 serit,
393 2687 446 2748 sed
461 2692 534 2746 ante
549 2685 852 2747 consummationem
864 2683 915 2745 vel
928 2690 1028 2745 morte

277 2783 330 2844 vel
341 2782 431 2845 aliter
442 2780 583 2857 legitime
594 2780 733 2841 solutum
748 2777 854 2840 luerit.
867 2777 929 2840 lloc
942 2778 1028 2840 enim

277 2875 541 2954 impedimentum
552 2872 663 2935 lortius
677 2880 720 2933 est
734 2888 783 2946 33,
796 2871 876 2949 quod
889 2887 925 2933 31
938 2887 1029 2948 spon-

276 2969 393 3034 salibus
403 2968 520 3044 oritur3
544 2966 656 3028 idcirco
669 2966 705 3027 ab
716 2965 894 3028 huiusmodi
906 2965 1030 3044 dispen-

277 3065 401 3127 satione
420 3060 614 3124 concedenda
636 3059 791 3121 abstinere
812 3058 981 3121 debebunt.

67 3169 257 3226 nuptiarum
319 3159 340 3233 ἓ
362 3158 409 3220 16.
433 3160 469 3221 ln
489 3156 696 3219 celebratione
723 3153 905 3231 nuptiarum
927 3152 1029 3214 obser·

57 3221 258 3332 ffissffi'iffisuffi
278 3261 398 3316 ventur
418 3259 560 3328 tempora
581 3248 618 3310 311
633 3248 765 3310 Ecclesia
781 3247 930 3309 catholica
945 3259 1029 3325 prae·

56 3331 259 3431 ¹⁸2⁵,¹,³‘,‘¹¹,²,¹,⁸„321
278 3349 402 3427 scripta.
425 3345 552 3420 Quodsi
571 3341 649 3404 inira
665 3341 779 3403 vetitos
794 3341 857 3403 dies
871 3340 1029 3404 llahume·

57 3395 115 3484 fian
280 3443 345 3506 taui
366 3457 436 3503 suas
458 3439 581 3516 nuptias
602 3437 810 3510 celebrantes,
834 3434 969 3513 aliquem
991 3453 1030 3497 ex

280 3537 425 3600 fidelibus
436 3534 527 3596 officii
542 3549 629 3595 rausa
645 3530 864 3607 invitaverint;
881 3531 1028 3608 quoniam

280 3630 436 3694 Ecclesiae
457 3633 618 3707 praecepta
639 3626 676 3687 ad
689 3639 753 3700 eos,
769 3625 823 3702 qui
846 3623 920 3686 ioris
941 3631 1027 3696 sunt,

279 3725 413 3788 minime
435 3721 611 3801 pertinent3
629 3734 692 3782 non
710 3717 915 3795 prohibentur
928 3719 1028 3778 catho-

278 3818 331 3881 lici
352 3817 480 3880 Serviae
500 3813 700 3876 christianam
718 3810 902 3873 modestiam
923 3825 1028 3872 secum

279 3910 415 3974 terentes
434 3907 495 3970 illis
510 3907 679 3982 interesse3
700 3905 868 3968 dummodo
884 3903 950 3965 deri
963 3919 1028 3981 pos·

278 4006 322 4066 sit
340 4003 457 4080 absque
485 3999 638 4065 Creatoris
667 3999 780 4060 iniuria
808 4007 838 4060 et
859 3997 1029 4059 oliensione

279 4097 422 4160 fidelium
437 4101 468 4158 et
483 4094 637 4157 Ecclesiae
657 4093 729 4168 Dei;
751 4101 783 4155 et
798 4091 884 4153 nulla
903 4092 935 4153 in
952 4092 1029 4153 'lur-

279 4207 387 4255 carum
408 4187 525 4267 nuptiis
547 4186 733 4251 llahumetis
756 4186 920 4260 invocatio,
937 4183 1031 4247 nulli-

279 4301 342 4366 que
361 4282 566 4363 superstitiosi
588 4281 668 4343 ritus
690 4279 894 4355 intercedant,
917 4279 1030 4357 quibus

279 4377 418 4452 invitati,
430 4391 485 4438 ore
496 4375 546 4438 vel
561 4390 655 4454 opere
675 4374 764 4450 iungi
776 4374 891 4436 debent
912 4382 1029 4436 313311-

279 4473 409 4536 sentire.
439 4471 523 4546 Quae
544 4477 649 4530 tamen
671 4467 847 4529 infidelium
875 4467 1029 4528 consortia

280 4574 314 4628 et
334 4564 460 4644 prolana
481 4561 636 4636 convivia,¹
650 4561 688 4633 si,
704 4567 856 4637 quantum
868 4565 1027 4638 poterunt,

280 4659 421 4720 devitare
441 4654 633 4728 curaverint,
651 4652 750 4714 multa
764 4667 838 4714 sane
852 4652 1029 4715 animarum

280 4750 417 4831 pericula
439 4748 677 4827 praecavebunt.

72 4854 196 4918 ,13113113
210 4851 264 4911 sui·
322 4845 342 4920 s
365 4841 411 4904 ll.
435 4840 521 4916 Quod
537 4840 675 4919 pertinet
689 4839 726 4901 ad
740 4839 956 4916 cognationem
970 4838 1030 4918 spi·

61 4907 446 5011 tacitaetacitae,
468 4934 692 5014 sapientissima
707 4931 882 4995 Tridentini
898 4931 1028 4995 3311113

62 5015 263 5115 ffiiifflffi
283 5031 416 5104 decreta,
436 5043 633 5108 quacumque
647 5026 679 5088 in
695 5026 886 5089 contrarium
901 5041 1030 5088 consue-

63 5123 203 5177 munius.
281 5123 391 5185 tudine
406 5122 540 5184 minime
553 5121 706 5195 obstante,
731 5120 762 5181 in
778 5119 885 5182 Servia
900 5119 1030 5180 omnino

282 5216 440 5279 observari
450 5216 644 5277 mandamus.
662 5214 769 5292 ltaque
783 5229 841 5276 nec
855 5229 936 5289 eam,
952 5229 1031 5292 quac

282 5309 443 5371 3111111311
463 5306 670 5370 Sacramentis
691 5306 838 5384 Baptismi
859 5315 890 5369 et
912 5308 1031 5372 Condr-

282 5402 441 5478 mationis,
464 5401 547 5464 ultra
568 5417 712 5480 personas
733 5407 765 5461 et
790 5399 901 5477 gradus
923 5401 960 5463 ab
981 5417 1032 5464 eo·

283 5497 353 5558 dem
374 5494 514 5559 Concilio
528 5493 719 5574 praefinitos,
736 5493 862 5556 extendi
878 5495 1032 5574 permitti·

282 5605 371 5667 mus;
386 5588 508 5652 nullam
519 5603 594 5650 vero
608 5585 801 5664 spiritualem
813 5589 1031 5664 cognationem

282 5681 407 5745 aliunde
421 5681 509 5756 oriri,
522 5689 553 5742 et
564 5681 597 5742 in
612 5681 714 5760 specie
726 5695 763 5740 ex
780 5680 952 5743 assistentia
968 5697 1031 5742 ma-

282 5776 433 5838 trimonio
447 5775 604 5854 praestita,
620 5773 713 5837 etiam
728 5773 765 5834 ad
779 5774 1032 5836 contrahentium

281 5867 514 5944 invitationem,
536 5867 627 5929 sicuti
649 5883 708 5930 nec
729 5868 812 5929 inter
832 5882 903 5940 eos,
927 5883 942 5928 a
964 5867 1032 5946 qui-

281 5962 340 6026 bus
360 5961 464 6046 capilli
495 5960 600 6041 pueris
631 5962 733 6040 primo
762 5959 950 6037 tondentur,
979 5976 1053 6021 31-Ι

910 583 1108 638 ῊΕΝΕΒΙΟΤΙΙΒ
1130 583 1194 638 xlv.

1753 563 1809 639 lta
1859 573 1959 631 1113.
1981 561 2051 628 trit

1084 727 1185 789 presse
1207 711 1409 776 declaramus.
1433 709 1531 789 Urget
1545 713 1628 778 enim
1650 712 1728 776 ratio
1743 729 1830 792 prae·

1082 804 1155 868 dicti
1177 805 1347 868 conciliatis
1363 807 1493 883 decreti,
1517 823 1557 870 ne
1571 807 1687 871 scilicet
1701 815 1829 887 propter

1083 899 1321 964 multitudinem
1334 902 1580 979 prohibitionum
1594 902 1754 980 contingat
1766 919 1832 964 sae·

1083 992 1163 1072 pius,
1187 993 1219 1055 in
1240 994 1359 1057 casibus
1381 995 1544 1074 prohibitis
1559 997 1742 1074 ignoranter
1757 1012 1830 1060 con·

1084 1088 1162 1150 trahi
1175 1089 1385 1166 matrimonia,
1394 1090 1427 1152 in
1439 1091 1551 1169 quibus
1562 1091 1612 1153 vel
1622 1108 1695 1155 cum
1707 1099 1830 1170 peccato

1082 1191 1312 1259 perseveretur,
1325 1185 1376 1246 vel
1392 1199 1470 1262 quae
1484 1201 1557 1248 cum
1570 1183 1714 1248 scandalo
1725 1184 1830 1247 dirimi

1083 1273 1224 1339 debeant.
1234 1276 1319 1352 Quod
1335 1293 1405 1341 cum
1427 1279 1583 1356 sapienter
1596 1287 1750 1342 statutum
1765 1279 1832 1341 lne-

1083 1367 1123 1428 rit
1144 1369 1221 1433 circa
1243 1385 1277 1432 ea
1298 1373 1468 1451 spiritualis
1489 1373 1683 1450 cognationis
1704 1389 1830 1450 genera,

1083 1477 1161 1540 quae
1183 1464 1243 1526 iam
1259 1465 1291 1526 in
1304 1465 1435 1528 Ecclesia
1455 1473 1577 1546 recepta
1602 1475 1706 1544 erant,
1730 1466 1832 1529 multo

1083 1558 1191 1617 maiori
1213 1560 1334 1620 ratione
1356 1559 1498 1622 obtinere
1520 1560 1610 1624 debet
1631 1563 1663 1622 in
1685 1562 1752 1623 aliis
1773 1563 1832 1624 hu-

1083 1649 1216 1713 iusmodi
1231 1652 1403 1730 speciebus,
1419 1669 1510 1732 quae,
1526 1655 1559 1716 in
1574 1655 1707 1718 Ecclesia
1729 1656 1832 1718 catho-

1084 1745 1140 1807 lica
1161 1746 1299 1823 ignotae,
1317 1747 1467 1810 iniectum
1488 1766 1505 1810 a
1526 1749 1726 1812 schismaticis
1747 1751 1833 1827 prin·

1083 1839 1199 1918 cipium
1222 1841 1346 1918 habent,
1363 1857 1498 1919 quorum
1521 1850 1566 1904 est
1584 1842 1711 1919 alligare
1732 1842 1831 1904 homi-

1084 1933 1175 1995 nibus
1198 1949 1292 1994 onera
1315 1935 1420 2010 gravia
1441 1943 1472 1997 et
1493 1936 1711 2014 importabilia,
1734 1937 1832 2012 digito

1083 2037 1189 2090 autem
1210 2044 1266 2091 suo
1288 2045 1322 2090 ea
1345 2045 1408 2091 non
1432 2043 1569 2090 movere.
1593 2029 1699 2108 ltaque
1714 2037 1745 2092 et
1760 2029 1834 2092 isto-

1084 2137 1156 2183 rum
1177 2122 1367 2198 scandalum,
1382 2123 1409 2183 si
1429 2123 1511 2201 quod
1532 2124 1708 2200 acceperint
1722 2139 1760 2185 ex
1775 2123 1832 2186 hu·

1084 2217 1133 2279 ius
1153 2216 1268 2280 decreti
1284 2217 1368 2278 inter
1384 2215 1489 2278 hdeles
1503 2216 1710 2292 observantia,
1722 2233 1832 2280 secure

1084 2310 1350 2374 contemnendum
1374 2317 1430 2372 est.
1891 2317 1893 2322 ·

1124 2407 1143 2481 ἓ
1166 2405 1212 2467 18.
1237 2406 1281 2466 De
1300 2405 1392 2468 sacris
1407 2413 1510 2468 antem
1532 2404 1655 2481 ritibus,
1670 2406 1704 2468 in
1719 2407 1831 2484 quibus
1882 2423 1989 2486 nonani
2006 2424 2064 2487 mis·

1085 2500 1214 2562 istarum
1249 2499 1415 2575 regionum
1451 2498 1623 2575 Ecclesiae,
1659 2501 1831 2562 Romanam
1850 2476 2064 2578 ffissssssffssffsslfflssff.

1084 2593 1174 2667 hanc,
1200 2592 1392 2670 reliquarum
1407 2593 1562 2654 omnium·
1573 2601 1705 2655 matrem
1721 2600 1753 2654 et
1768 2609 1832 2656 ma·
1850 2585 2064 2685 ssgizgssgflffiidfflfg

1085 2687 1225 2763 gistram,
1247 2685 1409 2765 speculum
1430 2686 1540 2748 sibiet
1561 2686 1740 2765 exemplum
1762 2703 1833 2765 pro-
1850 2695 1875 2736 et
1906 2693 2065 2748 precationi-

1084 2788 1248 2857 ponentes,
1271 2795 1335 2841 non
1357 2779 1416 2840 alio
1438 2794 1531 2855 qnam
1554 2779 1692 2842 ltomano
1706 2779 1829 2856 llissali,
1851 2745 2065 2845 gattissaiiunuapa

1084 2874 1216 2948 Rituali,
1246 2889 1280 2935 ac
1310 2871 1517 2936 Ceremoniali
1539 2875 1584 2935 uti
1607 2873 1830 2952 perhibentur,

1084 2971 1248 3030 hortamur
1269 2967 1462 3028 venerabiles
1483 2966 1593 3030 iratres
1621 2966 1833 3047 archiepisco·

1084 3077 1139 3141 pos
1159 3070 1191 3123 et
1212 3060 1395 3139 Episcopus,
1419 3068 1454 3121 ut
1482 3059 1561 3122 nihil
1589 3061 1622 3122 in
1651 3061 1833 3123 huiusmodi

1085 3161 1151 3216 tuta
1172 3169 1206 3215 ac
1234 3151 1378 3214 laudabili
1400 3153 1627 3216 consuetudine
1657 3154 1830 3229 immutari,

1085 3256 1116 3310 et
1139 3259 1200 3310 tam
1222 3247 1256 3308 in
1276 3260 1436 3308 sacrorum
1457 3245 1665 3309 celebratione
1684 3253 1716 3309 ct
1736 3264 1833 3309 sacra-

1086 3349 1265 3404 mentorum
1293 3340 1578 3415 administratione,
1607 3357 1700 3418 quam
1726 3340 1759 3402 in
1783 3343 1833 3404 be·

1085 3434 1313 3498 nedictionihus
1334 3443 1365 3498 31
1386 3434 1576 3510 exorcismis,
1591 3451 1654 3498 non
1676 3435 1744 3497 aliis
1765 3437 1833 3514 qui·

1084 3531 1278 3609 buscumquc
1302 3529 1428 3592 aliunde
1456 3529 1563 3607 peritis
1589 3529 1719 3604 ritibus,
1749 3546 1833 3593 cere-

1084 3624 1198 3701 moniis
1219 3630 1250 3684 et
1270 3622 1510 3701 precationibus,
1533 3638 1731 3701 quocumque
1746 3638 1833 3701 prae·

1084 3727 1184 3792 textu,
1208 3717 1327 3779 aditum
1348 3717 1479 3778 reserari
1501 3717 1696 3794 permittant.

1124 3811 1212 3886 gia.
1238 3809 1370 3873 Videant
1399 3815 1517 3885 autem,
1547 3826 1588 3872 ne
1614 3810 1695 3873 13113
1723 3811 1831 3874 1331133
1901 3831 2063 3892 ceremoniae

1084 3913 1137 3968 aut
1159 3905 1243 3966 levas
1270 3903 1401 3966 timendi
1428 3919 1535 3966 causae
1556 3904 1628 3966 illae
1647 3905 1729 3980 sint,
1752 3921 1830 3985 quae
1850 3881 2064 3982 ffiptisminono-

1084 4000 1195 4078 passim
1218 3999 1411 4072 atteruntur,
1435 4013 1491 4076 pro
1519 3998 1700 4060 omittendis
1726 3999 1759 4060 in
1780 4000 1831 4062 ba·
1849 3991 1901 4090 {212⁰
1924 3991 2065 4078 supplean-

1085 4091 1238 4170 ptismatis
1259 4091 1527 4152 administratione
1547 4092 1736 4172 ceremoniis
1750 4107 1766 4152 a
1779 4092 1832 4154 tti-
1894 4079 1899 4088 ’

1084 4187 1161 4251 tuali
1192 4187 1330 4249 Romano
1365 4185 1576 4264 praescriptis;
1612 4202 1687 4264 quas
1719 4186 1829 4263 etiam,

1085 4297 1184 4360 quum
1210 4297 1249 4341 31
1276 4280 1358 4341 veris
1384 4279 1593 4358 gravibusque
1620 4281 1717 4342 causis
1745 4297 1834 4360 prae-

1084 4374 1169 4436 mitti
1200 4373 1379 4449 contingat,
1402 4372 1502 4450 primo
1534 4387 1659 4450 quoque
1689 4379 1831 4452 tempore

1083 4466 1221 4546 suppleri
1243 4465 1408 4530 curabunt.
1432 4463 1541 4542 Neque
1563 4465 1729 4528 enimsine
1744 4469 1831 4543 gravi

1084 4569 1206 4638 peccato
1229 4558 1435 4636 negliguntur
1463 4565 1526 4618 tam
1555 4559 1661 4635 magni
1686 4559 1832 4638 ponderis

1086 4658 1252 4732 tantaeque
1272 4651 1466 4730 antiquitatis
1493 4651 1589 4725 ritus,
1612 4658 1706 4730 atque
1727 4652 1762 4714 ad
1784 4670 1833 4715 re-

1085 4748 1258 4809 verentiam
1279 4753 1472 4808 sacramento
1493 4744 1718 4808 conciliandam
1734 4748 1832 4808 maxi-

1085 4856 1135 4902 me
1156 4840 1330 4904 necessarii.
1354 4829 1360 4840 “
1712 4847 1715 4855 ·

1124 4935 1143 5008 5
1164 4934 1213 4996 20.
1238 4934 1417 4997 Curandum
1439 4939 1485 4994 est
1506 4934 1613 5010 etiam,
1630 4951 1670 4997 ne
1684 4944 1770 4999 31113
1785 4953 1832 5000 ca·
1890 4961 1964 5016 aqua
1980 4960 2066 5018 hamt.

1085 5043 1154 5089 snm
1184 5027 1376 5089 necessitatis
1403 5027 1540 5106 iustique
1563 5029 1682 5092 timoris
1703 5030 1740 5092 ab
1761 5030 1832 5092 inti·
1851 5013 2065 5113 fflfflffi

1085 5121 1205 5183 delibus
1221 5121 1346 5195 incussi,
1363 5121 1539 5183 communis
1550 5129 1581 5183 et
1593 5122 1742 5184 naturalis
1754 5139 1831 5201 aqua
1851 5119 2026 5219 perficeremur,
2038 5127 2064 5220 gt

1085 5213 1135 5276 vel
1155 5215 1250 5276 etiam
1272 5231 1318 5290 ea,
1341 5229 1420 5293 quae
1441 5230 1497 5292 pro
1524 5214 1760 5278 lustrationibus
1780 5183 2037 5278 113-1333111119οὸ
2057 5199 2065 5208 '

1086 5308 1251 5384 nedicitur,
1274 5307 1307 5370 in
1328 5308 1472 5387 baptismi
1493 5307 1761 5371 administratione
1782 5311 1832 5372 ad·

1085 5401 1246 5476 hibeatnr3
1269 5417 1302 5463 33
1324 5411 1444 5463 temere
1462 5401 1626 5462 omittatur
1640 5407 1715 5462 usus
1736 5415 1833 5477 aquae

1086 5493 1121 5555 ad
1144 5495 1227 5556 huhc
1242 5494 1377 5572 praecise
1391 5494 1535 5556 ellectum
1551 5493 1729 5555 benedictae
1747 5493 1833 5555 iuxta
1922 5523 1927 5533 ·

1897 3940 2001 3990 tantur,
2024 3938 2063 3984 vcl

1086 5587 1308 5666 praescriptum
1329 5586 1467 5649 Ritualis.
1487 5586 1629 5648 Romani.
1665 5585 1724 5646 llix
1747 5585 1833 5647 enim

1085 5678 1152 5742 sine
1173 5679 1308 5742 maxima
1330 5679 1460 5753 incuria,
1476 5678 1527 5739 vel
1543 5678 1629 5740 inani
1644 5679 1758 5740 timore
1772 5677 1834 5760 (iu-

1087 5782 1136 5835 xta
1157 5787 1284 5835 sensum
1307 5772 1401 5834 etiam
1417 5770 1526 5834 hlbani
1548 5769 1691 5851 Concilii)
1706 5771 1834 5834 evenire

1086 5873 1255 5946 potestat
1286 5866 1318 5928 ln
1342 5865 1484 5928 Ecclesiis
1513 5865 1753 5944 parochialibus,
1780 5865 1834 5927 ubi

1086 5960 1132 6021 illi
1160 5959 1317 6038 esistunt,
1352 5959 1546 6040 baptismales
1580 5958 1683 6024 fontes
1711 5959 1834 6022 statutis
