4820 6980
363 503 417 559 Διι.
431 506 462 560 c.
484 506 552 562 1748
602 503 659 570 tat
1104 528 1168 574 run.
1194 527 1283 573 noar.
1308 527 1347 572 on
1370 527 1398 572 a.
1421 525 1451 572 r.
1476 527 1557 572 unns
1580 527 1600 570 r.

581 643 683 707 ctione
692 653 888 723 compertum
899 651 956 707 est.
969 643 1113 724 Apostoli
1124 647 1227 708 secati
1235 661 1326 724 prae·

582 745 720 816 coptum,
736 738 776 800 ita
798 735 927 802 Siricius
948 739 1098 818 loquitur,
1115 739 1191 816 qaia
1213 739 1322 812 aliter,

582 847 676 912 quam
691 831 771 910 quod
786 833 977 910 accepimns,
990 830 1250 904 annuntiabant,
1264 849 1327 894 om-

581 927 674 988 nium
690 933 839 988 nostrum
855 933 921 989 tam
937 925 1195 1004 presbyterorum
1210 933 1239 988 et
1256 926 1325 989 dia·

582 1035 747 1092 canorum,
764 1035 858 1099 quam
880 1020 978 1083 etiam
993 1022 1101 1097 potius
1117 1020 1208 1092 cleri,
1224 1035 1324 1082 uuam

581 1115 695 1176 scitote
716 1114 818 1194 tuisse
838 1115 1045 1185 senteutiam,
1062 1119 1101 1176 nt
1122 1113 1322 1184 Iovinianus,

582 1209 782 1279 Auuentias,
808 1207 961 1280 Genialis,
981 1207 1197 1280 Germinator,
1217 1206 1322 1278 Delia,

580 1302 744 1374 Plotiuas,
767 1299 1200 1374 Martinianus,1anaarius
1221 1309 1252 1362 et
1277 1301 1326 1364 lta

580 1395 746 1476 qeniosus,
770 1395 825 1473 qai
850 1397 1030 1458 iruuentores
1059 1411 1158 1458 nonae
1186 1393 1324 1456 haeresis

582 1493 613 1551 at
634 1487 849 1567 blasphemiae
871 1489 994 1550 inuenti
1015 1491 1107 1561 suat,
1131 1488 1241 1550 diviua
1256 1503 1328 1546 sca,

584 1583 688 1646 teatio
720 1587 750 1644 et
779 1589 889 1645 nostro
919 1582 1040 1644 iudicio
1070 1583 1104 1644 in
1136 1587 1324 1660 perpetuam

583 1677 731 1741 damuati
752 1681 849 1740 antra
865 1673 1040 1740 Ecclesiam
1057 1681 1268 1738 remanerent.
1286 1677 1327 1736 h*

582 1771 761 1851 postolicam
784 1771 860 1834 hanc
883 1769 984 1834 Siricii
1006 1769 1163 1834 Pontificis
1190 1767 1327 1831 solicitu-

583 1865 688 1929 dinem
710 1881 743 1927 ac
763 1862 956 1940 vigilantiam
987 1863 1117 1927 Sanctus
1145 1862 1326 1924 Ambrosius

582 1973 642 2021 una
664 1973 737 2021 cum
767 1956 834 2018 aliis
862 1957 1019 2036 Episcopis
1046 1957 1077 2018 in
1105 1954 1326 2018 Mediolanensi

581 2049 719 2114 Concilio
739 2051 944 2128 congregatis,
967 2050 1098 2112 summis
1120 2048 1210 2111 ebert
1231 2047 1326 2110 laudi-

582 2144 649 2220 bus,
665 2161 698 2206 ac
713 2143 889 2222 pontificiae
903 2144 1054 2206 sanctioni
1074 2159 1141 2204 sese
1156 2141 1239 2204 ultro
1254 2157 1325 2204 con·

580 2234 703 2298 format.
721 2235 969 2317 licaoqnavimas
980 2237 1036 2315 (sic
1047 2237 1082 2299 ad
1095 2233 1241 2298 Siricium
1253 2235 1327 2297 hm·

581 2328 701 2392 brosius
722 2330 835 2408 aliique
858 2331 998 2409 Episcopi
1020 2330 1052 2393 in
1070 2329 1196 2408 epistola
1212 2335 1326 2390 octana

582 2431 769 2486 memoratae
788 2423 991 2504 collectionis)
1006 2425 1112 2488 literis
1134 2425 1325 2488 sanctitatis

582 2523 658 2580 tuac
680 2513 753 2578 boni
768 2514 915 2579 Pastoris
936 2515 1100 2590 cacabias,
1117 2517 1173 2595 qai
1192 2516 1325 2596 diliqen-

584 2616 632 2673 ter
654 2610 851 2674 commissam
868 2608 928 2673 tibi
946 2610 1081 2674 ianuam
1096 2627 1209 2682 selues,
1226 2617 1255 2672 ct
1271 2611 1325 2687 pia

487 2695 488 2698 ’
580 2704 790 2768 solicitudine
816 2704 942 2767 Christi
966 2703 1053 2768 Ooile
1080 2702 1255 2774 custodias,
1279 2703 1326 2766 di·

581 2815 674 2879 quus,
698 2814 788 2876 quem
811 2815 878 2860 oves
901 2797 1030 2860 Domini
1054 2797 1206 2869 audiant,
1230 2803 1259 2858 et
1281 2814 1326 2858 se-

582 2897 745 2972 quentum
766 2898 797 2954 ct
820 2893 850 2954 in
874 2893 951 2956 line:
978 2894 1087 2970 ltaque
1105 2889 1324 2962 Iovinianum,

582 2985 797 3058 Aaaeaciua,
813 2985 1077 3056 Germiuatorem,
1093 2983 1237 3054 Felicem,
1254 2983 1328 3045 Plo·

583 3080 700 3152 tinam,
727 3079 901 3151 Genialem,
924 3077 1183 3150 Martinianum,
1206 3079 1325 3142 Ianua·

582 3173 669 3235 rium
691 3178 720 3234 ct
742 3173 957 3253 lnqeniosum,
979 3187 1055 3252 quas
1084 3171 1243 3234 sanctitas
1266 3177 1324 3236 tua

582 3265 761 3338 damnavit,
783 3265 867 3329 scias
888 3265 975 3346 apud
997 3284 1053 3328 nos
1075 3283 1194 3346 quoque
1214 3283 1325 3328 secan-

582 3360 657 3423 dum
680 3360 839 3424 iudicium
862 3366 956 3424 tuum
977 3378 1041 3424 esse
1060 3363 1238 3424 damnatos.

362 3468 503 3532 passiam
515 3468 563 3516 sot·
621 3471 696 3517 nvn.
713 3455 803 3530 bibo,
818 3455 883 3518 sive
898 3456 995 3530 hbbo,
1011 3455 1212 3518 Floriacensis
1227 3456 1265 3517 de
1279 3454 1324 3519 Si·

350 3519 564 3633 ῧῗῆῗέιῗωῧξῗὶῗ
580 3551 657 3614 ricio
679 3551 755 3630 Papa
776 3551 945 3612 memoriae
967 3549 1099 3624 tradidit,
1122 3551 1204 3629 quod
1219 3565 1325 3611 exosos

351 3639 459 3729 {igfflffi
489 3641 562 3678 ³⁸⁸⁰·
580 3645 722 3708 babuerit
743 3659 851 3706 omnes
872 3644 1053 3719 haereticos,
1073 3645 1209 3706 maxime
1231 3643 1324 3706 Mani·

580 3741 699 3801 chaeos.
724 3737 894 3800 Enimvero
913 3753 985 3799 cum
1001 3738 1254 3813 priscillianistas,
1271 3737 1324 3816 qui

580 3847 651 3894 cum
672 3831 854 3895 Manichaeis
878 3832 909 3894 in
932 3830 1040 3893 multis
1067 3831 1184 3893 nefarie
1211 3847 1325 3894 conve·

581 3925 705 3988 aiebant
725 3933 755 3988 et
776 3925 904 3988 sceleste
923 3925 1150 4003 conspirabant,
1167 3925 1249 3988 Urbe
1271 3926 1324 3988 eii·

580 4033 650 4079 cere
660 4017 753 4078 armis
764 4018 976 4097 spiritualibus
988 4033 1051 4079 nou
1064 4018 1224 4096 potuisset,
1234 4035 1323 4098 opem

581 4110 742 4173 Theodosii
774 4111 969 4188 imploravit,
999 4112 1126 4190 eiusque
1154 4112 1322 4191 praesidio,

580 4203 660 4282 quod
675 4218 873 4282 summopere
888 4205 1022 4281 optabat,
1037 4203 1160 4266 tandem
1176 4205 1323 4282 obtinuit,

581 4307 614 4360 ut
636 4298 806 4373 prudenter
827 4297 951 4360 coniicit
977 4297 1146 4360 Cardinalis
1175 4297 1324 4362 Duronius

580 4405 664 4454 auno
690 4388 811 4453 Christi
834 4405 1028 4453 ccccxxxix.
1046 4407 1135 4453 uam.
1159 4391 1213 4452 63.
1238 4392 1322 4456 Haud

581 4482 690 4560 impari
719 4482 916 4545 solicitudine
943 4485 977 4547 ad
1004 4486 1206 4548 coercendam
1235 4489 1324 4550 auda·

579 4574 657 4636 ciam
689 4576 812 4638 Bonosii
841 4577 981 4657 Episcopi
1010 4579 1203 4643 Macedoniae
1230 4581 1325 4661 impie

580 4670 745 4732 asserentis
766 4671 889 4733 Beatam
912 4670 1077 4749 Virginem
1099 4681 1165 4753 post
1187 4675 1324 4737 inconta-

581 4764 729 4824 minatam
752 4765 866 4827 Christi
887 4766 1011 4828 Domini
1039 4768 1230 4828 nativitatem
1251 4767 1324 4830 alios

581 4856 660 4918 lilios
673 4858 836 4936 peperisse,
850 4859 1070 4938 Episcoporum
1084 4861 1258 4924 Concilium
1271 4862 1325 4924 Ca-

581 4966 660 5028 puae
682 4951 805 5026 indixit,
819 4963 853 5013 ut
873 4953 1030 5028 colligitur
1040 4970 1079 5015 en
1097 4954 1224 5033 epistola
1240 4971 1323 5018 aona

581 5043 665 5104 inter
691 5059 752 5119 eas,
784 5061 858 5122 quas
890 5046 1086 5109 Coustantius
1118 5048 1321 5111 coordinavit.

581 5138 672 5199 Plura
693 5140 792 5202 adhuc
807 5153 844 5198 ex
863 5137 930 5199 aliis
952 5138 1052 5203 Siricii
1075 5143 1223 5222 epistolis,
1240 5160 1325 5222 prae-

581 5238 689 5298 sertim
711 5255 748 5299 et
780 5237 911 5309 decima,
939 5238 1079 5316 prolerre
1106 5257 1265 5321 possemus
1286 5244 1324 5306 de

580 5333 729 5411 singulari
759 5336 835 5397 tanti
865 5333 1019 5396 Pontificis
1047 5337 1243 5400 solicitudine
1269 5356 1324 5417 pra

581 5429 769 5492 restituenda
792 5429 823 5490 in
838 5428 950 5491 Galliae
966 5431 1102 5507 partibus
1124 5432 1323 5494 ecclesiastica

581 5523 753 5601 disciplina:
781 5539 890 5585 verum
913 5524 990 5586 hanc
1006 5527 1197 5604 provinciam
1213 5527 1249 5586 iis
1266 5537 1325 5588 tra-

581 5619 720 5680 ctandum
743 5617 962 5696 relinquimus,
977 5619 1029 5696 qui
1052 5615 1151 5680 Sirioii
1174 5619 1270 5682 vitam
1292 5639 1325 5684 ac

582 5717 665 5786 gesta
680 5712 910 5773 commentariis
933 5711 1113 5773 illustranda
1134 5714 1323 5793 suscipiunt,

582 5803 692 5880 quibus
720 5806 792 5864 satis
822 5805 954 5883 amplam
987 5804 1023 5862 de
1057 5805 1155 5867 siricii
1186 5807 1325 5870 laudibus

581 5896 745 5958 materiem
766 5897 963 5976 suppeditant
984 5900 1171 5973 Anastasius,
1194 5902 1260 5962 sive
1274 5917 1325 5962 au·

1383 651 1450 708 otor
1469 643 1654 725 pontificalis
1678 645 1794 706 tom03
1818 645 1979 708 Romanae
2001 643 2123 707 Editio

1383 739 1447 810 nis,
1470 747 1500 801 et
1522 754 1600 818 quae
1622 738 1659 800 ab
1689 738 1819 801 eruditis
1845 739 1919 800 viris
1940 735 2123 802 Schelestra·

1384 837 1426 908 to,
1443 831 1609 907 altaserra,
1625 832 1785 907 Benciuio,
1802 831 1994 906 blanchinio,
2006 833 2124 895 Ciacco·

1384 925 1448 1000 nio,
1471 924 1623 1000 Somiero,
1637 941 1671 988 ac
1691 925 1783 1004 Pagio
1803 924 2013 988 subiiciuntur
2034 927 2124 989 adno-

1383 1018 1524 1080 tationes.
1561 1045 1562 1050 .

2148 509 2232 569 Aac.
2248 521 2299 580 tra

1423 1127 1511 1174 artri.
1531 1113 1577 1174 En
1593 1111 1681 1175 dictis
1695 1113 1767 1174 satis
1782 1119 1901 1176 constat
1915 1113 1953 1174 de
1968 1113 2047 1175 tama
2058 1131 2125 1177 san·
2152 1123 2309 1186 Tessuinus
2362 1161 2363 1174 .

1382 1206 1508 1281 utitatis,
1530 1222 1623 1284 quam
1646 1205 1772 1269 siricius
1794 1206 2050 1283 vigilantissimus
2072 1209 2151 1290 Eos

1382 1298 1491 1363 clesiae
1512 1306 1614 1378 pastor
1628 1307 1659 1362 et
1673 1299 1837 1362 catholicae
1858 1299 2019 1376 religionis
2033 1318 2127 1364 asser·
2142 1285 2209 1334 Μ·

1385 1401 1432 1456 tor
1451 1378 1509 1454 'sibi
1530 1393 1630 1457 adhuc
1650 1393 1760 1456 vivens
1782 1392 1968 1455 conciliavit.
1992 1391 2056 1456 Nec
2070 1395 2128 1456 mi-

1382 1501 1455 1562 nor,
1484 1493 1644 1566 postquam
1670 1503 1687 1548 e
1715 1485 1795 1548 viris
1823 1488 1969 1560 excessit,
1994 1487 2127 1552 invaluit

1383 1579 1498 1658 opinio.
1523 1577 1555 1642 S.
1579 1578 1778 1642 innocentius
1800 1580 1823 1641 Ι.
1847 1579 1884 1640 iu
1904 1577 2040 1657 epistola
2060 1580 2126 1657 pri

1382 1687 1434 1735 ma
1446 1671 1641 1734 collectionis
1654 1671 1842 1735 Constantii
1853 1673 1919 1750 pari
1933 1672 2035 1748 elogio
2046 1689 2128 1738 com·

1384 1765 1507 1828 menda
1529 1765 1706 1840 Damasum,
1729 1764 1885 1840 siricium,
1908 1765 2040 1844 eiusque
2059 1783 2127 1830 suc-

1383 1875 1536 1922 cessorem
1567 1860 1774 1934 Anastasium,
1804 1859 1845 1921 itu
1876 1860 2031 1923 scribens:
2066 1858 2127 1924 Cui

1383 1954 1480 2016 ctiam
1502 1953 1681 2014 anteriores
1694 1951 1781 2016 tanti
1803 1970 1842 2015 ac
1857 1952 1935 2018 tales
1949 1953 2017 2015 oiri
2038 1969 2129 2031 prae·

1382 2048 1552 2110 decessores
1564 2046 1625 2108 atei
1642 2044 1802 2124 Episcopi,
1818 2045 1901 2107 idest
1920 2039 2055 2110 sanctae
2068 2063 2129 2108 mc-

1383 2140 1503 2202 moriae
1525 2139 1695 2210 Damasus,
1720 2136 1874 2211 Sinicius,
1896 2144 1992 2218 atque
2013 2154 2129 2218 sapra-

1382 2236 1576 2296 memoratas
1604 2232 1656 2294 air
1683 2231 1899 2313 (Anastasius)
1926 2233 1976 2296 ita
2007 2234 2130 2302 detule-

1383 2333 1465 2390 rant
1479 2331 1538 2387 etc.
1555 2327 1650 2389 Porro
1670 2327 1708 2388 de
1731 2326 1849 2388 Damasi
1864 2323 1956 2405 a‘tque
1974 2326 2129 2391 huastasii

1382 2421 1544 2484 sanctitate
1558 2435 1652 2482 nemo
1673 2419 1801 2482 dubitat.
1821 2419 1851 2484 S.
1868 2418 1929 2481 Leo
1951 2420 1984 2481 iu
1999 2421 2129 2501 epistola

1382 2515 1417 2578 ad
1434 2513 1628 2576 hnastasium
1650 2512 1782 2574 ahirmat
1802 2529 1835 2575 se
1850 2512 1895 2574 illi
1910 2511 2054 2576 conferre
2069 2516 2132 2593 pri·

1384 2618 1502 2670 matum
1522 2621 1616 2684 super
1638 2605 1742 2668 illirici
1773 2605 1926 2680 ecclesias,
1949 2603 2062 2669 beatae
2083 2623 2130 2668 re-

1382 2700 1580 2763 cordatioais
1602 2698 1717 2762 Siricii
1737 2697 1916 2776 cuempiam
1940 2695 2126 2777 sequutum.

1383 2794 1498 2856 Eodem
1520 2793 1553 2854 in
1574 2808 1672 2854 sensu
1684 2791 1858 2854 Concilium
1879 2791 1901 2852 1.
1927 2791 2128 2870 Toletauum,

1382 2887 1462 2967 quod
1484 2888 1574 2967 paulo
1595 2895 1663 2965 post
1684 2885 1802 2948 obitum
1825 2883 1928 2948 Sancti
1951 2886 2055 2950 Siricii
2077 2887 2129 2948 ha·

1384 2983 1483 3044 bitum
1504 2988 1561 3058 est,
1584 2979 1688 3042 literas
1708 2985 1840 3042 sanctae
1861 2979 2033 3042 memoriae
2056 2981 2128 3042 Am-

1383 3073 1481 3137 brosii
1503 3081 1532 3136 et
1554 3081 1685 3137 sanctae
1705 3073 1875 3136 memoriae
1897 3073 2011 3136 Siricii
2027 3073 2127 3135 multa

1382 3185 1454 3231 cum
1475 3168 1564 3230 laude
1591 3175 1823 3229 commemorat.
1853 3167 1898 3228 Ex
1926 3167 2037 3245 quibus
2062 3183 2128 3229 mo·

1382 3262 1540 3325 humentis
1554 3261 1614 3324 rite
1628 3260 1782 3338 expensis,
1799 3260 1971 3324 Cardinalis
1985 3261 2126 3323 Norisins

1382 3357 1414 3420 in
1430 3357 1592 3435 praecitata
1603 3355 1818 3418 dissertatione
1830 3364 1873 3430 ,et
1884 3363 1955 3418 ante
1967 3353 2127 3417 Norisium

1361 3513 1367 3536 ,Ι
1381 3453 1591 3518 Florentinius
1606 3453 1641 3514 ia
1652 3451 1884 3514 coercitatione
1901 3455 1945 3515 16
1956 3457 2027 3532 post
2041 3455 2126 3517 diem

1382 3565 1469 3611 xxvi.
1492 3545 1681 3619 novembris,
1702 3561 1775 3627 paq.
1800 3549 1890 3611 1006
1910 3557 1940 3611 ct
1961 3567 2056 3630 seqq.·‚
2079 3568 2127 3614 so-

1382 3645 1444 3707 lido
1465 3645 1603 3706 inierunt
1625 3643 1797 3718 ratiocinio,
1824 3643 1976 3706 eiusmodi
1997 3645 2126 3708 laudum

1382 3739 1488 3800 titulos
1510 3753 1573 3801 non
1595 3737 1770 3817 pontificiae
1784 3737 1930 3815 dignitati
1950 3738 2124 3814 dumtaxat,

1380 3831 1432 3893 sed
1448 3831 1575 3910 insuper
1591 3831 1670 3892 vitae
1684 3831 1837 3892 sanctitati
1852 3847 1919 3892 esse
1932 3831 2125 3908 tribuendos,

1381 3941 1452 3988 cum
1480 3925 1607 3988 siricius
1637 3939 1761 3986 summo
1791 3924 1987 4004 pontificatus
2012 3925 2126 3989 honori

1381 4019 1479 4080 multa
1500 4035 1534 4080 ac
1555 4017 1712 4096 splendida
1734 4018 1889 4080 virtutum
1911 4025 1941 4080 et
1963 4019 2126 4095 religionis

1380 4130 1414 4176 ac
1435 4112 1594 4190 pastoralis
1616 4112 1795 4188 vigilantiae
1817 4111 1958 4190 exempla
1979 4111 2058 4174 bene
2078 4129 2125 4175 so-

1380 4207 1518 4269 ciaverit.
1543 4205 1622 4268 Hinc
1642 4205 1718 4267 illud
1741 4204 1823 4266 Petri
1844 4206 1882 4267 de
1897 4203 2055 4267 Natalibus
2069 4223 2125 4284 pro

1381 4300 1490 4364 Siricio
1504 4301 1654 4376 elogium:
1681 4299 1723 4361 Et
1737 4305 1904 4377 postquam
1920 4299 2027 4362 Sedem
2043 4299 2126 4379 Apo·

1381 4395 1527 4458 stolicam
1549 4393 1690 4476 feliciter
1717 4393 1941 4474 qudernassct,
1969 4394 2124 4457 dormivit

1381 4505 1453 4550 curn
1467 4485 1618 4566 patribus
1633 4489 1714 4558 sais,
1728 4495 1757 4548 et
1768 4489 1915 4566 sepultas
1930 4499 1975 4550 cst
1987 4488 2029 4553 od
2044 4489 2124 4552 Saa-

1382 4589 1469 4645 ctum
1491 4581 1624 4643 Petram
1645 4580 1759 4659 plenus
1780 4581 1966 4644 sanctitate.
1989 4580 2052 4645 Nec
2074 4585 2124 4645 de-

1380 4684 1454 4737 sunt
1470 4676 1502 4738 iu
1518 4676 1728 4754 scriptoribus,
1744 4677 1797 4754 qui
1815 4677 1895 4738 Petri
1911 4678 1949 4739 de
1965 4675 2124 4740 Natalihus

1379 4775 1512 4832 aetatem
1527 4784 1730 4848 praecessere,
1745 4769 1877 4846 insignia
1889 4770 1926 4832 de
1941 4770 2042 4834 siricii
2055 4787 2125 4832 san-

1381 4864 1485 4926 ctitate
1496 4864 1696 4940 documenta
1709 4863 1860 4941 siquidem
1872 4861 2057 4927 Hordericus
2072 4861 2123 4926 Vi-

1382 4957 1450 5020 talis
1471 4957 1613 5030 affirmat,
1639 4957 1795 5020 Siricium
1818 4957 1905 5020 circa
1926 4973 2051 5036 qreqcm
2072 4957 2123 5019 do-

1381 5052 1538 5114 minicum
1553 5051 1644 5114 ualde
1658 5053 1760 5132 fuisse
1781 5051 1964 5125 solicitum·
1984 5059 2016 5112 et
2037 5053 2123 5115 Luit-

1381 5149 1515 5224 prandus
1530 5145 1697 5209 Horderico
1712 5147 1875 5221 vetustior,
1891 5145 2037 5210 siricium
2051 5163 2123 5209 saa·

1381 5243 1448 5300 ctae
1468 5241 1640 5302 memoriae
1660 5241 1770 5318 Papam
1792 5240 1934 5320 appellat.

1422 5349 1483 5394 mx.
1510 5334 1553 5395 nd
1576 5333 1658 5394 aliud
1681 5337 1909 5398 controversiae
1923 5343 2025 5415 caput,
2040 5337 2122 5415 quod

1380 5427 1596 5505 martyrologia
1610 5430 1793 5505 considerat,
1808 5430 1841 5492 in
1862 5432 1973 5508 quibus
1995 5433 2031 5494 de
2047 5431 2122 5495 San·
2139 5406 2160 5494 ir

1382 5621 1588 5698 progreditur.
1617 5618 1679 5693 Qua
1706 5620 1832 5696 quidem
1859 5620 1891 5682 in
1912 5637 1946 5682 re
1968 5639 2030 5684 non
2061 5632 2121 5685 tam

1380 5716 1517 5776 codicum
1540 5732 1683 5792 numero,
1699 5727 1792 5789 quam
1813 5733 1921 5780 eorum
1944 5720 2121 5781 authoritati

1379 5809 1549 5868 studemus.
1573 5809 1651 5872 Hinc
1667 5805 1892 5888 hlartyrologia,
1910 5829 1989 5890 quae
2007 5813 2121 5874 minori

1380 5901 1533 5963 habentur
1555 5903 1587 5964 in
1611 5905 1722 5980 pretio,
1740 5905 1832 5966 missa
1848 5904 1994 5984 iacimus;
2011 5907 2122 5985 quibus

2169 5337 2311 5450 ,bracla

2165 5443 2310 5503 mmmm

1380 5528 1429 5583 cto
1452 5522 1560 5584 Siricio
1582 5523 1616 5584 tit
1639 5525 1775 5598 nasutio,
1799 5533 1900 5587 nostra
1924 5512 1996 5589 haec
2025 5529 2121 5590 oratio
2139 5502 2311 5602 {mummi

2142 1173 2363 1236 ffimmm·³

2152 1235 2305 1289 mmmm
2362 1237 2363 1280 l
