4820 6980
981 587 1178 634 unusnrcrus
1199 587 1263 634 xrr.
1816 566 1873 630 tat
1923 569 1978 622 An.
1992 569 2023 622 c.
2044 568 2113 622 1745

349 708 402 772 bos
423 709 588 786 constituis
610 721 628 772 e
649 708 741 772 certis
768 708 938 772 rationibus
960 707 1093 784 ostendi,
1149 706 1211 769 lam
1239 707 1355 772 interro
1386 707 1573 787 perniciem3
1600 722 1701 786 neque
1729 703 1834 786 piures
1855 705 1894 768 ob

350 801 382 864 in
397 803 541 866 curandis
555 802 739 881 quibusdam
763 802 877 864 morbis
898 817 1093 881 nequaquam
1148 803 1227 864 banc
1257 819 1379 866 causam
1409 802 1493 865 inter
1519 807 1660 880 aegrotos
1682 802 1732 864 vei
1754 807 1893 864 mortuos
1954 863 1957 868 .

244 933 249 944 ·
348 894 523 974 requiri,ut
533 895 689 960 iuscuium
700 901 731 958 et
742 912 861 970 carnos,
875 896 940 959 icco
951 896 1093 974 piscium,
1149 897 1313 960 recenseri.

314 1010 317 1020 ·
348 987 408 1050 olei
440 997 471 1052 et
501 989 669 1053 herbarum
695 989 939 1068 substituantnr3
969 989 1001 1050 in
1028 988 1095 1051 aliis
1189 990 1277 1066 527.
1302 991 1385 1054 Hanc
1410 991 1561 1054 rationem
1582 998 1614 1054 et
1635 991 1815 1054 institutum
1836 1005 1893 1052 nos
1956 1000 2126 1065 rraanrspts

349 1095 425 1143 vero
440 1081 548 1146 iuvare
563 1083 748 1162 plurimum,
760 1083 784 1144 si
797 1083 924 1146 sublatis
938 1084 1093 1159 carnibus,
1149 1084 1206 1163 ipsi
1220 1086 1319 1146 secuti
1333 1101 1440 1148 sumus
1454 1084 1568 1147 Romae
1579 1101 1613 1148 ac
1624 1085 1779 1148 Bononiae
1792 1083 1893 1166 (cuius
1912 1057 2127 1164 ἓῖἒῖεηῖἶῖἶὲῑῗέ

350 1192 421 1238 cum
455 1175 604 1239 indicitur
634 1177 807 1254 ieiunium,
839 1177 906 1242 oleo
936 1179 985 1241 vel
1018 1177 1094 1240 lacte
1149 1177 1259 1242 Sedent
1280 1180 1378 1242 adbuc
1398 1179 1594 1258 retinemus),
1608 1195 1680 1242 oum
1701 1194 1801 1257 nuper
1820 1193 1894 1256 qua·
1913 1159 2058 1220 ⁰⁰⁸⁸b¹⁰¹⁵
2121 1209 2123 1214 ·

350 1277 544 1347 aegrotantes
578 1278 718 1335 utantur.
748 1273 882 1337 Domum
912 1275 1093 1349 advertent,
1149 1273 1337 1350 dragesimae
1352 1281 1474 1352 tempus
1489 1281 1642 1351 ageretur.
1660 1273 1692 1335 Si
1704 1289 1759 1334 ros
1774 1274 1803 1335 id
1819 1288 1894 1352 quo-

349 1379 441 1443 quam
473 1364 639 1442 diligenter
663 1375 866 1448 accurateque
895 1367 1032 1431 scribant
1057 1367 1096 1428 de
1149 1383 1210 1446 que
1231 1367 1434 1448 praestabitis,
1457 1383 1559 1446 neque
1583 1365 1672 1430 lacile
1692 1383 1709 1428 a
1730 1365 1818 1428 nobis
1839 1380 1895 1443 pro

351 1458 483 1536 pectoris
504 1459 720 1544 incommodis,
736 1477 809 1525 cum
831 1460 862 1523 in
884 1461 1029 1523 omnibus
1044 1475 1095 1537 ge·
1149 1461 1295 1524 universa
1322 1461 1447 1523 civitate
1475 1460 1525 1523 uei
1557 1459 1687 1524 dioecesi
1719 1457 1895 1522 facultatem

351 1550 483 1614 neratim
505 1551 742 1627 excitantur,ne
756 1554 964 1633 corripiantur
984 1555 1094 1616 eodem
1149 1553 1290 1618 solvendi
1301 1554 1551 1635 quadragesimae
1562 1555 1779 1618 abstinentiam
1792 1559 1896 1631 postu·

323 1658 331 1677 ¹
350 1643 469 1720 morbo,
493 1646 547 1724 qui
573 1645 672 1710 adbuc
700 1647 871 1710 incolumes
892 1664 907 1708 a
935 1647 1094 1710 communi
1150 1648 1261 1724 labitis,
1284 1648 1335 1711 vei
1356 1648 1394 1726 (si
1416 1648 1622 1712 necessarium
1643 1646 1673 1709 id
1688 1644 1895 1726 arbitremini)

350 1736 402 1800 lue
423 1745 601 1817 supersunt.
1150 1757 1213 1805 non
1236 1741 1336 1816 aliter,
1359 1756 1452 1819 quarn
1473 1741 1602 1803 servatis
1628 1737 1802 1819 praemissis
1823 1754 1895 1800 oon·

123 1837 334 1938 ,llrirromnffia-
390 1833 479 1911 526.
503 1834 581 1897 Haec
610 1834 696 1897 robis
718 1835 877 1898 indicanda
906 1834 1093 1914 putarimus.
1150 1835 1319 1898 ditionibus
1345 1834 1581 1914 dispensationis
1612 1831 1755 1896 instantia
1782 1833 1817 1894 ad
1840 1848 1895 1894 nos

107 1894 333 2003 ‘ir'asssfiittoassatsgss
351 1927 518 2006 Reliquum
546 1933 606 2003 est,
628 1935 663 1991 ut
685 1944 739 1991 uos
759 1930 940 2005 hortemur,
963 1945 1003 1991 ne
1031 1936 1095 1990 tam
1150 1928 1341 2004 deterretur,
1368 1944 1432 1990 non
1463 1926 1565 1989 solum
1587 1926 1608 1988 ii
1636 1925 1755 1988 fructus
1786 1941 1897 2004 prore-

109 1997 225 2046 ΜΨ·
351 2019 441 2083 lacile
460 2021 631 2100 suscipiatis
651 2022 813 2099 negotium
834 2024 982 2100 petendae
1003 2023 1097 2086 lacul-
1152 2023 1256 2095 uiant,
1286 2037 1361 2101 quos
1382 2021 1443 2083 iam
1474 2019 1697 2096 indicavimus3
1723 2017 1774 2080 sed
1801 2018 1896 2080 etiam

352 2115 421 2176 tatis
444 2114 551 2178 utendi
572 2116 716 2178 carnibus
731 2125 761 2178 et
777 2117 933 2180 lacticiniis
957 2125 1096 2196 tempore
1150 2114 1290 2193 repulsae
1305 2117 1455 2193 pudorem
1469 2113 1635 2188 evitabitis,
1647 2127 1765 2191 nosque
1781 2110 1896 2191 puriter

351 2209 603 2287 quadragesimae
633 2225 690 2289 pro
721 2211 864 2273 universa
891 2212 1015 2275 civitate
1045 2210 1096 2273 uei
1150 2204 1896 2283 eamolestiavindicabitis,quamlerimus,dum

350 2301 493 2364 dioecesi.
525 2303 644 2382 Quippe
671 2303 881 2383 abrumpenda
904 2307 1028 2368 tandem
1050 2313 1096 2368 cst
1151 2302 1230 2363 uotis
1260 2302 1372 2364 vestris
1400 2300 1531 2363 minime
1557 2297 1812 2362 obsecundamus.
1841 2297 1896 2358 Po·

350 2397 559 2470 consuetudo,
582 2396 621 2459 ob
645 2413 739 2476 quam
765 2398 825 2460 iam
851 2413 906 2478 per
927 2405 972 2460 tot
998 2414 1097 2462 annos
1150 2403 1267 2457 stremo
1298 2409 1352 2456 vos
1373 2408 1482 2455 omnes
1512 2398 1709 2471 peramanter
1737 2389 1896 2468 amplecti·

350 2489 383 2550 in
412 2488 597 2566 quibusdam
625 2489 700 2554 iocis
725 2492 783 2554 bae
814 2491 972 2555 facultates
1000 2493 1097 2556 tribui
1151 2505 1234 2565 mur,
1257 2493 1289 2550 et
1308 2485 1504 2567 apostolicam
1530 2485 1780 2550 benedictionem
1808 2483 1895 2546 uobis

349 2591 590 2648 consueverunt.
605 2582 682 2646 iliud
697 2585 791 2647 etiarn
806 2586 997 2664 experientia
1012 2603 1028 2646 a
1043 2601 1097 2648 vo·
1150 2583 1334 2662 populisque
1357 2581 1466 2643 uestris
1487 2581 1697 2660 impertimur.

350 2672 397 2736 bis
417 2685 612 2754 compertum
639 2677 714 2753 erit,
741 2677 875 2740 delicatis
906 2695 1031 2757 quoque
1063 2695 1097 2742 ac
1190 2677 1301 2739 ilatum
1324 2692 1361 2738 eu
1384 2677 1460 2738 droa
1479 2676 1575 2740 Castri
1591 2675 1780 2756 (laudulphi,
1795 2676 1847 2738 die
1861 2691 1892 2738 x.

351 2767 495 2832 mollibus
515 2769 734 2834 abstinentiam
754 2771 1005 2850 quadragesimae
1026 2771 1096 2834 uul-
1150 2771 1229 2834 iunii
1250 2786 1426 2846 uncorum,
1443 2770 1639 2850 pontificatus
1653 2769 1752 2834 nostri
1765 2785 1848 2832 anno
1862 2787 1892 2830 v.

1076 2960 1165 3051 gn.

695 3148 743 3212 vt.
1152 3155 1245 3231 tione,
1268 3172 1340 3220 cum
1363 3172 1411 3219 ros
1432 3157 1472 3220 sit
1493 3155 1531 3218 de
1551 3155 1666 3231 exiguo
1686 3153 1765 3230 cibo,
1789 3168 1894 3216 neces·

1149 3251 1238 3312 sitate
1259 3257 1403 3328 cogente,
1420 3267 1483 3314 non
1498 3267 1537 3314 ex
1551 3250 1649 3315 animi
1670 3249 1796 3312 levitate
1810 3265 1896 3312 sum·

350 3337 402 3399 Em
426 3335 531 3402 iacobi
560 3339 615 3402 iil.
639 3339 836 3403 Britannice
866 3340 951 3420 repis
974 3341 1097 3420 suppli·
1149 3353 1213 3423 pto,
1236 3353 1328 3423 atque
1350 3361 1413 3408 non
1434 3345 1540 3406 minus
1562 3343 1742 3408 innaturali
1765 3343 1893 3419 ieiunio,

389 3431 517 3494 cutione
537 3437 684 3496 soractem
708 3432 967 3496 Commodianam
994 3435 1095 3497 susci·
1148 3455 1242 3517 quam
1256 3440 1289 3500 in
1299 3438 1503 3502 ecclesiastico
1516 3438 1674 3514 materiae,
1688 3446 1722 3501 nt
1733 3439 1893 3518 inquiunt,

388 3525 655 3604 mendicetmeus
676 3544 772 3608 capro
787 3527 972 3591 ualetudine
992 3530 1095 3607 ipsum
1149 3537 1282 3614 parvitas
1293 3535 1501 3612 indulgeatur.
1520 3534 1639 3598 Verum
1650 3533 1755 3613 opinio
1766 3534 1893 3610 isthaec,

388 3635 514 3682 sumere
534 3637 599 3682 cort
618 3621 718 3698 possit
740 3620 883 3695 ieiunus,
903 3623 1095 3685 occasionem
1150 3629 1208 3692 etsi
1224 3645 1240 3690 a
1256 3629 1439 3708 Pasqualigo
1450 3635 1656 3708 propugnata,
1674 3627 1746 3691 laisa
1762 3635 1825 3706 est;
1842 3644 1894 3691 ve.

389 3717 500 3790 captat
514 3713 700 3792 ecpttccacr·
714 3729 762 3786 eo,
779 3730 857 3793 poca
875 3716 1038 3794 pertineat
1054 3715 1095 3779 od
1149 3721 1206 3784 iuti
1218 3721 1359 3801 pluribus
1369 3723 1583 3785 demonstrant
1592 3719 1707 3784 Suarez
1716 3722 1780 3784 ic3
1789 3727 1892 3800 part„

388 3807 542 3874 rratmrclc
572 3807 732 3870 ieiunium
764 3807 980 3871 communioni
1005 3823 1095 3887 prue-
1150 3819 1224 3876 tom.
1247 3815 1281 3888 3,
1307 3823 1428 3894 quaest.
1458 3817 1517 3888 80,
1539 3823 1612 3879 ort.
1627 3817 1659 3889 8,
1691 3815 1812 3893 disput.
1836 3815 1890 3888 68,

389 3901 595 3966 mittendum.
1120 3905 1124 3960 Ι
1147 3927 1207 3971 sec.
1224 3909 1255 3984 4,
1280 3910 1299 3985 ἓ
1320 3909 1399 3972 Dico
1412 3910 1559 3979 secondo,
1577 3907 1821 3985 salmaticenses,
1839 3910 1891 3972 tl

1151 4005 1274 4068 Cursus
1287 4003 1456 4085 tbeciopici
1466 4003 1608 4076 merciis,
1624 4007 1723 4066 trcct.
1732 4001 1764 4077 4,
1777 4019 1846 4081 cup.
1857 4001 1890 4076 7,

350 4088 468 4158 biteoto
479 4089 543 4158 iilic
553 4089 701 4172 Magistro
713 4087 861 4156 luderico
873 4087 1094 4159 delinientibus
1148 4103 1269 4178 quaest.
1288 4097 1319 4173 4,
1349 4111 1437 4160 aum.
1460 4097 1515 4158 66.
1548 4095 1758 4175 Eandemque
1780 4097 1893 4161 reluta-

518 4183 625 4254 Sartoii
638 4183 928 4264 ottiotttssasscrt,
1148 4194 1251 4257 vimus
1271 4193 1329 4274 ipsi
1350 4209 1406 4273 pro
1428 4192 1545 4256 viribus
1566 4209 1599 4255 ac
1619 4192 1774 4269 facultate,
1791 4193 1823 4254 in
1838 4209 1893 4255 no-

1147 4293 1212 4350 stro
1233 4295 1366 4352 tractatu
1388 4288 1423 4349 de
1444 4287 1609 4367 Sacrificio
1623 4287 1750 4360 Missae,
1766 4293 1841 4348 sect.
1854 4289 1891 4360 2,

487 4331 732 4402 ΒΕΝΕὓΙῧῘυε
758 4331 858 4402 pm
882 4331 953 4402 xw'
1148 4397 1215 4460 ccp.
1238 4380 1270 4457 4,
1288 4382 1307 4458 5
1326 4380 1360 4455 2,
1377 4381 1554 4446 Potccirtce
1575 4381 1738 4444 editionis.
1757 4381 1822 4444 Alia
1837 4380 1892 4443 ita-

620 4469 738 4539 nitente
760 4469 819 4551 titt,
1147 4483 1208 4556 que
1226 4478 1275 4539 ria
1297 4477 1505 4541 insistendum
1527 4477 1586 4552 bis,
1602 4492 1681 4556 qnae
1701 4482 1891 4554 sequuntur,

381 4565 509 4635 salutem
532 4570 563 4634 et
583 4565 780 4650 apostoticam
806 4565 1056 4634 benedictionem.
1146 4572 1320 4650 propositis.

340 4673 347 4684 “
1186 4665 1255 4740 53.
1279 4665 1434 4740 Primum,
1455 4663 1512 4728 etsi
1541 4663 1735 4742 peramabilis
1762 4664 1892 4727 iisdem·
1943 4665 2029 4712 roruu
2045 4665 2125 4712 ΜΦ

1851 4759 1856 4770 ,
1910 4718 1957 4773 sia,
1976 4718 2123 4776 docuitque,

114 4753 329 4857 ffiffiffidflafflff
388 4760 407 4834 5
430 4758 455 4820 l.
480 4759 633 4834 Quadam,
656 4757 694 4822 de
719 4773 825 4834 more,
848 4757 902 4820 tibi
935 4757 1093 4837 impertita
1146 4766 1216 4838 pter
1237 4767 1343 4821 noster
1357 4776 1439 4824 saera
1461 4759 1509 4821 sni
1532 4758 1675 4836 Corporis
1691 4760 1891 4821 communio·
1910 4772 2124 4873 ffifflfflssffi‘

115 4864 171 4922 ann
212 4873 329 4911 commu·
347 4852 515 4928 audientia,
538 4851 675 4915 detulisti
690 4853 725 4914 ad
742 4867 798 4914 nos
819 4851 905 4931 pium
927 4865 1024 4930 aeque
1044 4867 1091 4914 re·
1147 4869 1188 4916 ne
1209 4853 1370 4932 participes
1385 4853 1493 4916 iecerit
1508 4853 1667 4932 Apostolos
1678 4869 1742 4916 non
1758 4852 1889 4931 ieiunos;
1910 4890 1981 4927 mun.
2005 4880 2124 4938 „mmm

113 4924 329 5030 ἒῗοέιὲῗέἓῗῖἷ
347 4945 493 5023 ligiosum
515 4945 661 5008 carissimi
681 4947 712 5007 in
729 4946 850 5010 Christo
865 4946 919 5008 lilii
936 4945 1033 5007 nostri
1049 4944 1091 5007 ia·
1146 4963 1217 5010 cum
1241 4955 1343 5008 tamen
1355 4947 1561 5026 peculiaribus
1575 4947 1757 5025 quibusdam
1772 4947 1891 5025 gravio·
1910 4932 2125 5034 {gaqumanaim-

114 5030 203 5088 ΜΡ·
347 5039 414 5102 cobi
435 5038 483 5102 111.
501 5039 627 5117 Magnae
642 5039 821 5103 Britanniae
835 5039 917 5117 regis
932 5044 1042 5101 votum
1057 5044 1092 5100 ut
1145 5041 1294 5119 ribusque
1308 5041 1346 5104 de
1360 5041 1457 5103 causis
1478 5041 1507 5103 id
1530 5040 1728 5118 praestiterit,
1751 5040 1831 5103 baud
1848 5050 1891 5105 ta-

346 5133 404 5195 sibi
415 5134 521 5196 liceret
532 5133 771 5198 eucharisticum
781 5149 906 5197 sumere
916 5147 1092 5194 sacramen·
1147 5149 1220 5196 men
1242 5133 1356 5196 ademit
1377 5135 1442 5213 ipse
1463 5133 1614 5196 Ecclesiae
1633 5150 1707 5196 snae
1732 5136 1892 5198 auctorita·

347 5226 1088 5303 tum,etsidemedianocteantcvertentediem,
1146 5236 1210 5291 tem
1239 5227 1448 5291 constituendi
1475 5233 1567 5307 prout
1592 5226 1691 5306 reipsa
1717 5229 1890 5305 constitnit,

347 5338 409 5400 quo
429 5323 520 5384 sacris
541 5321 698 5400 mysteriis
713 5321 893 5400 participem
908 5335 941 5382 se
956 5319 1023 5382 deri
1038 5335 1092 5382 cu·
1146 5337 1187 5384 ne
1207 5320 1269 5397 cni,
1291 5319 1401 5384 viatici
1422 5321 1553 5400 aliisque
1574 5322 1676 5401 paucis
1696 5321 1831 5400 exceptis
1845 5339 1893 5384 cu·

346 5415 404 5496 pit,
426 5416 627 5494 quandoque,
653 5430 692 5476 ex
720 5430 810 5492 aegra
838 5412 1026 5490 valetudine,
1044 5414 1092 5476 ci·
1145 5414 1242 5490 sibus,
1254 5414 1394 5477 uidendis
1404 5415 1483 5494 apud
1499 5414 1660 5492 theologos
1671 5415 1814 5492 morales,
1827 5433 1892 5480 non

345 5511 420 5574 bum
443 5507 579 5588 aliquem
606 5523 731 5572 sumere
759 5513 903 5585 cogatur,
925 5523 986 5587 quo
1008 5507 1091 5569 vires
1146 5509 1262 5584 ieiuno,
1282 5515 1313 5570 et
1334 5508 1460 5588 quidem
1482 5509 1611 5571 amedia
1633 5509 1785 5587 superiori
1801 5517 1892 5574 noete

345 5602 474 5679 reficiat,
487 5609 578 5681 atque
593 5602 623 5665 id
637 5602 765 5682 quidem
785 5600 865 5663 baud
880 5617 913 5664 se
927 5600 1027 5665 lacere
1041 5616 1090 5678 pa·
1146 5604 1402 5664 communionem
1424 5601 1639 5680 praecedente,
1656 5601 1892 5664 eucharisticum

345 5705 449 5759 ratum
471 5711 547 5772 esse,
570 5695 629 5758 nisi
651 5696 699 5758 sui
726 5693 904 5758 confessarii
926 5695 1090 5758 consilium
1146 5702 1373 5759 sacramentum
1395 5694 1602 5757 ministretur.
1632 5694 1711 5757 Rem
1732 5697 1811 5757 banc
1833 5702 1894 5756 tra·

345 5797 377 5854 et
397 5789 573 5868 approbatio
595 5789 764 5853 accesserit.
1146 5794 1206 5851 ctat
1229 5787 1261 5852 S.
1284 5787 1479 5864 Augustinus
1507 5784 1613 5865 Epist.
1636 5785 1693 5859 54,
1720 5788 1893 5852 citinella

138 5875 219 5922 ΜΗ·
239 5879 325 5925 narur.
385 5884 404 5960 ἓ
424 5883 454 5945 2.
482 5883 638 5946 Facilioris
667 5882 826 5944 doctrinae
854 5882 1017 5960 theologus
1043 5898 1091 5946 re-
1145 5881 1187 5946 od
1201 5879 1408 5951 Ianuarium,
1427 5896 1494 5959 cop.
1512 5883 1548 5952 6,
1565 5879 1617 5943 ubi
1632 5887 1795 5959 postquam
1808 5887 1894 5944 retu·

111 5930 327 6042 Ριῗῖιήῖιῗῗῗῧῖω
344 5976 522 6057 sponderet,
537 5974 623 6038 nulla
644 5989 751 6053 regem
772 5974 913 6053 indigere
935 5974 1090 6055 dispensa·
1145 5975 1194 6054 lit,
1210 5973 1370 6038 Gbristum
1388 5973 1544 6054 discipulis
1559 5989 1623 6037 non
1639 5973 1752 6037 ieiunis
1774 5973 1893 6054 Corpus

449 6125 503 6172 lor.
516 6123 587 6170 Pom.
602 6121 633 6169 dr
648 6123 723 6183 Prcp.
737 6122 800 6172 Fida
812 6124 895 6174 Partis
908 6127 927 6173 1.
942 6122 997 6170 vol.
1011 6127 1055 6174 111.
1757 6125 1783 6168 tt
