4798 6978
616 805 1635 998 surpnnmmmuunnn

888 1446 891 1452 ¹
977 1361 1210 1434 mannus
1232 1365 1265 1432 1.

857 1545 918 1613 ou
941 1543 1103 1613 rnnunu
1126 1544 1387 1616 nrscmmnn

1085 1769 1155 1861 gr.

112 1985 177 2036 An.
194 1985 226 2038 C.
248 1985 315 2037 1741
704 1986 728 2046 l.

347 2173 469 2236 Procas
495 2170 911 2250 fideliomccnsuetudines
939 2172 1092 2234 aduersos

386 2265 548 2346 ieiunium
569 2264 844 2346 quadragesimale
870 2265 1022 2330 inductos
1044 2282 1092 2327 re·

384 2359 511 2440 prohat.

346 2544 745 2625 venerabilibustrstrtbus,
769 2543 966 2625 Petrisrchie,
980 2542 1093 2611 Primo-

385 2642 480 2722 tihus,
510 2637 762 2724 bletropclitsnis,
785 2638 1032 2722 archiepiscopis
1059 2643 1092 2705 et

387 2734 548 2819 Episcopis
571 2733 733 2814 universis,
756 2732 882 2818 qratiam
904 2736 937 2800 et
963 2748 1092 2799 conmu-

387 2832 503 2898 nionem
527 2828 617 2896 setis
639 2827 833 2912 apostoticae
856 2826 1047 2908 habentibus,

516 2969 758 3043 censentes
775 2974 835 3042 ΡΡ.
851 2973 921 3043 llll.

545 3112 743 3182 venerabiies
765 3111 890 3193 tratres,

378 3209 507 3277 salutem
528 3213 561 3276 et
581 3205 780 3290 apostolicam
806 3204 1056 3274 benedictionem.

101 3402 326 3513 stigmam
384 3401 453 3465 Nou
466 3399 664 3478 ambigimus,
676 3398 871 3461 uenerabiles
881 3398 1001 3474 iratres,
1014 3396 1090 3476 quin

101 3509 324 3566 agennenses
344 3495 502 3558 universis
530 3493 696 3556 catholicae
728 3491 888 3569 religionis
918 3489 1090 3554 cultoribus

103 3573 212 3620 ⁵⁰⁰9¹¹⁸'
343 3595 456 3651 notum
476 3588 527 3664 sit,
549 3603 566 3647 a
588 3593 650 3649 tota
671 3601 727 3666 per
753 3585 959 3648 christianum
980 3583 1088 3646 crhem

343 3681 477 3744 Ecclesia
501 3681 585 3744 inter
605 3682 766 3758 praecipua
792 3676 982 3741 orthodoxae
1002 3677 1090 3740 disci-

342 3777 445 3857 plinae
465 3775 563 3854 capita
583 3779 733 3853 perpetuo
755 3771 993 3834 adnumeratum
1016 3771 1089 3834 reti·

342 3871 411 3933 neri
434 3866 695 3949 quadragesimale
714 3865 887 3942 ieiunium
913 3865 995 3943 quod
1014 3863 1087 3926 olim

342 3965 375 4028 in
386 3963 468 4042 Lege
483 3968 514 4024 et
524 3961 685 4040 Prophetis
700 3958 844 4037 primitus
859 3957 1088 4032 adumbratum,

341 4057 438 4137 ipsius
458 4055 583 4118 Domini
604 4053 704 4118 nostri
726 4053 793 4115 lesu
809 4051 923 4114 Christi
946 4049 1088 4129 exemplo

340 4149 440 4214 veluti
460 4153 686 4223 consecratum,
701 4147 738 4209 ab
752 4144 906 4224 Apostolis
927 4144 1087 4219 traditum,

341 4244 471 4308 asacris
499 4242 676 4307 canonibus
703 4240 819 4319 ubique
848 4238 1085 4318 praescriptum,

340 4347 373 4401 et
395 4339 432 4402 ab
459 4334 629 4402 universali
650 4333 784 4398 Ecclesia
805 4332 842 4394 ab
867 4332 932 4410 ipso
954 4331 1001 4394 sui
1027 4330 1089 4409 pri·

341 4432 463 4494 merdic
483 4437 645 4492 retentum
665 4436 697 4490 et
718 4427 915 4490 observatum
944 4431 1000 4488 est.
1025 4424 1088 4486 llcc

341 4523 506 4598 nimirum,
528 4531 563 4586 ut
584 4529 707 4584 veteres
728 4520 881 4583 tradidere
902 4527 1015 4597 patres,
1031 4532 1087 4579 no·

340 4617 386 4680 bis
407 4613 764 4696 quotidiepeccantibus
784 4613 960 4678 communis
981 4612 1087 4692 pecui-

381 4820 412 4876 (l)
427 4818 542 4882 Nimiam
556 4818 637 4865 huius
658 4817 800 4864 uoluminis
820 4818 917 4864 molem
936 4810 1021 4864 unius'
1031 4819 1086 4863 tan·

341 4890 398 4932 tum
412 4885 545 4944 pontilicis
562 4889 622 4932 acta
635 4884 795 4932 continentie
815 4883 924 4931 uninime
938 4883 1085 4930 demiretur

339 4955 430 5009 lector,
441 4953 464 4999 si
478 4953 630 4999 meminerit
644 4955 757 5010 quantae
771 4952 926 4998 Benedictus
935 4955 996 4996 xlv.
1012 4951 1085 4997 dede-

340 5021 377 5067 rit
390 5021 484 5067 litercs
497 5023 523 5066 et
537 5019 748 5076 constitutiones,
762 5019 859 5077 quibus
876 5031 928 5066 non
942 5019 1027 5064 solum
1042 5017 1084 5064 ius

339 5088 472 5146 pecuhnre
483 5087 515 5132 de
523 5087 692 5144 propaganda
701 5086 761 5144 ilde,
770 5087 816 5132 sed
824 5089 851 5132 et
860 5096 917 5132 rem
926 5085 1083 5134 catholicam

340 5155 565 5212 novissimumque
575 5153 617 5200 ius
626 5166 764 5201 commune
774 5153 881 5202 concilii
889 5155 1036 5201 Tridentini
1043 5156 1085 5201 de-

339 5221 420 5268 cretis
434 5224 576 5274 statutum.
590 5221 630 5267 uti
644 5221 735 5268 doctor
746 5222 894 5268 illustravit
904 5225 930 5268 et
939 5221 1084 5280 apostolica

339 5289 500 5336 auctoritate
520 5289 644 5334 firmarit.
663 5292 724 5334 lure
744 5289 828 5346 igilur
846 5288 941 5335 merito
959 5288 1083 5336 latiorem

340 5361 367 5402 et
379 5355 573 5402 accuratiorem
588 5366 695 5414 operam
710 5356 857 5404 navandam
871 5356 995 5402 duximus
1007 5367 1085 5414 quae·

340 5423 416 5470 rendi
429 5425 456 5468 et
470 5421 612 5480 colligendi
625 5423 706 5469 huius
721 5423 854 5469 Pontificio
863 5427 930 5478 ncta,
943 5425 1014 5470 utad
1023 5422 1084 5470 mis·

340 5491 469 5537 oicnarics
487 5490 649 5547 pertinentia
662 5490 690 5536 in
704 5499 788 5535 unum
803 5491 914 5536 collecto.
925 5491 1083 5546 habeantur,

340 5558 396 5604 siva
408 5569 475 5615 quse
489 5557 643 5604 indicassis
658 5557 786 5604 Ecclesiae
800 5557 941 5604 tabulariis
951 5559 1037 5604 adhuc
1046 5558 1084 5603 in-

339 5625 410 5670 edita
429 5628 578 5680 serventur,
593 5624 649 5670 sire
665 5635 732 5682 quse
747 5625 880 5671 Pontitlcie
898 5629 924 5671 et
942 5627 1082 5672 auctorum

339 5691 423 5748 libris,
433 5691 493 5738 aliie
507 5691 706 5738 collectionibus
719 5691 773 5737 inm
784 5691 893 5748 inserto,
903 5691 1081 5738 inveniuntur.

379 5761 481 5806 Literas
499 5760 532 5806 ad
551 5759 715 5817 ponuncturn
736 5759 779 5805 luo
797 5759 829 5804 de
849 5760 1018 5818 propaganda
1033 5760 1084 5806 fide

338 5837 448 5884 prorsus
460 5825 632 5884 pertinentes,
646 5826 701 5872 sine
713 5826 746 5872 de
759 5825 886 5872 orientali
906 5827 960 5872 eive
974 5827 1006 5872 de
1020 5827 1084 5873 ccci·

338 5893 438 5940 dentati
452 5895 508 5940 ritu
522 5895 725 5952 pertractantes,
734 5893 762 5939 in
776 5905 884 5952 corpore
894 5893 970 5950 iuris,
980 5905 1033 5952 qua
1041 5905 1085 5952 po·

338 5959 439 6007 suimus
448 5960 595 6019 diligentie,
603 5961 755 6011 retulimus:
766 5961 799 6008 od
808 5971 853 6008 cco
862 5959 1007 6008 adiecimus
1013 5961 1083 6019 prin-

1136 1985 1265 2047 ¹tentiae
1279 1987 1447 2052 constituto
1469 1988 1617 2068 remedio,
1634 2009 1688 2072 per
1703 1995 1894 2060 consortium
1925 2013 1978 2063 nn.
1992 2013 2022 2064 c.
2045 2013 2111 2066 1741

1147 2078 1254 2142 Crucis
1286 2080 1419 2158 Christi,
1447 2098 1502 2145 nos
1528 2085 1621 2147 etiam
1650 2086 1765 2166 aliquid
1790 2089 1823 2152 in
1844 2106 1893 2168 ec,

1147 2173 1227 2250 quod
1252 2173 1315 2253 ipse
1336 2182 1461 2254 propter
1484 2193 1540 2239 nos
1562 2180 1726 2256 praestitit,
1749 2181 1892 2262 agimus;

1145 2265 1304 2346 simulque
1328 2269 1365 2330 ud
1392 2269 1554 2333 recolenda
1582 2275 1742 2336 sacratiora
1765 2275 1894 2340 Redem-

1147 2359 1260 2437 ptiouis
1288 2368 1412 2424 nostrae
1437 2364 1597 2442 mysteria,
1620 2368 1698 2445 qu‘ae
1720 2382 1774 2446 per
1794 2370 1893 2433 domi·

1147 2452 1236 2515 nicae
1263 2454 1414 2518 Passionis
1441 2472 1475 2519 ac
1502 2456 1746 2524 Resurrecticnis
1774 2478 1893 2526 memo·

1146 2547 1226 2609 riam
1250 2548 1507 2627 quadragesimali
1535 2552 1731 2631 potissimum
1753 2563 1892 2636 tempore

1145 2639 1316 2704 solemnius
1347 2641 1555 2721 celebrantur,
1585 2646 1754 2724 purificatis
1776 2649 1893 2714 ieiunio

1145 2735 1326 2813 corporibus
1357 2744 1388 2799 et
1416 2737 1546 2813 animis,
1579 2737 1705 2817 dignius
1735 2759 1891 2822 paramur.

1145 2827 1220 2904 Hoc,
1233 2829 1330 2893 veluti
1353 2837 1476 2894 nostrae
1497 2831 1627 2896 militiae
1644 2843 1767 2911 tessera,
1783 2837 1820 2898 ab
1834 2837 1892 2900 ini-

1146 2921 1234 2984 micis
1262 2921 1368 2986 Crucis
1397 2923 1511 2987 Christi
1536 2927 1749 3004 secernimur,
1772 2929 1892 3008 tlagella

1145 3014 1269 3077 divinae
1284 3015 1412 3079 ultionis
1426 3017 1608 3096 avertimus,
1621 3026 1652 3083 et
1667 3020 1792 3085 coelesti
1805 3039 1893 3102 prae-

1142 3109 1221 3172 sidio
1242 3111 1274 3173 in
1288 3111 1352 3172 dies
1366 3112 1512 3175 adsersus
1527 3112 1681 3192 principes
1692 3117 1892 3182 tenebrarum

1145 3203 1318 3266 munimur.
1342 3204 1406 3268 lloc
1426 3206 1582 3288 despectui
1604 3207 1717 3286 habito,
1741 3225 1893 3275 nonann-

1145 3297 1350 3361 temnendnm
1371 3299 1495 3362 divinae
1516 3300 1632 3377 gloriae
1652 3303 1891 3382 detrimentum,

1145 3407 1209 3454 nou
1231 3392 1299 3454 leve
1319 3393 1485 3456 catholicoe
1506 3394 1652 3472 religioni
1674 3395 1816 3474 dedecus,
1833 3415 1891 3463 nec

1144 3484 1274 3548 dubium
1285 3486 1446 3550 animabus
1457 3487 1707 3569 christifidelium
1719 3491 1890 3568 periculum

1144 3579 1301 3656 oboritur3
1324 3595 1384 3644 nec
1402 3580 1527 3645 aliunde
1548 3582 1668 3661 populis
1690 3583 1888 3662 calamitates,

1143 3673 1297 3752 rebusque
1305 3673 1435 3752 puhlicis
1444 3681 1474 3736 et
1482 3675 1612 3754 privatis
1621 3676 1739 3740 cladem
1748 3679 1891 3744 exitium·

1144 3783 1205 3846 que
1224 3769 1428 3847 importatum
1449 3785 1515 3832 esse
1536 3778 1666 3834 constat.

1182 3861 1251 3938 §h
1275 3861 1323 3924 nb
1349 3863 1404 3926 hac
1430 3879 1505 3925 reno
1531 3863 1621 3926 insita
1649 3864 1890 3950 inhaerentique
1944 3887 2037 3934 erasae
2060 3899 2121 3936 oon-

1143 3956 1175 4018 iu
1197 3956 1338 4023 omnium
1354 3956 1575 4020 catholicorum
1597 3958 1763 4024 hominum
1778 3953 1889 4027 animis
1908 3941 2122 4044 {gssfflffinffll

1142 4049 1180 4112 de
1200 4049 1406 4126 sacratissima,
1423 4050 1656 4130 quadragesima
1676 4053 1805 4133 aliisque
1827 4054 1889 4119 die·
1908 4049 1971 4095 “³⁰-

1143 4141 1200 4204 bus
1220 4143 1339 4205 ieiunio
1359 4144 1544 4207 consecratis
1571 4145 1769 4223 persuasione
1789 4155 1821 4212 et
1842 4166 1889 4212 re·

1142 4236 1296 4312 recentia,
1313 4253 1406 4316 quam
1421 4237 1531 4314 alieno,
1548 4254 1642 4318 quam
1656 4239 1782 4318 discors,
1795 4259 1889 4322 quam

1141 4329 1253 4392 absona
1269 4331 1310 4392 sit
1333 4330 1479 4394 hodierna
1500 4331 1709 4396 ieiunantium
1726 4344 1890 4400 consuetu·

1141 4422 1192 4499 do,
1214 4432 1367 4503 quantum
1395 4425 1433 4487 ab
1461 4426 1523 4504 ipsa
1552 4427 1744 4492 ieiuniorum
1765 4428 1889 4494 institu-

1143 4516 1240 4594 tione,
1263 4524 1295 4580 et
1321 4525 1442 4580 serrata
1471 4534 1612 4599 semper,
1646 4521 1778 4602 ubique,
1801 4530 1832 4585 et
1852 4524 1890 4586 ab

1141 4611 1287 4674 omnihus
1307 4611 1467 4691 disciplina
1481 4629 1575 4693 quam
1590 4614 1770 4694 longissime
1785 4616 1888 4694 distet;

1140 4817 1289 4875 cipallorcs,
1299 4829 1367 4875 queo
1377 4816 1555 4866 universalem
1565 4817 1730 4876 disciplinam
1740 4829 1889 4866 commune-

1140 4896 1190 4942 que
1202 4884 1245 4931 ius
1254 4885 1395 4942 explicant,
1405 4885 1431 4931 id
1441 4885 1510 4941 quod
1520 4885 1548 4931 in
1557 4885 1621 4932 locis
1632 4886 1788 4933 missionum
1799 4887 1837 4933 ias
1847 4892 1888 4934 est

1140 4952 1274 4998 observari
1289 4953 1329 4998 vol
1343 4953 1436 4998 saltem
1447 4953 1560 5010 perutile
1570 4952 1646 4999 scire.
1657 4957 1773 5000 letarum
1782 4954 1887 5012 aliquae

1139 5017 1166 5062 in
1180 5021 1370 5073 Suppleneento
1391 5021 1441 5066 hcc
1457 5019 1612 5078 collegimus
1626 5033 1672 5080 per
1691 5021 1785 5070 titulos
1799 5022 1887 5079 potius

1126 5085 1278 5134 ,distinctae
1297 5097 1377 5144 quam
1392 5099 1438 5144 per
1458 5088 1592 5145 appositos
1607 5088 1633 5134 in
1648 5089 1715 5135 notio
1734 5089 1798 5144 dieo,
1813 5093 1844 5137 ut
1858 5089 1886 5135 in

1139 5165 1222 5200 unum
1236 5155 1358 5200 collectas
1372 5153 1422 5200 sub
1436 5154 1520 5200 oculis
1530 5155 1627 5201 hebent
1635 5156 1728 5212 lector,
1738 5167 1803 5214 quas
1813 5156 1840 5202 in
1850 5157 1887 5203 di·

1138 5221 1223 5266 versis
1236 5221 1314 5266 annis
1327 5221 1359 5266 de
1373 5222 1464 5266 eodem
1475 5219 1635 5278 argumento
1644 5223 1753 5268 dederam
1762 5222 1895 5280 pontifex:

1138 5289 1283 5345 eapropter
1297 5288 1320 5334 si
1336 5287 1418 5334 totius
1432 5288 1513 5334 huius
1529 5287 1691 5336 collectionis
1705 5289 1830 5336 reticent
1844 5302 1888 5336 en-

1137 5354 1308 5410 ciclopediam
1316 5354 1383 5400 iuris
1394 5354 1531 5400 novissimi
1541 5355 1645 5401 tradere
1652 5354 1718 5402 viris
1725 5355 1885 5414 apostolicis,

1139 5421 1187 5467 hos
1201 5421 1227 5466 id
1242 5421 1291 5467 boc
1305 5421 1382 5468 unico
1397 5421 1531 5467 columine
1545 5425 1605 5467 Ben.
1616 5425 1678 5468 xlv.
1695 5423 1748 5468 iere
1761 5424 1886 5481 consequi

1133 5488 1330 5560 0existimamus.
1346 5489 1426 5544 Quod,
1441 5487 1463 5534 si
1476 5489 1656 5536 desideratum
1671 5492 1793 5536 nostrum
1806 5491 1886 5536 attin-

1138 5567 1201 5613 gere
1214 5567 1267 5601 ncn
1289 5557 1432 5612 voluimus,
1446 5557 1601 5604 huiusmodi
1620 5557 1709 5613 legum
1730 5557 1886 5614 colligenda-

1138 5635 1198 5669 rum
1213 5635 1278 5681 epus
1291 5624 1462 5682 studiumque
1481 5625 1649 5682 aggressuris
1669 5624 1736 5671 setis
1755 5627 1795 5670 est
1810 5625 1885 5672 nobis

1137 5693 1170 5738 ad
1185 5691 1297 5738 meliora
1311 5691 1381 5738 viam
1403 5693 1542 5747 sternisoc;
1564 5703 1644 5749 quam
1663 5693 1714 5750 ipsi
1728 5703 1885 5750 percurrere

1137 5760 1263 5806 calebunt
1275 5759 1362 5805 altero
1375 5760 1509 5806 volumine
1523 5759 1618 5815 adiuti,
1630 5759 1658 5805 in
1672 5771 1724 5818 quc
1737 5758 1838 5806 inedita
1847 5772 1885 5806 ce·

1139 5829 1197 5872 tere
1210 5829 1269 5872 acta
1283 5825 1363 5872 huius
1377 5827 1509 5883 pontilicis
1525 5827 1689 5883 collegimus,
1703 5827 1832 5884 quodque,
1847 5826 1885 5872 in·

1138 5895 1179 5939 ter
1193 5905 1290 5951 paucos
1299 5905 1411 5946 mensos,
1421 5893 1579 5952 particulari
1588 5899 1680 5942 nostra
1689 5905 1762 5952 curs,
1771 5894 1891 5953 publica.

1138 5963 1197 6008 tum
1211 5959 1247 6006 iri
1260 5965 1423 6019 exoptamus.
1786 5984 1792 5993 ·
