4708 6978
334 563 387 611 a11.
402 563 431 612 c.
455 561 522 614 1747
573 563 631 626 318

553 717 661 766 rerum
683 717 796 780 genere
819 717 928 780 graves
955 701 1174 780 Episcoporum
1198 697 1299 777 qucri-

357 802 475 864 renarras
491 801 534 846 ab·
553 796 675 857 ananiae
697 795 731 854 ad
755 811 810 856 nos
831 794 948 857 delatae
969 795 1108 856 inerunt.
1131 794 1298 868 Quaecum-

320 854 534 972 ἓῗὲζέἷιιιιῃιῗῧὲἶ
553 907 615 968 que
637 890 729 952 etiam
758 890 866 952 bacin
896 906 929 950 re
956 888 1129 950 inordinate
1151 889 1185 949 ad
1214 887 1299 948 bunc

321 961 512 1018 mmm·
553 983 634 1045 diem
661 983 788 1044 admissa
815 989 945 1057 sunt,a
973 981 1166 1044 districtioris
1195 979 1298 1042 iudicii

555 1077 756 1156 inquisitione
778 1077 961 1155 liberamns3
983 1077 1058 1156 quin
1081 1079 1176 1139 immo
1191 1091 1299 1137 omnes

553 1177 583 1233 et
605 1170 744 1247 singulos
767 1169 798 1233 in
820 1174 878 1234 boc
905 1171 1140 1250 delinquentes,
1164 1172 1227 1232 sive
1249 1187 1298 1231 su-

553 1266 689 1344 periores
710 1265 879 1342 regulares,
897 1265 962 1326 sive
983 1266 1142 1342 regulares
1163 1267 1197 1326 ad
1220 1265 1301 1354 ordi-

554 1375 609 1422 ncs
631 1367 799 1440 promotos,
824 1359 890 1422 sive
911 1360 1084 1434 Antistites,
1105 1359 1158 1438 qui
1180 1347 1238 1420 eos'
1252 1375 1301 1420 or·

553 1453 1030 1532 dinaverint,aquibuscumque
1041 1453 1216 1527 sententiis,
1229 1469 1301 1516 cen·

553 1549 645 1623 suris,
668 1558 699 1611 et
720 1549 827 1626 poenis
849 1546 1072 1622 ecciesiasticis,
1090 1563 1164 1626 quas
1186 1547 1241 1608 bac
1262 1546 1300 1608 de

553 1659 641 1704 causa
662 1643 832 1720 respective
853 1642 981 1703 antebac
1009 1641 1210 1715 incurrerint,
1233 1639 1299 1718 qui·

554 1733 746 1814 buscumque
768 1735 907 1796 innodati
930 1734 1031 1796 iorsan
1057 1735 1207 1809 existant,
1231 1751 1299 1796 anc-

555 1829 686 1890 toritatis
697 1833 818 1890 nostrae
831 1827 1036 1906 plenitudine,
1046 1845 1079 1890 ac
1090 1827 1127 1890 de
1139 1828 1298 1906 apostolica

554 1922 764 1999 benignitate,
795 1929 904 1982 tenore
929 1921 1140 1999 praesentium
1171 1921 1301 1983 absolvi-

554 2029 624 2076 mus
646 2021 676 2076 et
697 2013 851 2076 absolutos
873 2029 938 2075 esse
954 2015 1071 2076 censeri
1092 2013 1298 2089 decernimus,

555 2117 585 2170 et
606 2123 678 2171 cum
700 2108 809 2170 iisdem
830 2124 923 2186 super
941 2123 1136 2186 quacumque
1152 2107 1300 2184 irregula-

554 2201 647 2263 ritate
672 2216 727 2278 per
752 2215 803 2260 eos
833 2189 1068 2276 iorsan.,'causa
1093 2209 1123 2262 et
1144 2201 1300 2263 occasione

555 2295 729 2374 praemissis
740 2293 972 2373 quomodolibet
995 2301 1161 2369 contracta,
1178 2297 1213 2357 ad
1235 2311 1301 2356 om-

553 2405 609 2450 nes
630 2388 724 2448 etiam
746 2403 846 2448 sacros
860 2395 891 2447 et
910 2387 1138 2465 presbyteratus
1159 2387 1298 2463 Ordines,

555 2495 726 2558 eorumque
748 2480 945 2554 exercitium,
972 2489 1064 2558 atque
1086 2479 1120 2540 ad
1144 2481 1246 2542 omnia
1270 2486 1300 2541 et

553 2575 676 2651 singula
698 2590 807 2636 eorum
830 2575 1000 2653 respective
1021 2575 1208 2652 religionum
1232 2590 1300 2636 mu-

555 2685 641 2743 nera,
664 2669 730 2746 pari
752 2668 942 2730 auctoritatis
965 2668 1159 2746 plenitudine
1180 2669 1301 2748 dispen-

555 2777 668 2824 samus.
692 2761 734 2822 De
755 2768 875 2822 caetero
898 2767 1000 2822 tamen
1030 2760 1237 2839 infrascriptas
1259 2762 1302 2823 le·

556 2872 608 2934 ges
623 2857 654 2917 in
668 2864 826 2935 posterum
845 2857 972 2917 omnino
985 2856 1200 2931 observandas,
1214 2862 1301 2918 motu

555 2949 689 3028 proprio,
707 2959 736 3012 et
752 2967 790 3012 ex
811 2960 895 3012 certa
916 2949 1043 3012 scientia
1060 2957 1174 3024 nostra,
1191 2967 1224 3011 ac
1239 2965 1302 3011 ma-

557 3051 624 3104 tura
646 3042 867 3105 deliberatione
889 3043 1064 3122 praemissa,
1088 3043 1238 3105 edicimus
1259 3053 1301 3108 at-

555 3153 615 3214 que
636 3138 812 3200 statuimus.

350 3243 536 3310 connrnatpe-
594 3231 811 3308 Quaecumque
827 3229 978 3292 nimirum
994 3231 1048 3294 bac
1064 3230 1096 3291 in
1111 3247 1144 3291 re
1159 3248 1173 3291 a
1186 3230 1273 3309 praei
1290 3263 1301 3275 ·

323 3295 389 3404 ἷῗὲξε
406 3304 537 3407 ςῧῖῃῆξζξξῖ
557 3323 594 3385 tis
611 3324 890 3406 praedecessoribus
906 3323 1020 3384 nostris
1042 3323 1192 3400 Gregorio
1207 3323 1300 3398 xiil,

323 3402 376 3459 ¹⁸⁸»
397 3403 490 3450 ¹b¹l¹⁰¹¹¹
512 3411 536 3452 0‘
556 3416 960 3492 Sixtoll.,Clementelllll.
975 3416 1300 3492 etlnnocentiolilli.,

222 3473 224 3490 ι
323 3455 350 3501 in
373 3458 429 3504 iure
454 3461 536 3506 statu-

245 3533 246 3536 *
323 3509 364 3556 us.
556 3514 588 3572 in
609 3527 699 3589 supra
722 3511 820 3571 citatis
843 3510 980 3588 ipsorum
1002 3509 1100 3570 literis
1120 3525 1174 3570 seu
1197 3511 1301 3573 decre·

555 3605 604 3680 tis,
627 3613 750 3680 statuta,
774 3605 926 3678 mandata,
957 3603 1094 3676 definita,
1120 3611 1211 3680 atque
1232 3619 1302 3664 san-

554 3700 612 3760 cita
634 3698 777 3773 luerunt,
799 3713 834 3757 ea
856 3697 959 3759 omnia
982 3705 1012 3758 et
1037 3697 1175 3773 singula,
1200 3705 1299 3773 motu,

554 3793 681 3854 scientia
702 3800 733 3854 et
755 3792 913 3870 potestatis
935 3792 1130 3870 plenitudine
1146 3793 1300 3871 praelatis,

554 3888 734 3949 earumdem
750 3887 960 3964 praesentium
975 3887 1056 3947 serie
1067 3887 1300 3962 confirmamus,

555 3981 747 4056 roboramus,
770 3987 801 4040 et
821 3979 1023 4056 innovamus3
1047 3987 1139 4060 atque
1150 3981 1187 4042 ab
1202 3981 1300 4042 omni-

554 4076 621 4148 bus,
645 4076 679 4136 ad
702 4089 780 4152 quos
807 4079 940 4151 spectat,
964 4089 1019 4134 seu
1042 4075 1302 4152 quandocumque

553 4169 585 4231 in
608 4169 750 4231 loturum
773 4166 931 4246 spectabit,
957 4166 1179 4227 inviolabiliter
1201 4165 1303 4227 obser-

555 4263 621 4324 vari
643 4260 847 4340 praecipimus
858 4267 889 4321 et
912 4259 1072 4336 iubemus;
1097 4267 1302 4336 transgresso·

554 4373 602 4418 res
623 4370 748 4433 quoque
769 4355 914 4416 omnibus
942 4353 1048 4432 poenis
1071 4353 1102 4414 in
1128 4353 1301 4432 praemissis

555 4451 720 4523 contentis,
753 4449 882 4527 aliisque
913 4463 967 4526 per
989 4447 1165 4525 apostolicas
1191 4449 1302 4509 consti-

556 4546 691 4607 tutiones
709 4553 739 4606 et
761 4559 815 4622 per
835 4558 935 4603 sacros
966 4555 1099 4602 canones
1120 4540 1188 4601 latis
1210 4548 1303 4619 atque

555 4637 689 4712 statutis,
712 4651 783 4698 cum
798 4635 910 4697 eliectu
925 4634 1094 4708 subiacere,
1111 4649 1222 4711 easque
1238 4634 1302 4712 ipso

555 4732 633 4794 iacto
655 4740 686 4792 et
711 4732 825 4809 absque
846 4730 946 4808 aliqua
973 4727 1304 4805 declarationeincur-

555 4842 624 4888 rere
645 4825 858 4899 decernimus3
880 4821 1055 4900 superiores
1082 4821 1233 4882 nimirum
1255 4835 1303 4882 re·

556 4920 678 4997 gulares
707 4933 755 4978 eas
787 4932 907 4989 omnes,
941 4930 1027 4993 quas,
1051 4922 1085 4974 ut
1117 4912 1301 4992 praefertur,

556 5013 747 5092 supradictus
762 5011 906 5073 Clemens
919 5009 995 5071 lllll.
1010 5009 1222 5086 praedecessor
1232 5022 1304 5068 con-

556 5107 658 5170 stituit
679 5115 710 5168 et
721 5105 837 5180 sanxit3
861 5103 1018 5180 regulares
1033 5107 1148 5175 autem,
1164 5100 1217 5177 qui
1232 5113 1304 5161 con-

558 5208 603 5261 tra
615 5199 699 5261 illius
721 5197 835 5259 decreti
851 5195 1075 5274 praescriptum
1090 5193 1223 5272 promoti
1240 5191 1304 5252 iue-

557 5294 632 5368 rint,
656 5301 686 5353 et
708 5291 870 5352 lintistites
892 5305 943 5350 eos
965 5294 1197 5368 promoventes,
1214 5301 1303 5347 cano·

558 5387 639 5447 nicas
655 5399 767 5464 poenas
782 5392 875 5461 atque
890 5398 1048 5456 censuras,
1065 5397 1144 5460 quae
1159 5381 1305 5441 adversus

557 5493 672 5540 sacram
690 5477 923 5560 ,ordinationem
951 5475 1154 5555 suscipientes
1176 5473 1213 5533 ab
1235 5472 1304 5551 Epi·

558 5587 659 5649 scopo,
681 5571 734 5649 qui
757 5571 899 5649 proprius
922 5573 956 5632 ad
980 5571 1063 5632 bunc
1077 5571 1223 5631 ellectum
1246 5567 1304 5630 dici

558 5675 589 5728 et
604 5666 709 5728 baberi
722 5665 844 5744 nequit,
861 5680 994 5726 necnon
1018 5666 1164 5726 adversus
1181 5663 1303 5740 Episco-

558 5777 621 5839 pos,
646 5761 762 5822 alienos
789 5759 927 5820 subditos
951 5759 1086 5820 indebite
1114 5759 1303 5831 ordinantes,

558 5857 590 5916 in
606 5855 675 5917 iure
689 5853 837 5916 canonico
853 5859 883 5914 et
900 5853 931 5912 in
947 5850 1221 5914 constitutionibus
1236 5865 1307 5928 apo·

558 5949 671 6012 stolicis
691 5954 824 6010 statutae
845 5945 1009 6008 habentur.

1052 583 1140 628 ,tuln
1165 580 1255 624 bov'r.
1282 577 1320 619 itti
1343 577 1370 619 P.
1397 575 1424 620 F.
1449 579 1530 622 batus
1553 579 1573 622 1.

2137 525 2230 610 Aac.
2250 564 2304 614 rur

1395 694 1555 760 Praeterea
1577 699 1722 761 volumus
1736 707 1828 780 atque
1842 699 2050 774 decernimus,
2069 703 2105 758 ut
2146 705 2314 809 uastatisq-

1356 789 1552 867 superiorum
1584 793 1778 869 regularium
1800 793 1999 867 dimissoriae,
2021 807 2105 872 qnae
2123 761 2315 878 {iefffiaha'nia‘

1356 881 1423 943 ideo
1445 885 1479 945 ad
1502 883 1597 946 alium
1620 886 1800 948 Antistitem
1816 886 1949 948 directae
1971 885 2103 958 luerint,
2124 875 2207 964 ῗξζρῖξ,
2223 877 2337 971 Ἦὲξρζζι

1356 982 1516 1054 propterea
1539 979 1618 1056 quod
1642 979 1807 1058 Episcopus
1832 977 2033 1041 llioecesanus
2049 994 2105 1040 cx·
2125 971 2254 1018 clamenus
2267 980 2315 1024 un.

1357 1073 1401 1128 tra
1424 1067 1586 1130 dioecesim
1607 1077 1835 1145 commoretur,
1859 1069 1908 1130 vel
1935 1069 2105 1132 ordinatio·
2317 1086 2321 1096 ·

1357 1175 1430 1221 nem
1452 1177 1515 1222 non
1538 1162 1577 1223 sit
1599 1162 1773 1237 babituruS,
1791 1163 1909 1226 nullius
1931 1163 1993 1224 sint
2014 1163 2106 1224 robo-
2289 1197 2294 1206 ·

1357 1255 1398 1316 ris
1419 1261 1450 1315 et
1471 1258 1637 1330 momenti,
1652 1258 1709 1318 nisi
1734 1259 1794 1320 illis
1816 1259 1919 1322 iuncta
1941 1259 2035 1322 luerit
2050 1277 2105 1321 au·

1357 1353 1491 1416 tbentica
1523 1355 1678 1416 attestatio
1710 1356 1815 1418 vicarii
1850 1355 2019 1432 generalis,
2052 1357 2105 1418 vel

1356 1447 1541 1523 cancellarii,
1560 1455 1611 1510 ant
1631 1451 1788 1513 secretarii
1810 1449 1945 1513 eiusdem
1962 1449 2104 1528 Episcopi
2336 1449 2337 1530 l

1357 1542 1549 1619 llioecesani,
1573 1561 1610 1608 er
1639 1561 1696 1624 qua
1723 1551 1858 1620 constet,
1882 1544 1931 1605 vel
1964 1544 2105 1624 ipsuma
2336 1553 2337 1628 l

1356 1635 1485 1698 dioecesi
1507 1637 1625 1713 abesse,
1650 1639 1701 1700 vel
1724 1639 1908 1714 clericorum
1935 1638 2108 1701 ordinatio-
2336 1639 2337 1694 l

1356 1744 1428 1790 nam
1450 1731 1630 1793 habiturum
1659 1749 1722 1795 non
1745 1749 1811 1795 esse
1836 1733 1979 1811 proximo
2000 1732 2106 1810 legiti-

1357 1839 1406 1886 mo
1423 1831 1562 1902 tempore
1576 1840 1632 1904 per
1643 1825 1858 1890 ecclesiasticas
1871 1826 1953 1904 leges
1968 1825 2003 1887 ad
2019 1827 2107 1888 bunc

1356 1917 1503 1978 ellectum
1523 1926 1654 1980 statuto:
1679 1921 1736 1982 boc
1751 1921 1837 1983 enim
1851 1937 1994 2000 expresse
2006 1918 2105 1983 decla·
2159 1927 2266 1984 episcopt
2280 1941 2318 1975 non

1356 2014 1416 2074 rari
1438 2029 1514 2092 opus
1541 2022 1598 2087 est,
1621 2014 1656 2076 ad
1683 2015 1904 2078 excludendam
1934 2014 2104 2077 nonnullo·
2126 1985 2320 2090 iissffr'iiur‘egi'r'ri'-

1356 2123 1426 2170 rum
1439 2111 1659 2184 arrogantiam,
1672 2109 1725 2186 qui
1740 2123 1837 2186 quum
1853 2109 2017 2190 privilegio
2029 2123 2105 2185 gan·
2127 2087 2319 2197 ffss,m,‘{,⁶,3{5¹,¹„¹ffj

1356 2201 1449 2264 deant
1476 2203 1661 2280 suscipiendi
1689 2205 1814 2266 ordines
1842 2211 1928 2266 extra
1951 2213 2103 2282 tempora,
2126 2195 2254 2304 gffffissffll
2271 2201 2319 2242 ἰθε-

1356 2296 1574 2358 existimarunt
1597 2297 1760 2375 Episcopus
1789 2297 1927 2376 ipsorum
1948 2297 2104 2360 voluntati
2192 2283 2196 2290 ’

1357 2395 1431 2455 adeo
1452 2389 1585 2453 addictos
1606 2407 1672 2476 esse
1701 2391 1823 2465 debere,
1846 2401 1880 2454 ut
1902 2391 1945 2466 si,
1967 2395 2105 2470 qnando-

1357 2501 1489 2564 cumque
1512 2485 1584 2564 ipsis
1606 2485 1770 2564 placuisset
1790 2485 1825 2548 ad
1841 2484 1965 2547 ordines
1979 2500 2107 2564 promo·

1357 2579 1435 2654 veri,
1459 2595 1523 2641 non
1544 2579 1659 2654 statim,
1683 2579 1810 2657 ipsoque
1831 2579 1880 2642 die
1900 2578 1937 2640 ab
1958 2577 2030 2657 ipsis
2051 2579 2106 2641 de-

1356 2673 1494 2750 signato,
1525 2673 1590 2735 voti
1622 2679 1777 2751 compotes
1803 2673 1932 2747 fierent,
1963 2673 2022 2733 iam
2043 2671 2106 2733 dici

1356 2772 1469 2843 posset,
1492 2765 1720 2828 ordinationem
1742 2765 1779 2827 ab
1794 2765 1943 2844 Episcopo
1965 2781 2028 2826 non
2051 2765 2107 2825 ba-

1357 2858 1434 2933 beri,
1457 2858 1650 2937 proindeque
1664 2857 1741 2920 alius
1757 2859 1924 2937 Episcopus
1939 2873 1994 2936 pro
2007 2857 2107 2919 susci·

1356 2949 1475 3029 piendis
1497 2951 1657 3014 ordinibus
1680 2951 1839 3014 adeundus
1861 2957 1950 3013 esset.
1973 2949 2058 3026 Quod
2078 2949 2105 3010 si

1356 3043 1466 3123 aliquis
1489 3043 1624 3106 Antiates
1655 3044 1833 3120 regularem
1853 3044 1971 3118 virum,
1994 3043 2026 3106 in
2048 3057 2104 3106 sua

1356 3138 1486 3200 dioecesi
1508 3139 1669 3216 proprium
1691 3137 1883 3221 domicilium
1905 3153 1967 3199 non
1989 3137 2106 3200 baben-

1357 3241 1432 3306 tem,
1451 3232 1523 3293 solis
1545 3233 1639 3310 ipsius
1661 3232 1828 3310 superioris
1850 3229 2105 3292 dimissorialibus

1355 3326 1453 3388 literis
1476 3332 1653 3400 contentus,
1669 3326 1736 3386 sine
1748 3325 1889 3386 adiuncta
1912 3322 2044 3401 praelata
2059 3330 2104 3383 at-

1357 3421 1519 3481 testatione
1542 3420 1571 3480 in
1602 3418 1700 3479 iorma
1729 3418 1887 3496 probanti,
1915 3419 1949 3478 ad
1978 3417 2104 3478 ordines

1356 3529 1540 3591 promovero
1565 3513 1823 3590 praesumpserit;
1853 3510 2050 3575 decernimus
2071 3520 2104 3571 et

1356 3609 1546 3671 declaramus
1578 3609 1663 3670 bunc
1692 3607 1755 3685 ipso
1784 3605 1860 3668 iacto
1888 3606 2049 3666 incurrere
2070 3604 2104 3664 in

1356 3717 1469 3780 poenas
1489 3701 1649 3763 canonicas
1670 3701 1817 3762 adversus
1836 3715 1888 3760 eos
1907 3698 2103 3772 constitutas,

1355 3799 1408 3877 qni
1431 3797 1567 3858 alienum
1583 3795 1741 3857 subditum
1759 3793 1907 3870 legitimis
1922 3791 2104 3855 dimissoriis

1355 3891 1540 3952 destitutum
1562 3889 1787 3951 ordinaverint.

1395 3983 1661 4059 Qaaemadmodum
1679 3998 1753 4043 vero
1770 3997 1879 4044 eorum
1897 3981 2043 4042 ordinum
2055 3977 2103 4040 re·
2148 3971 2313 4034 libidis-<l-

1357 4079 1516 4156 gularium
1538 4077 1699 4155 privilegia
1722 4079 1810 4138 lirma
1832 4083 1863 4137 et
1885 4084 1947 4137 rata
1963 4089 2027 4136 esse
2049 4089 2103 4132 vo-
2124 4025 2312 4138 ῗιῗέῗῃὲιῖιῗῇῗιξ-

1355 4173 1472 4247 lumus,
1488 4171 1599 4250 quibus
1621 4171 1658 4232 ab
1670 4171 1839 4249 Apostolica
1855 4171 1932 4233 Sede
1947 4167 2104 4247 reperitur
2123 4146 2182 4234 flssg'
2193 4135 2313 4240 ibiibi?

1356 4267 1527 4340 indultum,
1551 4272 1585 4326 ut
1607 4280 1716 4326 eorum
1738 4263 1857 4326 alumni
1873 4281 1888 4324 a
1903 4262 2041 4341 quolibet
2056 4277 2103 4321 ca·
2122 4248 2172 4288 ἴω·

1357 4360 1470 4422 tholico
1503 4359 1651 4420 Antistite
1678 4359 1773 4436 ipsius
1801 4357 1887 4422 Sedis
1918 4356 2050 4434 gratiam
2073 4361 2103 4415 et

1356 4453 1610 4517 communionem
1638 4452 1772 4513 habente
1796 4450 1932 4512 ordinari
1960 4448 2101 4524 valeant;

1357 4547 1525 4610 dummodo
1551 4544 1729 4607 buiusmodi
1759 4543 1920 4623 privilegia
1946 4549 2014 4620 post
2036 4542 2103 4604 Tri-

1356 4640 1522 4702 dentinum
1535 4639 1720 4713 Concilium,
1734 4644 1765 4699 et
1782 4639 1853 4716 ipsis
1875 4637 2033 4700 ordinibus
2048 4653 2105 4698 no-

1359 4733 1500 4796 minatim
1513 4741 1607 4812 atque
1621 4733 1746 4807 directe,
1757 4747 1819 4793 non
1833 4739 1937 4794 autem
1952 4747 2007 4810 per
2021 4745 2104 4792 com-

1358 4827 1612 4900 municationem,
1629 4842 1768 4888 concessa
1790 4823 1927 4906 luerint;
1951 4825 1992 4886 ita
2013 4839 2103 4902 porro

1358 4921 1461 4982 omnia
1484 4920 1596 4981 similia
1617 4920 1790 4998 privilegia,
1803 4935 1881 4998 quae
1902 4919 1968 4982 aliis
1988 4919 2104 4980 ordini·

1360 5014 1416 5076 bus
1438 5021 1510 5075 ante
1542 5012 1714 5090 praelatum
1741 5013 1915 5076 Concilium
1951 5012 2105 5074 Tridenti-

1359 5123 1447 5179 nnm,
1472 5107 1509 5168 ab
1532 5107 1594 5184 ipsa
1609 5106 1700 5168 etiam
1716 5107 1887 5185 Apostolica
1909 5103 1988 5167 Sede
2003 5115 2033 5169 et
2047 5106 2104 5167 sub

1359 5202 1605 5280 quibuscumque
1621 5201 1780 5263 tenoribus
1794 5207 1825 5262 et
1845 5201 1961 5276 lormis,
1985 5199 2104 5262 indulta

1359 5295 1432 5368 sint,
1456 5295 1506 5355 vel
1529 5295 1621 5355 etiam
1644 5301 1711 5372 post
1733 5295 1835 5372 ipsum
1851 5294 2025 5358 Concilium
2040 5310 2104 5354 non

1359 5389 1432 5467 ipsis
1453 5389 1567 5450 directe
1590 5404 1742 5462 concessa,
1759 5388 1809 5448 sed
1829 5403 1884 5466 per
1898 5387 2105 5462 communica-

1361 5483 1478 5544 tionem
1500 5482 1534 5542 ad
1558 5497 1609 5542 eos
1639 5489 1764 5542 extensa
1786 5497 1852 5542 esse
1880 5481 2033 5555 dicantur,
2055 5480 2106 5541 iis-

1360 5576 1430 5636 dem
1452 5573 1635 5636 auntoritate
1657 5581 1687 5634 et
1711 5582 1829 5647 tenore,
1847 5575 1931 5636 nulla
1954 5581 1985 5654 et
2007 5573 2105 5649 irrita,

1361 5669 1508 5745 omnique
1529 5667 1637 5743 vigore
1659 5683 1692 5727 ac
1714 5666 1835 5741 robore,
1849 5667 1883 5729 ad
1900 5667 2055 5742 effectum,
2068 5668 2106 5729 de

1362 5777 1422 5838 quo
1445 5760 1557 5836 agitur,
1582 5760 1706 5837 penitus
1728 5759 1872 5821 destituta
1885 5767 1916 5820 et
1934 5775 2027 5822 vacua
2040 5775 2106 5822 esse

1362 5852 1508 5914 volumus
1531 5859 1561 5914 et
1578 5852 1757 5914 statuimus:
1775 5852 1980 5914 Decerncntes
2001 5853 2108 5915 buius-

1362 5947 1446 6008 modi
1482 5945 1643 6024 privilegia
1676 5961 1871 6026 nequaquam
1902 5954 1969 6026 post
2000 5947 2108 6010 Conci-
