4856 6984
322 517 375 570 An.
390 519 420 572 G.
441 520 508 574 1751

329 2921 400 2966 Nova
417 2922 514 2976 petitio.

559 522 619 588 1110

539 663 671 742 singulis
685 661 822 743 patribus
837 671 868 726 et
883 665 1045 740 matribus,
1061 663 1203 739 familias,
1220 665 1284 744 qui,

541 759 573 822 in
597 760 659 822 suis
681 759 834 835 domibus,
858 759 975 837 liberis,
1003 761 1125 824 lamulis
1146 767 1177 822 et
1198 759 1286 822 iami-

541 853 667 916 liaribus
678 854 841 933 utriusque
855 869 946 916 sexus
960 854 1132 917 doctrinam
1149 853 1286 916 christia-

541 963 613 1009 nam
626 947 851 1025 explanassent,
864 946 1001 1027 qualibet
1013 946 1080 1010 vice
1091 948 1121 1011 id
1136 946 1283 1023 egissent,

540 1047 667 1102 centum
693 1040 770 1102 dies:
795 1041 872 1102 item
893 1041 941 1115 iis,
972 1041 1025 1121 qui
1048 1057 1103 1120 per
1131 1041 1283 1116 civitates,

541 1142 654 1210 terras,
677 1138 708 1196 et
739 1133 796 1196 alia
821 1134 884 1196 loca
916 1134 1015 1210 viros,
1049 1133 1207 1211 mulieres,
1230 1142 1284 1198 aut

538 1243 651 1306 pueros
676 1229 711 1291 ad
743 1228 920 1291 discendam
946 1227 1085 1290 eamdem
1112 1227 1283 1290 doctrinam

538 1320 739 1384 christianam
758 1322 887 1385 docendi
909 1339 994 1386 causa
1023 1321 1282 1394 circumivissent,

537 1422 657 1493 septem
679 1430 788 1492 annos3
804 1433 837 1478 ac
852 1417 946 1478 etiam
961 1417 1015 1497 qui
1036 1425 1123 1480 extra
1144 1415 1283 1478 civitates

537 1509 573 1570 ad
595 1508 693 1584 illam,
716 1515 751 1571 ut
772 1509 958 1587 praefertur,
972 1512 1140 1575 docendam
1161 1526 1216 1590 per
1238 1528 1284 1572 ca-

536 1609 646 1666 straet
666 1603 739 1665 villa
761 1603 1064 1681 exivissent,'deoem
1079 1620 1193 1667 annos:
1219 1621 1283 1667 om·

537 1698 629 1762 nibus
650 1704 681 1759 et
707 1697 838 1774 singulis
860 1698 1130 1774 Christihdelibus,
1155 1699 1207 1777 qui
1229 1715 1284 1778 per

537 1791 670 1854 mediam
700 1791 807 1852 horam
835 1791 993 1854 doctrinae
1021 1793 1208 1870 praedictae,
1231 1800 1282 1854 aut

536 1884 671 1947 discendi
686 1893 739 1948 aut
756 1884 885 1947 docendi
901 1901 999 1961 causa,
1012 1886 1214 1962 studuissent,
1231 1896 1282 1949 aut

535 1977 635 2041 eidem
657 1979 814 2041 doctrinae
835 1979 1034 2058 interessent,
1056 1987 1184 2044 centum
1205 1983 1280 2044 dies:

535 2073 651 2136 eisdem
679 2073 785 2149 etiam,
815 2073 869 2153 qui
895 2076 1068 2138 doctrinam
1095 2075 1281 2156 praedictam

534 2167 644 2230 docere
672 2167 919 2244 consuevissent,
949 2169 973 2230 si
996 2169 1137 2232 infirmos
1163 2167 1281 2231 visitas-

533 2265 615 2335 sent,
638 2260 758 2338 quoties
780 2260 811 2321 id
832 2261 988 2337 iecissent,
1005 2263 1154 2325 ducentos
1168 2263 1281 2326 diesde

534 2352 682 2415 iniunctis
703 2354 757 2428 eis,
775 2370 830 2416 seu
851 2355 924 2416 alias
945 2355 1176 2434 quomodolibet
1197 2357 1283 2419 debi-

535 2445 571 2508 tis
593 2446 793 2526 poenitentiis
808 2447 840 2508 in
856 2446 952 2510 lorma
970 2448 1121 2512 Ecclesiae
1136 2457 1280 2514 consueta

534 2540 694 2615 relaxavit,
719 2540 1028 2620 1111111,11111111
1056 2542 1144 2604 dictis
1170 2543 1279 2620 literis,

534 2650 666 2712 quarum
688 2641 830 2698 tenorem
852 2635 1066 2712 praesentibus
1090 2651 1280 2716 111111111-

533 2726 693 2789 1111111111
715 2727 879 2804 volumus,
903 2728 1027 2793 uberius
1048 2729 1162 2792 dicitur
1183 2732 1281 2795 conti·

533 2819 613 2881 neri.

574 2913 642 2988 §2
666 2914 745 2977 Gum
765 2919 881 2991 autem,
903 2917 982 2978 sicut
1003 2917 1109 2979 eadem
1130 2919 1281 2998 expositio

533 3007 752 3085 subiungebat,
765 3007 927 3088 dictusque
941 3010 1085 3090 losephus
1100 3023 1280 3090 1111111111

533 3099 698 3176 asserebat,
721 3102 943 3180 quamplurimi
963 3103 1174 3182 Philosophiae
1190 3112 1279 3168 1111-

534 3210 602 3256 1111
623 3194 808 3272 Theologiae
822 3196 974 3272 magistri,
994 3197 1107 3276 aliique
1122 3200 1280 3262 11111111-

534 3289 650 3351 11111111
673 3289 792 3352 alumni
815 3291 847 3352 in
869 3305 953 3351 sacro
975 3290 1206 3370 presbyteratus
1227 3293 1279 3358 Or-

533 3384 606 3447 dine
628 3383 800 3460 constituti,
817 3383 849 3444 in
876 3383 1091 3462 Hispaniarum
1114 3386 1230 3462 regnis,
1246 3403 1279 3450 ac

533 3477 692 3540 indiarum
720 3476 857 3554 partibus
886 3476 1065 3540 charissimo
1096 3479 1128 3540 in
1156 3480 1279 3542 Christo

533 3572 597 3635 lilio
619 3581 724 3636 nostro
751 3574 945 3638 Ferdinando
971 3575 1150 3638 earumdem
1174 3577 1279 3656 llispa-

532 3669 657 3732 niarum
678 3669 753 3746 Regi
783 3667 940 3731 Gatbolico
960 3669 1117 3745 subiectis,
1145 3671 1279 3734 existen·

533 3769 590 3839 tes,
613 3766 688 3827 dum
722 3771 842 3840 tempus
873 3763 946 3841 ipsis
974 3770 1071 3841 vacat,
1095 3781 1150 3844 per
1180 3765 1279 3846 aliqua

530 3857 595 3920 loca
617 3863 799 3932 excurrunt,
830 3863 864 3918 ut
886 3858 978 3920 sacris
1006 3859 1203 3922 missionibus
1224 3877 1280 3940 per

532 3961 605 4022 tres,
636 3958 780 4030 quatuor,
803 3959 855 4012 aut
876 3951 981 4028 plures
1009 3953 1085 4029 dies,
1114 3962 1206 4031 prout
1227 3971 1278 4034 op-

530 4043 674 4122 pidorum
706 4041 871 4104 necessitas
899 4043 1007 4120 exigit,
1028 4045 1080 4106 vel
1102 4045 1222 4125 propria
1245 4047 1276 4108 in

531 4137 679 4214 collegiis,
702 4137 888 4212 seminariis,
906 4137 1092 4214 residentiis,
1108 4145 1161 4202 ant
1182 4139 1279 4204 domi-

530 4233 587 4295 bus
608 4231 705 4294 dictae
728 4231 888 4295 societatis
910 4232 1007 4294 cilicia
1029 4242 1060 4296 et
1082 4251 1211 4298 munera
1233 4239 1278 4301 111

531 4325 712 4390 demandata
737 4324 796 4388 sibi
825 4327 1028 4406 permittunt,
1058 4344 1183 4406 operam
1206 4333 1278 4394 dare

531 4419 658 4500 possint,
689 4435 753 4482 non
776 4436 845 4481 raro
866 4420 1003 4482 accidere
1032 4422 1126 4497 solet,
1151 4429 1184 4484 ut
1207 4441 1278 4488 cum

531 4514 563 4575 in
585 4511 635 4574 die
655 4512 733 4574 lesto
745 4513 776 4574 in
793 4513 924 4591 propriis
936 4513 1095 4578 Societatis
1107 4517 1277 4594 praedictae

530 4607 672 4669 domibus
693 4623 759 4668 esse
780 4606 928 4683 debeant,
952 4616 986 4670 ut
1007 4608 1040 4670 in
1064 4609 1116 4672 illo
1138 4611 1278 4676 ministe-

531 4700 584 4762 riis
610 4699 668 4761 sibi
699 4699 886 4776 commissis,
917 4701 967 4762 vel
994 4701 1197 4782 insequenti
1229 4707 1278 4769 die

529 4795 642 4858 scholis
664 4803 786 4870 vacent,
808 4794 882 4857 hinc
897 4803 954 4872 est,
971 4799 1051 4876 quod
1075 4813 1138 4859 non
1160 4801 1277 4877 possint

530 4887 673 4966 excipere
707 4887 912 4952 consessiones
935 4889 967 4952 in
998 4890 1083 4967 locis,
1106 4891 1138 4953 in
1165 4893 1277 4970 quibus

530 4997 628 5043 sacras
650 4981 810 5044 missiones
838 4982 1016 5045 huiusmodi
1041 4983 1176 5061 iaciunt,
1198 4988 1278 5065 quae

531 5075 562 5137 in
585 5075 695 5138 maiori
717 5075 801 5153 copia
822 5075 933 5138 ultimo
957 5077 1112 5141 missionis
1128 5079 1176 5142 die
1190 5089 1275 5162 sunt,

529 5174 560 5230 et
575 5167 687 5246 quibus
701 5168 865 5246 aliqnando
880 5185 943 5231 non
960 5180 1004 5233 est
1019 5170 1275 5237 confessariorum

529 5261 625 5340 copia,
649 5261 831 5339 praesertim
846 5261 1000 5340 aliquibus
1014 5263 1046 5326 in
1062 5263 1145 5339 locis,
1162 5265 1215 5327 ubi
1229 5282 1276 5327 so·

530 5353 577 5416 lus
598 5356 748 5433 parochus
769 5359 815 5417 est
836 5355 1050 5433 confessarius,
1070 5374 1105 5419 11
1125 5357 1220 5420 etiam
1241 5366 1276 5422 ut

528 5447 623 5526 aliqui
645 5449 827 5525 1111111111,
850 5449 904 5527 qui
926 5457 1076 5513 tenentur
1097 5467 1219 5514 sacrum
1234 5452 1274 5515 la-

528 5557 598 5603 cere
618 5539 651 5602 in
673 5540 730 5602 alia
762 5542 910 5619 ecclesia,
933 5559 1027 5622 quam
1055 5543 1108 5606 nbi
1137 5543 1273 5608 doctrina

528 5633 690 5696 christiana
713 5634 860 5713 explicata
876 5643 932 5711 est,
946 5651 1042 5716 eaque
1056 5637 1094 5700 de
1110 5655 1197 5700 causa
1213 5639 1274 5717 ple·

527 5727 644 5789 nariam
661 5725 893 5804 indulgentiam
903 5729 1000 5792 semel
1012 5730 1045 5792 in
1060 5745 1143 5793 anno
1158 5731 1195 5792 ab
1210 5731 1273 5810 ipso

526 5820 674 5897 Gregorio
696 5837 870 5894 concessam
892 5823 1088 5886 sumentibus
1114 5823 1275 5887 Sanctissi-

527 5930 616 5976 mum
638 5914 848 5978 Eucharistiae
869 5913 1104 5982 Sacramentum
1125 5917 1174 5980 die
1195 5919 1274 5982 11111

1065 543 1129 588 11111.
1154 544 1243 590 PON'l'·
1268 545 1308 589 bn
1330 545 1358 590 P·
1383 547 1411 592 tt.
1437 548 1517 594 l'hllS
1540 551 1560 594 l.

1342 662 1379 724 ab
1399 663 1558 730 Ordinario
1573 670 1763 748 designando
1778 673 1812 736 in
1828 673 1965 751 ecclesia,
1980 676 2014 738 in
2029 691 2087 756 qua

1342 755 1481 820 doctrina
1496 759 1662 826 christiana
1677 763 1816 842 docetur,
1834 765 1946 830 lucrari
1958 785 2022 832 non
2037 787 2087 834 va·

1342 849 1436 927 leant,
1459 869 1492 916 ac
1518 855 1646 934 proinde
1668 860 1768 922 dictus
1795 849 1942 939 l'osepbus
1970 863 2088 926 missio-

1342 945 1501 1008 nariornm
1517 949 1693 1016 huiusmodi
1704 953 1875 1032 spiritualis
1886 957 2086 1020 consolationi

1340 1053 1395 1115 per
1417 1056 1473 1102 nos
1504 1045 1678 1123 providere,
1704 1054 1792 1110 1111
1818 1049 1896 1114 inira
1925 1049 2087 1128 indulgere

1340 1130 1510 1210 plurimum
1533 1136 1696 1216 desideret,

2118 540 2172 593 An.
2187 541 2218 593 0.
2242 539 2314 592 1751

1378 1225 1397 1300 5
1418 1227 1447 1288 3.
1472 1227 1532 1290 Nos
1555 1231 1612 1309 piis
1635 1233 1774 1298 eiusdem
1802 1236 1921 1317 losepbi
1943 1257 2086 1319 procura·
2139 1250 2327 1307 indulgendas

1340 1320 1415 1380 toris
1437 1322 1516 1384 votis
1548 1325 1603 1388 hac
1624 1325 1656 1388 in
1682 1342 1726 1404 re,
1753 1337 1907 1408 quantum
1928 1349 2000 1396 cum
2028 1335 2085 1396 Do·

1339 1412 1425 1474 mino
1446 1431 1618 1495 possumus,
1639 1419 1851 1486 favorabiliter
1872 1415 2012 1492 annuere
2033 1445 2086 1490 vo-

1339 1504 1922 1594 lentes,huiusmodisupplicationibus
1934 1521 2084 1600 inclinati,

1338 1602 1525 1680 supradictas
1553 1619 1662 1668 omnes
1691 1609 1899 1688 indulgentias
1924 1631 1957 1678 ac
1983 1633 2084 1696 pecca·

1339 1699 1440 1756 torum
1455 1696 1651 1762 remissiones
1671 1710 1702 1764 et
1724 1705 1987 1782 poenitentiarum
2009 1711 2086 1773 rela-

1340 1787 1477 1852 xationes
1499 1805 1514 1850 a
1536 1801 1707 1857 memorato
1734 1797 1884 1875 Gregorio
1911 1803 2084 1879 praedeces-

1337 1896 1406 1942 sore
1433 1884 1577 1946 omnibus
1598 1892 1629 1948 et
1650 1888 1783 1966 singulis
1811 1895 1950 1970 personis
1974 1895 2086 1959 doctri·

1337 1989 1411 2036 nam
1432 1975 1630 2041 christianam
1654 1981 1830 2046 huiusmodi
1852 1987 2033 2053 docentibus
2053 2001 2084 2054 et

1337 2067 1523 2133 discentibus
1539 2089 1706 2150 concessas,
1722 2080 1906 2143 auctoritate
1922 2085 2082 2160 apostolica

1337 2165 1447 2224 tenore
1467 2167 1680 2242 praesentium
1701 2172 1904 2248 approbamus
1919 2182 1949 2236 et
1971 2178 2084 2239 condr-

1336 2268 1469 2332 mamus,
1486 2272 1531 2333 ac,
1547 2267 1703 2336 quatenus
1724 2277 1800 2340 opus
1814 2265 1865 2341 sit,
1886 2270 2032 2332 omnibus
2052 2282 2084 2334 et

1336 2347 1469 2424 singulis
1491 2351 1663 2430 praedictis,
1680 2359 1843 2433 praemissa
1860 2358 1892 2423 in
1906 2361 1995 2424 dictis
2015 2365 2083 2428 lite·

1336 2440 1378 2500 ris
1400 2448 1544 2506 contenta
1566 2449 1797 2525 peragentibus,
1820 2453 1859 2514 de
1879 2470 1960 2516 novo
1981 2467 2084 2521 aucto·

1337 2530 1426 2594 ritate
1447 2535 1580 2612 praelata
1603 2542 1809 2605 concedimus.
1843 2545 2004 2611 Praeterea
2026 2553 2082 2613 eis-

1336 2623 1407 2686 dem
1429 2626 1609 2707 Ordinariis,
1626 2632 1658 2694 in
1680 2633 1895 2714 hispaniarum
1916 2640 2031 2719 Regnis
2052 2653 2083 2707 11

1335 2715 1492 2781 indiarum
1507 2723 1646 2799 partibus
1664 2727 1840 2807 existentes,
1857 2739 1892 2796 ut
1907 2732 1974 2812 ipsi,
1990 2737 2016 2797 si
2031 2754 2083 2817 op·

1335 2815 1507 2888 portunum
1529 2833 1595 2879 esse
1623 2819 1890 2902 existimaverint,
1920 2829 2083 2894 accedente

1335 2903 1429 2965 etiam
1450 2910 1634 2974 eorumdem
1648 2911 1915 2980 missionariornm
1930 2935 2081 2985 consensu

1335 3002 1365 3058 et
1387 2999 1567 3064 necessitate
1588 3003 1618 3065 id
1639 3006 1826 3085 postulante,
1858 3011 1940 3074 diem
1967 3013 2080 3078 testum

1335 3089 1512 3154 huiusmodi
1527 3097 1563 3155 ab
1575 3094 1636 3158 illis
1647 3099 1871 3176 designandum
1886 3106 1921 3168 ad
1937 3107 2081 3171 ellectum

1335 3187 1545 3262 consequendi
1571 3187 1742 3267 plenariam
1770 3193 1999 3274 indulgentiam
2028 3218 2082 3281 111

1334 3286 1544 3340 memoratum
1589 3279 1772 3359 Gregorium
1817 3292 2080 3366 praedecessorem

1335 3385 1521 3448 concessam,
1544 3376 1739 3440 sumentibus
1763 3377 2000 3448 Sanctissimum
2022 3386 2081 3448 Eu-

1334 3463 1495 3528 charistiae
1510 3463 1745 3533 Sacramentum
1765 3473 1798 3534 111
1820 3475 1957 3554 11111111,
1975 3479 2080 3558 inqua

1335 3557 1472 3622 doctrina
1494 3561 1657 3625 christiana
1679 3567 1817 3644 docetur,
1837 3566 1933 3632 'etiam
1955 3572 1986 3634 in
1998 3572 2080 3636 diem

1335 3652 1480 3716 feriatum
1495 3667 1687 3720 commutare
1702 3660 1831 3738 possint,
1847 3679 1940 3740 quam
1954 3666 2080 3745 quidem

1334 3751 1562 3829 indulgentiam
1586 3763 1648 3817 tam
1675 3755 1833 3834 regulares
1856 3759 1953 3821 dictae
1980 3758 2080 3824 Socie-

1334 3847 1417 3925 tatis,
1439 3864 1534 3926 qnam
1555 3847 1725 3913 saeculares
1740 3852 1911 3930 presbyteri
1932 3855 2080 3918 cumillis

1335 3952 1545 4022 cooperantes,
1567 3947 1622 4024 qui
1644 3945 1716 4010 alibi
1737 3965 1830 4027 quarn
1846 3949 1878 4010 in
1894 3949 2030 4025 ecclesia,
2047 3951 2079 4012 in

1333 4059 1393 4121 qua
1408 4041 1558 4121 explicata
1573 4049 1620 4104 est
1634 4041 1773 4106 doctrina
1788 4042 1966 4119 christiana,
1983 4060 2080 4106 sacro-

1333 4141 1476 4198 sanctum
1504 4135 1611 4198 Missae
1637 4136 1822 4199 sacrificinm
1854 4137 2009 4201 celebrare
2038 4145 2080 4201 te-

1334 4239 1462 4306 nentur,
1474 4231 1622 4310 consequi
1637 4238 1667 4293 et
1682 4231 1794 4294 lucrari
1816 4233 1951 4310 valeant,
1973 4249 2080 4311 qnam·

1334 4325 1380 4386 vis
1401 4324 1510 4386 eodem
1531 4324 1580 4386 die
1602 4325 1695 4387 etiam
1717 4325 1826 4388 1111111
1848 4326 1885 4387 ab
1905 4326 2079 4405 0111111111,

1332 4417 1411 4480 sicut
1428 4418 1650 4496 praemittitur,
1665 4417 1823 4496 designato
1838 4420 1870 4482 in
1886 4420 2012 4482 ecclesia
2027 4422 2080 4484 ubi

1333 4511 1472 4574 doctrina
1488 4511 1652 4574 christiana
1668 4512 1843 4575 huiusmodi
1859 4515 2007 4592 explicata
2022 4523 2079 4588 est,

1333 4606 1465 4668 minime
1488 4603 1657 4681 celebrent,
1670 4606 1720 4668 vel
1741 4623 1857 4669 sacram
1880 4609 2079 4672 Communia-

1333 4716 1406 4762 nem
1432 4716 1495 4762 non
1525 4707 1666 4762 sumant:
1693 4700 1797 4763 Firma
1820 4701 1852 4766 in
1882 4703 2009 4783 reliquis
2031 4720 2079 4765 re—

1333 4801 1479 4857 manente
1494 4796 1646 4859 dictarum
1662 4795 1823 4858 literarum
1837 4797 1979 4874 Gregorii
1994 4813 2078 4876 prae-

1332 4887 1497 4950 decessoris
1519 4888 1728 4966 dispositione,
1758 4891 1941 4952 auctoritate
1962 4891 2077 4969 praedi-

1332 4988 1378 5043 cta
1400 4981 1610 5058 indulgemus.

1370 5077 1389 5151 5
1410 5075 1439 5136 1.
1464 5075 1532 5138 Non
1553 5074 1745 5138 obstantibus
1766 5078 1910 5140 omnibus
1925 5085 1956 5140 et
1971 5079 2076 5157 singu-

1331 5169 1367 5231 lis
1390 5169 1461 5246 illis,
1484 5185 1562 5248 qnae
1583 5169 1667 5233 idem
1679 5169 1847 5248 Gregorius
1866 5171 2078 5250 praedecessor

1331 5261 1362 5322 in
1378 5262 1442 5323 suis
1458 5261 1928 5340 111111111111111111111111111
1944 5263 2075 5340 obstare,

1330 5355 1520 5434 caeterisque
1535 5355 1697 5417 contrariis
1712 5355 1975 5436 quibuscumque:
1992 5374 2077 5436 prae-

1330 5449 1469 5512 sentibus
1491 5450 1648 5529 perpetuis
1669 5449 1783 5510 futuris
1812 5451 2003 5528 temporibus
2025 5469 2076 5514 va-

1330 5543 1441 5605 lituris.
1467 5543 1618 5606 Volumus
1633 5543 1738 5618 etiam,
1756 5550 1790 5606 ut
1805 5545 2016 5622 praesentium
2027 5562 2075 5607 ea-

1330 5636 1473 5700 rumdem
1496 5637 1657 5700 literarum
1674 5640 1886 5717 transumptis,
1902 5657 1957 5703 seu
1971 5657 2075 5706 exem-

1329 5732 1398 5810 plis,
1414 5733 1506 5794 etiam
1528 5735 1696 5813 impressis,
1708 5753 1803 5799 manu
1824 5739 1982 5800 secretarii
2004 5741 2069 5802 sub·

1328 5828 1460 5905 scriptis,
1473 5837 1505 5891 ct
1518 5829 1621 5905 sigillo
1632 5830 1797 5908 praepositi
1809 5832 1963 5907 generalis
1978 5833 2075 5896 dictae

1328 5918 1488 5984 Societatis
1520 5937 1575 6000 pro
1607 5929 1747 6002 tempore
1778 5923 1996 6003 existentium,
2025 5927 2073 5990 vel

2104 1305 2246 1352 1111111111.

2122 5098 2270 5147 Clausulas.
