4828 6990
331 543 385 598 An.
400 541 430 596 O.
452 537 520 594 1749
569 537 628 604 406

550 692 623 739 cum
643 677 819 738 animarum
844 676 1050 751 detrimento,
1073 676 1227 738 subiaceat
1248 692 1295 738 ec·

550 770 709 832 clesiastici
735 769 896 846 regiminis
918 769 996 831 ratio
1017 770 1050 836 in
1075 769 1216 848 pluribus
1238 783 1295 830 nec

550 863 738 941 ignobilibus
759 879 817 926 nec
838 863 1089 942 infrequentibus
1111 863 1196 936 iocis,
1219 872 1296 926 tem·

551 959 644 1037 porali
667 958 843 1020 businiacae
864 957 998 1020 familiae
1019 957 1156 1020 dominio
1178 956 1294 1018 subiec-

552 1052 600 1124 tis,
617 1067 696 1129 quae
707 1051 915 1130 Aquileiensis
926 1050 1076 1112 Dioecesis
1091 1056 1209 1128 partem
1224 1065 1296 1111 con-

550 1145 698 1220 stituunt,
722 1145 761 1206 ob
782 1144 1025 1223 plu1·es,graves
1046 1149 1139 1221 atque
1161 1143 1296 1204 notorias

550 1238 769 1314 dissensiones,
785 1237 897 1316 quibus
918 1235 1114 1299 adbucnulla
1134 1253 1150 1297 a
1172 1237 1295 1314 praede·

550 1331 720 1394 sessoribus
741 1330 866 1405 nostris,
880 1337 932 1392 aut
947 1347 961 1390 a
979 1330 1066 1392 nobis
1088 1329 1172 1408 ipsis,
1195 1344 1295 1390 reme·

551 1424 599 1486 dia
622 1425 742 1487 utiliter
770 1425 915 1503 praestari
944 1431 1132 1502 potueruni;
1161 1437 1294 1500 cumque

551 1518 644 1580 etiam
666 1518 858 1598 experientia
879 1526 1073 1596 compertum
1093 1517 1146 1591 sit,
1162 1515 1244 1576 varia
1260 1515 1295 1576 ad

551 1611 634 1672 bunc
656 1613 739 1674 diem
766 1612 936 1688 excogitata
958 1610 1083 1674 consilia
1107 1618 1137 1671 el
1162 1609 1296 1672 adhibita

553 1711 810 1783 temperamenta,
823 1705 859 1766 ad
870 1703 1097 1767 consulendum
1110 1719 1218 1765 earum
1232 1701 1296 1764 ani-

551 1815 674 1860 marum
706 1798 857 1874 gubernio
889 1799 1004 1877 pariter
1036 1797 1158 1858 inutilia
1184 1797 1295 1874 fuisse3

552 1893 675 1972 iamque
696 1893 768 1954 satis
783 1899 903 1955 constet
923 1892 1004 1954 nibil
1026 1907 1060 1952 ea
1082 1890 1114 1954 in
1137 1907 1170 1952 re
1190 1892 1297 1969 profici

551 2002 650 2066 posse,
674 1987 732 2048 nisi
748 1987 781 2048 in
796 1987 958 2065 praedictis
980 1985 1054 2048 locis
1076 1985 1298 2047 ecclesiasticus

551 2081 691 2158 superior
717 2080 942 2153 constituatur,
967 2079 1031 2156 qui,
1055 2079 1097 2140 ibi
1122 2077 1296 2153 residendo,

553 2181 656 2237 nostra
677 2181 708 2235 et
730 2173 921 2252 apostolicae
946 2172 1038 2234 buius
1060 2171 1147 2234 Sedis
1167 2173 1299 2234 auctori-

551 2275 613 2328 tate
634 2269 807 2330 animarum
830 2266 972 2342 regimen
994 2271 1092 2342 gerat,
1124 2263 1191 2326 sine
1213 2280 1298 2343 prae·

550 2361 664 2422 iudicio
679 2361 797 2422 iurium
809 2360 942 2439 partium
954 2357 1217 2430 dissentientium,
1235 2366 1297 2418 tam

551 2589 626 2648 gravi
639 2589 773 2636 pontificis
784 2589 906 2634 molestia
916 2587 996 2634 fuerit
1006 2589 1193 2636 desistendum.
1206 2593 1298 2640 Quam·

551 2659 641 2704 obrem
656 2661 706 2702 beo
720 2661 746 2702 0.
762 2659 793 2700 ui.
809 2657 945 2712 negotium
965 2655 1097 2713 imprimis
1115 2658 1296 2702 commendan-

551 2729 599 2781 tes,
614 2729 640 2771 et
654 2723 733 2770 rebus
747 2724 870 2770 omnibus
888 2727 1011 2770 accurate
1030 2723 1197 2778 examinatis,
1212 2725 1297 2769 decre-

552 2794 637 2838 vimus
644 2792 778 2838 Vicarium
786 2790 964 2846 apostolicum
973 2790 1133 2836 constituere
1144 2790 1171 2835 in
1180 2801 1211 2836 ea
1222 2793 1297 2847 parte

550 2853 676 2904 dioecesis
690 2857 874 2915 aquilejensis,
888 2868 967 2914 quarn
983 2858 1036 2902 iam
1057 2857 1135 2904 toties
1154 2857 1299 2902 nominavi·

552 2937 623 2979 mus;
638 2925 707 2982 quod
720 2927 746 2970 et
761 2924 844 2970 sacris
853 2923 1005 2978 canonibus,
1015 2926 1042 2968 et
1052 2923 1135 2969 veteri
1146 2923 1297 2980 recentique

551 2993 681 3038 Ecclesiae
700 2991 855 3049 disciplinae
875 2991 1101 3036 accommodatum
1118 2991 1230 3036 videtur.
1248 2991 1297 3036 Sed

551 3071 584 3104 ne
598 3060 711 3117 populns
725 3058 770 3102 ilie
785 3062 875 3104 careat
889 3057 1067 3104 ecclesiastico
1082 3056 1219 3114 regimine,
1228 3060 1255 3102 et
1265 3069 1297 3102 ne

551 3138 611 3172 oves
626 3126 687 3172 iliae
701 3128 805 3182 pastore
819 3125 1009 3180 destituantur,
1024 3123 1070 3181 qul
1084 3123 1297 3180 periclitantibus

551 3205 626 3251 opem
644 3193 721 3248 ferat,
735 3192 856 3237 eumdem
875 3192 1010 3238 vicarium
1025 3191 1203 3248 apostolicum
1218 3189 1298 3236 titulo

552 3261 671 3319 Episcopi
684 3260 712 3305 in
727 3259 848 3318 partibus
864 3258 1056 3313 decorabimus,
1071 3263 1109 3310 ut,
1126 3259 1211 3315 quoad
1226 3257 1298 3302 Ordi-

551 3341 610 3375 nem
626 3333 653 3375 et
667 3327 886 3377 iurisdictionem.
901 3329 1029 3382 exerceat,
1042 3327 1148 3372 nomine
1158 3327 1257 3380 nostr0,
1268 3336 1298 3371 ac

552 3396 625 3441 Sedis
639 3394 802 3452 spostolicae
815 3393 983 3448 auctoritate,
997 3403 1177 3450 quaecumque
1191 3392 1298 3437 aPatri·

551 3463 632 3509 archa
646 3460 815 3519 Aquileiensi,
831 3463 967 3516 tamquam
988 3459 1063 3505 iilius
1085 3460 1135 3505 ioci
1150 3459 1297 3513 ordinario,

552 3531 750 3588 perficerentur.
773 3532 858 3578 Quare
879 3527 901 3572 si
924 3527 1014 3572 animo
1034 3527 1120 3572 libero
1142 3529 1298 3583 attenteque

551 3609 594 3644 res
609 3596 795 3654 perpendatur,
810 3593 928 3640 dubitari
942 3594 1042 3652 nequit,
1057 3595 1120 3652 quin
1136 3594 1255 3640 vicarius
1270 3598 1299 3638 Α·

552 3662 693 3721 postolicus
705 3663 755 3707 hoc
768 3663 843 3719 pacto
857 3661 1042 3708 satisfacturus
1058 3661 1156 3707 sitiiiis
1167 3661 1297 3716 omnibus,

552 3731 580 3776 iu
596 3730 688 3775 iisdem
703 3729 775 3783 iocis,
790 3740 856 3786 quae
871 3740 917 3786 per
938 3729 1066 3774 Nuntium
1088 3732 1209 3774 nostrum
1224 3729 1300 3773 vien-

552 3810 659 3844 nensem
673 3797 834 3854 agebantur;
857 3797 905 3842 boc
926 3799 1016 3842 tamen
1037 3796 1195 3853 interposito
1208 3795 1299 3840 discri-

552 3864 631 3920 mine,
645 3865 714 3921 quod
733 3863 853 3908 vicarius
875 3862 1039 3922 apostolicus
1061 3873 1184 3920 praesens
1202 3861 1298 3908 inillis

551 3931 616 3978 locis
636 3931 822 3976 demandatam
843 3929 1006 3988 provinciam
1028 3929 1122 3975 utilius
1144 3927 1298 3984 sustinebit,

552 4010 631 4058 quam
647 3997 761 4044 Nuntius
775 3999 865 4042 noster
874 3996 1037 4052 viennensis,
1047 3997 1094 4054 qui
1102 3992 1197 4042 absens
1207 3997 1297 4042 eadem

552 4067 608 4112 loca
622 4064 817 4110 moderabatur.

592 4140 605 4182 s
617 4137 637 4177 i.
653 4135 740 4188 Neque
750 4129 927 4176 omittendum
938 4134 986 4185 est,
998 4129 1070 4176 sedis
1081 4129 1244 4187 apostolicae
1254 4141 1298 4177 au·

552 4198 672 4245 ctoritati
684 4197 712 4242 in
727 4197 775 4243 boc
794 4196 897 4242 vicario
918 4197 1102 4242 constituendo
1116 4209 1131 4243 a
1151 4198 1226 4242 uobis
1241 4209 1299 4242 cou-

553 4268 652 4313 sultum
668 4277 733 4318 assa,
748 4275 779 4310 ea
793 4264 908 4309 formula
922 4264 1105 4322 superaddita:
1123 4269 1158 4308 eri
1172 4270 1299 4309 nostrum

552 4337 576 4377 ct
591 4336 838 4386 sedisapostolicae
858 4335 1065 4384 beneplacentem·
1087 4342 1171 4388 nequa
1192 4331 1298 4377 faculta-

554 4403 606 4445 tem
621 4399 728 4456 elargiti
743 4409 835 4444 sumus
850 4409 973 4454 supremo
989 4398 1120 4444 territorii
1135 4399 1241 4443 domino
1252 4398 1299 4443 hu-

552 4467 595 4512 ius
609 4466 707 4512 vicarii
728 4465 890 4519 nominandi,
904 4475 963 4510 cum
985 4465 1089 4510 nullum
1108 4465 1261 4511 inveniatur
1276 4477 1299 4512 e·

552 4533 695 4590 xaniplum,
703 4544 754 4589 quo
763 4533 875 4578 facultas
883 4531 1035 4577 huiusmodi
1043 4531 1172 4588 permissa
1182 4543 1298 4590 uuquam

553 4601 632 4647 fuisse
646 4599 727 4646 alicui
742 4599 949 4644 demonstretur.
959 4598 1027 4643 Illud
1038 4601 1126 4642 tamen
1138 4598 1249 4655 polliciti
1258 4610 1300 4644 su·

553 4679 620 4722 mus,
641 4666 710 4724 quod
731 4677 747 4712 a
766 4665 961 4711 successoribus
982 4665 1080 4710 nostris
1102 4677 1206 4722 quoque
1227 4675 1299 4721 prae·

553 4734 676 4780 standum
692 4745 744 4778 nou
758 4732 919 4787 dubitamus,
932 4731 1054 4777 videlicet
1068 4732 1246 4788 apostolicum
1261 4732 1299 4775 vi-

552 4802 682 4847 cariatum
697 4811 714 4846 a
727 4799 803 4845 nobis
824 4799 1010 4845 conferendum
1025 4799 1074 4853 illi,
1089 4799 1134 4856 qui
1148 4799 1233 4844 eidem
1249 4802 1300 4844 ter-

552 4868 641 4914 ritorii
655 4867 761 4913 domino
775 4869 868 4924 gratus
883 4865 963 4911 fuerit
973 4865 1082 4922 eiusque
1092 4866 1299 4921 successoribus3

552 4936 621 4993 quod
635 4946 698 4980 sane
719 4932 898 4980 necessarium
922 4933 1083 4990 putavimus,
1098 4937 1128 4977 ut
1145 4933 1214 4978 idern
1229 4933 1300 4978 vica·

553 5004 610 5048 rius
632 5013 679 5047 suo
700 5001 812 5047 feliciter
835 5011 944 5046 munere
966 4999 1146 5057 perfungatur.
1169 5001 1197 5044 id
1217 5000 1297 5046 etiarn

553 5069 743 5125 quodammodo
759 5068 904 5114 debebatur
918 5067 1011 5123 pietati
1026 5067 1180 5112 carissimae
1190 5067 1217 5112 iu
1228 5067 1299 5112 chri-

553 5139 594 5181 sto
609 5135 680 5180 tiliae
702 5139 808 5181 nostrae
829 5135 927 5180 itariae
948 5133 1088 5178 'theresiae
1109 5133 1259 5189 iiungariae
1273 5137 1299 5179 et

553 5202 693 5247 bohemiae
713 5201 829 5258 Reginae
849 5199 963 5246 illustris
978 5203 1004 5243 et
1023 5199 1210 5255 imperatricis,
1223 5199 1299 5246 cuins

553 5269 712 5328 praesertim
727 5267 887 5314 auctoritate
901 5268 974 5312 locus
988 5266 1097 5312 idoneus
1106 5269 1186 5323 atque
1195 5266 1300 5312 stabilis

553 5349 601 5395 pro
615 5335 713 5382 vicarii
728 5335 870 5392 apostolici
892 5335 963 5388 Sede,
978 5338 1005 5379 et
1019 5333 1109 5379 omnia
1130 5345 1177 5390 pro
1197 5333 1300 5378 decenti

554 5405 628 5450 iilius
643 5401 835 5448 sustentatione
853 5399 1008 5454 necessaria,
1023 5399 1169 5444 constituta
1183 5399 1298 5445 fuerunt.

554 5471 659 5518 Nullius
673 5469 780 5515 omuino
794 5468 942 5514 rationibus
952 5466 1142 5511 detrimentum
1152 5466 1299 5524 inferimus,

554 5537 667 5595 eoquod
689 5536 846 5582 vicariatum
867 5533 1021 5580 huiusmodi
1041 5534 1218 5590 decernentes,
1233 5534 1301 5580 bano

554 5605 704 5652 addidimus
715 5605 874 5650 clausulam:
888 5606 960 5648 Citra
967 5605 1168 5656 praeiudicium
1175 5605 1301 5654 portium

555 5678 611 5718 tarn
621 5678 649 5717 tit
656 5677 788 5726 petitorio,
799 5681 881 5725 quatit
892 5674 920 5715 ta
928 5674 1098 5723 possessorio.
1112 5672 1221 5725 insuper
1231 5679 1302 5714 eum-

555 5739 613 5784 dem
628 5737 785 5784 vicariatum
801 5736 901 5782 tamdiu
912 5747 1116 5793 permansurum
1126 5735 1300 5790 declaramus

555 5807 681 5864 quamdin
696 5806 738 5851 vei
751 5803 903 5862 principalis
917 5813 996 5849 causa
1010 5802 1170 5857 absolvatur,
1182 5802 1232 5856 vel,
1244 5801 1301 5859 ipsa

555 5885 635 5919 causa
655 5873 770 5918 nondum
790 5871 920 5926 absoluta,
934 5870 988 5916 alia
1005 5869 1075 5914 ratio
1089 5869 1301 5926 deprehendatur

556 5940 676 6014 partibus
690 5937 924 5994 consentientibus,
938 5936 1065 5994 nobisque
1084 5939 1133 5982 aut
1147 5936 1301 5982 successori-

1071 555 1136 602 iiiii.
1160 557 1250 603 Portu.
1274 552 1315 601 ba
1336 557 1364 602 Ρ.
1388 551 1418 602 F·
1443 555 1524 601 PARS
1547 555 1568 600 1.

1349 673 1446 752 quoad
1476 673 1674 754 petitorium,
1698 688 1791 752 quam
1817 671 1915 750 quoad
1944 685 2092 749 possesso·

1350 769 1449 845 rium3
1463 776 1530 847 post
1545 767 1732 830 diuturnum
1744 774 1774 829 et
1790 775 1950 828 maturum
1965 765 2010 826 rei
2024 779 2094 824 era-

1350 878 1436 936 men,
1459 861 1603 924 omnibus
1618 862 1677 924 rite
1699 861 1916 939 perpendam
1932 863 2011 924 hanc
2024 875 2094 920 sen-

1351 955 1479 1018 tentiam
1501 955 1728 1035 consiliumque
1749 957 1945 1032 devenimus,
1968 963 2003 1019 ut
2024 973 2094 1020 auo-

1349 1049 1473 1111 toritate
1500 1048 1625 1110 nobisa
1654 1050 1717 1110 lieo
1744 1066 1889 1113 coucmsa
1918 1059 2092 1124 uteremur,

1349 1143 1385 1204 ad
1397 1143 1621 1204 removendum
1636 1159 1652 1204 a
1668 1143 1756 1205 nobis
1769 1151 1870 1206 tantae
1884 1152 1916 1206 et
1926 1152 1989 1206 tam
2005 1161 2094 1206 enor-

1351 1236 1409 1297 mis
1430 1235 1538 1315 culpae
1562 1243 1696 1310 reatum,
1719 1238 1879 1314 neglectae
1903 1237 2020 1300 scilicet
2043 1255 2095 1300 cu·

1350 1345 1401 1390 rae
1422 1337 1453 1391 et
1474 1329 1637 1406 regiminis
1666 1338 1712 1392 tot
1739 1331 1876 1393 millium
1906 1333 2093 1406 animarum,

1350 1439 1429 1500 quae
1450 1440 1465 1483 a
1490 1431 1574 1485 tanto
1595 1424 1655 1484 iam
1677 1431 1817 1502 ternpore
1838 1424 1936 1487 veluti
1959 1426 2096 1487 desertae

1350 1517 1417 1578 sine
1438 1524 1558 1595 pastore
1580 1517 1687 1579 rivere
1701 1518 1938 1594 dignoscuntur.
1962 1519 2095 1598 Quapro-

1351 1618 1420 1689 pter
1441 1611 1590 1672 usitatum
1606 1611 1638 1672 in
1653 1610 1805 1672 similibus
1826 1611 2013 1688 remedium,
2029 1613 2096 1674 sive

1352 1711 1645 1782 temperamentum,
1662 1713 1693 1764 et
1707 1705 1743 1764 ad
1759 1711 1899 1781 optatum
1914 1705 2010 1767 finem
2025 1707 2096 1768 satis

1352 1796 1457 1858 efficax
1469 1803 1497 1858 el
1511 1796 1598 1858 nullo
1609 1798 1867 1860 contendentium
1879 1798 1999 1861 iuribus
2011 1815 2097 1877 prae-

1352 1889 1465 1951 iudicio
1493 1889 1653 1965 futurum,
1676 1891 1839 1968 eligentes,
1869 1893 1981 1954 nostris
2009 1899 2096 1955 motu

1352 1983 1476 2061 proprio
1498 1991 1529 2044 et
1550 1993 1632 2046 certa
1653 1985 1792 2060 scientia,
1808 2002 1841 2048 ac
1858 1985 1895 2046 de
1916 1986 2098 2065 apostolicae

1353 2077 1507 2155 potestatis
1530 2077 1738 2154 plenitudiue,
1753 2079 1919 2142 statuimus
1934 2087 2027 2159 atque
2047 2081 2097 2142 de-

1353 2171 1522 2246 cernimus,
1546 2180 1582 2233 ut
1603 2188 1636 2233 ea
1659 2189 1727 2250 pars
1751 2173 1896 2235 dioecesis
1920 2173 2097 2252 aquileien-

1352 2265 1404 2338 sis,
1427 2280 1507 2342 quae
1528 2265 1691 2343 temporali
1714 2267 1891 2329 Austriacae
1918 2267 2034 2330 Domm
2054 2268 2100 2328 di-

1353 2358 1432 2420 tioni
1453 2359 1569 2432 subest,
1586 2375 1641 2438 per
1656 2375 1755 2424 unum
1777 2359 1934 2423 ficarium
1955 2369 2098 2424 nostrum

1350 2589 1399 2635 bus
1414 2591 1512 2636 nostris
1532 2590 1713 2648 probantibus,
1728 2602 1780 2648 qua
1795 2595 1866 2637 recte
1887 2592 1970 2650 possit
1987 2592 2099 2638 admini-

1351 2658 1433 2703 strari
1447 2669 1478 2704 ea
1496 2669 1557 2715 pars
1576 2659 1701 2704 dioecesis
1722 2659 1905 2715 aquilejensis,
1920 2671 1987 2716 quae
2002 2661 2035 2706 ab
2050 2664 2098 2705 ilu-

1351 2725 1449 2770 striaoa
1462 2725 1642 2772 dominatione
1655 2725 1790 2783 dependet.

1391 2798 1403 2841 s
1417 2793 1437 2835 5.
1453 2794 1516 2836 Ecce
1530 2803 1597 2847 quae
1618 2791 1832 2848 deliberavimus,
1847 2796 1873 2839 et
1889 2793 1996 2840 firmata
2010 2793 2098 2839 literis

1350 2858 1502 2916 apostolicis
1517 2859 1543 2904 in
1558 2860 1644 2906 forma
1658 2859 1744 2904 brevis
1763 2860 1924 2916 expedienda
1937 2861 2098 2916 curavimus,

1351 2937 1418 2982 quae
1433 2925 1504 2971 vobis
1518 2927 1600 2973 etiarn
1614 2926 1788 2984 significanda
1802 2928 1961 2973 censuimus.
1973 2931 2098 2984 Superest

1351 2993 1382 3037 da
1397 2993 1453 3038 viro
1474 2993 1575 3048 idoneo,
1590 2993 1635 3050 qui
1650 2993 1770 3040 vicarius
1786 2994 1951 3052 apostolicus
1973 2993 2098 3051 eligatur,

1351 3061 1483 3116 cogitare;
1497 3071 1528 3106 ac
1542 3061 1573 3105 de
1587 3060 1768 3116 facultatibus,
1784 3073 1851 3119 quae
1865 3062 1914 3119 ipsi
1925 3062 2033 3118 eiusque
2044 3075 2100 3108 suc·

1351 3127 1499 3173 sessoribus
1513 3128 1669 3174 tribuendae
1687 3129 1836 3184 rideantur,
1851 3129 2039 3186 quodquidam
2054 3141 2097 3176 ne·

1351 3195 1463 3251 gotium,
1478 3199 1536 3252 post
1550 3198 1704 3242 accuratum
1718 3207 1837 3250 examen,
1852 3196 1905 3242 aiio
1915 3197 1988 3242 brevi
1997 3206 2099 3254 aposto

1351 3262 1402 3306 lico
1422 3265 1573 3319 peragetur.
1590 3264 1638 3308 Sed
1660 3263 1793 3320 quoniam,
1808 3267 1915 3321 praeter
1931 3264 2098 3320 vicariatum,

1351 3329 1420 3375 aliae
1440 3329 1642 3384 controversiae,
1663 3341 1731 3387 quae
1752 3331 1890 3376 canonicos
1904 3334 1932 3376 et
1944 3331 2097 3388 capitulum

1351 3395 1517 3454 Aquileiense
1531 3397 1684 3453 respiciunt,
1699 3398 1892 3454 componendae
1906 3401 2063 3453 supersunt:
2075 3399 2099 3444 si

1352 3467 1418 3509 Deus
1433 3463 1586 3518 incolumes,
1600 3469 1628 3509 et
1642 3464 1754 3520 sospites
1768 3476 1815 3509 nos
1832 3465 1960 3520 tuebitur,
1976 3465 2037 3511 illas
2050 3477 2099 3522 pro

1352 3531 1470 3576 muneris
1484 3531 1569 3576 nostri
1584 3531 1687 3576 ratione
1705 3531 1814 3576 minime
1828 3532 2083 3588 praetermittemus.

1392 3599 1438 3647 sti.
1454 3601 1542 3654 Neque
1555 3609 1601 3643 vos
1615 3598 1700 3644 latere
1715 3598 1801 3652 debet,
1816 3599 1970 3644 concordam
1985 3597 2059 3655 prius
2073 3609 2099 3645 a·

1352 3665 1495 3720 nimiarum,
1505 3669 1532 3709 et
1545 3675 1701 3710 consensum
1711 3665 1863 3710 carissimae
1874 3666 1902 3710 iu
1912 3665 2017 3711 Christo
2028 3666 2099 3712 tiliae

1352 3735 1458 3778 nostrae
1479 3732 1577 3778 Mariae
1597 3731 1737 3776 'theresiae
1753 3732 1903 3788 hungariae
1917 3737 1945 3778 et
1958 3733 2099 3778 Bohemiae

1352 3799 1468 3856 Reginae
1482 3799 1597 3844 illustris
1611 3801 1638 3844 et
1653 3799 1840 3856 imperatricis,
1855 3799 1995 3845 accessisse
2005 3799 2038 3845 iis
2047 3809 2100 3846 om-

1352 3866 1438 3921 nibus,
1452 3877 1519 3922 quae
1535 3878 1617 3922 usque
1633 3866 1708 3911 modo
1723 3869 1830 3923 peracta
1845 3869 1918 3921 sunt;
1933 3867 2027 3913 inclita
2038 3877 2100 3924 quo-

1351 3945 1402 3989 que
1416 3936 1575 3978 Venetorum
1590 3933 1734 3990 Republica
1743 3933 1771 3982 in
1782 3945 1878 3990 genere
1889 3935 2041 3980 nullatenus
2051 3935 2098 3980 iru-

1351 4001 1484 4058 probaute.
1500 4003 1550 4046 Pro
1563 4004 1636 4046 corto
1651 4001 1752 4057 pariter
1763 4001 1899 4056 habemus,
1909 4001 1978 4057 quod
1987 4001 2099 4047 dilectus

1352 4067 1424 4113 filius
1445 4071 1534 4112 noster
1555 4066 1647 4114 Daniel
1667 4067 1811 4124 Delphinus
1822 4069 1984 4114 ·Patriarcba
1998 4069 2100 4125 aquile

1348 4134 1441 4190 jensis,
1456 4134 1479 4180 si
1492 4133 1673 4180 calamitatem
1693 4134 1820 4180 dioecesis
1841 4145 1913 4189 suae,
1928 4135 1955 4179 in
1970 4145 2001 4180 ea
2015 4137 2099 4192 parte,

1352 4212 1419 4258 quae
1434 4200 1590 4247 Germanias
1604 4199 1720 4246 finitima
1733 4204 1781 4255 est,
1792 4201 1944 4258 perpendet,
1956 4204 1983 4246 et
1992 4201 2101 4246 difficul-

1352 4271 1421 4313 tates
1435 4267 1574 4322 maximus,
1588 4267 1684 4324 quibus
1699 4267 1754 4324 ipse
1769 4269 1802 4312 ob
1817 4268 1885 4312 hanc
1896 4279 2003 4313 causam
2014 4267 2100 4325 impli-

1352 4336 1475 4390 cabatur,
1497 4334 1615 4391 insignes
1637 4333 1702 4380 alios
1724 4335 1863 4392 Episcopos
1878 4335 2038 4390 imitabitur,
2053 4335 2099 4392 qui

1352 4413 1411 4448 cnm
1426 4402 1499 4448 nulio
1520 4401 1597 4446 modo
1610 4401 1643 4446 ob
1657 4401 1816 4457 gravissima
1836 4401 2027 4458 impedimenta
2040 4411 2099 4458 par·

1354 4471 1406 4514 tem
1421 4479 1484 4514 suae
1498 4468 1625 4513 dioecesis
1639 4467 1829 4513 administrare
1838 4467 1923 4513 libere
1933 4471 2047 4525 possent,
2057 4471 2100 4514 Se·

1352 4533 1379 4578 di
1398 4534 1561 4591 apostoticae
1582 4534 1684 4591 gratias
1706 4535 1804 4579 habere
1825 4545 1877 4580 non
1897 4535 2054 4591 omiserunt,
2069 4547 2100 4581 eo

1353 4601 1421 4658 quod
1445 4600 1548 4646 vicario
1570 4601 1717 4657 apostolico
1740 4611 1798 4646 eam
1822 4601 1972 4658 provinciae
1996 4603 2099 4658 partem

1352 4666 1516 4712 commiserit
1530 4667 1614 4724 ipsius
1629 4667 1700 4712 Sedis
1715 4667 1878 4724 apostoticae
1890 4668 1996 4714 nomine
2007 4668 2100 4725 guber-

1353 4733 1475 4788 nandam,
1489 4733 1571 4778 donec
1584 4735 1616 4778 de
1630 4733 1717 4779 medio
1730 4733 1885 4780 auferentur
1901 4733 2097 4790 impedimenta

1353 4803 1418 4844 Nam
1432 4800 1459 4844 id
1474 4800 1592 4856 ipsorum
1613 4798 1825 4846 iurisdictionem
1845 4811 1895 4846 non
1918 4802 1994 4846 modo
2014 4801 2102 4847 immi-

1353 4867 1421 4922 nuit,
1436 4866 1481 4911 sed
1495 4866 1584 4922 potius
1595 4869 1694 4920 tuetur,
1705 4870 1732 4912 et
1742 4867 1893 4912 animarum
1904 4869 1985 4916 saluti
1996 4879 2102 4925 magno·

1354 4944 1415 4989 pere
1429 4933 1552 4988 consulit,
1573 4943 1652 4990 quam
1667 4934 1742 4980 nobis
1763 4936 1825 4980 ante
1846 4933 1935 4980 oculos
1946 4935 1980 4980 ab
1994 4936 2101 4981 exordio

1353 5001 1386 5045 ad
1401 5001 1480 5045 finam
1496 5012 1578 5058 usque
1592 5001 1673 5046 huius
1687 5002 1834 5058 praesentis
1849 5002 1948 5059 negotii
1960 5003 2035 5050 unice
2045 5015 2101 5061 pro·

1355 5068 1473 5124 posuisse
1487 5069 1650 5126 profitemur.

1394 5141 1406 5185 s
1421 5139 1440 5178 7.
1457 5135 1571 5190 Antiqua
1581 5145 1671 5180 rerum
1682 5137 1853 5180 anonumenta
1863 5135 2054 5192 perquirentes,
2065 5135 2101 5180 in·

1354 5201 1474 5246 venimus
1489 5201 1571 5247 bonae
1591 5202 1733 5247 memoriae
1748 5205 1871 5247 ioannem
1890 5203 2010 5248 (iuratam
2026 5202 2102 5247 iiiiii·

1354 5279 1426 5324 num,
1441 5267 1516 5314 iussu
1531 5267 1630 5313 Urbani
1639 5271 1701 5312 iiii.
1713 5268 1921 5325 praedecessoris
1931 5267 2025 5323 nostri,
2036 5269 2102 5313 mui-

1355 5339 1412 5379 tum
1426 5333 1525 5380 iaboris
1546 5335 1719 5391 insumpsisse
1733 5335 1761 5380 in
1775 5336 1824 5380 boo
1845 5335 2006 5393 Aquileiensi
2025 5345 2101 5390 nego-

1355 5401 1400 5456 tio,
1415 5401 1483 5458 quod
1498 5413 1529 5446 eo
1543 5403 1661 5456 ternpore
1675 5402 1839 5458 propositum
1854 5403 1948 5450 fuerat.
1959 5404 2010 5446 Nos
2020 5400 2101 5447 etiam

1354 5469 1538 5513 commendare
1559 5467 1706 5523 plurimum
1727 5469 1851 5514 debemus
1872 5469 1998 5516 dilectum
2014 5467 2100 5513 nuum

1355 5536 1476 5580 nostrum
1491 5535 1564 5578 card.
1581 5535 1694 5580 Marium
1710 5534 1849 5591 Miliinum,
1863 5536 1910 5592 qui
1922 5535 2049 5582 hocidem
2060 5547 2101 5580 ne·

1355 5601 1457 5656 gotium
1472 5601 1652 5658 imperatricis
1673 5602 1779 5646 nomine
1801 5601 1936 5648 nobiscum
1951 5602 2101 5647 examinari·
2118 5631 2120 5635 -

1355 5669 1417 5712 dum
1438 5667 1561 5724 suscepit,
1584 5679 1630 5714 uec
1651 5668 1734 5713 uliam
1755 5668 1922 5730 diligentiam
1937 5679 1968 5714 ac
1981 5669 2099 5714 laborem

1355 5734 1544 5791 praetermisit,
1559 5738 1589 5780 ut
1603 5746 1641 5790 ec,
1656 5746 1707 5791 quo
1722 5734 1775 5779 iam
1798 5735 1925 5792 pervenit,
1939 5736 2006 5781 illud
2027 5736 2102 5781 duce-

1355 5803 1408 5854 ret;
1428 5801 1484 5858 ipse
1504 5801 1609 5858 quidem
1633 5801 1782 5848 ministerio
1796 5802 1847 5847 sibi
1865 5802 2006 5848 commisso
2020 5803 2101 5848 virtu·

1355 5869 1408 5912 tem
1423 5867 1517 5925 optimi
1531 5867 1676 5913 cardinalis
1691 5867 1820 5924 adiunxit,
1834 5872 1864 5913 ut
1873 5869 2031 5915 catholicam
2043 5869 2101 5920 reli-
2182 5929 2187 5938 ·

1355 5935 1459 5993 giouem
1474 5934 1585 5981 iuvaret.
