4744 6976
362 490 417 546 An.
431 494 462 546 0.
483 493 552 546 1744
604 492 660 558 {86

581 649 634 696 me
655 631 786 710 egimus,
815 633 891 696 dum
921 632 1151 697 venerabilibus
1178 633 1324 696 iratribus

582 727 775 803 Patriarcbis,
792 727 1047 807 brebiepiscopis,
1065 729 1234 807 Episcopis,
1250 745 1325 790 cun·

582 821 701 900 ctisque
718 821 858 882 locorum
872 819 1039 883 Ordinariis
1054 837 1109 898 per
1124 821 1242 883 ltaliam
1253 837 1324 883 eon·

580 915 698 976 stitutis
720 913 888 992 encyclicas
910 912 1015 976 literas
1036 913 1178 976 dedimus
1199 913 1256 975 sub
1277 915 1325 977 die
1351 898 1353 970 l

581 1021 648 1068 xxx.
672 1007 796 1083 augusti
817 1006 948 1068 huiusce
961 1005 1035 1069 anni
1052 1023 1239 1083 uuccxmm,
1251 1024 1326 1085 qua·

579 1113 652 1160 rum
683 1098 810 1161 initium
839 1105 903 1161 est:
938 1098 1019 1160 Cum
1039 1115 1160 1176 semper
1188 1098 1323 1171 oblatas,

580 1192 704 1270 quibus,
717 1208 732 1252 a
747 1191 917 1271 praedictae
935 1193 1190 1269 congregationis
1206 1193 1322 1256 Concil.

580 1286 758 1348 Tridentini
796 1285 979 1365 interpretis
1019 1286 1264 1350 resolutionibus,
1294 1295 1325 1346 et

579 1376 697 1454 placitis
718 1378 903 1455 nentiquam
931 1376 1137 1452 discedentes,
1162 1376 1248 1455 plura
1274 1375 1325 1437 de-

578 1469 764 1531 claravimus
790 1469 867 1531 circa
890 1485 986 1545 onus,
1009 1471 1090 1548 quod
1119 1469 1324 1531 habentium

578 1577 687 1622 ornnes
708 1561 884 1623 animarum
899 1579 1006 1625 curam
1028 1569 1184 1638 regentes,
1199 1561 1324 1622 missam

579 1670 635 1732 pro
655 1654 769 1734 populo
790 1654 961 1733 applicandi
982 1655 1090 1717 diebus
1111 1654 1222 1716 saltem
1237 1653 1324 1715 iestis

578 1745 616 1808 de
638 1753 815 1826 praeceptm
843 1755 911 1809 tum
933 1747 1027 1809 etiam
1053 1747 1255 1809 ecclesiarum
1277 1763 1324 1807 ca·

579 1837 766 1900 thedralinm
782 1845 813 1900 et
828 1839 1061 1916 collegiatarum
1083 1839 1235 1913 canonici,
1259 1838 1324 1899 alii-

578 1946 639 2009 que
655 1932 693 1992 de
708 1947 815 1994 earum
837 1933 967 2008 gremio,
986 1932 1111 1994 missam
1133 1940 1323 1994 conventua-

577 2022 641 2083 lem
662 2024 800 2102 quotidie
822 2039 877 2102 pro
892 2024 1138 2087 benefactoribus
1161 2025 1192 2086 in
1209 2038 1324 2100 genere

346 2117 559 2218 tptrntpracsan-
577 2116 751 2196 specialiter
781 2115 942 2179 ollerendi.
977 2115 1068 2180 Nunc
1099 2117 1235 2194 denique
1267 2117 1323 2178 boc

346 2181 558 2273 0'osi'i'vaiimd'i'3
577 2209 661 2272 idem
673 2209 789 2272 anobis
801 2219 961 2272 servatum
976 2211 1013 2270 iri
1029 2210 1231 2286 declaramus,
1248 2209 1322 2271 ilum

347 2277 434 2324 ⁰¹³³*
577 2303 802 2382 Episcopornm
823 2303 902 2377 iura,
925 2303 1007 2382 qnod
1029 2303 1141 2365 attinet
1162 2305 1196 2365 ad
1220 2304 1323 2365 visita·

578 2399 697 2460 tionem
717 2397 918 2460 ecclesiarum
939 2396 1162 2475 parochialium
1178 2396 1214 2458 ad
1230 2412 1322 2473 regu·

576 2490 692 2553 larium
714 2489 901 2552 monasteria
922 2489 1167 2568 pertinentium,
1190 2492 1246 2551 bac
1268 2507 1323 2552 no-

576 2589 640 2646 stra
660 2591 810 2662 perpetuo
832 2583 963 2646 valitura
990 2582 1222 2644 Constitutione
1244 2599 1322 2645 asse-

577 2683 777 2754 careatque,
793 2681 828 2738 ut
844 2675 934 2750 inira,
947 2675 1079 2737 definire
1090 2681 1121 2736 et
1132 2675 1322 2738 constituere

577 2769 772 2832 inanimum
795 2769 987 2832 induximus.

358 2873 558 2937 necessrium-
615 2863 634 2937 g
656 2863 685 2923 2.
708 2861 894 2924 Animarum
905 2878 1013 2926 curam
1028 2863 1059 2925 in
1072 2865 1243 2926 saeculares
1254 2879 1322 2942 per-

344 2927 411 3026 {ilia
427 2928 558 3026 ‘iffi-‘riblffi
576 2970 665 3016 sonas
684 2963 865 3017 exercentes
887 2955 919 3017 in
942 2957 978 3018 iis
1000 2956 1147 3032 ecclesiis,
1164 2967 1241 3036 quae
1256 2971 1322 3017 mc·

344 3032 558 3142 §figmaefflgigg
577 3045 718 3109 nasleriis
739 3063 794 3111 seu
815 3048 957 3112 domibus
978 3049 1120 3112 virorum
1142 3057 1194 3112 aut
1209 3050 1273 3111 mul
1282 3053 1322 3111 ie-

344 3139 507 3238 ggrffilgiales
525 3141 558 3226 ³⁶.
576 3155 648 3200 rum
670 3140 806 3202 adnexae
820 3147 906 3213 sunt,
922 3142 987 3202 sire
1002 3143 1058 3220 ipsi
1074 3142 1232 3218 regulares
1246 3141 1319 3216 sint,

343 3203 548 3292 radas.‘⁰⁸⁸¹'⁰⁰
575 3231 642 3292 sive
661 3233 849 3307 saeculares,
880 3233 962 3296 saon
991 3235 1165 3297 arcuerunt
1194 3234 1320 3300 concur

575 3325 773 3405 praescripto,
800 3343 874 3388 sess.
897 3327 953 3388 25.
977 3342 1045 3405 cap.
1071 3328 1123 3388 11.
1154 3328 1190 3390 de
1219 3327 1322 3407 Repu-

575 3417 724 3491 laribus,
761 3421 886 3482 subesse
920 3421 1035 3483 debent
1069 3419 1252 3482 immediate
1285 3419 1319 3481 in

576 3511 630 3586 iis,
653 3527 733 3590 quae
754 3515 795 3576 ad
817 3513 939 3593 dictam
961 3529 1074 3576 euram
1096 3518 1126 3574 et
1140 3528 1320 3576 sacramen-

576 3609 684 3668 torum
699 3606 1016 3668 administrationem
1031 3606 1208 3683 pertinent,
1222 3605 1321 3667 iuris-

574 3698 724 3772 dictioni,
742 3697 929 3762 visitationi
944 3704 974 3760 et
986 3699 1178 3761 correctioni
1194 3700 1321 3778 Episco-

573 3791 620 3869 pi,
633 3791 669 3854 in
684 3791 779 3854 cuius
802 3791 943 3854 Dioecesi
965 3793 1118 3870 praedicta
1134 3793 1320 3856 monasteria

573 3888 654 3946 sunt
675 3885 753 3956 sita,
776 3884 913 3964 exceptis
933 3883 1094 3946 dumtaxat
1115 3885 1152 3946 iis
1167 3894 1322 3948 monaste-

573 3975 627 4038 riis
649 3993 704 4039 sen
726 3977 810 4053 locis,
835 3977 870 4038 in
894 3975 1008 4055 quibus
1035 3974 1170 4040 Abbates
1192 3993 1321 4058 qenero-

573 4069 629 4143 les,
651 4073 712 4134 aut
734 4071 843 4148 capita
867 4070 1035 4144 tlrdinum,
1063 4069 1169 4132 Sedem
1191 4071 1318 4134 ordina·

571 4271 753 4330 superioribus
766 4273 950 4330 1·eguiaribns;
965 4275 1010 4320 sed
1021 4275 1069 4320 boc
1078 4276 1194 4334 relinqui
1204 4277 1317 4323 arbitrio

570 4340 598 4384 et
611 4337 768 4396 prudentiae
783 4339 978 4397 Episcoporum,
994 4351 1107 4397 quorum
1128 4343 1315 4389 conscientiam

571 4415 646 4451 sacra
659 4405 829 4460 congregatio
849 4406 919 4451 serio
932 4407 1060 4462 oneravit,
1074 4419 1107 4453 ne
1125 4409 1251 4454 laenitate
1265 4409 1316 4454 sibi

570 4470 620 4516 bac
631 4471 658 4516 in
668 4474 744 4528 parte
753 4471 885 4518 attributa
893 4483 998 4529 quoquo
1008 4473 1085 4518 modo
1093 4473 1248 4530 abutantur,
1258 4475 1315 4521 eius

569 4537 609 4583 rei
622 4537 650 4582 in
665 4536 786 4583 districto
801 4537 846 4583 Dei
859 4538 957 4584 iudicio
976 4539 1107 4586 rationem
1122 4541 1260 4587 reddituri.

609 4604 646 4648 Ad
661 4615 717 4650 xm.
733 4603 953 4651 constitutionem
974 4605 1072 4652 babere
1089 4607 1177 4652 iocum
1192 4607 1220 4653 in
1234 4607 1316 4654 omni·

569 4668 618 4716 bus
631 4669 743 4726 delictis,
757 4681 808 4716 non
822 4673 913 4717 autem
928 4671 956 4718 in
970 4673 1082 4718 notoriis
1096 4676 1201 4718 tantum
1215 4676 1242 4719 et
1254 4683 1314 4718 cum

568 4735 659 4794 populi
672 4737 803 4782 scandalo.

545 4851 548 4856 Δ
610 4807 680 4855 Quae
693 4815 787 4849 sacrae
806 4809 1021 4859 conarepattona
1041 4819 1172 4862 responsa
1186 4812 1222 4854 aa
1235 4820 1263 4854 se
1276 4821 1315 4853 re·

568 4873 623 4914 lata
636 4875 718 4921 sellem
732 4875 927 4916 recordationis
939 4877 1083 4928 creportus
1093 4878 1119 4920 Ii
1122 4879 1146 4921 V.
1158 4880 1182 4920 et
1191 4879 1232 4921 SE.
1243 4879 1271 4922 D.
1283 4879 1313 4922 N.

571 4941 694 4984 Urbanus
713 4941 780 4984 VIII.
796 4941 827 4984 tn
841 4941 966 4984 omnibus
980 4944 1179 4993 operabamini.

726 5063 752 5104 n.
769 5059 916 5106 cardinalis
931 5063 1077 5108 cnsrnuus.

794 5155 916 5200 Pnosrsu
929 5155 1081 5211 Enounuus,
1097 5157 1120 5200 s.
1137 5158 1213 5211 cong.
1230 5157 1298 5200 secr.

640 5273 848 5328 srccseqaanrnr
866 5279 922 5320 atta
936 5278 990 5320 aare
1004 5278 1087 5321 aneta
1101 5279 1133 5320 aa
1147 5274 1238 5322 ederem

563 5344 768 5393 conpreaattone
782 5345 925 5392 declarata,
941 5345 966 5386 ct
979 5353 997 5386 a
1010 5345 1050 5386 SS.
1067 5345 1096 5388 D.
1108 5346 1137 5388 N.
1153 5347 1311 5398 appr-onata.

603 5483 621 5516 r.
637 5475 674 5517 nn
689 5472 821 5530 regularis
830 5472 929 5532 absque
938 5474 1060 5532 Iegttima
1069 5475 1179 5522 licentii
1188 5477 1312 5523 accedens

563 5537 597 5583 ad
612 5541 803 5586 monasterium
823 5540 980 5588 monialium
1000 5542 1169 5599 regularibus
1184 5543 1312 5589 subiecta·

564 5615 625 5650 rum
640 5606 745 5662 ubique,
760 5607 787 5652 in
800 5607 858 5654 ioco
879 5608 1019 5665 colloquiis
1039 5609 1170 5655 destinato
1184 5620 1244 5654 cnm
1259 5621 1312 5655 mo
1330 5661 1332 5668 ,

564 5671 631 5716 niati
643 5671 803 5728 colloquens,
817 5684 833 5720 a
847 5674 1000 5720 dioecesano
1015 5675 1154 5732 Episcopo,
1175 5677 1311 5733 tamquam

565 5737 638 5782 Sedis
646 5739 808 5794 apostoticae
817 5740 946 5798 delegato,
954 5741 1071 5787 coerceri
1080 5745 1106 5788 ct
1116 5742 1206 5799 puniri
1214 5743 1312 5800 possiti

605 5806 684 5850 sacra
698 5807 867 5862 congregatio
881 5808 1063 5855 cardinalium
1080 5809 1189 5854 concilii
1207 5809 1312 5854 Triden-

565 5867 614 5916 tini
628 5869 805 5928 interpretum
819 5875 931 5932 censuit,
941 5887 1024 5932 posse.
1041 5879 1124 5927 Quam
1133 5875 1312 5933 congregatio·

381 5805 517 5856 desalutio.

1104 515 1168 561 Iun.
1194 513 1283 560 Pons.
1308 514 1348 557 bu
1369 516 1398 558 P.
1424 515 1452 559 E.
1479 516 1559 562 PARS
1583 517 1603 560 I.

2163 505 2215 554 Au.
2231 507 2259 555 O.
2280 511 2336 561 liti
2362 509 2363 532 ¹

1380 631 1466 694 riam
1483 635 1696 713 principalem
1712 634 1950 714 intentatque
1970 635 2046 697 aliis
2066 651 2129 697 mo-

1380 729 1535 790 nasteriis
1557 745 1613 790 seu
1642 728 1802 801 domibus,
1833 731 1869 792 in
1896 727 2011 807 quidus
2033 727 2129 792 abac·

1381 825 1436 896 tes,
1462 830 1522 884 aut
1548 823 1607 884 alii
1640 822 1843 902 regularium
1862 825 2053 900 superiores,
2078 823 2128 884 iu·

1380 915 1601 977 risdictionem
1630 917 1836 995 episcopalem
1869 922 1899 977 et
1926 919 2128 993 tenrporalem

1380 1009 1415 1068 in
1425 1008 1580 1086 parocias
1593 1014 1622 1070 et
1634 1009 1847 1087 parochianos
1863 1014 2024 1082 enascent-
2040 1008 2127 1072 saluo

1381 1105 1487 1162 tornen
1509 1117 1619 1162 eorum
1632 1103 1862 1179 Episcoporum
1884 1103 1967 1173 iure,
1985 1101 2040 1180 qui
2060 1119 2128 1164 ma-

1381 1195 1479 1254 iorem
1502 1193 1536 1255 in
1556 1196 1724 1272 praedicta
1740 1197 1821 1268 loca,
1834 1193 1882 1257 eei
1896 1211 2058 1273 personas,
2076 1197 2125 1257 iu·

1381 1284 1601 1348 rt'sdictianem
1624 1295 1782 1351 accersant.
2362 1331 2363 1338 .

1420 1379 1438 1454 ἓ
1459 1379 1488 1440 3.
1514 1380 1593 1442 Cum
1614 1382 1719 1459 itaque
1735 1383 1882 1445 nonnulli
1903 1384 2074 1444 sacerdotes
2089 1382 2125 1443 ab
2158 1398 2292 1453 aregarius
2305 1403 2344 1446 rr.

1379 1471 1541 1550 episcopali
1565 1473 1777 1537 iurisdictione
1802 1476 1949 1554 exempti,
2146 1449 2231 1496 armac
2251 1454 2346 1500 eanum

1973 1491 2050 1554 quos
2071 1493 2126 1538 110·
2145 1503 2347 1552 iurisdictionem

1379 1579 1441 1641 qne
1461 1565 1620 1642 parochos,
1644 1583 1746 1644 neque
1768 1568 1943 1629 animarum
1962 1584 2054 1629 curae
2075 1570 2125 1630 ad·
2144 1557 2347 1658 ffissffnlffiwissss,

1379 1654 1475 1717 dictos
1497 1673 1563 1718 esse
1583 1667 1749 1734 constaret,
1772 1660 1836 1721 ausi
1858 1660 1990 1722 fuissent
2015 1661 2125 1738 aliqui·
2144 1667 2349 1764 gflsscfssgffigffi

1379 1746 1435 1807 bus
1456 1747 1706 1812 christifidelium
1728 1751 1934 1814 matrimoniis
1959 1752 2122 1828 interesse,
2144 1769 2349 1834 quantamcun-

1378 1839 1444 1899 sine
1468 1841 1589 1917 praevia
1606 1843 1746 1920 Episcopi
1769 1853 1821 1905 aut
1842 1845 1966 1922 parochi
1989 1845 2122 1920 licentia
2144 1823 2349 1922 ξῑῗξῃᾷξΨ·

1378 1931 1552 2007 quaesitum
1569 1931 1639 2007 init,
1657 1942 1764 1996 utrum
1787 1936 1966 1997 uniusmodi
1988 1935 2124 1998 sacerdo-

1379 2024 2124 2104 tumcorrectio,atqueineosdemanimadversio

1379 2114 1413 2174 ad
1425 2116 1620 2194 Episcopum,
1630 2135 1669 2180 an
1681 2135 1756 2180 xero
1768 2122 1802 2182 ad
1815 2137 1923 2182 eorum
1936 2121 2122 2199 superiores,

1378 2209 1532 2285 privative
1553 2218 1719 2289 spectaret;
1742 2229 1876 2290 cumque
1897 2213 1917 2273 ii
1933 2214 2123 2291 privativum

1377 2301 1528 2364 eiusmodi
1551 2303 1598 2364 ius
1620 2319 1657 2364 ex
1681 2320 1717 2365 eo
1738 2304 1939 2380 deducerent,
1958 2308 2040 2385 quod
2056 2307 2124 2368 'l'ri-

1378 2393 1504 2456 dentina
1526 2393 1669 2473 synodus
1690 2396 1757 2458 loco
1779 2397 1835 2458 cit.
1856 2400 1931 2460 dum
1947 2397 2122 2478 facultatem

1379 2487 1489 2549 tribuit
1519 2487 1677 2566 Episcopis
1704 2490 1878 2567 corrigendi
1909 2498 1939 2552 et
1972 2492 2122 2570 puniendi

1377 2582 1547 2642 sacerdotes
1558 2582 1595 2643 ab
1605 2597 1715 2644 eorum
1727 2583 1938 2646 iurisdictione
1949 2592 2121 2664 exemptos,

1377 2671 1410 2733 in
1432 2672 1497 2747 bis,
1526 2690 1605 2752 quae
1631 2676 1668 2737 ud
1696 2677 1870 2737 animarum
1899 2693 2005 2740 curam
2027 2687 2057 2739 et
2077 2695 2123 2739 sa-

1376 2772 1609 2828 cramentorum
1632 2768 1934 2832 administrationem
1948 2771 2121 2846 pertinent,

1376 2855 1414 2917 de
1435 2858 1472 2918 iis
1493 2863 1653 2920 dumtaxat
1673 2861 1880 2922 sacerdotibus
1902 2862 2052 2940 loquitur,
2068 2863 2120 2941 qui

1375 2948 1426 3009 vel
1448 2948 1572 3011 Paroclri
1594 2959 1667 3012 sunt
1690 2953 1742 3014 vel
1764 2955 1942 3016 animarum
1965 2971 2070 3016 curam
2089 2970 2122 3016 e-

1377 3049 1516 3116 xercent,
1539 3043 1711 3106 cuiusmodi
1732 3061 1807 3107 sane
1828 3047 1849 3106 ii
1871 3063 1934 3108 non
1960 3055 2062 3122 erant,
2084 3047 2122 3109 de

1376 3133 1488 3210 quibus
1508 3135 1671 3210 agebatur:
1696 3137 1821 3199 futilem
1842 3139 1921 3202 banc
1949 3155 2121 3218 vanamque

1375 3227 1663 3305 praesumptionem
1677 3231 1849 3308 reprimere
1865 3233 1972 3295 statuit
1987 3231 2038 3293 iel.
2058 3249 2119 3294 rec.

1376 3318 1590 3395 praedecessor
1611 3329 1718 3384 noster
1746 3323 1914 3401 Gregorius
1940 3326 2018 3404 Papa
2040 3324 2120 3400 XV„

1376 3427 1409 3472 ac
1430 3412 1467 3473 de
1493 3412 1621 3474 consilio
1651 3417 1906 3493 Congregationis
1932 3416 2015 3481 Sacri
2041 3419 2122 3480 Gon·

1375 3504 1438 3567 ciiii
1460 3504 1637 3568 Tridentini
1658 3508 1852 3586 interpretis,
1869 3512 1948 3572 edila
1965 3512 2121 3575 Constitu-

1377 3598 1472 3674 tione,
1495 3615 1574 3676 quae
1595 3599 1703 3677 incipit
1725 3600 1956 3675 inscrutabili,
1979 3606 2047 3667 data
2068 3621 2121 3666 no-

1375 3691 1421 3752 bis
1442 3690 1588 3753 iebruarii
1603 3708 1684 3756 anno
1704 3695 1927 3757 incarnationis
1948 3695 2121 3759 dominicae
2144 3705 2145 3708 ’

1375 3800 1538 3860 uuuxxm,
1561 3786 1699 3850 decrevit
1720 3805 1754 3850 ac
1774 3787 1953 3863 declaravit,
1974 3794 2012 3850 ut
2034 3789 2121 3851 dein-

1376 3893 1444 3954 ceps
1461 3884 1527 3940 tom
1540 3881 1717 3957 reputares,
1731 3896 1826 3958 quam
1840 3880 2032 3953 saeculares,
2046 3898 2119 3959 qua·

1375 3969 1543 4034 modolibet
1557 3972 1708 4050 enempti,
1725 3973 1790 4034 siae
1805 3974 1992 4036 animarum
2007 3989 2119 4037 cruram

1374 4081 1584 4145 personarum
1604 4065 1824 4128 saecularium
1845 4067 2048 4138 monasterii,
2064 4084 2119 4129 seu

1371 4277 1412 4322 nie
1427 4273 1587 4321 sententiam
1607 4275 1649 4318 ss.
1665 4273 1691 4315 b.
1707 4273 1734 4316 N.
1751 4271 1871 4316 Urbanus
1886 4271 1948 4314 vt11.
1964 4269 1996 4315 ad
2011 4280 2039 4314 se
2053 4270 2120 4314 rela-

1371 4345 1427 4388 tam
1440 4339 1603 4399 approbavit.

1410 4420 1437 4456 u.
1453 4413 1490 4452 nn
1505 4407 1584 4452 liceat
1599 4405 1733 4463 Episcopo,
1747 4403 1775 4449 in
1790 4402 1844 4449 rim
1853 4401 2051 4450 constitutionis
2061 4414 2119 4450 eau-
2164 4409 2225 4454 Imp.
2243 4409 2276 4454 Π,

1370 4479 1428 4522 ctae
1443 4473 1586 4519 memoriae
1601 4471 1722 4528 Gregorii
1733 4473 1783 4514 xv.
1799 4471 1831 4515 de
1845 4471 2027 4527 exemptarum
2041 4469 2118 4526 privi-

1370 4541 1456 4598 legiis,
1471 4540 1563 4598 punire
1582 4539 1728 4595 regulares,
1743 4537 1789 4594 qui
1802 4537 1836 4582 ad
1850 4536 1999 4582 abbatissae
2015 4537 2117 4582 electio

1369 4621 1430 4655 nem
1444 4607 1588 4664 procedunt
1608 4609 1670 4654 ante
1692 4608 1796 4662 tempus
1811 4603 1863 4661 ipsi
1877 4604 2003 4660 Episcopo
2017 4603 2117 4660 signill-

1368 4678 1466 4730 oatum,
1481 4675 1528 4720 aut
1542 4673 1584 4720 die
1604 4667 1740 4719 electionis
1761 4671 1847 4716 eidem
1868 4670 2019 4716 nullatenus
2040 4682 2113 4728 prae-

1369 4741 1514 4788 nunciabat
2025 4747 2034 4764 ·

1408 4811 1488 4854 sacra
1501 4807 1671 4865 congregatio
1690 4805 1870 4852 cardinalium
1889 4805 1998 4852 concilii
2012 4805 2117 4851 Triden·
2205 4817 2363 4864 Declarappoj

1369 4876 1419 4922 tini
1440 4877 1617 4930 interpretum
1641 4872 1788 4928 respondit,
1810 4872 1947 4928 regulares
1969 4884 2000 4916 ex
2024 4871 2115 4918 eadem
2136 4870 2194 4916 dict.
2212 4871 2272 4918 dieb.

1368 4942 1557 4989 constitutione
1572 4942 1610 4987 ita
1621 4941 1727 4986 demum
1738 4940 1824 4986 teneri
1832 4939 1957 4997 Episcopo
1967 4939 2116 4996 significare

1368 5010 1436 5055 diem
1452 5007 1587 5055 electionis
1602 5007 1760 5062 abbatissae,
1775 5017 1889 5063 eumque
1903 5017 1986 5064 usque
2000 5006 2033 5052 ad
2044 5017 2117 5063 prae·

1369 5077 1475 5122 linitum
1497 5079 1601 5133 tempus
1622 5075 1767 5132 expectare,
1788 5071 1810 5118 si
1823 5077 1902 5118 autea
1923 5073 1979 5130 ipse
1993 5084 2115 5130 expresse

1367 5142 1520 5198 declararit,
1535 5140 1617 5188 scuti
1637 5140 1705 5186 velle
1726 5139 1852 5186 facultate
1866 5139 1918 5185 sibi
1934 5139 2026 5185 bacin
2040 5143 2115 5196 parte

1367 5210 1508 5264 attributi,
1522 5208 1771 5264 abbatissarumque
1785 5206 1966 5262 electionibus,
1977 5217 2022 5263 per
2037 5217 2064 5252 se
2074 5206 2116 5251 vel

1367 5290 1415 5335 per
1428 5277 1521 5333 assum,
1536 5276 1665 5322 iuteresse
1679 5287 1710 5321 ac
1723 5274 1881 5333 praesidere.
1904 5275 1965 5319 Post
1981 5283 2039 5318 eam
2053 5283 2115 5318 xero

1367 5344 1573 5390 declarationem
1588 5342 1668 5388 licere
1683 5341 1808 5398 Episcopo
1818 5341 2029 5386 animadvertere
2040 5339 2067 5384 iu
2077 5350 2116 5384 re·

1367 5411 1483 5468 gulares,
1497 5409 1544 5467 qui
1557 5411 1619 5455 ante
1632 5413 1736 5465 tempus
1746 5407 1935 5463 significatum,
1945 5409 1992 5452 aut
2002 5405 2043 5450 die
2053 5405 2116 5450 eleo

1367 5477 1448 5524 tionis
1456 5477 1541 5522 eidem
1551 5487 1603 5522 non
1610 5474 1808 5534 praenunciata,
1816 5474 1850 5520 ad
1858 5473 2007 5521 abbatissae
2014 5471 2115 5520 electio-

1368 5554 1428 5590 nem
1443 5544 1595 5602 procedunt.

1527 5680 1582 5724 cos.
1596 5678 1669 5724 card.
1684 5679 1721 5722 Da
1736 5681 1847 5723 Tenues.

1595 5813 1717 5860 Paosrun
1731 5814 1884 5870 Enouxuus,
1900 5815 1923 5858 S.
1939 5815 2016 5870 cong.
2032 5815 2099 5858 secr.
