4798 6978
339 511 392 564 Aa.
407 513 437 563 0·
459 511 528 564 1756
576 511 635 574 636
1080 529 1142 574 run.
1168 527 1258 572 eona.
1283 527 1324 572 un
1345 527 1374 571 n.
1398 525 1427 572 n.
1452 527 1534 574 sans
1557 528 1576 572 r.
2143 507 2198 562 Aa.
2213 512 2241 563 0·
2261 511 2320 564 tato

556 649 737 712 dominicus
757 647 919 726 Georgius,
942 648 1007 728 qui,
1023 653 1092 726 post
1113 647 1234 710 editum
1249 663 1303 709 no·
1358 645 1429 720 loci,
1445 662 1509 710 nen
1532 653 1639 712 temen
1654 656 1699 712 ast
1716 649 1891 728 Episcopus
1913 648 2005 712 illius
2019 649 2110 713 dioe-

555 749 657 804 strum
677 741 755 804 illud
782 758 873 820 opus,
896 757 988 804 suum
1012 741 1116 820 praelo
1136 739 1220 802 dedit
1242 748 1301 801 tra·
1358 741 1447 802 casis.
1472 742 1600 804 Rursus
1621 759 1718 822 neque
1739 743 1903 806 nominari
1924 748 2027 821 potest
2046 743 2111 804 Ar·

556 845 674 900 etatum
702 836 738 898 de
767 835 921 916 Litucpid
952 833 1088 896 Romani
1120 833 1300 912 Pontificis,
1359 833 1575 914 ebiepisaapue
1596 841 1658 898 aut
1686 836 1884 900 Patriarcba
1905 839 2109 914 prouinciae,

556 929 694 1008 pluribus
710 930 845 1008 antiquis
860 927 1052 1006 perlustratis
1063 927 1217 996 codicibus
1227 927 1300 989 baec
1359 927 1450 990 intra
1472 945 1567 1006 quom
1589 930 1776 992 continetur
1803 931 2005 1009 episcopatus
2027 929 2112 1008 Epi-

555 1021 696 1085 adnotata
713 1021 851 1101 reliquit,
868 1021 949 1082 dicti
966 1019 1068 1097 operis
1086 1027 1161 1082 tem.
1177 1021 1209 1092 3,
1227 1037 1253 1080 c.
1266 1021 1299 1092 3,
1357 1021 1442 1098 scapi
1464 1021 1624 1101 defuncti,
1641 1021 1714 1086 licet
1732 1026 1767 1086 in
1782 1041 1815 1086 ee
1831 1021 1945 1087 babent
1959 1023 2111 1102 aliquam

556 1132 644 1177 num.
660 1115 714 1188 23,
733 1130 804 1196 pap.
820 1115 885 1178 52.-
905 1114 1019 1178 Omnia
1035 1115 1135 1194 [erma
1149 1114 1300 1176 uetustis·
1357 1114 1637 1191 iurisdictionem·
1658 1119 1734 1196 quia
1757 1119 2020 1198 Arcbiepiscepus
2043 1123 2111 1180 aut

554 1209 636 1272 sima
664 1210 862 1286 enarnplario
893 1209 980 1272 sacri
1013 1208 1146 1270 cononis
1172 1209 1299 1280 missae,
1357 1206 1556 1272 Patriaccba
1588 1226 1653 1271 nen
1683 1211 1809 1274 dicitur
1842 1212 2039 1276 ordinarius
2072 1211 2112 1272 in

554 1307 625 1381 post
637 1303 815 1366 Romanum
827 1304 1025 1383 Pontificem,
1038 1321 1148 1366 nornen
1161 1303 1301 1366 Antisti·
1357 1299 1551 1366 dioecesibus
1568 1305 1858 1386 supraponeorum.

556 1400 600 1462 tis
621 1400 802 1480 deaiprtant,
826 1399 1046 1478 quodquidam
1061 1394 1300 1460 nemenl'locus
1397 1395 1485 1470 §et
1510 1395 1599 1460 Nunc
1620 1407 1724 1462 autem
1745 1413 1894 1460 converso
1916 1399 1951 1461 ad
1973 1399 2111 1460 Graecos
2146 1401 2267 1449 natoue.
2282 1417 2327 1472 nus-

556 1501 584 1554 et
608 1493 807 1570 antiquiores
823 1492 1017 1569 cnpositores
1037 1492 1151 1558 Missae
1173 1505 1249 1568 qnos
1264 1489 1300 1549 in
1356 1504 1513 1567 sermone,
1535 1492 1560 1552 si
1583 1492 1709 1570 quidem
1730 1492 1768 1554 de
1795 1491 2013 1556 italo-Graecis
2040 1491 2109 1567 agi·
2131 1455 2328 1572 iidiiiiibii

556 1586 727 1664 appendice
750 1586 873 1658 domus,
899 1589 1155 1648 commemorant.
1357 1586 1421 1656 tur,
1439 1583 1469 1644 tn
1485 1585 1681 1648 omnimodae
1694 1587 1904 1649 subiiciuntur
1919 1585 2110 1648 iurisdictio·
2130 1562 2327 1662 Rssfflfflw

348 1685 537 1742 spiscopusee-
595 1679 683 1754 §db
712 1679 813 1758 thue
846 1680 946 1742 adbuc
975 1695 990 1740 a
1018 1677 1112 1740 latini
1140 1675 1299 1754 disciplint
1357 1675 1389 1736 ni
1412 1676 1549 1756 Episcopi
1573 1678 1671 1754 latini,
1695 1680 1726 1741 in
1748 1681 1836 1742 cuius
1857 1680 1987 1742 dioecesi
2007 1693 2109 1741 suum

325 1739 539 1858 bibbgnbrffis‘ffsl
556 1789 618 1835 non
648 1774 849 1848 discedamus,
873 1773 929 1834 boc
953 1773 1046 1848 etiam
1073 1769 1298 1844 adnotabimus,
1357 1770 1588 1835 constituerunt
1609 1773 1822 1848 domicilium,
1845 1774 1929 1836 iuxta
1951 1773 2110 1836 constitu·

325 1850 363 1892 m
381 1857 406 1892 ¹¹¹
424 1857 508 1894 [ΝΜ
555 1869 738 1946 Episcopum
759 1868 877 1932 Missam
893 1865 1102 1928 celebrantem
1116 1882 1171 1944 pro
1187 1869 1299 1926 semet·
1358 1866 1475 1928 tionem
1507 1867 1544 1928 li
1576 1868 1817 1946 praedecessoris
1843 1868 1941 1930 nostri
1973 1868 2018 1930 Pii
2049 1869 2109 1930 Pa.-

557 1961 620 2039 ipso
641 1976 741 2036 orare,
763 1975 796 2022 se
818 1960 990 2038 indipnum
1015 1971 1141 2020 seruum
1165 1956 1301 2035 cempel·
1357 1975 1412 2037 pae
1434 1959 1498 2036 lv,
1521 1977 1600 2038 quae
1621 1961 1730 2039 incipit
1753 1960 1912 2026 Romanus
1935 1961 2105 2042 Pantitae,

556 2054 661 2128 landos
684 2052 765 2133 quod
787 2061 1030 2116 consentaneum
1043 2059 1089 2114 est
1104 2051 1150 2112 tris
1165 2067 1244 2130 quae
1259 2049 1301 2112 le·
1358 2050 1485 2115 Baiter.
1510 2050 1598 2114 Rom.
1617 2059 1691 2114 tom.
1707 2052 1741 2125 2,
1765 2055 1801 2116 de
1816 2071 1875 2138 qua
1891 2070 1946 2116 uos
1961 2054 2027 2116 tuse
2043 2055 2108 2118 dis·

555 2155 674 2222 guntur
697 2145 751 2209 lib.
775 2151 798 2208 8
822 2145 1109 2216 Constitutienum,
1134 2158 1300 2223 quaeapo·
1356 2145 1511 2207 senuimus
1543 2146 1574 2209 iu
1607 2155 1713 2209 nostro
1745 2156 1876 2210 tractatu
1911 2147 1951 2208 lie
1979 2147 2108 2225 Spnodo

555 2239 687 2302 stolicae
708 2240 865 2316 dicuntur,
884 2239 972 2299 inter
993 2253 1087 2316 opera
1106 2238 1245 2300 Petrum
1261 2240 1300 2300 A·
1357 2235 1542 2300 dioecesanei
1564 2237 1617 2302 lib.
1630 2239 1665 2311 3,
1682 2255 1751 2317 cap.
1772 2241 1815 2298 12
1833 2240 2024 2302 novissimae
2037 2241 2109 2302 edi-

554 2332 751 2410 postelornm
780 2350 800 2394 a
832 2331 987 2396 cotelerio
1018 2331 1123 2403 edita,
1157 2337 1232 2392 torn.
1261 2329 1297 2404 1,
1359 2329 1457 2391 tionis
1474 2329 1645 2394 Romanae.
1663 2333 1768 2411 ltaque
1785 2333 2108 2412 huiusmodipresby·

553 2423 712 2507 pauent,
731 2427 783 2489 ubi
799 2426 824 2487 is
838 2428 891 2505 qui
902 2441 1024 2487 sacrum
1039 2425 1122 2500 iacit,
1138 2429 1300 2502 postquam
1358 2423 1415 2485 teri
1436 2423 1636 2488 italo-Graeci
1654 2425 1684 2487 in
1700 2425 1847 2488 sacrificio
1862 2425 2019 2489 atterendo
2035 2427 2106 2488 tati-

555 2537 610 2598 pre
631 2521 698 2583 aliis
719 2520 830 2594 oravit,
847 2535 901 2598 pro
915 2535 949 2580 se
970 2518 1034 2597 ipso
1055 2517 1300 2596 deprecaturbis
1357 2533 1429 2578 nam
1451 2516 1642 2596 disciplinam
1670 2519 1757 2598 sequi
1780 2525 1944 2594 tenentur,
1966 2536 2106 2582 comme-

347 2626 441 2671 nomas
455 2624 536 2670 surus
556 2615 675 2676 verbis:
710 2611 823 2677 Adbuc
849 2627 999 2691 reparans
1026 2617 1055 2672 te
1086 2627 1143 2688 pro
1174 2610 1299 2673 nullius
1358 2609 1565 2673 morationem
1585 2609 1702 2674 scilieet
1716 2611 1863 2674 iacientes
1877 2612 2008 2676 Romani
2023 2614 2106 2676 Pon-

324 2679 537 2789 iiiiii?
554 2708 653 2786 pretii
676 2705 883 2784 hominunm
902 2704 1301 2785 tibiefferoetciraeter·
1357 2703 1447 2764 titicis
1470 2711 1500 2765 et
1523 2703 1663 2783 Episcopi
1687 2705 1760 2780 loci,
1784 2721 1945 2784 nunquam
1968 2724 2043 2770 vero
2065 2708 2105 2772 0-

555 2819 590 2864 ea
610 2801 771 2864 sciendum
786 2807 844 2875 est,
863 2799 895 2860 in
919 2799 995 2860 urbe
1015 2797 1111 2860 Roma
1131 2797 1227 2860 solius
1241 2797 1299 2858 Ru
1357 2797 2102 2878 rientaliumEpiscoporumautPatriarcbarum,

554 2895 639 2958 mani
669 2893 826 2956 Pontisscis
857 2891 1185 2954 commemorationem
1214 2889 1298 2965 fieri,
1356 2893 1559 2968 quantumvis
1579 2893 1718 2956 catholici
1741 2893 1815 2968 sint,
1838 2909 1939 2972 quum
1960 2895 1992 2956 lri
2014 2895 2104 2959 nulla

554 3007 591 3052 eo
612 2990 691 3068 quod
714 2988 777 3066 ipse
799 3003 863 3048 non
886 2987 978 3047 ruodo
998 2986 1037 3047 sit
1058 3000 1200 3046 summus
1220 2984 1299 3046 Pon·
1356 2984 1501 3048 truantur
1533 2987 1745 3048 iurisdictione
1777 2987 1808 3049 in
1829 2987 1915 3050 italia
1936 2996 1968 3051 et
1989 2990 2103 3051 insulis

555 3083 642 3158 tiiex,
657 3081 820 3144 sedetiam
840 3079 1014 3159 specialiter
1035 3078 1192 3141 Romanae
1210 3077 1299 3141 Urbis
1356 3079 1583 3157 adiacentibus,
1618 3089 1651 3142 ut
1681 3081 1774 3142 etiam
1805 3089 1957 3145 statutum
1988 3092 2034 3146 est
2069 3085 2102 3146 in

324 3177 457 3276 brennus
472 3175 535 3264 ⁰0¹⁰-
554 3175 742 3256 Episcopus,
769 3173 872 3252 ipsum
894 3189 969 3234 vero
996 3172 1199 3247 Pontificem,
1222 3173 1298 3234 dum
1356 3173 1488 3254 praelata
1510 3173 1731 3236 constitutione
1751 3176 1868 3238 nestra:
1893 3175 1966 3238 Etsi
1987 3175 2102 3240 Pasto-

322 3241 533 3340 eb⁸ssiobb⁰b¹igr.
553 3269 675 3331 Missam
706 3267 857 3342 celebrat,
884 3282 940 3346 pro
960 3281 993 3328 se
1021 3265 1114 3326 etiam
1136 3281 1239 3341 orare,
1262 3266 1297 3325 ad
1356 3267 1481 3342 ralis,§
1495 3272 1529 3339 8,
1543 3283 1631 3328 uuirt.
1644 3271 1678 3340 4,
1693 3267 1837 3332 Baliarii
1852 3271 1958 3332 nestri
1974 3275 2048 3332 tom.
2067 3273 2100 3344 1,

550 3379 626 3426 eum
648 3362 740 3440 plane
755 3361 894 3434 modum,
910 3375 971 3436 quo
987 3359 1154 3438 Episcopus
1168 3357 1299 3438 quilibet
1357 3361 1463 3426 donst.
1475 3360 1533 3424 57.
1555 3357 1635 3422 Sane
1650 3361 1681 3422 in
1697 3361 1812 3424 uranu
1831 3359 1862 3424 S.
1881 3363 2021 3440 Gregorii
2036 3364 2098 3428 Vll.

553 3457 711 3519 celebrans
732 3469 787 3532 pre
808 3469 841 3515 se
862 3453 928 3532 ipso
956 3453 1054 3514 neum
1076 3459 1155 3528 erat.
1183 3451 1298 3514 Postu·
1355 3456 1443 3518 Rom.
1467 3454 1555 3517 Pont.
1580 3472 1651 3518 can.
1673 3455 1714 3513 10
1736 3454 1808 3517 haec
1822 3455 1914 3518 uerba
1936 3457 2098 3535 leguntur:

552 3549 630 3613 lasti
651 3547 758 3629 (uerba
773 3551 849 3609 sunt
864 3545 1037 3609 innocentii
1056 3545 1103 3609 lli.
1121 3545 1154 3608 in
1170 3545 1299 3624 epistola
1354 3549 1436 3628 qued
1458 3548 1567 3625 Papae
1587 3548 1687 3610 solius
1709 3563 1822 3612 noman
1842 3550 1877 3611 in
1893 3549 2037 3616 Ecclesia
2053 3571 2099 3616 re.
2208 3561 2313 3606 urrisun

553 3659 617 3705 non
638 3641 737 3704 adbuc
757 3641 850 3716 edita,
865 3641 917 3702 sed
940 3639 973 3700 in
987 3639 1127 3717 Regestis
1143 3638 1298 3702 Vaticanis
1355 3643 1488 3706 citetur.
1513 3642 1551 3704 Et
1572 3641 1696 3720 quidem
1725 3641 1876 3705 uictarum
1904 3645 1962 3708 troc
1990 3647 2098 3710 Conci·
2120 3614 2261 3724 ἓὸξιῖἷὶῗιῗῦί
2278 3618 2315 3730 viii

552 3737 717 3811 asservata,
739 3733 794 3798 lib.
812 3733 844 3807 9,
858 3749 946 3796 num.
965 3731 1020 3804 33,
1038 3747 1117 3811 quae
1132 3731 1298 3811 respondet
1355 3736 1468 3798 tiorum
1491 3734 1724 3798 collectionibus
1749 3735 1902 3798 insertum
1929 3739 2098 3817 reperitur,
2120 3721 2208 3821 {iipffl
2221 3733 2314 3831 Ἧξξζῖ

553 3831 701 3909 Episcopo
711 3827 1044 3903 buriensi,sciscitauti
1055 3827 1209 3904 quomodo
1220 3825 1299 3887 Pon·
1355 3829 1506 3892 nimirum
1528 3829 1631 3904 regiae
1651 3828 1831 3890 Parisiensis
1854 3837 1927 3892 tom.
1949 3831 2006 3904 36,
2025 3832 2100 3896 Lab-
2119 3809 2260 3875 830303-

553 3923 629 3986 titeu
650 3923 772 3987 idissam
793 3922 950 3985 celebrans
968 3922 1007 3983 de
1026 3935 1059 3982 se
1080 3919 1145 3998 ipso
1166 3919 1298 3982 mentio·
1355 3923 1467 3986 baanae
1490 3937 1565 3983 vero
1587 3927 1660 3982 ten.
1683 3922 1714 3994 6,
1740 3929 1825 3999 part.
1849 3925 1880 3984 1.
1904 3924 1972 3988 Non
1996 3935 2098 3990 tamen

552 4032 625 4079 nem
656 4016 757 4095 taciat)
781 4014 955 4094 postulasti
980 4018 1146 4092 praeterea
1178 4013 1296 4082 doceri,
1355 4015 1706 4092 ignoramusvigentem
1722 4017 1806 4078 inter
1825 4020 2101 4082 eruditoscontro·

435 4177 437 4184 ,
553 4107 668 4187 quibus
690 4109 792 4172 uerbis
814 4108 969 4188 Pantitae
991 4107 1156 4169 Romaanus
1177 4111 1299 4169 utatur
1356 4109 1506 4184 versiam,
1538 4108 1619 4170 sitne
1640 4109 1796 4172 dictatum
1817 4110 1893 4176 iilud
1923 4113 2098 4189 genuinum

553 4204 589 4264 in
609 4221 642 4264 ee
665 4203 730 4264 laco
752 4202 884 4264 canonis
907 4199 1032 4274 Missae,
1057 4199 1093 4262 in
1114 4217 1173 4277 qua
1194 4217 1294 4262 sacer·
1355 4219 1431 4282 opus
1446 4201 1477 4264 S.
1496 4202 1662 4277 Pontificis,
1678 4217 1717 4264 an
1733 4205 1834 4281 potius
1847 4207 2098 4284 supposititium

553 4297 607 4359 dos
628 4295 878 4380 interioritati,
904 4311 965 4358 una
986 4309 1058 4357 aum
1080 4292 1157 4373 Papa
1179 4303 1296 4371 nostro,
1354 4297 1429 4359 adeo
1449 4296 1574 4375 quidem
1596 4302 1631 4358 ut
1653 4296 1684 4356 P.
1699 4295 1905 4372 uanittontus,
1922 4299 1954 4360 in
1968 4317 2025 4361 suo
2040 4308 2099 4362 tra-

553 4407 626 4454 cum
647 4391 730 4452 idem
750 4405 807 4468 pro
827 4406 860 4450 se
882 4395 961 4451 tnnc
980 4387 1131 4451 uideatur
1152 4405 1245 4451 orare
1259 4406 1298 4451 ac
1354 4399 1438 4453 ctatu
1459 4391 1504 4452 De
1521 4388 1647 4452 Studiis
1669 4389 1867 4464 Hermotimo,
1885 4393 2099 4470 quaestionem

553 4499 654 4562 supra
668 4501 699 4546 se
715 4483 906 4547 antistitem
922 4499 986 4544 non
1008 4481 1298 4561 aeternaequae
1355 4486 1434 4547 banc
1465 4483 1656 4563 recensuerit
1681 4483 1764 4545 inter
1791 4485 1964 4562 graviores,
1986 4487 2100 4564 quibus

554 4577 730 4639 denotionis
745 4583 821 4640 tuae
837 4577 950 4639 taliter
965 4575 1200 4654 respondemus,
1216 4577 1298 4654 quod
1355 4577 1521 4640 enodandis
1543 4575 1763 4638 ecclesiasticae
1784 4576 1930 4639 historiae
1951 4579 2101 4658 professo-

554 4687 610 4732 nos
632 4668 677 4733 ibi
692 4671 850 4732 dicimus.-
866 4686 958 4732 ‹una
973 4685 1094 4733 mecum
1111 4671 1241 4748 indigno
1256 4669 1298 4731 ia·
1355 4686 1404 4732 res
1417 4669 1558 4748 occupari
1573 4679 1712 4746 possunt.
1736 4668 1854 4732 Verum
1870 4670 1926 4732 hoc
1940 4672 2033 4734 etiam
2048 4689 2100 4752 po-

554 4764 641 4826 mula
653 4772 747 4826 tue.»
760 4763 898 4842 benique
912 4763 1085 4824 notandum
1097 4771 1154 4837 est,
1166 4779 1182 4823 a
1195 4764 1297 4826 latinis
1353 4763 1425 4840 sito,
1448 4764 1603 4826 dictatum
1618 4779 1684 4825 esse
1698 4764 1873 4840 genuinum
1895 4781 1972 4844 opus
1983 4767 2016 4830 S.
2025 4767 2099 4830 Gre-

553 4857 761 4920 sacerdotibus
788 4855 1117 4918 commemorationem
1139 4857 1297 4935 ureniepi-
1355 4859 1433 4936 gorii
1455 4856 1532 4932 vlt,
1555 4874 1628 4920 vera
1650 4873 1684 4920 aa
1704 4871 1850 4934 germana
1870 4860 1953 4922 citati
1974 4862 2099 4924 canonis

553 4953 646 5031 scopi,
664 4952 709 5014 uti
723 4949 962 5030 Metropolitum,
979 4949 1011 5010 in
1026 4963 1145 5011 canone
1166 4951 1299 5012 minime
1354 4951 1506 5014 sententia
1529 4951 1609 5013 baud
1630 4948 1756 5029 quidem
1779 4959 1836 5027 est,
1859 4953 1946 5016 utin
1969 4953 2099 5018 Ecclesit

554 5047 634 5121 deri,
657 5053 692 5108 ut
719 5045 811 5106 etiarn
836 5049 923 5105 notat
949 5048 1108 5105 accuratus
1134 5043 1166 5104 P.
1191 5043 1298 5106 iterati
1355 5043 1462 5108 Latini
1477 5044 1618 5124 Episcopi
1639 5045 1811 5108 dioecesani
1832 5063 1948 5110 nomen
1963 5065 1979 5110 a
1994 5048 2101 5112 Missae

554 5139 587 5202 in
599 5139 663 5202 suis
674 5136 912 5202 Commentariis
923 5135 960 5197 ad
971 5135 1296 5215 Gasantum,port.2,
1357 5139 1480 5202 Canens
1499 5139 1540 5200 sit
1561 5139 1862 5214 removendum,sed
1879 5147 1912 5202 ut
1927 5141 2028 5204 eidem
2044 5143 2100 5204 rni-

555 5234 609 5296 tit.
639 5233 671 5306 8,
696 5247 784 5293 num.
804 5229 836 5305 5,
859 5238 891 5292 et
912 5231 1040 5310 quidem
1068 5231 1189 5292 etiamsi
1211 5239 1298 5294 vacet
1356 5233 1442 5294 nime
1462 5233 1642 5294 inserantur
1670 5231 1796 5295 uomina
1821 5231 2027 5297 Orientalium
2047 5235 2100 5298 Pa·

553 5328 640 5392 sedes
661 5327 854 5407 episcopalis:
878 5324 908 5387 si
924 5340 996 5386 aare
1013 5322 1188 5403 Episcopus
1206 5325 1299 5388 Ordi-
1356 5325 1572 5400 triarcbarum,
1583 5325 1638 5403 qui
1658 5325 1775 5388 scilicet
1798 5334 1869 5388 tunc
1884 5329 2030 5408 temporis
2044 5329 2100 5393 hac

539 5422 672 5485 'nasim
694 5420 768 5493 ioci,
794 5419 830 5482 in
851 5434 911 5498 quo
938 5414 1134 5490 celebratur,
1157 5420 1203 5480 sit
1228 5421 1297 5484 eila
1355 5418 1534 5482 conditione
1556 5434 1760 5481 consensuros
1775 5434 1807 5480 se
1822 5419 1975 5497 dicebant,
1992 5433 2026 5484 ut
2040 5423 2099 5486 Ro-

555 5517 703 5596 [unctus
724 5511 892 5593 praedicta
914 5509 1007 5574 cerba
1021 5512 1233 5586 emittuntur,
1252 5513 1298 5574 ni·
1356 5511 1440 5574 mani
1461 5510 1616 5574 Pontificis
1638 5527 1755 5574 nomen
1777 5513 1810 5573 in
1825 5511 1949 5590 liturgia
1969 5531 2100 5594 repone

342 5625 455 5680 recussu.
473 5635 537 5670 nun·
556 5609 673 5671 mirum
695 5611 732 5674 de
754 5624 788 5670 eo
811 5623 875 5670 nen
897 5606 932 5668 tit
952 5605 1222 5668 commemoratio:
1245 5607 1298 5670 sed
1356 5613 1453 5681 retur,
1476 5621 1510 5667 ac
1531 5622 1586 5684 per
1615 5605 1774 5668 universas
1803 5605 1938 5670 Orientis
1959 5609 2099 5672 ecclesias

323 5681 535 5780 ἣξῧῗιζῖξῃῗζθῗ,
555 5701 786 5765 advertendum
800 5706 856 5775 ert,
875 5701 940 5763 ioco
957 5699 1118 5778 Episcopi,
1134 5717 1198 5762 nan
1210 5716 1299 5779 posse
1356 5715 1411 5778 pre
1432 5716 1468 5761 eo
1490 5715 1595 5778 preces
1617 5701 1740 5775 tierent,
1758 5699 1784 5760 si
1808 5700 1943 5764 sicusim
1956 5701 2097 5765 Pontifex

324 5788 408 5834 missa.
554 5795 718 5858 nominari
745 5795 905 5859 licerium
928 5794 1151 5875 capitularem,
1167 5797 1244 5874 qnia
1260 5795 1298 5856 li·
1355 5793 1577 5870 consensisset,
1601 5803 1636 5855 ut
1657 5795 1794 5872 ipsorum
1816 5795 1941 5856 nomina
1964 5811 1980 5856 a
2000 5812 2099 5860 sacer·

554 5895 616 5962 cet,
636 5889 705 5953 sede
726 5897 876 5965 vacante,
908 5891 1106 5954 ordinarius
1133 5890 1178 5954 sit
1205 5889 1297 5953 illins
1355 5887 1477 5952 dotibus
1497 5885 1600 5952 latinis
1616 5887 1767 5952 Ecclesiae
1777 5887 1934 5952 Romanae
1954 5889 2098 5956 aliarum·
