4744 6976
876 588 1074 642 tenebrosus
1096 593 1161 642 x1t'.

243 727 341 783 ratur.
364 715 492 782 Alendus
514 712 687 780 Aristonius
708 712 829 795 (magni
856 713 992 776 nominis

242 817 323 894 apud
338 814 510 880 orientales
521 820 640 886 auctor,
652 809 914 888 quemadmodum
925 807 992 869 Bal·

241 926 350 972 samon
378 916 410 971 et
438 909 571 971 Zonaras
600 903 740 968 interiori
771 904 837 966 loco
865 901 992 981 citandi)

242 1001 371 1081 praelati
386 999 512 1064 canonis
527 997 667 1061 Trullani
681 997 847 1070 Glossator,
863 995 904 1057 ita
917 995 991 1057 scri·

241 1097 306 1158 bit:
330 1095 440 1167 Illum,
464 1096 518 1173 qui
541 1091 625 1156 binis
653 1092 841 1170 implicatus
862 1097 909 1152 cst
932 1105 991 1150 uu·

240 1191 325 1270 ptiis
345 1199 417 1268 past
439 1187 643 1267 baptismum,
668 1191 729 1250 aut
751 1184 892 1263 pellicem
914 1183 993 1246 reti-

241 1293 312 1354 net‚
337 1293 397 1348 out
419 1284 562 1356 uiduam,
586 1289 646 1346 aut
666 1281 705 1346 ab
726 1283 791 1345 alio
811 1281 987 1352 dimissam,

241 1387 304 1444 aut
326 1379 536 1454 meretricem,
565 1387 625 1442 out
651 1393 787 1450 servam,
810 1385 872 1440 aut
892 1377 992 1438 sceni-

241 1491 314 1538 cam
346 1473 450 1547 ducit,
482 1489 546 1536 aon
576 1489 664 1550 passe
695 1471 896 1552 Episcopum,
930 1477 991 1534 aut

239 1567 473 1646 presbyterum,
508 1575 568 1630 aut
597 1567 779 1638 diaconum,
814 1571 874 1629 aut
897 1565 992 1642 lippo·

241 1663 417 1725 diaconum
437 1661 517 1739 fieri,
535 1661 635 1722 iuatu
649 1659 805 1722 decimum
819 1661 990 1738 septimum

240 1761 270 1816 et
288 1754 446 1816 decimum
461 1757 608 1816 octauum
621 1751 844 1828 Apostolorum
857 1767 990 1814 canartes

241 1847 433 1908 decernunt.

282 1942 373 2018 532.
397 1941 430 2002 P.
454 1941 569 2002 Bernat
596 1940 675 2019 apud
708 1938 908 2002 Bollandistas
931 1939 987 2000 loc.

241 2038 301 2100 cit.
317 2038 445 2118 propius
459 2037 494 2106 ad
509 2051 578 2096 rem
598 2034 755 2109 accedens,
773 2041 914 2110 testatur,
931 2034 991 2096 dia·

240 2147 338 2193 conos
361 2130 494 2208 Copbtos
515 2128 641 2191 vinculo
656 2128 785 2190 secundi
800 2128 992 2190 matrimonii

240 2223 396 2300 alligatos,
412 2222 524 2299 adepto
539 2221 643 2301 produ
664 2221 818 2294 accidere,
836 2229 866 2284 et
887 2222 924 2283 ab
939 2221 993 2285 Or·

240 2317 324 2380 dinis
345 2325 435 2379 antea
449 2315 552 2378 collati
567 2314 741 2377 ministerio
755 2316 912 2394 suspendi.
929 2315 993 2379 Nec

239 2426 317 2473 sane
348 2409 436 2472 deest
465 2407 539 2471 huic
568 2406 747 2486 disciplinae
770 2411 843 2472 satis
865 2412 991 2473 drmum

240 2504 373 2567 rationis
388 2501 587 2582 praesidium.
606 2501 685 2564 Cum
705 2501 792 2564 enim
806 2502 925 2567 diaconi
939 2519 993 2581 op-

240 2606 382 2677 portuno
404 2603 545 2674 tempore
566 2596 761 2674 interrogati,
785 2597 883 2660 libero
896 2605 927 2660 et
942 2598 992 2660 de·

239 2691 375 2755 liberato
406 2695 476 2754 actu
503 2686 672 2751 voluntatis
699 2698 798 2753 ratam
826 2692 993 2754 ordinatio-

240 2800 319 2847 nem
340 2779 520 2856 habuerint,
542 2787 573 2842 et
594 2795 715 2843 norum
736 2781 890 2859 quoddam
911 2781 992 2843 vitae

241 2894 345 2958 genus
359 2877 538 2940 ratificando
553 2875 718 2952 elegerint,
734 2894 768 2940 ac
783 2877 910 2957 professi
925 2876 990 2939 iue-

240 2975 320 3048 rint,
340 2971 509 3035 deliberato
524 2971 639 3049 pariter
652 2970 821 3032 voluntatis
835 2978 904 3033 actu
920 2985 990 3033 cen·

239 3066 333 3128 sendi
353 3071 428 3128 sunt
448 3079 482 3126 se
501 3063 666 3126 subiecisse
687 3063 806 3140 legibus
822 3063 929 3127 Ordini
944 3079 991 3124 ra-

240 3158 358 3221 tificato
386 3164 419 3220 et
444 3158 528 3219 ritae
554 3155 698 3219 instituto
725 3155 897 3218 necessario
919 3171 990 3219 con·

240 3253 345 3327 nexis,
361 3268 395 3313 ac
411 3251 474 3328 legi
488 3250 671 3331 praesertim
684 3249 867 3328 prohibendi
881 3265 990 3312 sccun-

240 3347 278 3409 da
300 3343 457 3409 connubia
475 3353 505 3406 et
520 3342 698 3420 bigamiam,
715 3342 788 3406 adeo
803 3352 837 3405 ut
852 3343 937 3406 nefas
951 3344 991 3404 sit

240 3457 257 3501 a
301 3455 336 3502 ro
361 3441 439 3501 osito
459 3437 590 3500 resilire.

72 3549 222 3612 „nasarius
278 3455 372 3608 {a}
397 3531 467 3594 Tuti
487 3531 636 3594 hactenus
657 3529 775 3593 iuimus
796 3530 828 3593 in
847 3532 991 3594 examine

61 3603 203 3649 ”¹¹⁵⁶¹²⁰⁰¹¹⁰¹'
239 3625 453 3688 secundarum
472 3623 669 3702 nuptiarum:
694 3639 779 3686 nune
800 3640 875 3686 vero
889 3623 990 3702 aliqua

241 3719 279 3781 de
299 3719 417 3798 primis
431 3717 613 3794 attingenda
627 3724 713 3792 sunt,
726 3724 761 3779 ut
775 3717 907 3794 singulis
921 3732 991 3796 pro·

240 3811 338 3891 positi
359 3811 446 3874 dubii
466 3809 604 3889 partibus
626 3809 699 3871 satis
721 3809 783 3870 dat.

73 3919 172 3990 amerina
184 3921 223 3966 ne
282 3905 301 3982 5
323 3905 372 3968 31.
395 3903 541 3979 Quamvis
555 3903 773 3981 antiquissimo
788 3910 938 3984 tempore,
954 3903 990 3970 ad

62 3973 223 4082 ifflffiffi
240 4000 418 4077 aagendam
449 3997 597 4059 clericalis
626 3997 758 4058 militiae
782 3997 989 4073 sanctitatem,

62 4081 223 4180 {garganus
241 4101 377 4172 utraque
398 4091 531 4154 Ecclesia
552 4088 753 4154 Occidentalis
775 4097 806 4152 et
827 4089 990 4153 Orientalis

240 4199 341 4266 aeque
371 4182 614 4265 praescripserit,
642 4183 761 4246 nedum
781 4183 988 4262 presbyteros,

239 4278 294 4342 sed
316 4279 392 4341 alios
412 4279 509 4342 etiam
528 4278 561 4340 in
583 4274 638 4340 SS.
655 4276 819 4348 Ordinibus
841 4276 990 4341 constitu-

241 4383 289 4436 tos
311 4373 344 4435 in
366 4380 518 4452 perpetuo
548 4371 702 4434 coelibatu
726 4371 843 4433 uersari
864 4369 988 4446 debere,

240 4475 273 4530 et
286 4467 367 4529 hanc
376 4465 594 4529 custodiendae
607 4464 754 4527 castitatis
768 4463 988 4540 obligationem

239 4576 415 4641 numquam
436 4558 592 4622 remiserit
613 4557 745 4620 aliarum
765 4563 865 4620 mater
879 4565 910 4620 et
924 4573 988 4618 ma-

240 4657 338 4733 gistra
358 4653 494 4716 Romana
516 4652 666 4730 Ecclesia;
688 4668 776 4716 secus
797 4659 989 4714 tamennon·

240 4748 315 4826 tigit
337 4755 437 4810 tractu
459 4746 606 4825 temporis
628 4746 661 4808 in
677 4745 812 4808 Ecclesia
826 4744 987 4821 Orientali,

240 4850 277 4905 ut
288 4847 395 4920 aperte
408 4839 565 4902 evincitur
579 4853 618 4901 ex
630 4855 700 4903 con.
714 4839 830 4904 Aliter.
844 4840 920 4902 dist.
931 4840 987 4910 31,

240 4949 311 5013 cap.
335 4933 524 5008 Quaesitum
546 4932 583 4994 de
602 4934 723 5012 poenit.
745 4939 775 4994 et
798 4933 935 5004 remiss,
957 4937 987 4993 et

242 5044 311 5107 cop.
331 5027 412 5090 Cum
434 5027 522 5098 alim,
545 5026 581 5088 de
601 5026 894 5107 clericncom'upat.
917 5024 987 5101 Oui·

241 5122 300 5184 bus
313 5119 525 5184 sanctionibus
543 5135 695 5183 consonae
713 5127 788 5182 sunt
802 5118 909 5181 literae
920 5133 990 5197 apo·

239 5215 368 5278 stolicae
387 5212 470 5277 felic.
493 5214 610 5276 record.
639 5213 781 5289 Gregorii
801 5212 880 5276 Xlll.
903 5227 988 5293 prae-

240 5308 408 5372 decessoris
429 5307 541 5380 nestri,
557 5308 642 5370 datae
656 5307 691 5370 ad
707 5305 914 5369 Patriaicham
928 5305 988 5368 lla·

240 5405 428 5478 ronitarum,
451 5403 601 5478 legendae
622 5399 702 5478 apud
723 5401 874 5463 Thomam
889 5417 905 5462 a
919 5399 987 5461 lesu

240 5497 274 5559 in
302 5511 396 5576 supra
426 5499 600 5559 memorato
630 5509 723 5573 opere
751 5509 818 5572 pag.
841 5493 900 5556 lOO
921 5493 985 5556 ibi:

243 5591 325 5655 dum
357 5588 540 5668 srepnunes
572 5585 660 5664 Papa
690 5585 813 5658 credat,
839 5587 988 5650 Orienta-

241 5685 324 5747 lium
344 5690 480 5746 ueterem
500 5697 565 5743 esse
586 5679 808 5752 traditionem,
825 5688 987 5744 uteorum

242 5774 643 5842 Sacerdotesmatrimanio
654 5773 798 5852 copulati
809 5776 988 5847 sint,cum·

241 5884 299 5948 que
319 5869 352 5935 id
373 5869 442 5932 illis
463 5883 638 5948 numquam
652 5866 866 5931 interdiucrit
881 5867 987 5932 Eccle*

240 5967 303 6043 sia,
326 5981 384 6028 nec
408 5965 540 6030 uidetur
565 5961 824 6030 interdicendum
845 5963 987 6034 Maroui-

1713 573 1771 642 227
1821 573 1875 631 An.
1889 577 1920 632 O.
1941 574 2010 634 1745

1047 714 1110 788 tis:
1132 715 1185 778 lea
1206 716 1290 778 enim
1323 710 1498 779 caelibatus
1529 730 1650 793 semper
1681 715 1790 795 praeis

1044 811 1114 874 cisa
1129 817 1175 874 cst
1190 809 1328 885 Graecis,
1342 818 1510 890 propterca
1522 811 1709 890 coniapium
1722 825 1790 888 per·

1045 905 1178 966 missum
1189 910 1237 966 est
1252 905 1319 967 illis
1331 913 1390 966 etc.
1405 903 1660 966 Permittendum
1677 903 1710 965 id
1726 902 1792 965 ita-

1045 1013 1103 1074 que
1124 996 1256 1060 uidetur
1276 997 1460 1069 Maronitis,
1485 996 1651 1058 dummodo
1670 996 1710 1058 ad
1726 1011 1792 1058 ma-

1047 1091 1239 1153 trimonium
1253 1108 1317 1152 nen
1332 1089 1577 1168 compellantur,
1590 1089 1645 1168 qui
1661 1087 1790 1151 coelibes

1046 1199 1109 1244 esse
1130 1186 1257 1256 uellent,
1280 1184 1333 1246 sed
1354 1184 1395 1247 ad
1417 1184 1451 1246 id
1472 1185 1580 1262 potius
1601 1183 1664 1262 piis
1681 1181 1788 1246 borta-

1047 1276 1190 1341 tianibus
1211 1279 1424 1342 inducantur.

1086 1373 1174 1447 535.
1199 1374 1380 1450 iunguntur
1407 1372 1607 1436 matrimonio
1627 1373 1735 1436 Graeci
1755 1373 1789 1434 in
1866 1387 1931 1442 outa
1953 1387 2022 1445 anua

1045 1468 1218 1531 minoribus
1239 1466 1406 1544 Ordinibus
1431 1467 1604 1542 constituti,
1627 1474 1670 1541 et,
1693 1481 1790 1529 uxore
1810 1443 1923 1488 cnecon.

1046 1569 1179 1638 retenta,
1201 1563 1236 1624 ad
1267 1562 1398 1623 maiores
1426 1559 1556 1623 Ordines
1584 1569 1615 1622 et
1636 1563 1672 1622 ad
1693 1576 1792 1623 saeer-

1046 1656 1120 1718 dotii
1140 1657 1270 1733 gradum
1285 1656 1346 1717 rite
1360 1661 1599 1734 promoventur:
1617 1653 1671 1716 ubi
1688 1661 1791 1716 tamen

1045 1749 1225 1826 contigerit,
1247 1763 1298 1810 eos
1320 1750 1351 1810 in
1373 1755 1456 1810 statu
1484 1746 1594 1809 coelibi
1617 1747 1716 1812 Sacris
1737 1746 1791 1809 Or-

1046 1842 1169 1906 dinibus
1186 1843 1345 1920 insigniri,
1361 1855 1585 1921 :quacumque
1601 1855 1654 1919 spe
1668 1847 1789 1903 contra-

1046 1937 1142 2000 hendi
1164 1935 1355 1999 matrimonii
1377 1935 1577 2008 deiiciuntur,
1591 1941 1627 1996 ut
1639 1933 1708 1996 iuse
1721 1935 1793 1996 edo-

1045 2038 1093 2093 cet
1117 2029 1216 2094 Glass.
1239 2030 1275 2091 in
1296 2045 1367 2092 can.
1385 2027 1533 2100 Diaccni,
1551 2027 1626 2089 dist.
1649 2030 1708 2091 28.

1084 2129 1103 2203 ἓ
1125 2128 1174 2190 36.
1196 2125 1347 2201 Quinobst
1368 2131 1398 2186 et
1420 2122 1584 2186 declaratio
1599 2127 1630 2184 et
1644 2128 1791 2201 protesta-
1839 2135 1950 2193 nupcias
1965 2140 2021 2236 pasc

1046 2223 1090 2285 tio
1112 2223 1149 2284 de
1169 2219 1343 2297 expetendo
1364 2216 1509 2300 coniugio
1529 2216 1562 2278 in
1585 2216 1648 2295 ipsa
1668 2231 1789 2295 suscep·
1809 2191 2023 2291 {gfflffiffiffiissl

1046 2316 1131 2378 tione
1152 2314 1274 2378 Ordinis
1296 2311 1380 2374 Sacri
1401 2310 1512 2373 emissa
1532 2327 1548 2370 a
1568 2309 1714 2385 diaconis,
1730 2326 1790 2389 qua
1808 2303 1856 2346 ²⁸⁰·

1046 2413 1263 2482 concurrente,
1276 2404 1486 2485 compatibiles
1501 2403 1649 2467 videntur
1663 2403 1791 2483 nuptiae

1045 2517 1117 2564 cum
1137 2501 1326 2564 simultaneo
1347 2498 1524 2562 diaconatus
1544 2498 1731 2574 ministerio,
1754 2501 1791 2562 ad

1045 2595 1267 2675 praescriptum
1295 2591 1428 2654 canonis
1450 2591 1505 2653 10.
1537 2590 1667 2654 Concilii
1690 2596 1791 2669 incy·-

1044 2688 1123 2765 rani,
1145 2687 1235 2750 relati
1256 2687 1292 2748 in
1315 2701 1427 2748 canon.
1451 2687 1601 2757 utacum,
1623 2683 1697 2747 dist.
1723 2688 1789 2748 28:

1049 2781 1243 2859 Onicamque
1253 2779 1390 2843 Diaccni
1407 2779 1592 2851 constituti,
1605 2779 1641 2840 in
1656 2779 1726 2856 ipsa
1741 2794 1792 2840 ar-

1045 2874 1213 2937 dinaticne
1245 2874 1416 2951 protestati
1447 2878 1538 2944 sunt,
1560 2881 1591 2936 et
1618 2873 1789 2946 elicuerunt,

1047 2974 1189 3045 opertere
1209 2982 1241 3026 se
1263 2981 1379 3028 umores
1402 2965 1617 3038 dauernoun
1638 2982 1702 3027 nan
1722 2981 1791 3044 pas·

1044 3061 1114 3123 sint
1135 3061 1182 3122 sic
1202 3073 1343 3132 manere,
1364 3059 1390 3121 ii
1411 3060 1440 3121 si
1462 3075 1596 3122 umorem
1610 3064 1719 3138 pastea
1733 3059 1791 3122 du-

1045 3153 1169 3225 cerint,
1192 3155 1228 3214 in
1255 3153 1440 3215 ministerio
1467 3161 1631 3226 maneant,
1657 3171 1689 3217 ee
1710 3153 1791 3232 quod

1045 3245 1102 3308 boc
1122 3247 1168 3308 sit
1196 3246 1265 3308 illis
1292 3245 1332 3309 ab
1354 3245 1507 3325 Episcopo
1539 3263 1740 3320 concessum;
1761 3245 1791 3306 si

1045 3341 1242 3419 quioniam
1266 3339 1323 3402 leuc
1343 3339 1474 3402 silentio
1495 3341 1731 3418 praaeminet
1753 3339 1790 3400 in

1046 3435 1262 3507 ordinatione,
1292 3441 1331 3498 ut
1358 3435 1407 3497 ita
1438 3439 1617 3506 manserant,
1649 3431 1790 3510 suscepti

1043 3535 1134 3602 sunt,
1156 3535 1264 3606 pastea
1285 3535 1396 3592 autem
1417 3527 1459 3592 ad
1479 3528 1727 3591 matrimonium
1741 3541 1790 3586 ue-

1045 3630 1179 3695 nerunt,
1195 3621 1221 3683 ii
1243 3637 1263 3684 a
1285 3621 1461 3684 diaconatu
1483 3626 1621 3694 cesseut5
1635 3620 1791 3699 siquidem

1046 3716 1217 3790 Balsamon,
1239 3715 1294 3794 qui
1314 3729 1464 3778 canonem
1479 3713 1570 3776 illum
1584 3721 1725 3776 accurate
1739 3729 1790 3774 ex·

1044 3810 1164 3889 pendit,
1183 3825 1326 3887 expresse
1340 3809 1441 3871 reiicit
1455 3808 1488 3869 in
1503 3807 1557 3870 illo
1572 3806 1727 3887 disposita,
1744 3807 1790 3868 in-

1045 3903 1170 3981 quiens:
1188 3902 1280 3965 Hunc
1301 3917 1452 3992 canonem
1468 3915 1506 3962 ne
1519 3901 1682 3980 sequaris,-
1698 3909 1729 3963 et
1744 3901 1790 3963 in-

1045 3999 1137 4061 nixus
1154 3996 1294 4061 solidiori
1308 3997 1464 4060 doctrinae
1478 3994 1558 4058 sexti
1572 3995 1698 4058 canonis
1713 3994 1790 4074 Syn-

1044 4093 1094 4156 odi
1117 4091 1294 4166 Trullanae,
1328 4089 1516 4153 inefficacem
1547 4105 1615 4152 esse
1633 4089 1790 4153 concludit

1044 4201 1201 4249 assensum
1217 4185 1315 4248 dictae
1329 4182 1543 4262 protestationi
1557 4197 1682 4262 quoquo
1697 4183 1790 4244 modo
1813 4192 1818 4201 ·

1044 4278 1225 4358 praestitum
1246 4277 1285 4338 ab
1305 4275 1455 4355 Episcopo
1470 4274 1651 4338 ordinante:
1670 4275 1789 4337 sturm

1043 4371 1127 4432 enim
1149 4385 1251 4433 canon
1271 4369 1359 4446 (sunt
1381 4367 1465 4431 illius
1486 4367 1594 4447 uerba)
1618 4367 1737 4446 synodi
1752 4369 1789 4430 iu

1049 4463 1157 4525 Truila
1178 4461 1372 4542 deponendos
1388 4461 1530 4524 decernit
1543 4459 1788 4541 presbyteratui

1043 4556 1203 4629 diaconos,
1226 4555 1281 4634 qui
1307 4561 1379 4633 past
1406 4553 1645 4618 ordinationem
1672 4555 1788 4618 matri·

1041 4650 1185 4712 monium
1196 4649 1435 4712 contruserint.
1451 4649 1538 4724 Quod
1549 4647 1707 4727 litantem
1718 4666 1790 4713 aan-

1043 4747 1096 4804 tru
1118 4757 1265 4815 canones,
1284 4756 1341 4802 nec
1354 4757 1395 4804 eu
1408 4741 1616 4819 permissione
1629 4742 1787 4820 episcopa·

1042 4833 1078 4905 li,
1095 4849 1152 4896 nec
1165 4851 1205 4898 ea
1220 4851 1253 4896 eo
1269 4840 1409 4910 tantum,
1425 4836 1506 4916 quad
1522 4836 1699 4906 tacuerint,
1717 4852 1789 4897 can-

1042 4927 1183 5000 cedetur,
1207 4934 1246 4991 ut
1267 4929 1349 5007 quod
1368 4929 1542 4993 consistere
1563 4931 1684 5008 nequit.

1082 5021 1101 5097 5
1122 5021 1170 5083 37.
1195 5021 1309 5086 Eadem
1331 5030 1377 5086 est
1404 5039 1528 5103 quoque
1554 5027 1712 5089 sententia
1733 5026 1787 5090 Ζο-

1042 5132 1135 5178 narae
1155 5117 1192 5178 de
1212 5132 1331 5179 canone
1350 5133 1443 5198 supra
1459 5117 1560 5182 relato
1580 5120 1711 5183 concidi
1725 5122 1787 5184 dn·

1041 5210 1160 5288 cyrani3
1173 5210 1282 5286 immo,
1294 5211 1330 5272 ad
1345 5213 1569 5276 removendam
1583 5213 1788 5277 antinomiam

1041 5305 1786 5385 duorumcanonum,nempedncyrariietTrul-

1041 5397 1115 5476 lani,
1138 5397 1191 5476 qui
1212 5397 1295 5460 inter
1315 5413 1348 5460 se
1370 5397 1571 5475 colliduntur,
1588 5409 1693 5463 sextae
1707 5401 1787 5480 Syn·

1042 5491 1091 5553 odi
1113 5492 1235 5555 decreta
1261 5495 1417 5572 sequenda
1438 5495 1599 5572 proponit:
1623 5495 1705 5559 Cum
1727 5495 1786 5576 ipi·

1043 5591 1101 5646 tur
1120 5583 1181 5648 sibi
1197 5586 1333 5648 inuicem
1348 5586 1383 5647 lei
1398 5603 1532 5649 canones
1547 5590 1718 5669 manifeste
1731 5589 1788 5653 ad-

1041 5687 1222 5751 versentur,
1250 5687 1361 5744 sectae
1389 5680 1508 5759 Spnodi
1537 5696 1650 5755 canan,
1680 5683 1787 5762 quiet

1040 5774 1199 5852 posterior
1225 5774 1294 5856 [uit
1325 5780 1355 5837 et
1382 5775 1484 5854 manis
1511 5791 1582 5838 cum
1613 5777 1788 5856 apostolico

1042 5884 1161 5930 canone
1189 5869 1357 5943 consentit,
1381 5869 1505 5932 seruari
1532 5869 1629 5934 dedet.
1658 5869 1723 5935 Nec
1742 5873 1786 5936 di·
1869 5943 1873 5952 p

1041 5963 1216 6028 uersimode
1237 5963 1331 6029 etiam
1351 5963 1447 6026 sentit
1466 5961 1653 6048 Aristenius,
1676 5967 1732 6050 qui
1752 5966 1786 6038 in

1826 5040 2004 5090 condamnetur.
