4856 6984
960 527 1156 577 hnnnbtc'ttts
1179 529 1242 576 xlv.

327 658 516 720 validitatem
539 663 569 717 et
590 655 708 716 roboris
730 654 910 716 firmitatem
926 653 1070 716 1331333-

328 747 466 814 minandi
489 748 567 824 regii
592 747 767 812 huiusmodi
794 749 945 822 obtinere,
970 747 1070 810 acuti
1097 762 1099 834 ι

328 847 387 908 1313
417 843 475 906 sub
506 857 700 921 quacumque
731 841 944 918 derogatione,
978 841 1070 901 etiam

327 954 399 1000 cum
426 936 586 1014 quibusvis
618 933 887 1014 praestantissimis
915 941 945 994 et
972 932 1070 994 effica-

327 1031 454 1094 cissimis
470 1029 612 1092 clausulis
627 1037 658 1090 et
673 1027 813 1103 decretis,
830 1028 862 1089 in
877 1043 1072 1107 quacumque

327 1123 529 1202 dispositione
548 1123 642 1184 etiam
664 1122 814 1200 perviam
828 1122 1070 1196 constitutionis,

328 1217 415 1294 legis,
437 1217 564 1294 regulae
585 1216 791 1280 Cancellariae
806 1215 1003 1294 Apostolicae,
1020 1224 1072 1278 aut

327 1310 400 1371 alias
433 1311 724 1390 quomodocumque
758 1310 855 1385 lacta,
891 1311 1073 1373 nullatenus

328 1405 559 1482 comprehendi,
573 1419 674 1484 neque
690 1404 736 1466 illi
751 1404 816 1466 ullo
831 1419 980 1484 umquam
997 1414 1073 1466 tem·

328 1513 402 1574 pore
429 1506 460 1559 et
482 1513 520 1558 eu
548 1499 656 1576 quavis
688 1515 775 1560 causa
805 1499 944 1574 derogari
973 1513 1071 1577 posse,

274 1629 275 1632 =
328 1606 430 1669 neque
454 1590 578 1666 debere,
601 1608 634 1654 ac
655 1591 845 1667 collationes,
868 1593 1070 1670 provisiones,

103 3083 248 3235 pallidi?
261 3095 314 3184 tta

114 3193 186 3236 rterae
208 3195 314 3246 aposlo-

105 3243 177 3293 lirae.
204 3250 231 3289 et
256 3255 314 3290 cnm

104 3298 193 3360 qulbus
212 3309 314 3354 expres·

104 3351 226 3396 sionibus.

328 1691 359 1746 et
380 1685 503 1762 quasvis
531 1684 603 1745 alias
628 1685 841 1762 dispositiones
863 1685 901 1746 de
921 1686 1073 1763 praeposi-

330 1782 408 1851 tura,
424 1784 456 1837 et
470 1777 629 1851 decanatu,
652 1793 684 1838 ac
706 1777 918 1856 primiceriatu
937 1785 967 1839 et
983 1778 1075 1856 qnin-

329 1884 389 1944 que
410 1869 649 1944 canonicatibus,
673 1871 866 1949 totidemque
880 1871 1073 1949 praebendis,
1100 1902 1103 1947 t

329 1977 361 2022 ac
381 1976 435 2022 sen
457 1961 761 2038 mansionariatibus,
777 1979 897 2025 necnon
913 1980 973 2025 una
989 1964 1074 2025 3131-
1101 1950 1103 1990 ²

330 2061 392 2114 tera
414 2052 621 2130 cappellaniis,
644 2061 678 2115 ut
693 2054 878 2132 praefertur,
893 2055 1003 2118 erectis
1018 2057 1076 2118 hu·

329 2144 473 2219 iusmodi,
500 2146 614 2224 absque
645 2147 739 2224 ipsius
771 2147 882 2209 Mariae
913 2149 1076 2212 theresiae

329 2239 474 2315 Reginae,
504 2239 635 2317 eiusque
666 2239 802 2302 liliorum
830 2249 860 2302 et
888 2240 1075 2303 descenden-

330 2333 410 2392 tium
437 2331 645 2410 praelatorum
677 2349 829 2396 consensu
857 2350 911 2396 seu
934 2335 1076 2397 nomina-

331 2425 426 2498 tione,
459 2439 514 2503 pro
547 2432 687 2502 tempore
718 2425 822 2501 lactas,
854 2442 1075 2506 processusque
1101 2428 1103 2503 l

1796 507 1854 571 11011

1126 649 1189 710 bito
1211 655 1353 725 respectu
1374 648 1409 708 ad
1432 654 1607 724 praesentes
1628 645 1765 707 redditus
1786 658 1872 706 men—

1124 758 1174 804 sae
1205 739 1467 818 archiepiscopalis
1498 737 1678 801 Goritiensis
1709 736 1871 814 praefatae,

1126 849 1249 899 necnon
1270 833 1305 894 ad
1328 833 1418 896 aliam
1450 841 1550 895 taxant
1578 829 1873 909 correspondentem

1126 929 1296 992 redditibus
1317 944 1332 988 a
1347 927 1483 1006 praelato
1498 925 1685 988 monasterio
1699 924 1804 988 Sancti
1819 923 1873 984 Pe-

1126 1025 1167 1087 tri
1189 1024 1225 1084 de
1247 1025 1383 1097 Rosacio,
1407 1029 1441 1084 ut
1462 1020 1647 1099 praefertur,
1674 1017 1873 1079 dismembra-

1127 1122 1176 1194 113,
1199 1127 1230 1181 et
1252 1135 1306 1198 pro
1323 1125 1462 1196 tempore
1476 1114 1622 1177 existenti
1636 1112 1874 1192 Archiepiscopo

1127 1213 1293 1276 Goritiensi
1315 1211 1486 1289 assignatis,
1503 1211 1535 1271 in
1557 1225 1678 1272 summa
1693 1210 1875 1287 septingen-

1129 1314 1233 1369 torum
1253 1306 1447 1368 llorenoram
1468 1303 1534 1364 auri
1556 1303 1745 1376 huiusmodi,
1761 1309 1873 1363 statuta

1127 1401 1197 1477 luit,
1219 1408 1251 1464 et
1272 1417 1366 1480 quarn
1387 1400 1419 1461 in
1452 1399 1558 1460 eadem
1589 1412 1710 1458 summa
1732 1397 1765 1456 in
1787 1395 1873 1456 libris

1128 1510 1266 1558 camerae
1292 1492 1473 1572 apostolicae
1500 1491 1651 1569 praefatae
1672 1489 1800 1551 describi
1823 1503 1876 1549 vo-

1128 1591 1250 1664 lumus;
1273 1594 1304 1648 et
1326 1587 1358 1648 in
1380 1602 1439 1664 qua
1463 1593 1528 1646 tarta
1550 1583 1743 1644 florenorum
1758 1585 1873 1660 septin-

1129 1690 1295 1760 gentorum
1327 1675 1548 1757 comprehendi
1577 1675 1683 1738 debeat
1705 1682 1875 1737 13333313-

1129 1776 1235 1837 munis
1256 1773 1329 1836 dicti
1351 1770 1530 1833 monasterii
1551 1768 1655 1832 Sancti
1669 1768 1752 1830 Petri
1768 1769 1805 1830 de
1820 1766 1877 1828 lto·

1128 1869 1207 1930 sacia
1228 1865 1409 1930 Goritiensis
1432 1864 1589 1937 dioecesis,
1606 1878 1685 1940 quae
1702 1861 1738 1924 ab
1753 1859 1878 1922 11331113-

1130 1960 1257 2039 piscopis
1278 1957 1503 2020 (loritiensibus
1525 1971 1580 2034 pro
1603 1963 1752 2033 ternpore,
1769 1958 1877 2031 utpote

1131 2056 1162 2116 in
1186 2053 1361 2131 provisione
1382 2049 1524 2112 ecclesiae
1542 2046 1803 2125 archiepiscopalis
1818 2046 1876 2107 sol·

1130 2147 1252 2214 venda,
1281 2145 1314 2205 in
1346 2143 1442 2204 literis
1474 2140 1645 2221 apostolicis
1677 2139 1877 2204 commendas

1130 2241 1269 2302 eiusdem
1292 2237 1470 2300 monasterii
1492 2236 1622 2313 desuper
1643 2233 1795 2311 expeditis
1810 2249 1878 2311 per-

1129 2333 1205 2395 solvi
1228 2348 1291 2394 non
1314 2331 1446 2405 debebit,
1469 2329 1647 2408 persolvere
1666 2327 1812 2389 similiter
1834 2333 1877 2388 te·

1130 2433 1274 2489 neantur.

1905 510 1958 559 An.
1973 508 2003 559 d.
2025 505 2092 556 1752
2157 545 2159 552 .

329 2520 461 2596 desuper
482 2517 648 2592 habendos,
670 2527 701 2582 et
722 2519 793 2582 inde
814 2521 969 2599 sequenda
984 2537 1075 2599 quae·
1101 2514 1103 2557 ³
1169 2520 1188 2594 ἓ
1211 2519 1257 2580 18.
1282 2519 1459 2582 Ρ333333133
1483 2532 1608 2595 quoque
1629 2515 1732 2578 literas
1753 2530 1878 2593 semper
1915 2536 2049 2585 clausurae
2065 2548 2110 2594 pro

1918 2592 2109 2638 raemisscrum

330 2626 475 2689 cumque,
498 2611 584 2672 nulla
606 2620 636 2672 et
658 2611 802 2687 invalida,
827 2612 1006 2691 nulliusque
1027 2630 1075 2674 rc·
1130 2621 1160 2674 et
1175 2619 1324 2691 perpetuo
1339 2611 1450 2672 validas
1471 2617 1502 2671 et
1524 2609 1659 2672 efficaces
1675 2624 1739 2670 esse
1754 2616 1784 2669 ει
1799 2605 1876 2680 1333,
1897 2603 2024 2692 ΒΜ,

330 2704 412 2765 boris
442 2704 492 2766 vel
523 2705 675 2766 momenti
707 2705 772 2767 lore
800 2713 830 2768 31
858 2722 935 2780 3333,
958 2723 992 2768 33
1020 2722 1075 2784 ριε

331 2795 426 2858 331113
446 2802 476 2858 31
497 2796 618 2858 intectis
640 2798 757 2873 haberi,
781 2814 840 2860 nec
855 2799 912 2874 133,
929 2808 981 2861 331
996 2799 1075 2862 colo·

330 2896 434 2950 ratum
454 2888 583 2950 titulum
605 2889 778 2968 possidendi
795 2892 942 2970 cuiquam
956 2909 1012 2971 per
1027 2893 1075 2954 illa
1102 2894 1104 2903 “

332 2981 425 3043 tribui
447 2996 533 3059 posse
551 2983 755 3044 decernimus.

371 3073 460 3148 §lh
491 3075 571 3137 Cum
602 3077 659 3138 hoc
689 3083 810 3153 tamen,
843 3081 923 3159 quod
955 3082 1075 3159 quoties

332 3169 498 3246 praelatam
530 3169 688 3233 ecclesiam
720 3171 926 3236 Goritiensem
947 3176 1106 3253 ρ3313313Ι

331 3262 440 3326 3313113
471 3263 609 3338 destitui,
630 3281 663 3326 ac
693 3263 876 3328 decanatum
908 3269 1078 3345 praelatum

333 3356 442 3435 quovis
473 3358 574 3432 modo,
597 3366 627 3419 et
648 3358 682 3418 in
714 3359 874 3436 quibusvis
906 3362 1077 3436 mensibus,

333 3449 503 3528 praelatum
524 3466 597 3513 vero
618 3452 875 3531 primiceriatum,
891 3471 925 3517 ac
940 3457 1078 3534 quinque

333 3543 540 3619 canonicatus,
559 3545 749 3624 totidemque
770 3547 956 3625 praebendas
978 3560 1008 3612 et
1025 3566 1078 3612 sen

334 3637 602 3713 mansionariatus,
625 3655 659 3701 ac
686 3655 779 3701 unam
802 3648 833 3700 et
860 3640 989 3704 alteram
1011 3659 1079 3721 cap-

333 3731 492 3808 pellanias,
515 3739 550 3794 ut
570 3733 755 3811 praefertur,
779 3741 896 3797 erectos
918 3743 949 3798 ει
962 3744 1079 3798 erectas

334 3828 523 3903 huiusmodi,
539 3829 571 3889 13
590 3844 643 3890 sen
659 3830 828 3906 mensibus,
844 3832 958 3895 scilicet
973 3834 1078 3894 ianua-

333 3921 384 3994 rii,
408 3921 522 3995 martii‚
551 3921 634 3996 maii,
662 3921 740 3999 iulii,
767 3926 950 4002 septembris
971 3935 1002 3988 et
1024 3943 1079 3988 no-

333 4015 483 4089 vembris,
505 4014 591 4077 Sedis
611 4016 802 4095 Apostolicae
822 4019 972 4095 praelatae
994 4020 1078 4081 iuxta

334 4109 514 4170 concordata
544 4106 727 4170 Germaniae
758 4110 937 4186 reservatis,
970 4127 1078 4173 vacare

334 4202 513 4278 contigerit,
537 4199 572 4263 ad
595 4201 680 4263 illam
702 4210 732 4263 et
754 4202 822 4264 illos
842 4220 875 4266 ac
891 4204 958 4266 illas
978 4205 1078 4266 nomi

335 4295 418 4356 natio
448 4293 639 4369 huiusmodi,
673 4291 760 4356 nobis
792 4305 823 4358 et
852 4296 1079 4360 successoribus

334 4387 447 4449 nostris
474 4387 621 4448 Romanis
642 4388 841 4451 Pontificibus
862 4405 917 4466 pro
940 4396 1078 4466 tempore

334 4480 548 4554 existentibus,
566 4487 686 4542 tantum
702 4481 770 4544 lieri
792 4481 911 4556 debeat,
935 4489 966 4544 et
986 4483 1022 4545 ad
1043 4481 1080 4543 il-

334 4572 378 4634 133
399 4579 430 4634 31
451 4573 517 4636 11133
545 4574 727 4653 respective,
751 4579 786 4636 ut
816 4575 1001 4653 praefertur,
1024 4591 1078 4654 pro

334 4673 472 4746 tempore
494 4666 659 4741 nominati,
676 4667 780 4728 literas
801 4669 990 4747 apostolicas,
1007 4685 1079 4732 cum

334 4760 530 4837 expressione
551 4767 657 4821 tamen
685 4759 845 4824 tractuum
869 4771 931 4826 tam
953 4763 1079 4824 decana·
1104 4810 1106 4825 .

335 4859 394 4926 133,
417 4868 509 4930 quam
531 4853 770 4932 primiceriatus,
785 4871 819 4916 ac
838 4857 976 4934 quinque
990 4871 1078 4917 cano-

334 4943 505 5021 nicatuum,
522 4945 714 5024 totidemque
735 4946 991 5024 praebendarum,
1008 4963 1078 5010 nec-

334 5053 397 5099 non
418 5053 472 5100 sex
493 5039 804 5114 mansionariatuum,
821 5048 852 5101 et
871 5040 964 5103 unius
985 5050 1016 5104 et
1038 5043 1079 5104 al-

335 5133 431 5196 terius
448 5133 707 5212 cappellaniarum
722 5133 912 5212 huiusmodi,
929 5135 961 5197 in
977 5138 1078 5214 vigin-

334 5226 493 5304 tiquatuor
522 5224 637 5288 ducatis
667 5227 735 5288 auri
763 5229 801 5289 de
828 5243 946 5289 camera
974 5231 1080 5292 huius·

334 5319 429 5394 modi,
452 5321 537 5382 iuxta
568 5321 686 5397 stylum
716 5320 910 5397 Germaniae,
933 5325 1078 5401 expedire

335 5417 516 5490 teneantur,
549 5412 586 5474 ad
615 5413 773 5475 ecclesiam
805 5413 972 5491 praelatam
1004 5433 1078 5479 vero

334 5505 539 5568 Goritiensem
560 5521 617 5583 pro
638 5510 778 5584 tempore
803 5507 899 5569 etiam
927 5510 1078 5572 nominati

335 5601 449 5681 pariter
470 5601 573 5662 literas
595 5600 771 5679 apostolicas
792 5602 948 5680 expedire,
965 5618 997 5664 ac
1012 5603 1079 5664 iura

335 5693 486 5773 praelatae
507 5709 645 5756 camerae
665 5693 845 5771 apostolicae
867 5705 898 5756 et
919 5695 985 5756 aliis
1011 5711 1079 5774 pro·

1130 2723 1187 2769 nec
1208 2706 1272 2766 ullo
1295 2718 1442 2782 umquam
1462 2711 1601 2783 tempore
1617 2708 1654 2768 de
1668 2703 1878 2781 subreptionis

1130 2801 1183 2863 vel
1204 2801 1404 2878 obreptionis,
1421 2807 1472 2861 aut
1488 2799 1651 2874 nullitatis,
1667 2815 1721 2860 seu
1737 2797 1879 2860 invalidi·

1131 2897 1201 2959 tatis
1223 2895 1311 2970 vitio,
1326 2909 1381 2956 seu
1403 2893 1586 2956 intentionis
1602 2901 1736 2967 nostrae,
1753 2898 1804 2954 aut
1818 2893 1877 2953 alio

1132 2994 1240 3074 quovis
1260 2993 1379 3055 detecta
1395 2989 1507 3064 notari,
1523 2987 1711 3066 impugnari,
1729 2987 1876 3048 invalida·

1108 3104 1110 3117 ¹
1132 3091 1169 3164 ri,
1186 3103 1241 3148 seu
1257 3087 1289 3148 in
1305 3086 1352 3146 ius
1367 3085 1417 3146 vel
1437 3081 1680 3146 controversiam
1696 3081 1809 3155 vocari,
1826 3088 1878 3141 aut

1133 3183 1278 3244 adversus
1300 3179 1365 3240 illas
1386 3176 1604 3256 quodcumque
1627 3177 1702 3237 iuris
1723 3174 1774 3238 vel
1794 3173 1877 3249 lacti,

1133 3285 1185 3338 aut
1200 3275 1314 3351 gratiae
1331 3271 1382 3333 vel
1397 3271 1529 3333 iustitiae
1544 3270 1718 3332 remedium
1734 3269 1879 3346 impetra-

1133 3370 1160 3431 ri
1182 3383 1278 3447 posse,
1302 3382 1359 3427 nec
1380 3364 1446 3425 illas
1467 3363 1524 3426 sub
1545 3363 1706 3441 quibusvis
1727 3361 1878 3423 similium

1133 3460 1185 3523 vel
1205 3458 1403 3521 dissimilium
1428 3456 1597 3534 gratiarum
1617 3455 1876 3529 revocationibus,

1133 3553 1397 3633 suspensionibus,
1414 3549 1662 3623 limitationibus,
1675 3548 1879 3625 derogationi-

1133 3650 1206 3722 bus,
1240 3654 1292 3708 aut
1322 3645 1388 3706 aliis
1419 3643 1580 3706 contrariis
1610 3643 1877 3721 dispositionibus,

1133 3742 1226 3803 ctiam
1248 3753 1302 3817 per
1322 3754 1378 3800 nos
1400 3743 1430 3797 et
1449 3735 1559 3799 Sedem
1574 3735 1778 3814 Apostolicam
1794 3751 1879 3813 prae-

1134 3835 1236 3908 latam,
1259 3830 1316 3894 sub
1337 3831 1582 3909 quibuscumque
1598 3828 1758 3890 tenoribus
1772 3835 1803 3889 et
1818 3829 1881 3890 tor-

1133 3928 1202 4002 mis,
1225 3934 1257 3987 et
1277 3924 1335 3988 sub
1356 3923 1516 4003 quibusvis
1529 3921 1673 4002 clausulis
1687 3929 1718 3983 et
1734 3923 1875 3997 decretis,

1132 4021 1223 4082 etiam
1246 4025 1345 4090 motu,
1367 4015 1493 4077 scientia
1515 4023 1545 4077 et
1566 4015 1725 4094 potestatis
1743 4016 1881 4094 plenitu-

1132 4113 1205 4176 dine
1225 4111 1389 4185 similibus,
1412 4110 1506 4170 etiam
1537 4108 1799 4184 consistorialiter,
1823 4127 1879 4188 pro

1134 4213 1272 4284 tempore
1303 4203 1387 4264 lactis
1418 4208 1449 4263 et
1480 4201 1636 4277 1331331113,
1658 4201 1879 4280 comprehendi

1133 4300 1182 4361 vel
1204 4297 1363 4371 conlundi,
1385 4295 1436 4356 sed
1461 4303 1616 4374 tamqnam
1637 4295 1673 4356 ad
1688 4295 1877 4358 1133133333-

1132 4393 1208 4455 licae
1229 4391 1459 4463 exaltationem,
1482 4387 1642 4466 divinique
1662 4388 1765 4450 cultus
1780 4390 1880 4452 incre-

1133 4491 1287 4559 mentum,
1316 4489 1348 4544 et
1375 4485 1552 4543 animarum
1583 4480 1827 4544 aedificationem
1849 4489 1879 4544 31

1132 4578 1287 4652 solatium,
1308 4576 1400 4638 lactas
1420 4583 1451 4635 et
1472 4581 1637 4648 emanatas,
1653 4589 1777 4653 semper
1792 4575 1831 4642 ab
1844 4573 1880 4636 il·

1132 4671 1170 4733 lis
1190 4670 1301 4750 excipi,
1323 4678 1354 4732 et
1375 4668 1495 4746 quoties
1517 4667 1586 4728 illae
1608 4667 1810 4744 emanabant,
1836 4675 1880 4730 to-

1133 4765 1189 4826 ties
1211 4765 1243 4824 in
1275 4763 1443 4841 pristinum
1464 4769 1496 4822 et
1517 4759 1742 4821 validissimum
1763 4765 1879 4822 statum

1133 4859 1301 4931 restitutas,
1324 4855 1471 4934 repositas
1492 4869 1526 4914 ac
1548 4852 1684 4931 plenarie
1710 4854 1881 4930 reintegra·

1133 4959 1188 5026 tas,
1211 4965 1244 5012 ac
1265 4951 1301 5013 de
1324 4965 1406 5010 novo
1428 4947 1521 5008 etiam
1542 4945 1600 5008 sub
1618 4961 1812 5024 quacumque
1829 4963 1882 5024 po·

1132 5045 1255 5106 steriori
1277 5045 1355 5116 data,
1380 5058 1433 5120 per
1461 5040 1582 5103 luturos
1610 5048 1641 5101 et
1663 5055 1717 5118 pro
1739 5046 1881 5117 tempore

1132 5139 1300 5201 existentes
1330 5134 1606 5212 nrchiepiscopum
1637 5141 1667 5195 et
1703 5135 1881 5212 Capitulum

1132 5249 1165 5294 33
1186 5230 1346 5293 canonicos
1366 5227 1555 5290 Goritienses
1569 5226 1731 5304 praelatos,
1743 5243 1777 5290 ac
1791 5227 1875 5303 alios,

1132 5340 1267 5403 quorum
1290 5323 1427 5384 favorem
1442 5321 1568 5383 eaedem
1584 5329 1758 5398 praesentes
1774 5320 1881 5382 literae

1133 5416 1363 5497 quomodolibet
1379 5420 1596 5488 concernunt,
1619 5413 1878 5493 quandocumque

1132 5511 1284 5587 eligenda,
1302 5523 1469 5583 concessas,
1485 5507 1660 5584 validasque
1676 5505 1741 5568 lore
1755 5515 1787 5569 et
1800 5523 1878 5582 esse,

1132 5619 1266 5682 suosque
1286 5601 1440 5680 plenarios
1462 5607 1493 5661 et
1513 5600 1652 5676 integros
1674 5600 1881 5663 3133133333-

1134 5699 1185 5761 tiri
1207 5705 1238 5759 et
1259 5697 1416 5758 obtinere:
1434 5703 1465 5756 et
1478 5695 1520 5755 sic
1534 5694 1572 5755 ab
1586 5694 1731 5756 omnibus
1745 5696 1877 5772 censeri,

335 5793 441 5866 pterea
471 5785 585 5862 debita,
609 5787 693 5849 iuxta
724 5793 836 5864 taram,
865 5803 942 5867 quae
971 5790 1007 5851 ab
1028 5805 1080 5851 eo·
1131 5799 1163 5853 et
1184 5791 1225 5852 ita
1240 5805 1302 5869 per
1324 5803 1534 5867 quoscumque
1559 5787 1673 5848 iudices
1695 5788 1879 5864 ordinarios,
1913 5803 1993 5853 auter
2008 5805 2115 5852 ruerent

335 5883 479 5946 rumdem
499 5879 707 5946 cardinalium
721 5882 850 5960 collegio
865 5883 1012 5963 praelato,
1028 5887 1078 5947 ha-

440 6015 492 6066 tur.
510 6017 579 6066 Ροτιι.
595 6015 625 6065 dt
642 6017 714 6080 Prop.
730 6015 792 6064 Fide
806 6017 888 6066 Partis
901 6020 921 6066 1.
935 6017 988 6066 vol.
1003 6019 1046 6067 111.

1132 5885 1183 5948 vel
1205 5884 1360 5962 delegatos
1381 5881 1488 5961 quavis
1505 5881 1686 5945 auctoritate
1700 5881 1879 5962 iungentes,

1747 6018 1773 6064 or

1902 5861 2060 5918 prohibetur.
