4856 6984
6 9 338 180 -ιι

103 566 175 621 An.
188 568 216 620 (l.
237 567 306 620 1752

966 582 1163 627 cudberctus
1185 581 1248 628 xlv.

339 705 485 770 incitandi
507 721 579 767 suos
607 704 750 768 alumnos
771 703 806 764 ad
829 702 1006 764 addiscenda
1029 701 1080 762 illa

337 799 496 874 idiomata,
520 799 671 861 nonnulla
701 815 756 877 pro
778 807 917 878 tempore
945 795 1080 879 praemia

336 892 538 954 constituerat
566 892 619 966 iis,
643 892 696 969 qui
717 909 823 956 curam
852 893 1024 956 animarum
1047 895 1080 956 in

337 985 514 1047 huiusmodi
530 985 679 1063 parochiis
691 993 888 1061 exercerent3
911 993 942 1047 et
956 986 1081 1062 signan-

338 1085 384 1138 ter
404 1077 461 1138 sibi
490 1077 617 1140 concedi
645 1079 822 1141 obtinuerat
845 1098 860 1140 a
883 1079 933 1142 iel.
960 1079 1078 1142 record.

337 1170 499 1233 Clemente
519 1171 606 1249 Papa.
631 1173 696 1234 llll.
720 1175 950 1250 praedecessore
975 1182 1081 1235 nostro

337 1279 392 1342 per
419 1266 562 1342 quasdam
593 1264 625 1328 in
652 1267 745 1328 simili
774 1267 872 1330 lorma
898 1267 1006 1329 Brevis
1033 1265 1081 1328 die

337 1371 451 1418 ιιιιιιιιι.
475 1357 548 1418 maii
563 1375 788 1421 unucxxxvrn.
805 1361 962 1439 expeditas
978 1359 1081 1420 literas

338 1450 530 1529 incipientes:
556 1451 682 1530 deponi
704 1451 792 1516 cobis
815 1469 917 1530 cuper
937 1452 1013 1532 fecit
1035 1451 1082 1514 dt-

338 1544 437 1606 lcctcs
458 1543 546 1623 filius
570 1545 711 1608 llidocus
726 1545 855 1609 Solinus
870 1553 942 1618 etc,
960 1552 992 1607 ut
1008 1563 1081 1624 qua·

339 1646 408 1699 tuor
428 1636 579 1700 dictarum
609 1640 819 1702 doctrinarum
850 1655 905 1702 seu
927 1639 1080 1718 parocbia-

336 1747 408 1792 rum
429 1732 620 1809 antiquiores
632 1732 774 1794 llectores
789 1733 933 1794 omuibus
949 1731 1079 1806 iuribus,

337 1825 519 1902 privilegiis,
542 1825 649 1902 gratiis
670 1835 700 1888 et
721 1826 983 1904 exemptionibus,
1013 1825 1079 1902 qui·

337 1918 393 1981 bus
408 1919 611 1996 provinciales
625 1918 757 1981 absoluti
773 1920 922 1994 gaudent,
942 1918 999 1991 uti,
1018 1917 1079 1979 lrui

337 2019 367 2074 et
388 2013 522 2088 gaudere
544 2010 695 2087 valerent,
712 2011 872 2074 nonnullis
888 2011 1079 2088 praescriptis

337 2100 582 2181 conditionibus,
604 2115 698 2185 prout
719 2106 751 2167 in
772 2105 860 2168 (lictis
882 2105 990 2182 literis,
1007 2121 1081 2182 qua-

337 2214 406 2260 rnm
441 2207 585 2262 tenorum
616 2199 828 2277 praesentibus
853 2215 907 2277 pro
936 2199 1027 2276 plene
1049 2208 1080 2261 et

335 2292 526 2354 sufficienter
548 2294 697 2370 expressis
720 2292 824 2354 baberi
841 2293 999 2366 volumus,
1015 2293 1079 2371 ple-

336 2385 408 2448 nius'
427 2386 540 2448 dicitur
560 2386 729 2446 contineri:
754 2393 785 2446 et
806 2385 839 2446 iu
861 2383 967 2446 eadem
989 2401 1081 2463 expo-

335 2481 448 2542 sitione
467 2479 645 2553 subiuncto,
662 2479 742 2556 quod
764 2479 848 2555 (crim
861 2479 937 2540 dicta
953 2479 1078 2556 provin-

336 2575 379 2636 cia
402 2589 503 2651 nuper
523 2573 617 2632 satius
638 2571 812 2649 meliusque
833 2587 899 2633 esse
920 2573 1078 2647 cognovis-

335 2677 392 2742 set,
406 2669 441 2730 ad
457 2665 600 2728 ellectum
622 2664 817 2727 idoneoribus
835 2673 866 2726 et
881 2665 1080 2728 habilioribus

335 2760 509 2822 animarum
525 2774 637 2820 curam
656 2758 861 2835 inposterum
884 2758 1079 2819 committen-

336 2853 380 2932 di)
401 2853 524 2913 easdem
539 2849 710 2913 Clementis
724 2851 963 2928 praedecessoris
979 2850 1080 2912 literas

336 2945 473 3024 ampliari
494 2953 526 3006 et
548 2944 674 3006 extendi
691 2943 862 3020 plurimum
877 2943 1078 3020 desiderabat;

336 3041 388 3111 ita,
405 3047 440 3100 nt
461 3037 509 3111 iis,
526 3045 682 3114 quatenus
703 3035 893 3114 ampliationi
921 3046 952 3098 et
973 3045 1081 3100 exten-

336 3131 416 3194 sioni
438 3127 613 3192 buiusmodi
642 3127 782 3202 obstent,
806 3127 936 3190 minime
958 3129 1080 3191 obstan·

338 3226 429 3298 tibus,
446 3239 480 3284 ac
498 3237 570 3284 cum
592 3236 735 3298 expressa
761 3220 895 3282 clausula
923 3229 955 3284 et
976 3221 1079 3286 condi-

337 3319 420 3380 tione
440 3315 478 3378 de
499 3330 563 3376 non
587 3313 714 3376 ferendo
734 3313 955 3390 praeiudicium
980 3314 1080 3377 ullum

336 3411 383 3484 iis,
396 3410 448 3488 qui
461 3407 621 3470 actualiter
635 3405 837 3484 reperiuntur
848 3405 880 3468 in
893 3408 1079 3485 possessione

335 3521 390 3566 seu
406 3502 490 3581 quasi
507 3501 696 3579 possessione
710 3499 887 3562 huiusmodi
903 3500 1080 3578 privilegio·

336 3612 420 3670 rum,
449 3593 746 3673 praerogativarum,
770 3600 802 3653 et
828 3593 1079 3670 exemptionum,

336 3689 503 3752 concedere
524 3687 724 3762 dignaretur,
748 3691 794 3758 ut,
817 3686 1005 3747 cessantibus
1027 3703 1080 3763 per

337 3782 463 3844 illorum
484 3780 629 3842 omnium
656 3787 709 3840 aut
736 3779 930 3855 singulorum
960 3795 1080 3841 cessum

338 3878 387 3941 vel
420 3880 580 3939 decessum
610 3873 698 3935 dictis
734 3871 921 3950 privilegiis,
955 3873 1078 3949 gratiis,

337 3969 560 4050 praerogativis
588 3974 618 4030 et
649 3966 915 4043 exemptionibus;
945 3968 970 4028 si
1000 3969 1081 4029 inter

337 4085 400 4141 eos,
421 4066 476 4144 qui
498 4080 554 4142 pro
583 4070 723 4139 tempore
751 4063 947 4125 exercuerint
969 4063 1081 4124 dictam

337 4177 443 4226 curam
464 4159 651 4232 animarum,
674 4155 785 4234 aliquis
807 4157 927 4231 existat,
951 4157 1003 4234 qui
1029 4173 1080 4219 an·

338 4254 504 4317 teatlector
531 4259 583 4314 aut
611 4251 798 4328 praedicator
818 4251 855 4310 de
877 4265 1008 4311 numero
1030 4267 1082 4312 ex-

339 4348 448 4421 titerit,
464 4347 489 4406 is
510 4343 700 4423 praeferatur
715 4343 842 4404 caeteris
856 4342 1012 4417 omnibus,
1029 4343 1081 4422 qui

338 4457 405 4505 sese
421 4441 455 4501 in
471 4439 587 4501 lectura
602 4445 655 4497 aut
669 4435 895 4514 praedicatione
910 4451 1081 4516 numquam

338 4534 547 4607 exercuerint,
566 4532 600 4594 ad
616 4530 728 4592 dictum
752 4529 894 4592 ellectum
911 4532 1081 4610 praecisum

337 4629 518 4708 assequendi
547 4626 624 4687 dicta
655 4625 828 4704 privilegia,
856 4626 1082 4704 praerogativas

338 4734 369 4788 et
396 4721 627 4801 exemptiones,
655 4716 766 4798 quibus
796 4735 919 4796 semper
950 4725 1082 4796 quatuor

338 4822 498 4884 dumtaxat
518 4833 556 4877 ex
578 4813 756 4876 huiusmodi
777 4811 910 4873 alumnis
932 4813 1081 4889 parochis,

339 4921 369 4976 ct
391 4927 454 4974 non
476 4910 592 4990 plures,
609 4909 742 4984 gaudere
764 4906 879 4983 possint
894 4912 925 4965 et
938 4903 1081 4981 debeant3

337 5005 540 5085 sequentibus
562 5011 665 5063 tamen
684 4998 921 5062 conditionibus:

378 5116 401 5160 ι.
425 5098 465 5159 Ut
487 5111 524 5158 ex
549 5093 726 5167 lectoribus,
750 5091 799 5153 vel
828 5091 1083 5169 praedicatoribus

340 5191 473 5254 iubilatis
495 5205 511 5250 a
533 5189 613 5261 iure,
635 5186 702 5247 sive
724 5185 923 5262 praesentatis
937 5186 972 5246 ad
989 5186 1084 5261 magi·

338 5285 442 5358 steria,
465 5281 500 5343 ad
523 5281 662 5342 tramites
683 5279 941 5358 constitutionum
961 5286 991 5339 et
1012 5293 1083 5339 con-

339 5376 541 5441 suetudinum
563 5372 660 5435 dictae
681 5372 869 5450 provinciae,
894 5379 924 5433 et
947 5386 1001 5449 per
1019 5388 1085 5450 spa-

341 5473 419 5535 tium
439 5485 493 5530 sex
515 5482 670 5529 annorum
700 5480 805 5527 curam
827 5465 859 5526 in
886 5464 974 5526 dictis
996 5465 1085 5528 ludo-

341 5581 412 5627 rum
434 5561 596 5641 parocbiis,
608 5559 756 5623 doctrinis
778 5557 974 5637 nuncupatis,
996 5573 1083 5618 exer-

340 5656 484 5720 centibus
518 5651 737 5716 antecedenter
768 5651 805 5712 ad
840 5659 983 5729 tempus,
1023 5666 1084 5728 quo

340 5757 489 5813 eventura
503 5748 543 5808 sit
557 5746 658 5824 aliqua
680 5743 796 5808 vacatio
809 5743 959 5806 dictarum
981 5757 1084 5806 exem·

340 5843 504 5922 ptionum,
540 5838 696 5917 antiquior
731 5838 763 5899 in
802 5836 984 5898 iubilatione
1018 5837 1085 5898 sive

345 5933 594 6017 praesentatione
622 5930 814 6012 praeferatur
844 5929 970 5992 caeteris
1001 5928 1083 6004 aliis,

1137 705 1258 767 etiamsi
1278 705 1467 784 antiquiores
1489 705 1605 767 luerint
1620 705 1653 766 in
1668 703 1814 768 exercitio
1828 721 1879 766 cu·

1135 813 1188 859 rae
1209 799 1395 874 animarum,
1418 801 1452 862 ad
1475 799 1619 860 ellectum
1640 797 1822 877 assequendi
1836 797 1880 859 di·

1136 899 1197 953 ctas
1218 891 1443 971 exemptiones.

1177 1002 1212 1046 ιι.
1235 987 1331 1060 Quod,
1349 986 1374 1048 si
1396 987 1479 1048 inter
1500 993 1679 1048 exercentes
1702 984 1879 1047 huiusmodi

1137 1079 1312 1140 animarum
1333 1093 1439 1141 curam
1463 1079 1570 1141 nullus
1599 1079 1694 1140 lector
1721 1087 1773 1142 aut
1794 1093 1879 1157 prae·

1137 1170 1253 1233 dicator
1274 1172 1420 1234 iubilatus
1440 1174 1506 1235 sive
1528 1180 1737 1250 praesentatus
1757 1173 1793 1234 ad
1815 1188 1878 1234 ma-

1137 1265 1261 1339 gisteria
1283 1267 1438 1343 extiterit3
1462 1273 1536 1328 tunc
1557 1283 1594 1326 ex
1623 1265 1816 1344 simplicibus
1837 1264 1880 1326 le-

1136 1357 1271 1418 ctoribus
1299 1366 1351 1420 aut
1378 1359 1646 1436 praedicatoribus,
1669 1359 1706 1420 ad
1733 1358 1878 1420 eumdem

1136 1449 1293 1525 ellectum,
1317 1452 1341 1513 is
1363 1452 1571 1529 praeferatur,
1594 1453 1646 1531 qni
1668 1460 1756 1512 antea
1778 1467 1821 1527 se,
1845 1451 1877 1512 in

1137 1543 1251 1605 lectura
1273 1545 1398 1622 quidem
1419 1561 1474 1623 per
1494 1545 1690 1618 sexennium,
1708 1545 1740 1605 in
1762 1543 1880 1622 praedi·

1136 1637 1254 1698 catione
1267 1653 1341 1698 vero
1356 1653 1411 1716 per
1422 1644 1489 1700 octo
1504 1655 1613 1712 annos,
1627 1639 1812 1714 exercuerit,
1828 1655 1880 1699 cu·

1137 1745 1265 1808 remque
1286 1731 1459 1793 animarum
1482 1749 1497 1792 a
1519 1731 1625 1794 decem
1647 1733 1736 1794 annis
1758 1740 1879 1794 antece·

1135 1821 1246 1884 denter
1267 1826 1302 1885 acl
1326 1831 1448 1902 tempus
1469 1826 1635 1891 vacationis
1658 1827 1796 1902 gesserit.

1175 1931 1222 1977 ιιι.
1247 1916 1331 1992 Quod
1361 1919 1444 1981 inter
1474 1919 1579 1997 plnres
1606 1920 1650 1981 sic
1677 1919 1877 1997 qualificatus,

1136 2011 1291 2089 antiquior
1313 2011 1344 2075 in
1368 2012 1484 2076 lectura
1507 2013 1558 2076 vel
1580 2012 1807 2092 praedicatione
1821 2013 1878 2074 mi·

1135 2119 1194 2166 nus
1229 2105 1357 2184 antiquo
1385 2106 1592 2184 praeferatur3
1625 2107 1745 2168 etiamsi
1775 2107 1878 2170 minus

1135 2198 1280 2275 antiquus
1308 2199 1339 2259 in
1369 2197 1456 2260 dictis
1484 2201 1667 2262 muneribus
1695 2201 1775 2263 loret
1801 2202 1877 2264 anti-

1135 2291 1225 2368 quior
1249 2291 1281 2352 in
1313 2292 1460 2353 exercitio
1490 2309 1581 2355 curae
1611 2294 1803 2356 animarum:
1835 2304 1877 2371 et,

1135 2393 1288 2460 quatenus
1311 2383 1342 2446 in
1365 2384 1546 2446 muneribus
1566 2384 1699 2450 lecturae
1719 2393 1771 2448 aut
1793 2403 1878 2464 prae·

1135 2477 1293 2539 dicationis
1314 2485 1415 2540 essent
1437 2479 1589 2556 aequales,
1614 2489 1687 2542 tunc
1702 2481 1828 2559 quidem
1843 2484 1879 2545 ad

1135 2569 1399 2648 antiquioritatem
1411 2571 1549 2632 exercitii
1560 2588 1651 2633 curae
1661 2574 1833 2636 animarum
1849 2577 1878 2636 in

1135 2662 1221 2723 dictis
1243 2662 1404 2739 parochiis,
1427 2671 1457 2725 et
1477 2665 1509 2726 in
1530 2682 1601 2727 casu
1622 2666 1818 2728 omnimodae
1832 2684 1879 2728 ae-

1135 2755 1289 2832 qualitatis
1311 2755 1343 2816 in
1366 2756 1454 2818 dictis
1467 2758 1651 2820 muneribus
1669 2766 1700 2820 et
1714 2760 1877 2836 exercitio,

1137 2857 1210 2910 tunc
1225 2850 1260 2910 ad
1276 2849 1542 2925 antiquioritatem
1564 2851 1762 2929 protessionis
1784 2853 1816 2914 in
1833 2869 1881 2914 re-

1137 2941 1269 3016 ligione:
1294 2957 1326 3003 ac
1349 2943 1485 3016 tandem,
1506 2944 1533 3003 si
1554 2942 1651 3006 adhuc
1667 2945 1880 3022 reperirentur

1135 3033 1288 3111 aequales,
1310 3035 1345 3095 ad
1377 3035 1526 3096 maiorem
1558 3043 1689 3100 aetatem
1711 3044 1741 3098 et
1762 3039 1878 3116 potiora

1137 3127 1246 3188 merita
1267 3127 1438 3205 respective
1459 3129 1646 3204 attendatur,
1662 3137 1693 3191 et
1707 3133 1879 3194 secundum

1134 3219 1304 3297 supradicta
1333 3219 1479 3298 requisita
1502 3237 1583 3282 unus
1614 3237 1685 3299 prae
1705 3222 1766 3284 alio
1787 3224 1880 3300 grati-

1136 3312 1256 3375 licetur.

1175 3421 1217 3467 ιιι.
1240 3406 1339 3482 Quod,
1361 3407 1482 3468 etiamsi
1504 3407 1626 3487 aliquis,
1642 3415 1677 3470 ut
1692 3409 1877 3488 praefertur,

1135 3502 1327 3581 qualificatus
1357 3501 1544 3578 supradictas
1574 3502 1788 3580 exemptiones
1810 3506 1879 3567 ade-

1135 3603 1206 3674 ptus
1218 3594 1320 3669 luerit,
1334 3594 1538 3656 nibilominus
1553 3602 1687 3672 nequeat
1702 3593 1879 3660 huiusmodi

1136 3704 1225 3750 curae
1246 3689 1421 3749 animarum
1441 3687 1626 3750 exercitium
1648 3689 1805 3750 dimittere
1826 3699 1879 3753 aut

1136 3783 1295 3855 deserere;
1329 3779 1405 3854 nisi,
1442 3787 1604 3858 postquam
1639 3784 1817 3859 pervenerit
1843 3785 1878 3846 ati

1135 3874 1362 3950 sexagesimum
1384 3889 1457 3934 suae
1479 3873 1586 3934 aetatis
1607 3889 1745 3952 annum3
1769 3877 1831 3952 vel,
1853 3879 1878 3938 si

1136 3967 1168 4028 in
1191 3967 1327 4044 priorem
1348 3966 1570 4044 provincialem
1599 3968 1744 4030 canonice
1765 3970 1879 4033 electus

1137 4061 1244 4123 luerit:
1269 4059 1301 4122 iu
1322 4076 1383 4138 quo
1405 4061 1668 4138 posteriorecasu,
1691 4061 1807 4124 nedum
1829 4065 1879 4126 de·

1136 4155 1222 4217 sistat
1243 4154 1280 4215 ab
1300 4155 1471 4216 exercenda
1493 4153 1572 4216 dicta
1592 4154 1766 4216 animarum
1788 4172 1877 4234 cura;

1136 4249 1188 4310 sed
1210 4247 1350 4325 insuper,
1373 4262 1410 4308 eo
1431 4247 1508 4326 ipso,
1531 4245 1611 4323 quod
1633 4247 1675 4310 sic
1690 4237 1805 4310 electus
1826 4266 1880 4310 ex-

1138 4341 1247 4414 titerit,
1259 4345 1443 4402 censeantur
1454 4354 1561 4401 vacare
1572 4339 1879 4420 exemptiones,quas

1137 4449 1192 4512 pro
1214 4434 1294 4496 dicto
1316 4434 1464 4495 exercitio
1488 4449 1580 4494 curae
1605 4435 1781 4497 animarum
1802 4438 1881 4500 obti-

1137 4527 1245 4600 nebat;
1269 4533 1300 4588 et
1322 4528 1504 4605 procedatur
1515 4527 1550 4587 ad
1562 4527 1821 4590 adiudicationem
1836 4532 1880 4593 di-

1137 4627 1257 4682 ctarum
1277 4620 1513 4697 exemptionum
1535 4618 1638 4681 lavore
1666 4619 1803 4697 alterius,
1826 4625 1879 4702 qui

1138 4713 1227 4774 dictis
1248 4712 1457 4792 qualitatibus,
1474 4712 1593 4788 ordine,
1610 4729 1672 4793 qno
1687 4730 1790 4792 supra,
1807 4717 1881 4780 insi-

1139 4806 1245 4882 gnitus
1266 4807 1449 4884 reperiatur.

1177 4917 1206 4960 v.
1237 4900 1334 4976 Quod,
1360 4900 1397 4975 si,
1423 4899 1639 4963 evenientibus
1670 4904 1880 4966 vacationibus

1138 4995 1288 5056 dictarum
1311 4993 1557 5071 exemptionum,
1571 4995 1676 5057 nullus
1697 4998 1879 5075 reperiatur,

1138 5089 1191 5165 qui
1215 5085 1306 5147 modo
1337 5087 1503 5164 praemisso
1534 5088 1726 5165 qualificatus
1751 5091 1879 5165 existat;

1139 5180 1353 5258 exemptiones
1389 5189 1463 5242 tunc
1493 5190 1636 5243 vacantes
1666 5181 1881 5246 adiudiceutur

1139 5273 1308 5351 antiquiori
1330 5273 1412 5335 inter
1435 5273 1514 5347 illos,
1531 5274 1584 5352 qui
1599 5275 1780 5352 simpliciter
1794 5293 1880 5338 exer·

1139 5368 1261 5430 cuerint
1293 5381 1399 5428 curam
1428 5367 1602 5428 animarum
1630 5367 1662 5430 in
1687 5368 1774 5430 dictis
1796 5386 1882 5448 paro·

1139 5460 1226 5534 cbiis,
1239 5460 1291 5537 qui
1314 5459 1428 5537 pariter
1440 5459 1621 5522 subiiciatur
1641 5461 1881 5540 adimplemento

1140 5552 1351 5631 praecedentis
1372 5561 1498 5630 quartae
1520 5554 1715 5617 conditionis.

1180 5664 1222 5708 vu.
1246 5647 1390 5720 Domum,
1414 5648 1495 5724 quod
1510 5645 1684 5711 diiudicatio
1698 5650 1883 5728 qualitatum

1140 5747 1171 5804 et
1193 5741 1224 5801 in
1247 5739 1408 5802 recensitis
1430 5739 1547 5802 casibus
1568 5742 1770 5820 aequalitatis,
1787 5745 1881 5820 grati-

1141 5835 1241 5897 ficatio
1264 5833 1355 5896 unius
1376 5848 1449 5911 prae
1469 5833 1527 5895 alio
1548 5851 1587 5896 ex
1608 5837 1831 5914 adspirantibus
1846 5837 1880 5898 ad

1140 5928 1234 5991 dictas
1248 5927 1470 6006 exemptiones,
1483 5927 1672 6007 istarumque
1687 5929 1880 6007 adiudicatio,

1801 564 1859 626 507
1911 564 1963 617 Διι.
1978 566 2008 618 0,
2030 566 2098 618 1752
