4744 6976
341 537 394 594 Au.
407 539 440 594 o.
461 539 530 596 1⁷45
578 539 638 604 iii

557 677 607 739 tis.
631 676 704 738 liitu
725 683 882 754 praeterea
909 675 1057 738 catholico
1081 673 1299 738 administrent
1355 689 1429 753 quas
1442 674 1543 753 sequi,
1555 681 1704 754 oporteat3
1717 675 1887 739 adhihenda
1900 673 2019 740 medela
2032 693 2101 740 sau·

2129 535 2231 592 auc.
2254 537 2326 592 rme

1076 555 1142 602 lun.
1165 555 1256 602 PONT-
1280 555 1320 602 DE
1340 553 1370 601 P·
1394 555 1424 602 E·
1448 555 1531 602 PARS
1552 556 1573 601 1.

558 769 765 834 Sacramenta.
790 769 921 833 Nullum
940 771 1057 833 eisdem
1072 785 1143 833 cum
1156 767 1300 831 schisma·

557 864 626 927 ticis
647 865 679 927 in
701 864 813 927 divinis
827 864 866 926 sit
880 863 1082 938 consortium,
1099 878 1137 924 ex
1153 877 1214 940 quo
1228 860 1298 922 hae-

556 960 644 1035 resis,
666 973 840 1039 pravaeque
862 959 977 1021 mentis
997 957 1141 1036 suspicio,
1163 955 1300 1018 suboria-

557 1062 623 1134 tur;
639 1054 703 1130 sed,
720 1053 884 1118 interiecto
899 1069 971 1117 curu
985 1049 1186 1115 schismaticis
1201 1050 1298 1129 parie-

555 1158 599 1224 te,
619 1150 712 1212 corde
732 1163 821 1227 puro,
844 1147 1030 1211 conscientia
1051 1145 1142 1221 bona,
1159 1146 1220 1208 lide
1235 1161 1298 1207 non

556 1243 635 1319 tlcta,
658 1249 817 1321 praecepta
838 1239 941 1304 llatris
962 1239 1127 1315 Ecclesiae,
1150 1253 1225 1318 quae
1248 1238 1299 1301 de·

555 1352 619 1400 nuo
639 1351 691 1400 eos
706 1337 739 1398 in
755 1336 877 1418 Christo
891 1335 1012 1414 genuit,
1028 1334 1230 1397 intemeratae
1246 1349 1299 1397 cu·

554 1432 700 1495 stodiant.

594 1525 613 1602 5
637 1526 682 1588 tl.
708 1526 754 1588 Eu
774 1527 830 1589 hac
850 1541 942 1605 porro
961 1521 1155 1601 indulgentia
1169 1520 1299 1584 uberem

555 1621 587 1684 in
603 1621 666 1684 dies
680 1620 888 1699 spiritualium
903 1618 1085 1698 gaudiorum
1099 1629 1232 1678 messem
1247 1630 1298 1676 en·

553 1722 727 1794 peccamus,
760 1713 883 1776 lucrum
913 1711 1030 1776 scilicet
1060 1710 1235 1773 animarum
1262 1706 1298 1769 ad

554 1808 711 1886 gremium
732 1807 884 1870 Ecclesiae
910 1803 1128 1868 redeuntium:
1152 1801 1247 1880 probe
1268 1817 1300 1863 e-

554 1901 622 1964 nim
643 1901 832 1978 intelligent,
855 1917 911 1962 nos
936 1899 1066 1978 pastoris
1091 1899 1160 1961 lesu
1181 1895 1297 1959 Christi

554 1995 656 2058 vicem
677 1994 708 2057 in
724 1994 816 2056 terris
832 2001 984 2068 tenentes,
997 1999 1120 2056 tantum
1135 2005 1295 2070 quaerere,

552 2096 585 2153 et
605 2089 724 2152 salvum
757 2086 848 2164 velle,
871 2087 952 2167 quod
984 2087 1133 2166 perierat;
1160 2099 1296 2162 ovesque

553 2182 708 2258 iuventas,
740 2197 805 2244 non
834 2182 922 2260 virga
954 2180 1084 2255 timoris,
1112 2179 1165 2242 sed
1196 2177 1296 2240 cilicio

553 2273 719 2348 charitatis,
742 2275 778 2337 ad
800 2273 882 2336 ovile
903 2287 1102 2350 congregare.

348 2367 435 2436 resne.
451 2367 533 2414 nuar.
595 2369 614 2444 5
637 2367 683 2430 lo.
707 2367 770 2430 Nec
790 2367 939 2446 conqueri
960 2367 1029 2428 iure
1055 2371 1209 2445 poterunt·
1224 2362 1295 2425 mis·

322 2419 535 2532 iiiiifflit.q1¹r¹a‘t'r³cff
552 2461 678 2524 sionarii
692 2476 779 2523 suam
795 2461 1010 2523 auctoritatem
1024 2459 1082 2522 hoc
1096 2465 1183 2538 pacto
1197 2456 1295 2519 videri

322 2525 391 2578 ‘¹²⁰¹'
552 2555 765 2630 imminutam,
787 2553 813 2615 si
842 2558 1017 2632 opportune
1047 2553 1080 2613 in
1111 2550 1294 2614 memoriam

551 2648 778 2723 revocaverint,
800 2663 879 2726 quae
899 2646 936 2709 ab
957 2661 1067 2709 eorum
1088 2651 1175 2724 patre
1195 2649 1226 2706 et
1248 2644 1297 2706 in·

550 2743 695 2806 stitutore
725 2739 755 2805 S.
780 2741 941 2804 Francisco
968 2740 1001 2804 in
1022 2756 1078 2805 suo
1109 2745 1295 2804 testamento

550 2840 663 2918 scripta
684 2839 851 2916 leguntur:
877 2839 919 2901 Et
939 2832 1135 2900 sillabarum
1166 2841 1294 2900 tantam

550 2932 757 3014 sapientium,
780 2937 935 3011 quautam
957 2931 1105 2996 Salomon
1119 2927 1247 3004 habuit,
1263 2936 1294 2992 et

551 3027 727 3090 iuueuirem
746 3025 958 3105 pauperculos
979 3023 1220 3098 casertanum
1238 3039 1293 3102 pa·

551 3120 683 3193 rocdiis,
705 3120 742 3181 iu
763 3117 878 3198 quibus
893 3123 1077 3192 morantur,
1093 3118 1166 3180 uolo
1181 3121 1293 3181 contro

551 3230 659 3277 aarum
689 3212 887 3276 uoluntatem
916 3211 1114 3292 praedicare.
1146 3212 1204 3276 Cui
1225 3227 1294 3274 sen·

551 3308 666 3372 tentiae
687 3322 821 3371 consona
842 3313 917 3370 sunt
937 3305 1122 3370 documenta
1144 3305 1174 3370 S.
1197 3303 1294 3367 Bona-

550 3408 702 3464 venturae
722 3401 755 3463 in
776 3415 832 3462 suo
863 3405 1012 3462 tractatu:
1045 3399 1151 3475 Quare
1171 3400 1292 3480 [ratres

549 3495 687 3563 Minores
708 3493 910 3574 praedicent.-
931 3492 1220 3579 ,Temperatissime
1244 3493 1292 3555 in·

549 3587 617 3668 quit
638 3588 768 3651 Sanetus
788 3585 909 3660 Ductor,
933 3584 1091 3664 disposuit
1112 3583 1223 3648 diuina
1242 3601 1294 3648 sa-

548 3679 673 3760 pientia
693 3685 724 3742 et
746 3678 899 3742 instituit
925 3677 1016 3742 Sedes
1037 3676 1228 3756 Apostolicu,
1253 3683 1292 3740 ut

548 3788 604 3852 per
628 3771 761 3836 Ordines
782 3775 989 3851 praenotatas
1004 3771 1040 3833 iu
1052 3771 1292 3849 praedicatione

548 3871 580 3928 ei
600 3867 796 3947 consessione
817 3865 959 3947 desectus
990 3865 1069 3927 cleri
1089 3865 1288 3944 suppleatur,

549 3967 579 4024 et
601 3959 728 4023 animae
748 3960 925 4034 sulcentur,
949 3965 979 4022 et
1001 3975 1057 4021 nec
1078 3959 1113 4022 iu
1133 3959 1292 4036 spirituo·

549 4057 644 4133 libus,
662 4075 718 4121 nee
739 4059 774 4120 in
790 4055 1019 4137 temporalibus
1035 4057 1087 4119 ius
1102 4056 1292 4120 clericorum

548 4152 755 4232 aliquatenus
766 4151 951 4214 minuatur.
965 4151 1094 4229 Parique
1105 4164 1247 4227 censura,
1259 4151 1291 4213 in

547 4247 643 4310 simili
664 4246 793 4323 negocio
818 4261 890 4308 cum
916 4245 1036 4308 Graecis
1063 4243 1213 4306 llelchitis
1234 4261 1291 4308 nu·

547 4339 684 4420 perrime
714 4337 862 4413 discusso,
884 4354 901 4399 a
923 4337 1010 4400 nobis
1036 4335 1203 4399 definitum
1224 4343 1289 4400 est:

548 4431 657 4496 licere
689 4435 818 4494 tuntum
846 4427 1009 4514 fratribus
1039 4431 1170 4494 Ordinis
1192 4431 1292 4498 Mino·

548 4541 622 4588 rum
638 4523 751 4589 Sancti
763 4523 929 4588 Francisci
945 4523 1109 4586 custodiae
1128 4525 1241 4588 Terrae
1255 4525 1287 4588 S.

1353 768 1439 830 ciatis
1460 785 1516 848 per
1536 765 1769 833 Sacramentum
1790 769 2015 847 Paenitentiam
2032 777 2100 834 tum

1354 858 1411 924 alia
1425 878 1550 942 quoque
1564 861 1805 926 administranda
1819 872 1893 927 sunt
1904 861 2100 928 Sacramenta

1354 954 1387 1016 in
1409 954 1582 1019 subsidium
1603 957 1858 1035 presbyterorum
1878 957 1957 1020 ritus
1972 958 2098 1037 Cophti3

1355 1047 1434 1110 nihil
1455 1048 1583 1112 demum
1597 1049 1879 1130 derelinquendum
1893 1057 1951 1126 est,
1966 1052 2049 1130 quod
2063 1052 2099 1113 ad

1354 1142 1528 1206 animarum
1549 1143 1729 1208 salutemet
1749 1143 1909 1221 religionis
1924 1145 2100 1210 incremen-

1349 1242 1423 1298 tum
1444 1236 1601 1315 pertinere
1621 1239 1725 1317 possit.
1749 1238 1910 1302 Potissima
1931 1246 2036 1300 tamen
2051 1255 2098 1301 so·

1353 1329 1479 1392 licitudo
1500 1329 1685 1394 conterenda
1715 1340 1772 1408 est,
1795 1338 1831 1395 ut
1850 1333 2021 1396 sacerdotes
2043 1333 2099 1398 Go-

1353 1422 1419 1501 phti
1440 1440 1456 1486 a
1478 1423 1549 1485 iidei
1570 1426 1692 1488 unitate
1712 1432 1857 1506 rectaque
1877 1426 1987 1490 semita
2007 1426 2100 1490 decli-

1353 1524 1474 1593 nantes,
1496 1519 1614 1580 erroris
1638 1519 1764 1599 depulsa
1787 1519 1931 1597 caligine,
1953 1522 1988 1583 ad
2010 1521 2100 1584 unio-

1353 1625 1426 1672 nem
1448 1618 1479 1674 et
1500 1611 1678 1690 amplexum
1699 1613 1864 1678 catholicae
1884 1612 2037 1678 Ecclesiae
2050 1631 2099 1680 re·

1353 1712 1519 1782 vocentur,
1548 1722 1721 1788 eorumque
1749 1723 1900 1771 numerus
1927 1716 2095 1788 augustum

1352 1797 1410 1858 hoc
1431 1799 1517 1862 enim
1539 1807 1624 1878 pacto
1644 1802 1735 1864 vinea
1756 1800 1880 1864 Domini
1901 1798 2032 1865 Sahamh
2050 1819 2099 1866 re-

1352 1891 1504 1968 florescet,
1526 1899 1729 1974 optatumque
1749 1895 1885 1959 iructum
1907 1895 2026 1972 salutis,
2046 1895 2097 1958 be·

1352 1985 1517 2048 nedicente
1541 1987 1685 2064 Domino,
1708 1988 1791 2052 dabit
1812 1989 1845 2052 in
1866 1995 2007 2068 tempore
2027 2007 2093 2055 suo.

1391 2077 1411 2153 5
1434 2078 1479 2142 17.
1502 2080 1549 2143 Ad
1580 2083 1710 2145 tertium
1731 2090 1762 2146 et
1788 2088 1936 2162 quartum
1966 2084 2096 2148 dubium
2136 2095 2174 2141 au
2188 2097 2234 2143 ιιι.
2251 2099 2279 2144 u
2292 2099 2329 2144 ιι.
2356 2077 2357 2116 l

1352 2171 1542 2252 gradientes3
1566 2190 1621 2253 pro
1643 2175 1771 2240 faciliori
1786 2184 1817 2239 et
1831 2177 2013 2241 accuratiori
2028 2177 2095 2240 illo

2128 2149 2332 2252 atsutia

1351 2281 1424 2328 rum
1444 2268 1587 2330 examine
1608 2269 1694 2332 iurat
1715 2271 1925 2349 praemittere,
1942 2273 2095 2336 verificari
2112 2255 2194 2357 ffl-
2239 2259 2331 2306 inm·

1351 2361 1481 2439 practice
1502 2369 1533 2424 et
1554 2362 1586 2424 in
1600 2372 1744 2427 concreto
1758 2366 1838 2444 apud
1853 2366 1998 2445 Cophtos,
2013 2367 2096 2446 quod

1351 2452 1383 2515 in
1405 2454 1567 2531 abstracte,
1588 2464 1619 2520 et
1641 2473 1696 2535 pro
1710 2473 1767 2522 suo
1781 2459 1922 2536 ingenio,
1938 2459 2096 2540 disputant

1350 2543 1434 2606 inter
1461 2562 1494 2608 se
1521 2545 1609 2610 latini
1640 2548 1778 2628 theologi
1799 2558 1829 2613 et
1850 2551 2036 2628 canonistas,
2057 2551 2097 2614 de

1351 2636 1465 2702 Ordine
1484 2656 1568 2704 sacro
1600 2641 1712 2706 inianti
1741 2652 1814 2707 ante
1840 2645 1969 2707 rationis
1989 2661 2094 2721 usum,

1350 2731 1401 2792 vel
1416 2740 1488 2796 ante
1501 2734 1708 2814 pubertatem,
1724 2737 1844 2800 collato.
1866 2737 2095 2803 praematuram

1350 2829 1529 2895 huiusmodi
1550 2834 1778 2898 ordinationem
1799 2837 1878 2915 apud
1895 2837 2028 2916 Gophtos
2042 2852 2095 2900 ve-

1350 2923 1409 2984 teri
1436 2939 1494 2986 usu
1522 2933 1554 2988 et
1578 2925 1735 3006 disciplina
1765 2928 1933 2992 invaluisse
1965 2935 2095 2993 testatur

1349 3023 1435 3097 pater
1457 3019 1588 3084 Thomas
1609 3037 1625 3084 a
1646 3021 1714 3086 lesu
1736 3023 1822 3086 dicte
1849 3041 1933 3103 oper.
1957 3026 1992 3089 de
2016 3027 2094 3090 Gou-

1348 3113 1484 3175 ucrsiou.
1501 3120 1586 3195 aaut.
1603 3112 1657 3178 lib.
1675 3117 1710 3189 7,
1721 3133 1795 3198 poa.
1813 3123 1898 3183 361.-
1917 3117 2095 3199 deraserun-

1350 3209 1418 3280 tur,
1440 3207 1554 3286 inquit,
1580 3209 1724 3284 Ordines,
1749 3220 1878 3290 eccepto
1893 3212 2094 3293 presbytero·

1350 3306 1399 3373 tu,
1423 3302 1509 3364 anani
1539 3304 1654 3376 aetati,
1686 3306 1784 3370 etiam
1815 3307 1998 3373 immediate
2022 3312 2094 3386 post

1348 3392 1543 3473 baptismum
1576 3400 1740 3477 paruulis,
1775 3401 1935 3478 simulque
1968 3403 2093 3466 dantur

1349 3495 1495 3565 tonsura,
1520 3497 1550 3552 et
1572 3498 1714 3570 quatuor
1733 3495 1864 3575 prauus,
1889 3503 1920 3560 et
1942 3495 2093 3562 diacona-

1350 3588 1402 3646 tus
1423 3589 1453 3645 et
1474 3581 1747 3662 subdiaconatum
1761 3603 1816 3650 uec
1831 3589 1916 3652 ivisse
1931 3593 2094 3672 conseren-

1349 3674 1397 3738 dis
1419 3677 1602 3742 interstitia
1630 3679 1678 3742 vei
1700 3687 1841 3761 tempora
1870 3682 2093 3760 particularia

1348 3768 1562 3835 determinata
1584 3779 1673 3836 suot.
1700 3771 1757 3837 Ubi
1773 3793 1881 3838 sacros
1899 3777 2032 3841 Ordines
2046 3795 2093 3840 re·

1348 3862 1486 3941 cipiunt,
1514 3867 1698 3930 castitatem
1719 3873 1750 3930 et
1776 3866 2008 3934 abstinentium
2028 3871 2092 3950 poi·

1348 3957 1501 4031 licentur,
1533 3963 1682 4025 ieiunare
1712 3963 1859 4026 uidelicet
1881 3961 1991 4028 diebus
2012 3965 2092 4030 Mer·

1346 4056 1433 4118 curii
1455 4062 1485 4118 et
1510 4057 1645 4129 Veneris,
1668 4061 1700 4119 et
1722 4063 1859 4137 tempere
1875 4059 2045 4133 aduentus,
2061 4065 2092 4122 et

1347 4150 1609 4230 quadragesimae
1630 4158 1688 4214 etc.
1724 4154 1859 4230 insuper
1889 4152 1988 4217 etiam
2016 4171 2092 4233 quc·

1347 4243 1534 4323 dragesimis
1552 4245 1775 4323 Apostolorum
1796 4245 1887 4309 Petri
1902 4253 1932 4309 et
1947 4247 2046 4312 Pauli
2061 4255 2092 4312 ct

1347 4337 1594 4416 assumptionis.
1621 4339 1754 4416 Quando
1780 4347 1889 4404 autem
1912 4341 2091 4422 infantulis

1347 4439 1406 4494 out
1434 4433 1544 4510 pueris
1569 4434 1656 4496 sacri
1690 4433 1824 4496 Ordines
1854 4435 2088 4515 conferuntur,

1346 4539 1403 4602 pro
1424 4525 1468 4586 eis
1489 4525 1656 4602 spondent,
1679 4533 1710 4589 et
1732 4526 1808 4590 iaec
1829 4533 1902 4590 outa
1923 4525 2091 4591 alscroaut

548 4617 752 4699 parochialia
781 4618 895 4682 munia
922 4615 1008 4680 odire
1039 4618 1127 4680 eirca
1157 4619 1291 4682 Graecos
1347 4619 1489 4697 ipsarum
1502 4624 1662 4698 parentes,
1680 4620 2091 4684 douecdecimumseutum

549 4711 729 4785 Metelites,
741 4712 844 4790 eisque
857 4710 1066 4774 Sacramenta
1079 4709 1291 4775 administra·
1345 4712 1466 4776 aetatis
1487 4727 1622 4786 anuum,
1638 4717 1699 4776 aut
1714 4715 1855 4789 circiter,
1874 4716 2048 4797 exegerint.

549 4822 583 4867 rc
604 4807 639 4867 iu
660 4806 703 4868 iis
732 4805 872 4868 lucorum
894 4810 924 4866 et
952 4811 1128 4881 temporum
1154 4804 1292 4866 circum·
1386 4807 1405 4883 5
1428 4804 1474 4868 18.
1498 4807 1582 4869 lianc
1602 4823 1726 4888 quoque
1749 4811 1910 4886 vigentem
1932 4811 2015 4873 inter
2034 4809 2092 4874 Co·

547 4897 695 4969 stautiis,
708 4893 820 4976 quibus
832 4896 960 4957 omniuo
974 4894 1099 4974 deficiat
1111 4895 1221 4957 modus
1237 4894 1291 4958 lta·
1346 4902 1436 4979 phtos
1465 4902 1723 4966 consuetudinem
1751 4904 1927 4967 assumendi
1948 4903 1985 4966 ad
2005 4903 2093 4969 Ordi-

549 4989 641 5054 dandi
672 4989 859 5069 parotium,
888 4994 948 5051 aut
979 4987 1083 5050 ulium
1109 4989 1291 5051 antistitem
1347 5011 1420 5057 nem
1441 4997 1617 5059 diaconatus
1631 4999 1816 5060 constitutos
1831 4999 1863 5060 in
1878 5006 1977 5062 aetate
1991 5000 2091 5063 inian·
2181 5021 2185 5028 ·

2135 4825 2169 4870 lte
2183 4822 2280 4871 eodem.

548 5085 655 5165 groeci
677 5086 775 5147 ritus.
1347 5089 1406 5164 tili,
1419 5091 1581 5152 confirmat
1595 5105 1652 5153 suo
1663 5091 1845 5154 testimonio
1857 5092 1983 5156 Carolus
1996 5095 2092 5156 Fran·

346 5189 482 5254 unuorur.
497 5191 531 5238 or·
589 5181 607 5256 5
632 5179 678 5246 16.
707 5178 818 5259 Neque
844 5177 937 5241 etiam
967 5193 1130 5258 perperam
1161 5177 1292 5240 timeant
1346 5183 1443 5246 ciscus
1457 5199 1473 5244 a
1488 5184 1589 5246 Breno
1603 5185 1639 5246 in
1653 5185 1803 5251 Manuali
1816 5186 1959 5249 missiae.
1980 5187 2093 5251 drien-

319 5242 381 5292 Μ·
548 5273 733 5337 missionarii
752 5273 810 5336 sihi
832 5273 865 5335 in
887 5271 978 5335 vinea
996 5271 1120 5334 Domini
1134 5278 1292 5350 tamquam
1348 5276 1405 5339 tul.
1428 5281 1501 5339 tom.
1520 5276 1549 5350 1,
1571 5276 1626 5342 lib.
1644 5283 1678 5351 3,
1695 5295 1763 5360 cup.
1781 5284 1818 5354 2,
1841 5297 1873 5342 n.
1890 5285 1913 5344 5
1917 5303 1931 5356 ,·
1945 5284 2092 5361 idemque

548 5369 696 5447 operariis
716 5373 778 5430 tota
799 5367 850 5430 die
870 5369 985 5445 otiosis,
1008 5377 1038 5431 ct
1060 5385 1075 5429 a
1097 5369 1178 5431 hono
1199 5385 1291 5450 opere
1346 5387 1421 5432 usus
1441 5371 1597 5435 evincitur
1612 5373 1645 5435 in
1660 5374 1758 5436 literis
1772 5375 1804 5437 P.
1818 5375 1918 5438 Benna
1931 5376 2091 5439 missione-

549 5462 756 5540 torpentihus‚
779 5461 897 5524 nullam
919 5461 970 5524 vel
990 5463 1147 5541 exiguam,
1163 5465 1291 5527 occasio·
1347 5465 1384 5525 rii
1399 5461 1559 5528 Societatis
1573 5467 1651 5546 lesu,
1667 5467 1756 5545 datis,
1769 5466 1849 5532 Sino
1861 5486 2007 5548 uocum,
2024 5472 2090 5534 Cai-

548 5570 619 5618 nem
631 5555 833 5635 impendendi
845 5555 955 5618 laboris
967 5571 1032 5618 esse
1044 5555 1192 5619 relictam.
1205 5559 1292 5622 Prae·
1346 5574 1393 5635 ro,
1409 5560 1445 5621 ad
1467 5561 1499 5622 P.
1517 5561 1684 5638 Soierium,
1700 5565 1806 5640 magni
1821 5565 1968 5641 nominis,
1985 5564 2092 5644 proha-

547 5649 713 5714 dicandum
734 5657 779 5712 est
800 5649 838 5712 alo
859 5648 918 5710 illis
948 5658 1089 5713 sanctum
1118 5649 1231 5714 Christi
1253 5654 1291 5715 E·
1347 5659 1457 5733 taeque
1477 5654 1635 5718 doctrinae
1656 5656 1893 5720 Bollandistam:
1911 5658 2091 5721 memoratis

548 5743 738 5820 vangelium‚
761 5749 792 5806 et
812 5739 945 5806 docen'da
964 5745 1110 5823 mysteria
1124 5745 1291 5808 christiano
1346 5748 1380 5810 in
1400 5747 1511 5812 iisdem
1532 5750 1628 5812 literis
1651 5749 1846 5830 cupitorum
1865 5769 1921 5814 seu
1935 5751 2091 5816 locabitu-

547 5834 667 5896 homiui
698 5836 867 5898 necessaria
888 5835 923 5898 ad
951 5843 1108 5900 aeternam
1137 5837 1289 5920 salutem;
1347 5858 1420 5905 rum
1439 5844 1577 5908 moribus
1599 5850 1630 5907 et
1660 5845 1824 5922 institutis,
1856 5847 2001 5924 advertit,
2027 5847 2089 5911 dia·

548 5925 726 6010 explicanda
746 5930 833 6010 vitia,
855 5946 932 6009 quae
957 5930 1123 6011 declinare,
1147 5929 1290 6012 virtutae,
1346 5953 1438 5999 conos
1466 5945 1623 6018 promotos
1644 5939 1677 6001 in
1699 5945 1798 6002 aetate
1825 5930 1880 6002 seu
1901 5939 1951 6003 vel
1971 5947 2090 6021 septem
