4744 6976
330 577 384 634 tn.
398 582 429 634 8.
451 580 520 634 8844
572 579 628 642 888

549 717 644 794 solet;
666 716 825 797 pulpitum
846 715 1004 791 ecclesiae,
1025 732 1042 778 e
1063 731 1125 795 quo
1145 713 1296 793 parochus

551 809 599 872 ius
624 809 716 872 habet
751 809 838 872 verbi
875 811 945 882 Dei,
981 809 1065 871 iuxta
1095 808 1296 886 praecipuum

551 901 720 964 ministerii
741 901 790 964 sui
806 918 934 978 munus,
951 901 1178 977 annunciandi3
1200 915 1297 961 sacra·

551 995 636 1057 rium
666 993 782 1072 pariter
813 994 973 1069 ecclesiae,
1007 995 1041 1056 88
1069 991 1297 1072 inspiciendum

551 1086 672 1159 locum,
696 1085 728 1146 in
753 1102 815 1164 quo
836 1093 1013 1147 asservatur
1040 1102 1122 1147 sacra
1143 1083 1295 1163 supellex,

552 1195 608 1258 pro
619 1176 827 1241 Sacramentis
844 1186 905 1240 tam
919 1179 1001 1240 iutra
1016 1178 1186 1252 ecclesiam,
1203 1193 1297 1257 quam

552 1276 639 1332 extra
672 1269 757 1331 illam
784 1271 931 1334 decenter
955 1269 1224 1346 administrandis3
1251 1286 1297 1332 se·

552 1363 721 1442 pulchrum
733 1363 920 1441 excipiendis
931 1363 1128 1426 subditorum
1138 1363 1297 1442 parochiae

454 1511 458 1522 .
550 1455 731 1535 corporibus
756 1455 928 1531 addictum,
958 1456 1180 1518 caemeterium
1211 1471 1298 1533 paro-

551 1548 735 1610 chianorum
756 1548 921 1611 humandis
942 1549 1143 1612 cadaveribus
1165 1550 1298 1612 destina-

551 1647 638 1718 tum3
661 1641 776 1704 turrim
807 1643 1044 1719 campanariam,
1074 1645 1242 1706 dummodo
1266 1643 1297 1705 in

551 1752 586 1798 88
600 1736 662 1797 sint
673 1750 840 1812 campanae
854 1737 888 1798 88
904 1737 1080 1814 parochiam
1095 1737 1218 1815 proprie
1231 1753 1300 1814 spe·

552 1834 686 1904 8888888
700 1845 733 1890 88
747 1827 886 1904 88888,
900 1835 1022 1909 8888888
1033 1846 1082 1891 res
1091 1846 1182 1908 supru
1198 1846 1299 1893 enun-

552 1921 655 1996 ciatas,
678 1922 781 1984 omnia
803 1937 884 1984 sacra
906 1938 987 1996 vasa,
1004 1922 1116 2001 quibus
1136 1923 1188 1984 vel
1204 1921 1298 1984 Parti-

553 2012 640 2074 culae
660 2021 854 2075 consecratae
867 2021 1043 2087 serrantur,
1060 2015 1108 2076 vel
1129 2031 1210 2077 secra
1226 2013 1298 2077 Olea

551 2104 617 2165 sive
633 2105 664 2166 88
680 2105 837 2182 Baptismo
855 2106 970 2168 sivein
989 2113 1127 2168 extrema
1142 2106 1297 2169 Unctione

553 2196 736 2273 adhibenda,
759 2198 809 2259 vel
824 2215 900 2277 aqua
916 2198 1087 2276 baptisterii
1102 2199 1151 2262 rel
1167 2200 1223 2261 alia
1239 2200 1298 2262 rite

551 2289 725 2364 benedicta,
749 2307 828 2370 quae
850 2306 905 2369 pro
927 2290 1174 2368 ingredientium
1196 2309 1297 2371 asper-

552 2383 640 2444 sione
661 2382 696 2444 ad
718 2382 862 2445 ecclesiae
882 2383 964 2445 iores
978 2385 1052 2463 8888
1074 2385 1246 2447 consuevit.

335 2488 534 2552 8888888888-
592 2473 661 2550 §8-
686 2473 863 2537 visitationi
892 2475 980 2538 locali
1008 2477 1148 2555 proxima
1177 2485 1222 2539 est
1250 2495 1296 2555 88,

321 2542 534 2652 ἱῗὲῗέςνῑὲξῗῃξῖ
553 2583 631 2646 quae
646 2582 809 2647 personam
825 2568 949 2646 respicit
964 2569 1105 2646 parochi,
1129 2570 1217 2632 cuius
1231 2572 1298 2649 qui·

321 2649 497 2696 secreverant.
552 2660 636 2734 888,
657 2661 684 2722 si
705 2660 856 2736 regularis
877 2662 928 2736 sit,
951 2662 1061 2738 agendi
1084 2663 1248 2738 88888888,
1265 2663 1298 2726 88

554 2753 602 2828 iis,
619 2769 698 2831 quae
712 2758 851 2832 spectant
866 2753 901 2814 ad
917 2755 1167 2816 observationem
1182 2756 1298 2833 proprii

556 2845 651 2924 ipsius
672 2845 824 2921 regularis
845 2846 994 2922 instituti,
1011 2863 1074 2908 888
1089 2855 1136 2908 est
1157 2847 1296 2927 Episcopi

553 2938 726 3016 inquirere,
749 2953 848 3016 quum
866 2940 902 3001 88
925 2939 1020 3018 ipsius
1034 2940 1229 3018 superiorem
1252 2957 1299 3003 re·

553 3030 695 3107 88888888
723 3031 876 3108 privative
898 3031 927 3094 id
955 3032 1119 3109 pertineat.
1149 3033 1234 3094 Licet
1257 3042 1298 3095 ta·

552 3139 626 3186 men
658 3122 807 3202 Episcopo
833 3123 883 3185 rel
906 3123 1009 3202 potius
1038 3125 1096 3203 ipsi
1126 3125 1298 3204 specialiter

553 3213 717 3290 incumbit,
740 3213 836 3293 ipsius
856 3216 980 3294 parochi
1001 3232 1056 3278 seu
1077 3217 1187 3292 curati,
1204 3218 1299 3279 etiam

553 3307 718 3385 regularis,
741 3307 837 3369 vitem
858 3325 892 3369 ac
913 3324 1015 3371 mores
1036 3311 1177 3385 scrutari,
1193 3319 1298 3388 quate-

553 3420 613 3466 nus
635 3417 680 3477 88,
704 3417 783 3479 quae
805 3409 891 3464 extra
913 3402 1084 3464 claustrum
1113 3403 1296 3482 prodierint,

553 3495 681 3559 rectoris
700 3495 876 3556 animarum
888 3495 1027 3573 exempla
1043 3495 1216 3573 plurimum
1227 3511 1299 3558 con·

554 3588 636 3651 ferre
657 3588 692 3650 ad
713 3587 820 3667 populi
847 3586 1093 3650 aedificationem
1114 3588 1164 3648 rel
1192 3594 1298 3650 contra

553 3683 654 3745 eidem
669 3683 775 3759 obesse
795 3681 931 3743 maxime
946 3688 1086 3759 possunt,
1099 3683 1300 3760 quemadmo-

554 3777 630 3838 dum
651 3777 723 3839 alias
744 3776 852 3838 eadem
875 3777 1006 3840 concilii
1028 3777 1203 3839 Tridentini
1219 3778 1298 3840 (888

554 3871 693 3950 gregatio
723 3869 878 3948 sapienter
899 3869 1048 3946 decrerit,
1077 3876 1106 3932 et
1128 3887 1184 3932 nos
1205 3870 1299 3932 etiam

553 3964 733 4025 earumdem
748 3963 960 4042 praesentium
975 3971 1083 4026 tenore
1103 3964 1298 4027 decernimus

555 4063 585 4117 et
605 4055 783 4119 statuimus.

349 4165 464 4230 888888
482 4167 535 4214 arra
593 4151 612 4226 5
632 4148 661 4211 9.
685 4151 732 4213 hd
752 4149 947 4228 personalem
968 4165 1092 4229 quoque
1114 4150 1239 4228 parochi
1254 4150 1300 4210 vi-

322 4218 536 4334 fiflrfflffiffl}
553 4244 742 4320 sitatioucm,
765 4244 958 4323 proindeque
979 4244 1015 4306 ad
1039 4243 1179 4322 Episcopi
1201 4243 1248 4304 ius
1268 4251 1298 4305 88

322 4328 366 4371 oc
448 4375 449 4378 =
553 4337 703 4413 officium,
721 4339 856 4416 pertinet
871 4353 905 4398 ea
926 4337 1085 4398 occasione
1109 4335 1297 4410 examinare,

553 4445 592 4492 an
614 4429 705 4491 titulo
727 4430 867 4506 legitimo
889 4432 1039 4507 parochus
1062 4428 1155 4490 88888
1176 4429 1297 4504 regula-

552 4521 593 4583 ris
614 4521 792 4584 animarum
813 4537 918 4584 curam
941 4529 1093 4594 exerceat,
1109 4536 1148 4582 88
1164 4521 1299 4583 residen-

553 4612 612 4676 tiae
634 4614 685 4676 lex
705 4614 743 4676 ab
763 4629 800 4675 eo
826 4615 987 4676 observata
1008 4613 1103 4675 tuerit
1131 4619 1224 4691 atque
1245 4613 1299 4674 ob-

552 4712 712 4783 88888888
735 4721 774 4768 88
795 4705 832 4766 88
854 4705 1014 4784 synodum
1036 4711 1174 4780 vocatus,
1190 4705 1296 4784 iverit3

551 4813 591 4859 an
612 4799 870 4876 congregationes
891 4815 946 4860 seu
974 4797 1181 4860 conterendas
1204 4813 1298 4876 super

551 4890 670 4954 casibus
690 4890 1013 4954 conscientiaehaheri
1027 4890 1130 4952 solitas
1151 4889 1297 4968 trequen-

553 4989 615 5060 tet;
638 4999 676 5045 88
698 5000 898 5062 uberaquae
919 4983 1099 5046 secumiert
1121 4983 1297 5046 animarum

552 5093 636 5153 cura,
659 5076 892 5154 adimpleverit3
915 5093 949 5138 88
969 5077 1053 5138 88888
1074 5076 1142 5151 8888,
1165 5092 1204 5137 88
1226 5077 1299 5137 mis-

551 5185 615 5233 sam
637 5185 692 5248 pro
713 5169 827 5248 populo
858 5169 1056 5249 applicaverit
1083 5169 1191 5232 diebus
1211 5168 1297 5230 iestis

552 5265 589 5328 de
610 5270 788 5342 praecepto;
812 5279 851 5324 au
873 5261 982 5324 iisdem
1002 5261 1089 5324 iestis
1111 5261 1218 5324 diebus
1233 5278 1298 5324 om-

551 5357 602 5419 888
630 5356 839 5436 praestiterit,
870 5372 948 5434 quoe
969 5373 985 5416 8
1006 5361 1092 5418 sacro
1113 5354 1296 5416 Tridentino

552 5449 690 5512 Concilio
711 5449 897 5528 praescripta
917 5455 1003 5523 suut,
1029 5447 1180 5526 populum
1206 5446 1297 5509 Verbi

550 5542 606 5604 Dei
627 5541 855 5620 praedicatione
875 5548 906 5603 et
929 5557 1040 5620 pueros
1062 5541 1094 5602 in
1120 5539 1191 5602 fidei
1213 5541 1298 5602 rudi·

551 5634 667 5697 mentis
678 5634 933 5713 christianaeque
949 5631 1113 5696 Doctrinae
1129 5632 1297 5711 praeceptis

551 5727 753 5804 instruendo;
777 5742 834 5803 88,
865 5728 950 5788 statis
972 5726 1095 5800 diebus,
1119 5724 1297 5803 excipendis

551 5817 691 5880 fidelium
706 5818 950 5881 contessionihus
965 5825 1068 5895 rocet3
1084 5834 1123 5880 88
1138 5825 1296 5894 aegrotan-

552 5908 635 5972 tibus
656 5918 687 5973 et
709 5911 741 5973 in
762 5917 904 5973 extremo
930 5911 1011 5974 vitae
1032 5926 1130 5990 agone
1155 5911 1295 5973 laboran-

1073 596 1136 640 run.
1161 593 1251 638 PONT·
1277 591 1317 635 hd
1340 591 1368 636 P·
1392 593 1420 638 F.
1446 594 1528 640 PARS
1551 597 1570 640 l.

2128 573 2183 625 An.
2197 575 2231 626 0.
2255 571 2327 623 1784

1353 715 1435 778 tibus
1446 716 1546 778 debita
1560 717 1731 795 spiritualia
1746 718 1879 780 subsidia
1890 719 1996 782 sedulo
2010 735 2098 798 prae-

1351 815 1411 870 stet
1439 817 1469 871 et
1502 809 1695 873 Sacramenta
1728 810 1880 874 Ecclesiae
1912 813 2098 890 tempestive

1352 901 1507 979 conterat3
1531 919 1569 965 88
1584 919 1698 981 pueros
1713 910 1744 965 et
1759 904 1876 982 puellas
1890 913 1962 967 ante
1976 920 2098 983 suscep-

1353 997 1472 1057 tionem
1506 996 1691 1058 sacramenti
1725 997 1990 1072 condrmationis,
2031 1005 2096 1059 tum

1353 1089 1447 1150 etiam
1468 1097 1540 1150 ante
1555 1089 1687 1167 primam
1702 1105 1812 1152 eorum
1829 1091 2096 1166 communionem,

1354 1182 1534 1260 opportunis
1567 1182 1824 1245 instructionibus
1849 1183 2000 1245 erudierit
2010 1197 2021 1258 3'
2045 1199 2097 1257 an,

1352 1275 1531 1352 priusquam
1543 1273 1660 1336 Tideles
1681 1276 1718 1338 ad
1732 1275 1930 1337 matrimonia
1944 1275 2098 1338 88888888

1355 1367 1506 1429 Ecclesiae
1527 1366 1706 1429 celebranda
1734 1367 1891 1441 admittat,
1915 1368 2030 1430 debitas
2051 1369 2097 1429 in·

1353 1459 1538 1536 quisitiones
1553 1460 1739 1535 adhibuerit,
1756 1469 1849 1539 atque
1863 1461 2016 1536 adhibeat,
2032 1462 2100 1540 qui·

1354 1550 1409 1612 bus
1432 1557 1500 1614 tuto
1522 1551 1754 1630 deprehendere
1776 1554 1881 1631 possit,
1905 1553 2029 1616 nullum
2052 1555 2098 1617 in-

1354 1649 1402 1704 ter
1422 1647 1639 1706 contrahentes
1668 1645 1927 1723 impedimentum
1953 1647 2097 1722 existere,

1353 1736 1539 1814 eosdemque
1561 1737 1658 1799 libere
1681 1737 1880 1799 matrimonio
1907 1738 2097 1813 consentire,

1354 1843 1387 1889 88
1408 1829 1533 1889 88888
1550 1828 1582 1891 88
1597 1829 1743 1891 Doctrina
1760 1830 1944 1906 Christiana,
1962 1832 2097 1893 maxime

1354 1935 1428 1980 xero
1450 1919 1482 1980 in
1505 1921 1677 1999 praecipuis
1706 1921 1866 1998 religionis
1888 1931 2011 1984 nostrae
2032 1940 2099 2001 mp-

1353 2013 1473 2086 steriis,
1502 2013 1570 2075 illos
1601 2014 1768 2076 instructos
1793 2031 1874 2092 esse,
1904 2017 2040 2095 denique
2060 2033 2098 2078 88

1354 2105 1505 2181 parochus
1526 2107 1606 2183 opud
1628 2121 1660 2167 se
1682 2114 1764 2169 recte
1786 2107 1943 2169 ordinatos
1968 2109 2099 2170 retineat

1355 2195 1450 2257 libros
1473 2203 1540 2258 tum
1562 2198 1798 2276 baptizatorum,
1821 2200 1874 2262 ubi
1897 2200 1967 2262 tons
1988 2201 2099 2279 baptis·

1356 2289 1444 2350 malis
1472 2291 1549 2351 adsit
1571 2291 1603 2352 in
1626 2291 1719 2370 ipsius
1746 2292 1898 2369 Ecclesia,
1922 2301 1989 2354 tum
2015 2311 2099 2357 sacro

1354 2382 1521 2444 chrismate
1536 2384 1804 2459 confirmatorum,
1821 2385 1914 2447 libros
1928 2387 2022 2448 ctiam
2037 2403 2099 2448 ma·

1357 2475 1578 2537 trimoniorum
1601 2485 1631 2537 et
1651 2484 1748 2540 status
1770 2478 1956 2541 animarum.

1394 2567 1414 2642 ἓ
1437 2565 1482 2629 80.
1507 2568 1575 2630 Uno
1595 2569 1700 2643 verbo,
1723 2570 1872 2648 quidquid
1896 2571 2062 2650 Episcopus
2083 2589 2099 2632 a
2146 2585 2248 2648 sutum
2269 2594 2342 2646 papo,

1355 2661 1486 2738 parocho
1507 2661 1654 2722 saeculari
1676 2661 1841 2740 exquirere
1862 2670 1954 2742 atque
1975 2665 2100 2740 exigere
2118 2639 2176 2736 32¹1„
2193 2642 2345 2746 ffiffississ‘.

1355 2753 1432 2815 solet
1454 2771 1486 2816 ac
1507 2753 1609 2828 dehet,
1634 2753 1661 2814 id
1690 2769 1800 2829 omne,
1830 2756 1966 2832 regulari
1997 2758 2099 2820 obser·
2119 2744 2345 2852 i'gfflfflir‘dss

1355 2846 1459 2907 vantia
1482 2846 1573 2908 unice
1598 2854 1743 2924 excepta,
1766 2865 1782 2908 a
1803 2848 1936 2927 parocho
1963 2849 2100 2926 regulari
2119 2850 2343 2950 tqarrgeutarisre·

1355 2939 1520 3015 exquirere
1532 2945 1562 2999 et
1574 2939 1701 3014 exigere
1711 2947 1823 3016 potest;
1837 2949 1937 3018 atque,
1951 2941 2004 3003 ubi
2015 2942 2099 3004 hunc
2119 2915 2131 2950 ⁰
2189 2939 2195 2948 '

1356 3031 1480 3092 muneri
1507 3047 1563 3092 suo
1585 3031 1731 3093 deiecisse
1758 3033 1962 3112 compererit,
1991 3050 2101 3112 oppor-

1356 3129 1430 3184 tuna
1453 3123 1574 3184 decreta
1603 3122 1737 3184 condere
1764 3131 1795 3186 88
1821 3126 2043 3203 pronunciare,
2066 3144 2100 3189 ac

1356 3215 1481 3277 meritas
1496 3215 1528 3276 88
1542 3215 1677 3278 888888
1692 3232 1805 3295 poenas
1819 3225 1973 3294 statuere,
1990 3218 2022 3280 in
2039 3236 2099 3296 quo

1355 3308 1562 3370 nihilominus
1575 3309 1715 3388 Episcopi
1726 3309 1885 3372 facultates
1898 3311 2027 3372 minime
2039 3313 2099 3391 pri·

1355 3401 1476 3462 8888888
1496 3409 1582 3476 sunt,
1595 3402 1647 3463 sed
1669 3402 1792 3480 praesul
1813 3402 1964 3478 regularis
1985 3404 2034 3466 ius
2048 3421 2099 3466 cu·

1355 3493 1544 3556 mutatinum
1566 3509 1638 3556 888
1655 3495 1719 3572 ipso
1735 3494 1836 3570 habeb
1861 3496 1901 3556 ita
1919 3503 2035 3573 tamen,
2053 3506 2098 3574 ut,

1356 3585 2098 3671 sialiterasuperioreregularietaliterabEpi-

1354 3695 1445 3756 scopo
1467 3679 1593 3740 decerni
1614 3679 1784 3754 contingat,
1812 3681 1915 3758 huius,
1939 3699 2004 3744 non
2026 3701 2100 3747 vero

1355 3770 1450 3847 illius,
1473 3771 1605 3834 decretis
1625 3772 1664 3832 sit
1688 3774 1850 3851 standum3
1874 3785 1969 3853 prout
1990 3777 2099 3840 aliasa

1356 3869 1604 3947 congregatione
1635 3869 1810 3930 Tridentini
1842 3869 1971 3933 Concilii
2003 3870 2099 3933 inter·

1355 3969 1442 4042 prete
1474 3962 1644 4025 iudicatum
1666 3960 1741 4036 luit,
1771 3978 1889 4042 nosque
1918 3967 2099 4030 auctoritate

1355 4055 1517 4134 apostolica
1545 4055 1721 4133 probamus,
1751 4057 1984 4133 confirmamus,
2007 4065 2099 4138 atque

1355 4149 1561 4211 decernimus.
1599 4148 1792 4211 Privatirum
1825 4155 1930 4212 tamen
1959 4151 2098 4231 Episcopi
2159 4161 2346 4206 8888888888-

1355 4240 1403 4303 ius
1417 4251 1463 4302 est
1478 4241 1509 4303 in
1524 4241 1781 4319 parochianorum
1804 4256 1905 4303 mores
1928 4243 2098 4321 inquirere,
2118 4216 2345 4323 ἓῖἷὲςὲξὲῧῗμῗξῖ

1355 4333 1428 4396 acsi
1444 4350 1522 4413 quae
1543 4334 1627 4396 inter
1649 4333 1730 4410 ipsos
1750 4333 1890 4395 scandala
1912 4335 2018 4396 oborta
2032 4335 2100 4398 lue·
2119 4320 2209 4366 ”tm

1355 4427 1431 4502 rint,
1455 4426 1566 4489 auditis
1588 4427 1758 4505 proborum
1779 4443 1812 4488 88
1834 4426 2038 4505 8888888888
2055 4430 2101 4489 ri-

1356 4533 1463 4580 rorum
1485 4519 1614 4581 sinceris
1637 4519 1852 4594 relationibus,
1868 4519 1905 4580 de
1927 4520 1965 4580 iis
1986 4536 2099 4596 coguo-

1354 4628 1452 4687 scere,
1475 4628 1571 4690 eaque
1593 4612 1776 4691 opportunis
1796 4613 1940 4675 remediis
1961 4629 2098 4676 resecare

1354 4710 1385 4766 et
1400 4704 1587 4767 reformare:
1611 4721 1668 4768 uec
1683 4706 1767 4767 enim
1782 4706 1993 4783 superioribus
2009 4722 2100 4783 regu-

1354 4797 1469 4860 laribus
1491 4799 1522 4860 88
1544 4798 1723 4860 huiusmodi
1748 4798 1918 4861 saeculares
1939 4798 2098 4876 parochiae

1353 4890 1491 4952 subditos
1513 4890 1576 4953 ulla
1598 4891 1747 4969 competit
1768 4891 1948 4953 iurisdictio.

1394 4981 1481 5057 §th
1507 4983 1681 5044 Eveniente
1709 4991 1813 5046 autem
1841 5001 1927 5059 casu,
1958 5000 2019 5063 quo
2047 4985 2098 5047 vel
2152 5005 2343 5051 remotionem

1354 5074 1521 5154 Episcopus
1544 5075 1595 5136 vel
1615 5075 1756 5152 superior
1785 5075 1936 5152 regutaris
1962 5076 2097 5155 aliquem
2117 5060 2342 5166 {}{?„,ss²f,‘',2¹‡{,2

1354 5183 1393 5228 ex
1414 5167 1575 5246 praedictis
1604 5168 1742 5246 parochis
1770 5169 1807 5230 ab
1833 5170 1980 5231 exercitio
2006 5185 2097 5231 88888
2116 5163 2342 5264 {gqesegggfflss

1353 5261 1596 5334 removendum,
1625 5263 1795 5339 eademque
1817 5261 2005 5340 privandum
2032 5278 2097 5324 esse
2249 5254 2253 5262 '

1354 5352 1575 5430 iudicaveriut3
1592 5353 1739 5431 quoniam
1751 5353 1931 5416 huiusmodi
1946 5356 2096 5433 parochie,

1353 5445 1422 5506 sine
1442 5446 1566 5530 praevio
1587 5447 1731 5524 Episcopi
1746 5447 1978 5525 approbatione,
1994 5449 2029 5510 88
2046 5465 2097 5510 88-

1353 5553 1420 5598 888
1442 5538 1618 5600 88888888
1641 5540 1785 5600 88888888
1799 5555 1995 5618 nequaqnam
2014 5540 2095 5616 licet,

1354 5631 1496 5708 quamvis
1517 5647 1533 5690 a
1554 5632 1617 5692 suis
1638 5633 1849 5710 superioribus
1878 5633 2033 5710 deputati,
2063 5634 2097 5696 ii·

1354 5723 1487 5800 demque
1508 5725 1542 5784 88
1566 5731 1680 5785 88888
1700 5724 1763 5784 sint
1789 5724 1988 5801 amoribiles;
2011 5725 2099 5788 dubi-

1355 5821 1454 5876 tatum
1476 5823 1636 5894 propterea
1659 5816 1729 5891 luit,
1746 5831 1785 5877 88
1807 5817 1974 5896 Episcopus
1995 5825 2097 5895 posset

1353 5907 1388 5968 ad
1411 5908 1589 5970 huiusmodi
1611 5910 1801 5973 remotiones
1823 5909 2006 5988 procedere,
2030 5911 2097 5974 sine
