4838 6982
353 548 543 607 An.e.1rae
593 553 653 614 546

368 702 554 748 Utmmumil

341 753 552 808 ludsh,acio

342 810 460 854 neumam
493 819 551 864 pan

1094 567 1159 612 tto.
1183 565 1273 612 PONT.
1298 565 1337 610 DE
1360 567 1387 612 P·
1413 567 1441 612 F.
1467 569 1548 614 PARS
1572 569 1590 614 t

2152 551 2350 606 An.e.1753

613 686 702 763 515.
727 706 749 750 x.
772 685 984 764 Meminerint,
1001 703 1063 750 non
1087 686 1114 747 id
1130 688 1186 750 sibi
1209 703 1319 751 mune·
1377 687 1432 748 nisi
1463 688 1548 751 omni
1577 706 1614 751 ex
1640 698 1727 770 parte
1759 691 1842 753 illius
1871 692 1950 754 liber
1977 693 2118 771 legatur3

574 783 616 844 ris
637 782 802 861 onerisque
824 783 1016 860 impositum,
1039 789 1074 844 ut
1099 781 1169 844 libri
1192 783 1227 844 ad
1249 800 1319 845 exa·
1375 799 1514 862 quaeque
1535 784 1662 848 diversis
1678 784 1709 846 in
1727 785 1799 846 locis
1821 787 1917 864 posita
1932 794 1962 848 et
1977 785 2118 848 collocata

341 861 511 908 remoturus.
573 876 757 938 minandum
778 875 834 937 sibi
857 876 960 938 traditi
982 877 1239 956 proscriptionem
1254 893 1318 940 mo·
1375 886 1465 954 sunt,
1495 879 1578 940 iuter
1606 895 1638 940 se
1667 887 1902 957 comparentur3
1936 881 2119 942 universum

572 970 618 1032 dis
649 971 794 1033 omnibns
825 977 935 1032 curent
967 980 1060 1050 atque
1091 979 1243 1049 urgeant3
1266 972 1317 1032 sed
1376 980 1531 1048 praeterea
1553 971 1866 1034 auctorisconsilinm
1887 979 1918 1034 et
1939 973 2119 1034 institutum

572 1071 619 1138 ut,
642 1062 785 1140 diligenti
807 1063 909 1124 studio
924 1081 957 1125 ac
971 1065 1075 1126 sedato
1097 1065 1201 1127 animo
1217 1066 1319 1143 ipsum
1374 1073 1492 1128 attente
1514 1067 1706 1144 dispiciatur;
1729 1083 1831 1144 neque
1847 1082 1922 1127 xero
1936 1081 1975 1127 ex
1994 1083 2053 1128 una
2070 1067 2117 1128 vel

572 1159 794 1236 expendentes
811 1157 917 1220 fideles
931 1158 1160 1220 observationes
1178 1176 1248 1221 suas
1267 1174 1319 1220 re·
1345 1136 1348 1190 ¹
1374 1160 1468 1222 altera
1491 1161 1726 1238 propositionea
1748 1176 1803 1221 suo
1824 1168 1971 1222 contextu
1987 1159 2118 1235 divulsa,

572 1267 682 1329 rasque
697 1253 832 1312 rationes
844 1251 1085 1329 Congregationi
1107 1253 1317 1330 suppeditent,

574 1361 611 1405 ex
633 1343 745 1422 quibus
767 1352 887 1406 rectum
915 1345 1065 1407 iudicium
1088 1346 1125 1408 de
1149 1344 1203 1406 illo
1223 1344 1316 1418 terre,

572 1438 701 1515 eiusque
719 1438 985 1516 proscriptionem,
998 1437 1248 1500 emendationem
1266 1445 1318 1500 aut

572 1529 784 1592 dimissionem
807 1547 861 1609 pro
883 1532 994 1592 merito
1017 1533 1184 1593 decernere
1206 1531 1315 1592 valeat.

358 1635 552 1700 requiscere
610 1625 629 1699 ἓ
653 1622 700 1686 lb.
724 1641 759 1686 ιι.
784 1624 917 1686 Tametsi
940 1623 1089 1684 hactenus
1120 1631 1243 1684 cautum
1265 1623 1316 1698 sit,

341 1689 552 1806 ῗιὶοῗέρῖιὲἶὲθιῗιῧῗ
571 1719 807 1796 cavendumque
828 1719 969 1795 deinceps
992 1732 1055 1778 non
1077 1715 1266 1791 dubitemne,
1283 1725 1318 1777 ut

341 1799 448 1842 renatam
467 1797 536 1843 rorat.
571 1811 607 1872 ad
629 1810 828 1873 referendum
851 1819 882 1872 et
903 1809 1132 1872 consulendum
1155 1809 1185 1870 in
1200 1809 1319 1887 praedi-

570 1913 617 1966 cta
641 1905 903 1980 congregatione,
927 1902 1068 1965 lisoium
1099 1901 1316 1976 admittantur,

570 1999 623 2077 qui
644 1998 805 2060 scientiam
827 2013 945 2072 rerum,
968 2013 1042 2075 quas
1064 1995 1133 2057 libri
1155 1994 1248 2056 delati
1270 2012 1317 2056 re-

570 2092 707 2170 spective
728 2091 903 2164 continent,
926 2091 1074 2153 diuturno
1095 2091 1196 2152 studio
1217 2090 1317 2167 acqui-

570 2186 661 2247 sitam
689 2185 863 2262 possideant
895 2183 994 2262 (decet
1024 2185 1109 2246 enim
1138 2186 1176 2246 de
1201 2184 1318 2245 artibus

571 2281 650 2344 solos
662 2282 795 2344 artifices
808 2281 964 2360 iudicare);
978 2281 1193 2356 nihilominus,
1203 2281 1226 2340 si
1239 2281 1318 2343 torte

571 2374 707 2449 eveniat,
718 2381 752 2436 ut
762 2374 851 2436 alicui
865 2391 919 2452 per
930 2391 1065 2436 errorem
1080 2375 1207 2437 materia
1216 2375 1317 2452 aliqua

572 2467 762 2532 discutienda
783 2468 1008 2542 committatur,
1024 2469 1061 2529 ab
1082 2468 1165 2530 illius
1186 2467 1317 2546 peculia-

573 2563 659 2624 ribus
680 2563 789 2624 studiis
818 2561 936 2636 aliena,
959 2562 1051 2640 idque
1072 2579 1087 2622 a
1109 2577 1235 2622 censore
1266 2569 1318 2624 ant

572 2655 748 2719 consultore
770 2655 867 2717 electo
887 2672 926 2717 ex
948 2655 1009 2734 ipsa
1027 2655 1097 2718 libri
1119 2654 1253 2717 lectione
1267 2657 1319 2717 de-

573 2749 801 2829 prehendatur,
835 2749 1016 2823 noveritis,
1046 2765 1079 2810 se
1107 2763 1207 2826 neque
1238 2749 1317 2827 apud

572 2845 671 2906 Deum
692 2859 795 2923 neque
816 2843 895 2920 apud
925 2843 1067 2904 homines
1087 2842 1174 2920 culpa
1197 2851 1317 2906 varatu-

574 2955 657 3013 rum,
680 2937 739 3000 nisi
768 2937 998 3016 quamprimum
1021 2936 1049 2997 id
1077 2936 1319 3012 Corrgregationi

573 3041 626 3095 aut
646 3030 820 3106 secretario,
837 3030 965 3108 aperiat,
987 3045 1082 3108 seque
1102 3031 1138 3092 ad
1160 3027 1319 3092 ferendam

572 3127 610 3189 de
624 3125 805 3188 huiusmodi
820 3125 899 3186 libro
914 3139 1076 3184 censuram
1092 3124 1198 3185 minus
1213 3131 1319 3201 aptum

572 3218 739 3297 protessus,
762 3217 855 3280 aliurn
874 3217 972 3294 magis
992 3217 1139 3278 idoneum
1154 3217 1190 3278 ad
1205 3217 1234 3278 id
1251 3233 1318 3278 mu·

573 3311 655 3374 neris
676 3310 838 3387 subrogari
860 3317 957 3372 curet·
987 3310 1051 3384 Quo
1078 3319 1199 3372 tantum
1222 3310 1317 3386 abest,

573 3412 608 3467 ut
638 3404 875 3466 existimationis
906 3419 979 3466 suae
1010 3404 1204 3482 dispendium
1239 3405 1316 3482 apud

571 3499 754 3562 Pontificem
776 3505 807 3560 et
836 3498 1012 3561 cardinales
1039 3513 1183 3576 passurus
1210 3499 1260 3574 sit,
1284 3507 1319 3560 ut

572 3608 717 3668 magnam
740 3592 841 3671 potius
862 3592 1021 3670 probitatis
1043 3599 1072 3652 et
1095 3594 1233 3654 candoris
1255 3595 1317 3672 opi-

572 3687 701 3748 nionem
721 3693 754 3746 et
774 3685 897 3746 laudem
919 3684 976 3745 sihi
998 3685 1037 3746 sit
1059 3685 1287 3748 conciliaturus.

354 3797 554 3862 nequsacprq-
612 3779 701 3856 §lt
725 3795 774 3842 ιιι.
806 3779 849 3840 De
881 3779 974 3840 variis
1002 3778 1198 3857 opinionibus
1226 3787 1318 3860 atque

339 3855 553 3961 ffiflss‘fflffi]
571 3873 736 3936 sententiis
765 3873 796 3934 in
825 3888 1012 3952 unoquoque
1040 3872 1118 3933 libro
1145 3873 1316 3949 contentis,

340 3957 553 4068 ffl‘gpgsqgffigoig‘}
572 3968 677 4029 animo
698 3985 714 4028 a
735 3965 929 4045 praeiudiciis
952 3966 1095 4028 omnibus
1118 3983 1224 4040 vacue,
1241 3965 1317 4028 iudi·

340 4059 872 4164 ffiagm⁶⁸,{‘,',¹,¹},1⁰³ssdumSibisssse
897 4059 1005 4121 sciant.
1040 4058 1145 4138 ltaque
1171 4059 1316 4136 nationis,

340 4171 555 4234 monuncourt·
572 4155 718 4230 familiae,
740 4154 874 4226 scholae,
897 4154 1032 4216 instituti
1060 4154 1205 4216 allectum
1227 4169 1319 4216 excu-

341 4229 538 4281 ¹¹²¹¹¹⁰¹¹⁸³¹¹¹'·
574 4249 666 4324 tiant;
689 4247 789 4310 studia
811 4248 945 4327 partium
966 4255 1134 4326 seponant3
1166 4246 1318 4308 Ecclesiae

573 4341 702 4404 Sanctae
723 4341 876 4419 dogmata,
889 4348 919 4403 et
934 4355 1134 4403 communem
1156 4341 1319 4404 catholico-

572 4451 644 4496 rum
665 4435 850 4510 doctrinam,
866 4451 944 4514 quae
959 4435 1171 4498 Conciliorum
1186 4434 1317 4496 Genera·

573 4527 651 4590 lium
666 4529 808 4604 decretis,
821 4528 1032 4591 Romanorum
1048 4527 1233 4590 Pontificum
1248 4542 1319 4590 con-

573 4621 800 4697 stitutionibus,
813 4629 844 4683 et
865 4622 1108 4684 orthodoxorum
1130 4631 1253 4702 patrum
1276 4630 1318 4683 at-

576 4731 637 4794 que
657 4713 818 4776 doctorum
841 4730 991 4778 consensu
1012 4716 1203 4792 continetur,
1226 4717 1317 4778 unice

576 4823 649 4886 prae
671 4805 767 4868 oculis
789 4807 937 4883 habeant;
960 4808 1017 4870 boc
1038 4809 1075 4871 de
1096 4818 1215 4872 caetero
1238 4810 1320 4887 cogi·

575 4907 693 4974 tanteS,
716 4915 780 4962 uon
808 4915 916 4978 paucas
947 4918 1011 4963 esse
1038 4903 1217 4980 opiniones,
1239 4920 1318 4983 quae

573 4993 629 5056 uni
660 4991 796 5067 scholae,
825 4993 985 5070 instituto,
1009 5002 1061 5056 aut
1084 4995 1201 5056 nationi
1232 5003 1317 5058 certo

1376 1254 1424 1315 vel
1445 1255 1576 1314 seorsim
1597 1254 1633 1315 ab
1655 1254 1734 1327 aliis,
1757 1269 1834 1332 quae
1857 1256 1887 1315 in
1910 1253 2018 1314 eodern
2040 1253 2118 1314 libro

1375 1347 1589 1421 continentur,
1612 1346 1802 1408 considerata
1818 1354 1848 1408 et
1865 1361 2008 1424 expensa,
2032 1345 2069 1406 de
2083 1362 2120 1407 co

1377 1439 1645 1518 pronunciandum
1667 1456 1742 1500 esse.
1771 1440 1867 1518 Saepe
1888 1439 1974 1501 enim
1999 1440 2118 1515 accidit,

1376 1540 1409 1596 ut
1430 1532 1511 1612 quod
1534 1532 1571 1593 ab
1598 1540 1722 1594 auctore
1744 1532 1775 1594 in
1797 1531 1899 1610 aliquo
1928 1533 2028 1611 operis
2054 1532 2119 1596 loco

1375 1625 1582 1704 perfunctorie
1604 1635 1655 1688 aut
1676 1625 1863 1688 subobscure
1891 1627 2039 1690 traditum
2060 1633 2118 1701 est,

1376 1721 1413 1780 ita
1437 1720 1495 1782 alio
1519 1719 1549 1781 in
1573 1719 1639 1782 loco
1659 1719 1816 1792 distinete,
1846 1720 1965 1797 copiose
1987 1736 2019 1781 ac
2040 1721 2119 1782 dilu-

1374 1812 1439 1874 cide
1461 1811 1644 1891 explicetur,
1662 1821 1695 1875 ut
1710 1813 1824 1874 otiusae
1838 1813 1931 1890 priori
1948 1814 2119 1876 sententiae

1374 1905 1530 1980 tenebrae,
1542 1906 1653 1983 quibus
1667 1906 1817 1981 involuta,
1834 1907 1919 1984 pravi
1930 1923 2039 1969 sensus
2053 1923 2119 1986 spe·

1373 1997 1451 2060 ciem
1473 1998 1648 2074 exhibebat,
1673 2001 1796 2078 penitus
1817 1999 2030 2077 dispoliantur,
2053 2016 2119 2061 om-

1376 2093 1483 2170 nisque
1505 2092 1580 2154 labis
1595 2109 1704 2173 expers
1719 2094 1885 2173 propositio
1906 2094 2115 2170 dignoscatur.
2173 2103 2305 2164 serrantur¹
2321 2105 2349 2164 d-

1414 2185 1501 2262 519.
1527 2205 1555 2248 r.
1579 2187 1707 2262 Quodsi
1731 2187 1872 2263 ambigua
1893 2190 2042 2266 quaedam
2066 2206 2117 2250 ex·
2136 2156 2349 2274 ἷιῐιῗιιιὲῗιιᾶιιίπὲῖιὶ

1374 2281 1506 2343 ciderint
1526 2283 1655 2357 auctori,
1671 2284 1725 2360 qui
1739 2282 1875 2360 alioquin
1898 2283 2064 2346 catholicus
2078 2285 2117 2348 sit
2136 2269 2215 2372 ἓξὲξ
2235 2275 2347 2371 μ’ἓηῗὶᾙ

1375 2382 1404 2438 et
1433 2375 1554 2452 integra
1585 2375 1744 2450 religionis
1774 2375 1993 2456 doctrinaeque
2025 2377 2116 2453 sama,
2136 2373 2311 2428 aeditimis·

1374 2469 1509 2546 aequitas
1530 2469 1592 2547 ipsa
1615 2469 1770 2546 postulare
1791 2468 1926 2546 videtur,
1945 2478 1977 2532 ut
1993 2471 2060 2532 eius
2075 2472 2118 2534 di-

1373 2571 1419 2625 cta
1442 2564 1592 2639 benigne,
1615 2569 1765 2640 quantum
1790 2563 1926 2638 licuerit,
1956 2564 2116 2643 explicata,

1375 2657 1407 2718 in
1428 2657 1539 2718 bonam
1562 2663 1681 2735 partem
1704 2656 1903 2734 accipiantur.

1414 2751 1432 2826 ἓ
1454 2749 1502 2811 ab.
1520 2751 1578 2811 llas
1589 2765 1691 2828 porro,
1704 2751 1882 2828 similesque
1894 2750 2027 2828 regulas,
2041 2767 2118 2829 quae

1374 2845 1452 2922 apud
1476 2845 1607 2922 optimos
1622 2843 1785 2922 scriptores
1807 2848 1845 2908 de
1865 2847 1914 2908 his
1934 2857 2062 2922 agentes
2077 2844 2118 2905 la-

1374 2937 1432 2998 cile
1460 2947 1641 3013 occurrent,
1670 2953 1792 3018 semper
1814 2939 1919 3000 animo
1950 2939 2117 3018 propositas

1375 3031 1505 3092 habeant
1532 3046 1674 3093 censores
1696 3040 1728 3093 et
1754 3033 1963 3109 consultores;
1985 3048 2047 3110 quo
2068 3049 2117 3094 va-

1375 3123 1473 3198 leant,
1501 3124 1534 3186 in
1562 3125 1618 3186 hoc
1647 3125 1827 3202 gravissimo
1856 3125 1960 3187 iudicii
1989 3141 2117 3202 genere,

1373 3218 1578 3279 conscientiae
1598 3234 1681 3293 suae,
1704 3227 1864 3280 auctorum
1889 3217 1999 3294 famae,
2022 3219 2119 3282 eccle-

1372 3311 1433 3371 siae
1456 3311 1535 3372 bono
1557 3319 1588 3373 et
1616 3312 1754 3373 bdelium
1784 3312 1909 3374 utilitati
1942 3311 2115 3374 consulere.

1373 3404 1439 3465 lluo
1452 3413 1555 3467 autem
1571 3404 1689 3484 reliqua
1699 3412 1772 3468 sunt
1783 3405 1816 3466 in
1829 3421 1901 3466 eum
1919 3406 2014 3466 duem
2028 3404 2119 3483 plane

1373 3505 1556 3575 opportuna,
1579 3515 1658 3576 quae
1678 3498 1736 3560 hoc
1758 3499 1823 3560 loco
1844 3497 2037 3574 adiungenda
2054 3513 2118 3558 om-

1373 3592 1449 3654 uino
1470 3609 1536 3653 esse
1557 3591 1738 3654 iudicamus.

1412 3685 1501 3759 §Sl
1525 3686 1681 3747 Prodeunt
1702 3685 1867 3765 aliquando
1890 3685 1971 3760 libri,
1996 3686 2027 3748 in
2050 3686 2117 3764 qui·
2158 3700 2346 3762 ostensum<

1373 3778 1429 3839 bus
1451 3777 1524 3838 lalsa
1546 3785 1577 3839 et
1599 3779 1758 3856 reprobata
1781 3782 1935 3856 dogmata,
1949 3785 2001 3841 aut
2021 3787 2116 3858 syste-
2136 3755 2345 3865 ξζῆἳῗξξᾱξρᾟῇζῗ

1374 3880 1465 3946 mata,
1489 3871 1633 3948 religioni
1656 3872 1705 3933 vel
1727 3873 1865 3934 moribus
1889 3872 2027 3947 exitiosa,
2051 3879 2118 3934 tau·
2135 3862 2346 3961 ffissssun‘lffimffi

1374 3979 1467 4042 quam
1489 3964 1623 4025 aliorum
1652 3965 1777 4028 inventa
1799 3973 1832 4028 et
1853 3965 1999 4041 cogitata,
2023 3979 2117 4043 expo-
2135 3951 2293 4015 refutandi.

1372 4066 1493 4120 huntur·
1516 4066 1546 4119 et
1567 4056 1760 4134 reseruntur,
1775 4060 1890 4136 absque
1911 4074 1947 4120 eo
1968 4057 2049 4136 quod
2065 4075 2117 4118 au·

1373 4161 1449 4226 ctor,
1460 4152 1513 4232 qui
1529 4169 1605 4231 opus
1619 4169 1712 4216 suum
1727 4153 1827 4231 pravis
1841 4150 2019 4214 huiusmodi
2036 4167 2116 4212 mer·

1372 4245 1457 4306 cibus
1479 4261 1609 4308 onerare
1630 4247 1752 4324 sategit,
1775 4264 1809 4307 ea
1832 4245 1987 4308 refutandi
2008 4263 2115 4308 curam

1373 4337 1405 4400 in
1426 4355 1459 4400 se
1474 4340 1609 4418 recipiat.
1634 4341 1746 4403 Putant
1761 4356 1848 4415 vero,
1859 4340 1913 4418 qui
1925 4339 1995 4402 talia
2006 4345 2115 4416 agunt,

1373 4431 1452 4493 nulli
1473 4449 1540 4494 sese
1560 4433 1793 4512 reprehensioni
1816 4440 1869 4495 aut
1896 4448 2044 4494 censurae
2065 4432 2116 4497 ob-

1373 4527 1482 4586 noxios
1504 4543 1580 4602 esse,
1604 4533 1764 4606 propterea
1787 4525 1866 4604 quod
1889 4526 1926 4587 de
1947 4525 2065 4600 alienis,
2082 4532 2116 4587 ut

1373 4619 1471 4694 aiunt,
1489 4619 1687 4699 opinionibus
1702 4619 1781 4680 nihil
1804 4619 1859 4699 ipsi
1880 4619 2049 4694 affirment,
2064 4619 2117 4680 sed

1373 4713 1518 4777 historice
1540 4721 1641 4789 agant.
1660 4714 1710 4788 At,
1726 4711 1875 4790 quidquid
1890 4713 1929 4772 sit
1950 4713 1986 4773 de
2008 4726 2116 4772 eorum

1373 4809 1478 4871 animo
1499 4815 1529 4868 et
1550 4805 1691 4882 consilio,
1715 4807 1815 4884 deque
1837 4804 1989 4892 personali
2013 4803 2044 4864 in
2066 4819 2117 4865 eos

1373 4902 1659 4975 animadversione,
1689 4901 1727 4962 de
1747 4915 1807 4978 qua
1835 4898 1987 4972 viderint,
2010 4897 2062 4976 qui
2085 4898 2116 4959 in

1374 4996 1580 5059 tribunalibus
1601 4995 1635 5055 ad
1658 4994 1826 5056 coercenda
1848 4991 1979 5052 crimina
1995 4991 2117 5052 institu-

573 5087 719 5148 certiores
736 5085 1317 5162 videntur,etnibilominus,sineullo
1373 5092 1411 5154 tis
1435 5090 1480 5152 ius
1502 5089 1625 5162 dicunt,
1648 5087 1782 5149 dubitari
1811 5093 1895 5146 certe
1918 5098 1982 5146 non
2005 5091 2115 5162 potest,

574 5180 644 5242 fidei
667 5186 718 5242 aut
741 5179 902 5258 religionis
924 5181 1124 5257 detrimento,
1140 5182 1176 5242 ab
1191 5182 1257 5242 aliis
1273 5200 1318 5244 ca·
1373 5198 1518 5260 magnam
1548 5180 1700 5243 eiusmodi
1732 5179 1819 5242 libris
1850 5180 1882 5239 iu
1909 5177 2117 5241 Christianam

575 5274 696 5336 tholicis
718 5274 792 5335 viris
814 5273 998 5338 reiiciuntur
1020 5285 1110 5355 atque
1133 5276 1314 5354 impugnan-

573 5375 636 5444 tur,
660 5368 875 5447 oppositaeque
897 5369 1125 5446 delenduntur,
1148 5371 1266 5432 sciente
1286 5388 1318 5432 ac

572 5461 777 5542 permittente
799 5463 971 5541 Apostolica
994 5463 1088 5537 Sede,
1111 5479 1187 5543 quae
1209 5480 1319 5526 uuam·

1373 5275 1604 5354 llempublicam
1626 5273 1723 5336 labem
1748 5290 1781 5334 ac
1802 5270 1972 5351 perniciem
1995 5269 2116 5346 inferri3

1372 5387 1469 5450 quum
1482 5369 1613 5430 incautis
1625 5367 1791 5429 lectoribus
1806 5381 1925 5428 venena
1938 5364 2116 5443 propinent,

1373 5464 1460 5527 nullo
1478 5463 1615 5524 exhibito
1633 5461 1681 5523 vel
1707 5469 1821 5540 parato,
1839 5475 1901 5538 quo
1918 5473 2118 5536 praeserven-

573 5571 728 5634 quamque
743 5556 923 5634 opinionem
939 5557 1115 5619 huiusmodi
1131 5558 1163 5619 in
1179 5574 1234 5620 suo
1250 5573 1318 5636 pro·
1345 5582 1347 5655 q
1374 5565 1435 5633 tur,
1458 5555 1607 5619 antidoto.
1631 5553 1877 5618 subtilissimum
1893 5553 1948 5612 boc
1963 5552 2117 5636 humanae

573 5649 739 5712 habilitatis
760 5649 855 5727 gradu
879 5650 1037 5729 relinquit.

362 5763 554 5826 omnibusqu-
613 5745 632 5818 ἓ
656 5743 702 5804 l8.
726 5761 767 5806 ιι.
786 5745 848 5806 lloc
864 5759 987 5823 quoque
1002 5745 1169 5822 diligenter
1183 5745 1317 5807 animad-

341 5816 553 5873 ⁵⁹³⁰⁸⁸³⁰⁸¹¹¹¹¹¹¹
574 5837 763 5901 vertendum
785 5854 968 5916 monemus,
992 5837 1071 5902 haud
1097 5845 1218 5901 rectum
1240 5838 1319 5900 iudi·

341 5870 552 5916 esenmsmmm

341 5882 432 5973 tigill-
574 5932 656 5996 cium
677 5931 715 5994 de
743 5921 817 5995 vero
838 5933 972 5996 auctoris
1002 5949 1095 5996 sensu
1122 5932 1190 5995 fieri
1218 5949 1317 6012 posse,

1345 5680 1347 5737 l

1372 5652 1506 5713 malitiae
1536 5651 1702 5712 inventum
1733 5663 1766 5708 ac
1788 5662 1905 5708 novum
1930 5643 2117 5706 seductionis
2220 5679 2228 5688 -

1373 5759 1558 5822 genusque
1573 5740 1762 5820 simplicium
1778 5747 1899 5801 mentes
1914 5737 2002 5800 facile
2017 5737 2117 5815 impli-
2217 5791 2220 5798 .

1374 5843 1493 5912 cantur,
1523 5851 1615 5914 quam
1637 5833 1876 5912 diligentissime
1896 5831 2049 5894 reviseres
2067 5832 2119 5894 ad-

1373 5937 1510 6007 vertant,
1526 5947 1559 5991 ac
1572 5944 1722 5991 censurae
1735 5926 1916 6004 sublimant,
1939 5932 1975 5989 ut
1995 5924 2046 5988 rel
2060 5925 2118 5988 bu·
