4708 6978
867 561 1065 614 nnutotarns
1087 562 1151 612 ιιι.
1705 546 1763 612 327
1814 546 1868 600 An.
1882 549 1913 602 c.
1935 549 2004 601 1747

234 694 320 749 runt.
344 687 487 749 infideles
502 686 608 766 aliqui,
625 702 696 750 eum
712 687 771 750 hoc
790 687 848 750 sibi
870 687 903 750 in
918 687 983 750 ani·
1037 684 1086 748 lus
1107 686 1144 749 de
1171 685 1364 765 apostaticis
1393 683 1600 750 Missionibus
1633 685 1724 748 titul.
1747 685 1782 761 6,

233 795 321 842 mum
344 780 552 856 induxissent,
566 769 706 860 baptisihi
730 781 826 858 gratia
849 781 981 845 infantes
1038 785 1159 858 quaest.
1186 781 1261 852 113,
1285 795 1374 843 nura.
1387 785 1419 844 8.
1444 781 1521 842 ilinc
1543 795 1617 844 vero
1638 779 1668 842 id
1682 781 1784 859 sequi·

232 890 303 937 suos
332 891 347 936 a
373 876 506 952 morbis,
535 874 787 982 daemonumque
812 877 983 939 vexationi·
1038 883 1101 951 tur,
1124 878 1205 955 quod
1227 878 1252 938 si
1274 876 1445 955 baptizatus
1466 876 1568 938 inians
1590 892 1653 940 nen
1675 877 1711 939 ad
1734 891 1784 953 pa-

234 968 288 1030 bus
319 967 521 1033 liberatum
514 969 567 1045 ni,
597 985 633 1032 eo
661 970 835 1034 dementiae
859 970 980 1032 adducti
1037 979 1143 1033 rentes
1166 971 1306 1034 infideles
1327 971 1454 1045 rediret,
1470 972 1521 1033 sed
1537 970 1783 1034 christianoeui-

231 1069 317 1137 sunt,
335 1069 370 1125 ut
394 1071 530 1126 mortem
552 1078 676 1143 qnoque
698 1061 834 1125 minitati
856 1063 918 1125 sint
933 1079 980 1126 ea·
1037 1065 1119 1143 piam
1140 1065 1400 1139 committeretur,
1424 1063 1449 1126 is
1474 1063 1620 1142 baptizari
1645 1063 1781 1139 deberet,

234 1155 358 1218 tholicis
387 1158 607 1233 sacerdotibus,
639 1159 705 1236 qui,
734 1165 842 1236 utpote
870 1175 980 1221 eorum
1037 1159 1156 1222 etiamsi
1179 1175 1243 1222 non
1266 1159 1476 1238 aparentibus
1498 1158 1620 1222 oblatus
1641 1167 1732 1234 esset,
1750 1169 1784 1223 ut

232 1263 345 1324 pravae
366 1249 481 1311 mentis
502 1249 628 1326 conscii,
649 1249 835 1327 baptismum
858 1265 980 1312 eorum-

230 1345 301 1407 dem
317 1345 423 1408 liberis
433 1346 682 1408 constantissime
697 1343 898 1422 denegabant.
917 1345 980 1408 Na-

230 1455 352 1500 uarrus
374 1440 410 1500 in
430 1455 489 1502 sua
518 1457 601 1502 cans.
626 1443 648 1502 5
676 1441 712 1504 dc
735 1441 787 1502 tit.
813 1441 909 1519 Bapt.
933 1457 979 1502 re·

229 1531 372 1610 spondit,
395 1549 506 1612 pueros
529 1535 590 1596 iem
616 1536 744 1598 rationis
769 1543 925 1614 compotes
947 1535 979 1597 in

229 1641 300 1687 casu
321 1627 501 1690 eiusmodia
517 1628 660 1706 baptismi
674 1628 813 1690 lontibus
827 1627 979 1708 repellen-

229 1719 296 1794 dos,
307 1719 442 1784 inianter
453 1737 527 1784 vero
539 1722 668 1786 omnino
683 1723 888 1784 admittendos
900 1738 976 1797 esse,

229 1813 283 1890 qui
306 1813 406 1876 adhuc
424 1813 551 1876 rationis
566 1822 709 1893 expertes
729 1815 803 1876 sint.
827 1814 887 1876 hin
903 1831 978 1876 vero

229 1921 393 1984 perperam
414 1908 567 1983 sentiunt,
584 1907 729 1969 omnibus
749 1907 886 1970 conferri
908 1907 979 1986 bap-

231 1997 359 2060 tismum
382 2013 480 2076 posse,
504 2015 587 2060 mors
610 2006 644 2062 ut
665 1999 812 2073 evitetur,
827 2001 901 2062 dum
915 2015 978 2060 ma·

230 2089 306 2152 teria
327 2081 519 2167 solum,non
535 2100 640 2153 autem
662 2091 760 2154 torma
782 2093 974 2155 adhibeatur.

227 2183 267 2245 Αι
290 2184 363 2246 huic
383 2184 557 2247 sententiae
579 2185 750 2262 refragatur
771 2187 977 2264 congregatio

228 2276 334 2340 Sancti
356 2277 453 2340 Officii
472 2295 573 2340 eoram
591 2279 740 2344 Pontifice
754 2281 854 2343 habita
870 2283 918 2343 die
932 2299 974 2343 vr.

227 2373 413 2450 septembris
444 2389 587 2436 unexxv.
621 2373 722 2438 Sacra
762 2375 976 2455 Conprepatio

234 2465 430 2529 llniaersalis
462 2468 686 2546 Inpraisitianis
720 2466 832 2531 babitu
870 2483 976 2531 aarum

228 2558 454 2633 sanctissima,
478 2561 591 2623 relatis
614 2561 720 2623 literis
743 2560 892 2638 Episcopi
914 2560 978 2624 An·

228 2650 416 2726 tibarensis,
440 2655 475 2716 in
497 2653 612 2733 quibus
633 2654 838 2733 supplicabat
858 2671 915 2732 pro
931 2673 978 2716 re-

226 2745 389 2808 solutione
409 2747 620 2827 infrascripti
635 2745 746 2809 dubii.-
762 2747 812 2810 An
833 2764 905 2809 curn
922 2747 979 2810 Sa-

227 2841 369 2902 cerdotes
392 2845 554 2920 coguntur
575 2859 595 2902 a
615 2838 740 2913 Tarsis,
757 2845 796 2904 ut
811 2837 977 2918 baptizent

227 2949 336 2996 aarum
357 2933 454 3013 filias,
467 2951 531 2995 non
553 2940 591 2996 ut
613 2933 809 2997 christianes
824 2935 975 3015 efficiant,

226 3026 280 3088 sed
301 3043 360 3105 pro
382 3026 543 3106 corporali
562 3028 680 3099 salute,
703 3033 742 3090 ut
764 3027 977 3091 liberenturu

227 3121 359 3201 faetore,
374 3121 533 3185 comitiali
547 3119 663 3194 acerbe,
682 3121 912 3202 maleficiorum
927 3136 977 3199 pe·

227 3213 346 3288 rieule,
369 3220 400 3276 et
422 3215 532 3293 Lapis,
548 3232 592 3278 an
613 3217 649 3276 ia
672 3214 734 3278 tali
755 3231 833 3278 casu
853 3215 977 3293 possint

226 3307 341 3370 saltem
361 3309 434 3388 ficte
455 3325 503 3370 eas
529 3307 710 3401 baptizare,
733 3306 882 3370 adbibita
905 3306 977 3385 bap·

228 3401 318 3463 tiarati
332 3402 474 3464 materia
488 3401 558 3464 sine
573 3402 680 3465 debita
691 3404 817 3483 fornia?
839 3401 975 3481 Respon-

227 3493 276 3557 dit
298 3496 462 3576 nepatiue,
485 3495 561 3574 quia
594 3493 771 3574 baptismus
799 3499 845 3556 est
873 3496 975 3558 ianua

228 3587 525 3662 sacramentorum,
549 3607 587 3651 ac
607 3590 797 3667 protestatio
818 3587 903 3668 fidei,
921 3606 975 3650 nec

226 3680 293 3742 ulla
316 3683 406 3744 noda
425 3683 507 3764 papi
526 3687 641 3761 potest.
666 3684 727 3746 Hoc
748 3684 907 3746 decretum
930 3691 975 3761 ty·

226 3775 272 3852 pis
293 3774 413 3838 editum
435 3784 518 3838 extat
539 3777 573 3840 in
602 3775 767 3840 verriculo
795 3777 832 3838 ele
852 3781 974 3854 apesto-

227 3865 299 3930 licis
321 3867 528 3932 missionibus
558 3869 611 3932 tit.
634 3871 657 3930 5
685 3867 831 3932 adverb.
856 3867 976 3947 baptis·

225 3977 309 4032 mus,
326 3967 449 4041 quaest.
465 3962 541 4024 219.
560 3963 667 4042 Neque
682 3965 740 4026 hoc
755 3963 821 4026 loeo
839 3971 974 4041 praeter·

225 4055 418 4118 mittendam
451 4066 507 4130 est,
542 4057 723 4135 vigesimam
751 4073 866 4120 nonam
892 4057 974 4120 inter

226 4150 452 4228 propositiones
472 4152 510 4213 ab
532 4152 714 4214 innocentio
735 4151 786 4214 xi.
817 4152 974 4214 damnatas

227 4243 275 4304 die
297 4259 333 4304 n.
358 4244 460 4305 martii
483 4259 660 4306 uneuxxrx.
688 4260 753 4306 esse
776 4243 970 4306 huiusmodi:

232 4337 350 4417 llrpens
367 4341 470 4400 metus
492 4338 601 4417 pravis
623 4342 670 4399 eat
691 4337 781 4400 iusta
803 4355 902 4400 causa
923 4354 974 4398 sa-

228 4439 467 4496 cramentorum
509 4434 829 4498 administrationem
867 4435 974 4496 sirau-

229 4527 330 4591 tandi.

203 4622 357 4698 -522
382 4623 414 4686 Si
436 4629 540 4686 umen
562 4623 671 4685 mortis
692 4622 859 4686 discrimen
882 4621 970 4697 absit,

151 4752 210 4796 p.
205 4715 371 4777 omnibus
392 4715 466 4777 haec
481 4715 585 4794 opinio
607 4715 752 4788 insedisse
773 4716 910 4790 videtur,
923 4714 973 4778 ba·

1036 1254 1203 1317 catholicus
1224 1253 1379 1328 evaderet,
1394 1269 1504 1316 verum
1520 1263 1555 1316 ut
1568 1253 1605 1315 ab
1616 1254 1785 1331 aegritudi-

1037 1363 1077 1408 ne
1094 1363 1128 1410 ιι
1145 1347 1253 1408 morbo
1270 1347 1372 1426 aliquo
1384 1355 1572 1409 servaretur.
1587 1349 1750 1426 Αρροιιιι
1743 1356 1784 1410 na

1036 1439 1192 1504 concludit
1213 1439 1343 1501 hzorins
1358 1440 1505 1502 institut.
1522 1439 1651 1514 morai„
1667 1456 1737 1519 par.
1750 1443 1782 1513 1,

1037 1530 1091 1595 lib.
1115 1535 1146 1607 8,
1172 1551 1197 1594 e.
1220 1535 1277 1606 25,
1301 1540 1422 1612 quaest.
1446 1535 1485 1597 6.·
1511 1534 1561 1596 lia
1583 1550 1642 1612 pua
1664 1535 1783 1612 perspi-

1036 1644 1134 1689 cuurn
1157 1632 1214 1699 est,
1238 1628 1394 1690 eiusnodi
1416 1630 1560 1707 infantes
1579 1627 1652 1689 iure
1667 1627 1783 1690 donari

1035 1727 1065 1782 ιι
1087 1719 1179 1782 ablui
1200 1719 1357 1798 baptisma
1371 1737 1468 1799 posse,
1485 1721 1606 1799 quotics
1622 1719 1782 1782 commoda

1036 1813 1158 1876 occasio
1180 1811 1335 1876 obtuterit
1355 1832 1375 1876 a
1396 1813 1504 1891 patria
1521 1831 1570 1876 eas
1592 1814 1665 1876 iure
1685 1819 1715 1875 ιι
1730 1827 1784 1892 po-

1037 1911 1153 1969 testate
1175 1905 1346 1970 liberandi.

1075 2002 1093 2076 §
1114 2001 1163 2063 23.
1187 2000 1300 2077 Negari
1321 2001 1458 2079 prolecto
1474 2002 1583 2082 nequit
1599 2017 1693 2078 grave
1714 2017 1782 2082 per·

1036 2093 1186 2156 versionis
1217 2093 1392 2173 periculum
1419 2095 1461 2157 in·
1478 2095 1535 2158 hac
1566 2096 1692 2157 materia
1714 2111 1782 2157 rem

1035 2204 1102 2250 esse
1123 2188 1251 2249 maximi
1278 2189 1441 2252 momenti.
1471 2189 1638 2268 Episcopus
1661 2189 1782 2264 Quebea

1034 2279 1783 2361 aliassignificavit,barbarorumaliquotetiam·

1034 2375 1059 2434 si
1082 2374 1266 2436 christianae
1293 2373 1421 2436 militiae
1449 2375 1632 2453 adscriptos,
1657 2374 1781 2437 nullum

1034 2466 1196 2544 religionis
1211 2467 1366 2544 specimen
1382 2466 1545 2544 exhibere;
1558 2468 1616 2530 hoc
1630 2467 1715 2529 enim
1730 2467 1782 2528 ha·

1035 2560 1109 2622 bent
1132 2561 1162 2621 in
1185 2575 1272 2621 more
1295 2560 1442 2640 positum,
1466 2561 1626 2622 utstatim
1647 2577 1680 2622 ac
1700 2561 1781 2623 lilius

1035 2653 1184 2728 nascitur,
1201 2669 1273 2714 earn
1292 2653 1466 2715 christianis
1481 2653 1610 2716 oderant
1625 2655 1781 2732 baptizan-

1035 2747 1121 2822 dum,
1145 2747 1170 2806 is
1192 2762 1265 2808 vero
1288 2747 1339 2809 ubi
1362 2746 1711 2825 adolevit,areligionis
1726 2765 1781 2810 nu-

1033 2847 1112 2900 strae
1134 2840 1338 2903 sanctimonia
1360 2840 1517 2916 abhorret,
1536 2851 1703 2919 parentum
1724 2843 1781 2904 sei-

1035 2931 1105 2995 licet
1117 2933 1260 3012 exemplo
1271 2935 1408 2996 edoctus.
1420 2934 1521 3009 Quare
1532 2950 1596 2997 non
1611 2935 1678 2998 sine
1691 2952 1779 2998 causa

1033 3025 1206 3104 praedictus
1228 3027 1394 3106 Episcopus
1416 3027 1592 3106 postulavit,
1610 3029 1647 3090 iis
1668 3046 1709 3092 ne
1731 3031 1778 3092 in-

1033 3118 1404 3182 lantibussacramentum
1416 3130 1495 3182 esset
1506 3120 1695 3199 baptismatis
1705 3139 1780 3186 con·

1033 3212 1216 3275 terendumt
1238 3213 1314 3276 liuie
1329 3213 1472 3292 petitioni
1487 3215 1653 3291 diligenter
1664 3231 1777 3294 expen-

1032 3306 1135 3367 suein
1159 3307 1407 3384 congregatione
1430 3307 1533 3370 Sancti
1559 3307 1655 3371 Officii
1676 3309 1778 3372 habita

1033 3399 1081 3460 die
1102 3416 1150 3461 ιιι.
1174 3401 1246 3462 maii
1261 3415 1398 3462 nocent.
1423 3417 1605 3481 responsum
1621 3401 1690 3480 luit,
1707 3403 1779 3482 bap-

1034 3493 1162 3554 tismum
1175 3493 1317 3556 conterre
1339 3495 1510 3557 infantibus
1524 3511 1588 3557 uon
1603 3495 1708 3572 licere,
1724 3499 1778 3576 qui

1033 3585 1087 3647 filii
1111 3586 1285 3650 infidelium
1306 3596 1422 3663 essent,
1445 3597 1538 3667 atque
1553 3589 1585 3652 in
1601 3605 1711 3653 eorum
1727 3607 1777 3669 po·

1034 3686 1143 3742 testate
1165 3681 1314 3743 mansuri.
1338 3680 1401 3743 Hoc
1423 3690 1527 3743 tamen
1543 3683 1704 3745 decretum
1726 3699 1777 3746 eos

1032 3775 1151 3852 excepit
1173 3789 1297 3850 pueros,
1313 3775 1367 3853 qui
1383 3775 1563 3852 gravissime
1584 3785 1776 3853 aegrotantes

1032 3867 1093 3928 vita
1110 3867 1374 3944 periclitarentur:
1393 3869 1463 3932 Nan
1475 3867 1580 3940 licere,
1593 3870 1699 3931 sisint
1713 3869 1777 3950 filii

1032 3958 1219 4038 irafideliuaa,
1243 3965 1274 4022 at
1297 3961 1331 4021 ia
1359 3966 1516 4040 potestate
1544 3979 1653 4025 earum
1679 3962 1777 4025 relin-

1031 4053 1167 4130 queaat,·
1187 4053 1307 4116 seclusa
1331 4061 1435 4118 taaaea
1451 4055 1565 4118 martis
1577 4056 1776 4120 innuiuentis

1031 4146 1184 4223 periculo.
1208 4147 1316 4210 Licere
1327 4156 1442 4224 autem,
1458 4149 1484 4210 si
1500 4149 1556 4211 tilii
1568 4149 1693 4228 quidem
1709 4150 1776 4212 bar-

1031 4240 1176 4303 barorum
1207 4241 1287 4316 sint,
1315 4243 1367 4305 sed
1389 4243 1451 4304 iam
1481 4242 1595 4305 Christi
1626 4243 1773 4320 militum,

1030 4335 1106 4397 dum
1129 4343 1245 4411 tamen,
1260 4343 1314 4398 aut
1335 4353 1351 4396 a
1366 4336 1440 4398 viris
1454 4338 1627 4416 apostolicis
1649 4337 1711 4400 illic
1725 4340 1775 4401 de-

1030 4428 1187 4503 gentibus,
1206 4437 1260 4492 aut
1280 4429 1318 4491 ab
1340 4430 1413 4507 ipsis
1433 4430 1625 4508 parentibus,
1641 4431 1679 4493 de
1700 4431 1774 4495 San·

1030 4529 1093 4584 ctae
1116 4521 1284 4599 Religionis
1304 4524 1474 4602 praeceptis
1487 4541 1521 4586 ae
1535 4525 1691 4603 mysteriis
1705 4525 1774 4589 edo-

1029 4621 1170 4690 ceantur,
1192 4631 1264 4677 cum
1285 4615 1488 4678 adoleverint:
1513 4618 1619 4679 Licere
1639 4634 1723 4691 aare,
1745 4620 1775 4681 si

1029 4707 1096 4770 sint
1116 4708 1178 4787 filii
1201 4706 1412 4772 barbararum
1441 4707 1698 4787 baptizatorum·
1720 4730 1776 4776 cu-

95 4803 191 4849 i
206 4810 378 4888 ptismum
399 4807 541 4872 conterre
556 4807 640 4872 netas
661 4825 739 4886 esse,
755 4826 826 4872 cum
838 4809 971 4873 dubitari
1030 4801 1169 4863 ιιιιιιι
1193 4808 1299 4864 lamed
1319 4817 1375 4880 per
1397 4803 1637 4877 Missieuarios,
1661 4823 1698 4868 ιι
1719 4822 1774 4884 ιιι

227 4903 398 4980 prudenter
419 4903 524 4982 possit,
547 4903 576 4965 id
599 4901 760 4978 laturum,
783 4910 818 4966 ut
839 4903 972 4982 baptiza·
1030 4893 1178 4972 ipsosmet
1199 4911 1307 4957 ιιιιιι
1329 4903 1489 4974 periples,
1502 4904 1552 4970 tlt,
1569 4915 1641 4960 ιιιι
1655 4900 1697 4963 aa
1717 4917 1773 4962 au-

228 5003 275 5058 tus
297 5003 397 5059 tractu
429 4997 576 5075 temporis
602 5013 618 5057 a
644 4996 792 5059 catholica
820 4996 972 5073 religione
1030 5003 1084 5049 ιιι
1106 4988 1311 5050 discretionis
1331 4993 1548 5069 ιιιιιιιιιίιιι
1570 5010 1644 5055 ιιι
1665 4995 1711 5056 ιιι
1733 4992 1774 5057 ab

226 5087 386 5166 desciscat3
408 5092 489 5168 quod
518 5091 646 5169 quidem
667 5090 856 5169 experientia
883 5089 971 5151 docet
1029 5081 1105 5144 aliis
1127 5082 1353 5158 instruantur,
1366 5085 1557 5162 praesertim
1579 5087 1614 5148 iu
1637 5086 1705 5148 illis
1727 5105 1774 5148 re-

227 5182 410 5262 pleramque
425 5184 461 5244 iis
485 5183 653 5250 infantibus
668 5184 807 5258 evenire,
824 5184 877 5262 qui
891 5201 907 5244 a
922 5199 972 5262 pa·
1029 5174 1188 5256 uitalibus,
1200 5178 1229 5238 ιι
1244 5193 1307 5238 non
1328 5179 1558 5255 praevideatur
1573 5179 1609 5242 in
1622 5188 1773 5259 promptu

227 5276 366 5340 rentibus
387 5276 566 5340 infidelibus
594 5277 697 5348 oblati,
722 5286 757 5340 ut
777 5278 815 5338 ab
839 5278 972 5339 infirmi·
1028 5269 1204 5351 adfuturos
1227 5272 1394 5335 Ministros
1418 5273 1636 5354 evangelicoe,
1660 5278 1714 5353 ιιι
1737 5277 1772 5338 iu

226 5369 399 5448 tatealiqua
414 5370 563 5448 baptismo
579 5370 763 5447 liberentur,
777 5379 881 5450 postea
896 5387 971 5434 vero
1029 5363 1085 5425 boc
1104 5369 1278 5441 parentum
1300 5365 1455 5428 eontnode
1481 5368 1627 5445 supplere
1647 5371 1771 5447 possint

228 5462 257 5524 in
278 5479 389 5525 eorum
421 5465 638 5528 educationem
659 5481 692 5527 ac
720 5472 901 5545 potestatem
923 5481 970 5528 pe·
1028 5456 1197 5538 desidium.
1222 5460 1255 5521 in
1278 5459 1385 5522 Silvia
1406 5460 1581 5524 audivimus
1602 5477 1772 5542 paupercu-

227 5564 403 5620 vertuntur.
431 5557 493 5620 Hoc
514 5559 595 5621 idem
622 5559 799 5638 comprobat
825 5559 970 5636 suffragio
1028 5549 1070 5612 las
1091 5567 1158 5614 esse
1185 5553 1365 5614 christianas
1394 5555 1542 5617 mulieres
1570 5556 1671 5621 invito
1698 5573 1769 5621 cum

227 5665 280 5711 suc
302 5651 426 5714 castrus
456 5650 564 5714 Palaus
594 5657 667 5713 ram.
690 5653 714 5713 4
741 5667 874 5714 auorum
903 5669 970 5730 ope.
1027 5645 1134 5708 Tuscis
1156 5646 1346 5709 matrimonii
1369 5647 1495 5711 vinculo
1516 5649 1773 5731 copulatas,quae

227 5759 299 5804 rum
321 5744 509 5820 Moralium,
534 5751 631 5808 traca.
656 5747 709 5824 19,
733 5749 852 5827 pisper.
877 5747 968 5810 unic,
1026 5755 1097 5802 cum
1119 5739 1218 5801 hlium
1241 5741 1376 5818 pariunt,
1399 5756 1473 5804 eum
1500 5745 1708 5808 sacerdotibus
1728 5745 1771 5806 oi·

227 5844 335 5916 punct.
359 5839 393 5914 6,
417 5856 506 5902 num.
532 5842 585 5914 11,
616 5840 788 5906 cardinalis
808 5842 908 5906 Albini
934 5843 970 5906 ιιι
1026 5835 1107 5898 serre
1127 5835 1239 5909 solent,
1262 5841 1297 5898 ut
1319 5836 1501 5914 baptizetur.
1532 5836 1646 5900 Idcirco
1668 5847 1771 5918 pastu·

226 5933 361 5998 inconst.
385 5933 420 5999 ia
440 5934 507 6016 fiat,
523 5955 549 6000 ι.
566 5937 621 6013 33,
638 5953 727 6000 num.
743 5936 799 6012 47,
816 5935 970 6002 llerricel-
1027 5932 1124 5996 latum
1145 5934 1216 6015 tuit,
1232 5936 1286 6018 qui
1306 5936 1437 5998 debeant
1459 5938 1492 6002 in
1506 5952 1577 6022 casu
1591 5935 1769 6028 huiusmodi
