4744 6976
882 553 1079 604 assensurus
1102 559 1165 603 xrv.
1719 541 1776 606 333
1827 533 2016 594 An.c.-1745

289 673 454 734 atstroadi
485 673 729 736 Sacramentum
758 672 992 747 Pocattcatiac,
1020 675 1023 749 1
1050 692 1083 737 33
1104 675 1199 739 breve
1219 677 1421 756 apostolicum
1437 678 1569 758 desuper
1582 685 1795 760 opportunum

292 783 330 828 ac
351 767 994 848 3333333311333333333313311113133331
1051 771 1198 849 expediri.
1222 773 1332 839 natum
1355 789 1392 835 ex
1414 773 1539 836 aedibus
1553 772 1651 836 dictae
1667 771 1796 836 Sanctae

291 862 475 924 animarum
499 877 612 923 curum
631 862 833 939 pertinentes·
850 863 904 942 (l).
1021 900 1022 949 1
1052 863 1309 940 congregationis
1339 866 1389 929 die
1416 881 1531 928 xxvrrr.
1554 866 1690 944 augusti,
1713 881 1795 927 anno

1021 959 1022 1010 3
1051 977 1112 1039 quo
1132 977 1234 1040 snpra.
1253 997 1287 1006 -
1304 961 1444 1024 Nicolaus
1463 961 1645 1024 bercharius
1660 957 1795 1022 Secreta·

1021 1115 1022 1120 ,
1050 1054 1125 1116 3133.
1142 1087 1179 1102 -
1195 1054 1424 1135 Loco†Sigilli.

1021 1131 1022 1200 ἶ
1092 1149 1170 1212 Cum
1184 1158 1300 1225 autern,
1313 1152 1392 1214 sicut
1408 1151 1520 1214 11133311
1533 1149 1698 1229 apostolici
1709 1162 1794 1228 prae·
1814 1218 1859 1252 can
1865 1155 2026 1256 [11133313ιὲοὲ

1021 1241 1022 1258 ²
1050 1241 1122 1305 dicti
1145 1243 1234 1306 nobis
1255 1260 1356 1323 nuper
1371 1246 1486 1326 exponi
1502 1245 1656 1321 lecerunt,
1672 1243 1728 1322 ipsi
1743 1244 1796 1305 de·
1813 1263 1881 1307 creti.

1050 1345 1171 1398 cretum
1203 1339 1391 1414 huiusmodi,
1415 1355 1476 1418 quo
1498 1340 1619 1401 firmius
1650 1337 1794 1400 subsistat

1051 1439 1081 1494 et
1101 1439 1244 1498 servetur
1264 1434 1411 1509 exactius,
1434 1432 1616 1511 apostolicae
1632 1432 1794 1494 confirma·

369 1045 497 1115 vicariis
520 1047 705 1132 ltpostolioia
732 1047 872 1132 angliae,

419 1195 663 1265 attentatus
679 1196 739 1265 ΡΡ.
754 1196 825 1265 illl.

388 1333 854 1400 mmmmmmm

34 1609 35 1616 ἵ
80 1523 232 1630 tasfi'itr‘ss'l'riiss
289 1525 454 1587 Emanarit
476 1541 612 1604 nupera
635 1525 885 1601 congregatione
903 1538 995 1586 vene·

34 1619 35 1666 l
125 1632 231 1688 aposton-
250 1618 392 1680 rabilium
414 1618 544 1680 fratrum
567 1627 748 1680 nostrorum
771 1617 800 1682 S.
818 1619 852 1679 R.
870 1618 903 1678 Ε.
922 1617 993 1680 Gar—

34 1675 36 1716 !
76 1695 130 1790 {315}
145 1696 231 1794 1ζῇξῖ
248 1711 400 1773 dinatium
421 1711 555 1788 negotiis
576 1711 791 1789 Propagandae
809 1711 893 1772 Fidei
908 1725 993 1788 prae-

75 1813 98 1843 3
248 1803 431 1878 positorum,
461 1805 492 1866 in
524 1820 612 1866 cansa
644 1804 726 1866 inter
759 1804 884 1866 dilectos
916 1804 993 1866 srlios

1052 1527 1143 1588 tionis
1164 1533 1287 1588 nostrae
1312 1527 1481 1606 patrocinio
1501 1525 1690 1589 communiri
1711 1539 1794 1586 sum·

1051 1633 1176 1697 mopere
1197 1621 1383 1694 desiderent,
1407 1634 1462 1682 nos
1476 1620 1640 1698 specialem
1657 1618 1728 1696 ipsis
1743 1634 1796 1680 33-

1051 1712 1237 1790 ponentibus
1258 1715 1389 1789 gratiam
1410 1713 1509 1774 facere
1530 1712 1796 1787 331331333133-

1050 1823 1122 1868 rum
1151 1806 1323 1882 singulares
1352 1821 1496 1884 personas
1524 1805 1794 1885 333133331333-

248 1895 383 1958 Vicarios
405 1897 593 1976 apostolicos
614 1896 703 1973 regni
726 1897 853 1972 angliae
875 1912 913 1956 er
932 1913 994 1959 nna
1020 1886 1023 1935 1

248 1997 279 2050 et
301 1989 428 2051 dilectos
449 1990 543 2051 etiam
566 1989 646 2052 filios
661 1989 770 2051 iratres
786 1989 1000 2051 missionesios'

247 2083 369 2146 Ordinis
400 2082 556 2145 Minorum
589 2081 620 2145 S.
644 2083 797 2145 francisci
819 2081 857 2143 de
888 2081 994 2145 Obser-

249 2175 352 2236 vantia
372 2175 616 2236 Recollettorum
633 2182 883 2252 nuncupatorum
900 2174 993 2235 3331-

249 2277 313 2329 tera
330 2276 427 2346 parte,
443 2285 536 2346 super
550 2268 745 2331 facultatibus
760 2268 992 2330 administrandi

248 2361 456 2435 Sacramenta,
480 2369 605 2422 vertens
627 2363 784 2423 decretum
810 2361 927 2423 tenoris
947 2377 993 2424 se·

1049 1899 1347 1973 communicationis,
1359 1900 1570 1978 suspensionis
1581 1905 1612 1960 31
1624 1897 1793 1971 interdicti,

1050 1990 1177 2070 aliisque
1196 1992 1405 2055 ecclesiasticis
1419 1993 1594 2067 sententiis,
1610 1991 1749 2054 censuris
1764 1997 1795 2051 et

1050 2084 1167 2162 poenis,
1191 2101 1206 2144 3
1228 2085 1294 2146 1333
1317 2086 1366 2147 331
1388 2084 1425 2147 31)
1446 2085 1573 2148 bomine
1590 2085 1697 2164 quavis
1711 2098 1794 2146 occa-

1049 2177 1137 2239 sione
1158 2177 1209 2239 vel
1229 2195 1315 2240 causa
1343 2177 1424 2252 latis,
1447 2179 1472 2240 si
1493 2179 1606 2257 quibus
1627 2175 1796 2256 quomodo-

1050 2269 1124 2331 libet
1145 2270 1285 2332 innodati
1311 2272 1462 2346 existunt,
1485 2273 1521 2334 ad
1543 2271 1687 2333 ellectum
1708 2285 1795 2348 prae·

1048 2363 1185 2425 sentium
1217 2370 1338 2425 tantum
1375 2366 1647 2443 consequendum,
1684 2363 1795 2425 harum

82 2462 227 2509 3333353.
248 2455 388 2532 quentis,
411 2454 607 2516 videlicet-
624 2455 787 2516 Decretum
808 2451 838 2515 S.
858 2456 993 2530 Congre-

1101 2457 1106 2467 '
1668 2431 1679 2462 0

76 2516 230 2626 glffiqffassqg
248 2546 380 2622 gationis
401 2546 554 2622 generalis
576 2548 614 2609 de
632 2545 830 2624 propaganda
852 2547 926 2608 Fide
943 2546 993 2606 ha.
1049 2471 1128 2518 serre
1149 2456 1343 2519 absolventes
1363 2465 1394 2520 et
1416 2457 1568 2521 absolutas
1587 2457 1795 2520 1333333333-

1049 2557 1106 2624 tes,
1129 2551 1405 2628 supplicationibus
1426 2566 1536 2614 eorum
1558 2551 1687 2613 nomine
1701 2563 1795 2627 super

77 2633 230 2720 1g{„¹13,‘,{,?,{⁰,!}}
250 2639 329 2700 bitae
349 2639 398 2701 die
419 2655 485 2701 331.
509 2640 631 2716 augusti
647 2655 805 2702 3333333.
827 2638 993 2701 1131333313
1050 2643 1107 2704 boc
1126 2643 1289 2705 humiliter
1305 2644 1453 2722 porrectis
1468 2627 1617 2718 incli'nati,
1635 2645 1794 2706 decretum

77 2730 230 2826 ,3511151011-
248 2731 326 2792 113133
346 2739 378 2792 31
398 2732 517 2796 berno
549 2733 674 2794 domino
708 2731 866 2796 Cardinale
897 2732 993 2794 Lante
1018 2780 1021 2849 1
1049 2737 1288 2814 praeinsertum,
1311 2753 1345 2799 ac
1366 2737 1468 2799 omnia
1501 2745 1531 2800 et
1551 2736 1673 2814 singula
1703 2737 1736 2798 in
1757 2752 1794 2798 eo

34 4503 35 4532 3
86 4518 227 4566 133313133ῑὶ-

34 4599 35 4602 =
77 4569 225 4630 inutilitatis.

246 2828 493 2890 controversiam
507 2833 608 2888 ortam
624 2825 706 2887 inter
720 2825 854 2886 vicarios
866 2825 993 2904 Apusto·
1018 2854 1020 2880 2

246 2920 319 2981 ticos
339 2921 431 2997 regni
454 2920 585 2996 angliae
600 2927 632 2981 31
646 2919 856 2981 missionarios
871 2917 993 2982 Ordinis
1018 2943 1020 3000 3

245 3011 399 3076 lilinorum
417 3012 671 3088 Recollettorum,
688 3028 781 3089 super
796 3011 992 3074 facultatibus
1018 3051 1020 3078 ,

244 3107 478 3169 administrandi
508 3105 717 3182 Sacramenta,
741 3104 829 3168 Sacra
857 3107 991 3182 1133333-
1018 3081 1020 3126 '

245 3201 327 3278 gatio
348 3200 487 3262 decrerit
508 3209 543 3262 ut
566 3199 657 3276 infra,
674 3201 837 3262 videlicet:
861 3199 992 3276 Regula·

245 3311 293 3356 res
315 3295 524 3356 missionarios
546 3295 687 3370 angliae,
711 3294 993 3358 33133313313103-
1018 3284 1019 3375 1

243 3388 336 3464 dinis,
359 3391 452 3452 etiam
474 3386 991 3464 83313131131333,1333313333133
1017 3389 1019 3462 j

244 3483 275 3544 in
307 3490 468 3560 posterum
502 3483 642 3561 recipere
672 3482 831 3546 facultates
861 3469 1019 3545 admini-

243 3576 360 3638 strandi
372 3574 606 3638 Sacramentum
620 3577 843 3650 Paenitentiae,
856 3593 889 3638 ac
904 3592 990 3638 exer·
1017 3572 1019 3633 ἐ

243 3669 332 3732 333311
354 3685 566 3749 quascumque
588 3667 746 3732 facultates
766 3679 1019 3754 concernentes

243 3779 349 3827 curam
370 3763 558 3836 animarum,
582 3777 597 3821 3
618 3760 748 3823 11333113
762 3761 943 3840 apostolicis
959 3763 990 3824 in

244 3857 307 3918 suis
328 3857 500 3934 respective
526 3854 732 3930 districtibus3
760 3855 883 3918 eosdem
905 3855 992 3920 Vica·
1017 3852 1019 3865 '

244 3950 305 4010 rios
327 3965 413 4027 posse
436 3948 503 4010 11133
524 3949 661 4010 examini
682 3948 848 4022 subiicere,
864 3957 894 4010 31
916 3949 993 4026 legi-

245 4043 329 4104 timis
349 4043 448 4104 causis
463 4043 496 4103 in
513 4050 576 4105 toto
592 4041 642 4104 331
656 4045 688 4103 13
703 4050 789 4120 parte
803 4045 991 4121 suspendere
1017 4051 1019 4058 ’

190 4131 194 4138 '
244 4138 281 4199 ab
302 4135 449 4198 exercitio
471 4137 623 4197 dictarum
641 4135 840 4212 facultatum
857 4155 915 4199 333
929 4153 992 4199 333

244 4231 339 4293 etiarn
356 4230 513 4306 corrigere
526 4245 619 4306 super
633 4230 783 4304 moribus,
800 4239 892 4310 atque
907 4247 992 4310 prae·

244 4327 347 4402 cipere
369 4339 408 4385 33
429 4323 543 4402 absque
568 4337 677 4384 eorum
704 4324 827 4386 licentia
849 4325 991 4386 deserant
1018 4364 1019 4412 3

244 4417 410 4480 catholicos
430 4417 526 4478 semel
542 4417 681 4494 ipsorum
695 4431 785 4479 curae
800 4419 989 4493 commissos,

243 4519 336 4589 atque
347 4511 412 4573 loca
426 4511 579 4586 assignata
591 4513 906 4590 praetergredientem
919 4529 990 4576 con·
1017 4498 1019 4538 ¹

243 4604 406 4667 stitutione
436 4619 460 4664 3.
492 4619 534 4664 m.
569 4604 684 4666 Urbani
715 4604 788 4667 illll.
823 4607 990 4685 incipiente

244 4697 403 4760 Ptaatata
418 4695 475 4777 (2),
488 4698 737 4776 quibuscumque
752 4700 922 4779 privilegiis
933 4701 990 4763 Re·
1016 4686 1018 4695 ’

245 4790 401 4866 gularium
422 4799 453 4852 31
472 4792 749 4856 consuetudinibus
764 4809 827 4855 non
843 4795 990 4856 obstanti·

244 4885 318 4959 bns;
342 4901 375 4946 ac
395 4896 461 4944 esse
481 4885 717 4962 supplicandum
744 4883 841 4950 SSriro
863 4903 918 4966 pro
940 4905 989 4968 ap-
1016 4914 1017 4951 r

243 4978 426 5055 probatione
447 4993 519 5040 cum
542 4980 627 5040 brevi
656 4981 836 5058 apostolico:
861 4989 892 5044 et
914 4983 989 5045 lacta
1016 4958 1017 5018 3

243 5068 280 5130 de
302 5071 348 5130 iris
370 5071 515 5133 omnibus
542 5087 596 5150 per
616 5088 667 5134 me
694 5073 923 5153 infrascriptum
945 5093 992 5138 33-
1015 5097 1017 5161 j

243 5165 411 5227 cretarium
422 5164 572 5228 relatione
585 5166 782 5229 sanctissimo
792 5168 923 5231 Domino
936 5186 989 5232 no·
1015 5226 1017 5248 ‚

244 5264 307 5318 stro
329 5258 362 5318 in
384 5257 541 5320 audientia
568 5259 671 5322 habita
700 5261 748 5324 die
770 5277 848 5323 333.
874 5264 989 5325 mensis

244 5351 395 5427 eiusdem,
425 5350 574 5415 Sanctitas
604 5351 665 5416 Soa
693 5356 827 5434 benigne
855 5356 990 5420 laudavit

246 5451 276 5506 et
297 5446 491 5524 approbavit,
522 5449 742 5526 mandavitque
768 5450 805 5511 ab
831 5451 988 5526 omnibus,
1015 5443 1016 5467 ¹

244 5536 279 5598 ad
301 5554 378 5616 quos
399 5539 546 5618 pertinet,
576 5541 795 5605 inviolabiliter
821 5544 988 5622 observari,
1014 5538 1016 5586 t

285 5811 314 5869 111
330 5813 369 5857 Ex
389 5813 501 5870 append.
523 5813 556 5859 ad
576 5814 674 5862 Bullnr.
697 5815 789 5862 Pontii.
806 5820 829 5863 S.
846 5821 990 5876 congrega-

246 5880 325 5928 tionis
339 5880 371 5926 de
384 5881 556 5938 propaganda
569 5883 639 5940 Fide,
654 5885 716 5930 tom.
735 5887 775 5942 11,
789 5897 847 5944 pag.
864 5887 909 5932 111.
925 5889 988 5934 vide

247 5961 325 6008 snpra
338 5950 556 5998 constitutionem
573 5955 699 6004 Quamuts
712 5957 748 6000 ad
767 5959 989 6011 confirmandum

352 6079 401 6124 1313.
422 6077 489 6124 l'out.
506 6077 535 6124 de
553 6079 625 6142 t’rop.
643 6080 702 6126 ittae
718 6081 798 6129 Partis
813 6083 831 6128 1.
847 6081 898 6127 vol.
916 6085 956 6130 111.

1015 5594 1017 5608 .
1044 5563 1126 5624 rum,
1143 5554 1252 5611 tenore
1269 5550 1491 5629 praesentium,
1507 5565 1563 5628 pro
1575 5550 1671 5629 'plene
1685 5557 1715 5612 31
1730 5550 1792 5613 suf·

1048 2837 1193 2892 contenta
1214 2838 1245 2893 et
1266 2847 1420 2909 expressa,
1436 2832 1617 2894 auctoritate
1631 2830 1793 2910 apostolica

1049 2929 1157 2984 tenore
1178 2925 1389 3002 praesentium
1411 2925 1615 3003 approbamus
1635 2931 1667 2986 et
1680 2924 1793 2986 contir-

1048 3031 1181 3093 mamus‚
1203 3017 1311 3097 illique
1334 3019 1518 3081 inviolabilis
1539 3019 1722 3098 apostolicae
1741 3018 1794 3078 fir·

1047 3111 1162 3176 mitatis
1184 3107 1279 3173 robur
1300 3112 1472 3188 adiicimus,
1495 3127 1667 3191 omnesque
1686 3119 1715 3174 et
1730 3112 1796 3199 sin·v

1046 3210 1136 3287 gulos
1158 3208 1234 3269 iuris
1256 3213 1287 3268 et
1301 3205 1372 3269 facti
1388 3205 1535 3283 deiectus,
1551 3211 1577 3270 si
1593 3209 1647 3286 qui
1662 3209 1793 3284 desuper

1046 3303 1278 3384 quomodolibet
1298 3305 1539 3378 intervenerint,
1560 3304 1750 3383 supplemus.

1087 3401 1305 3474 Decernentes,
1335 3399 1457 3461 easdem
1489 3403 1664 3478 praesentes
1691 3398 1792 3461 literas
1820 3411 2023 3460 transubstan-

1046 3509 1171 3571 semper
1203 3492 1324 3567 firmas,
1357 3491 1472 3553 validas
1504 3499 1534 3554 31
1565 3493 1699 3555 efficaces
1730 3494 1793 3555 eri·
1813 3467 1974 3514 ''mmm''

1046 3595 1128 3649 31333
1149 3593 1179 3647 31
1204 3585 1282 3660 1333,
1311 3600 1446 3664 suosque
1475 3586 1627 3664 plenarios
1655 3585 1792 3648 311313-

1047 3698 1118 3759 gros
1139 3681 1263 3744 eftectus
1291 3681 1396 3743 sortiri
1425 3690 1456 3744 et
1484 3681 1638 3755 obtinere,
1657 3677 1794 3759 ‘aliisque

1047 3777 1083 3838 ad
1104 3791 1180 3854 quos
1206 3782 1333 3853 spectat,
1357 3781 1388 3836 31
1409 3790 1463 3853 pro
1495 3781 1635 3852 tempore
1656 3775 1801 3852 quando-¹

1046 3884 1182 3948 cumque
1202 3869 1358 3947 spectabit,
1382 3869 1415 3929 13
1438 3869 1583 3930 ornnibus
1604 3875 1635 3929 et
1657 3883 1711 3948 per
1726 3884 1793 3932 om-

1046 3964 1097 4026 nia
1118 3963 1298 4042 plenissime
1318 3963 1490 4039 suflragari,
1512 3971 1543 4024 et
1564 3963 1601 4026 ab
1614 3963 1659 4024 eis
1674 3978 1792 4042 respec·

1048 4059 1111 4119 1133
1126 4057 1349 4120 inviolabiliter
1363 4057 1532 4134 observari;
1548 4057 1653 4136 sicque
1664 4057 1696 4119 in
1707 4073 1794 4136 prae-

1047 4151 1146 4213 missis
1167 4167 1222 4228 per
1243 4165 1456 4229 quoscumque
1483 4151 1600 4213 iudices
1622 4151 1793 4213 ordinarios

1046 4253 1076 4305 et
1098 4243 1264 4322 delegatos,
1288 4245 1380 4306 etiam
1402 4261 1564 4308 causarum
1592 4244 1694 4324 palatii
1722 4261 1791 4325 apo·

1045 4335 1145 4398 3131131
1177 4338 1347 4412 auditores,
1386 4337 1511 4400 iudicari
1540 4345 1570 4400 31
1592 4337 1714 4401 deliniri
1739 4339 1793 4400 da·

1046 4429 1130 4504 bere,
1153 4445 1186 4491 ac
1214 4430 1340 4492 irritum
1362 4437 1393 4493 31
1420 4430 1526 4506 13333,
1549 4432 1574 4493 31
1594 4449 1683 4494 secus
1701 4447 1793 4510 super

1047 4524 1093 4584 bis
1108 4541 1123 4584 3
1139 4539 1306 4602 quoquam,
1330 4525 1438 4603 quavis
1453 4525 1645 4602 auctoritate,
1662 4527 1793 4588 scienter

1045 4617 1095 4678 vel
1118 4619 1313 4694 ignoranter,
1340 4618 1505 4696 contigerit
1537 4619 1691 4681 attentari.
1723 4617 1792 4680 Non

1046 4711 1236 4774 obstantibus
1264 4712 1441 4791 praemissis
1462 4729 1496 4775 ac
1516 4713 1792 4776 constitutionibus

1046 4811 1076 4866 et
1097 4805 1343 4868 ordinationibus
1364 4805 1547 4883 apostolicis,
1570 4822 1614 4882 ac,
1638 4813 1792 4885 quatenus

1045 4911 1121 4975 opus
1142 4899 1192 4972 sit,
1209 4898 1280 4960 dicti
1297 4898 1476 4959 monasterii
1492 4899 1586 4960 etiam
1601 4899 1789 4975 iuramento,

1044 4991 1281 5053 confirmatione
1301 4990 1478 5068 apostolica,
1501 4991 1551 5053 vel
1573 4993 1681 5069 quavis
1696 4992 1792 5053 113311-

1045 5090 1107 5145 1313
1127 5082 1183 5144 3113
1215 5081 1364 5144 3311333113
1395 5083 1516 5145 31313113
1538 5091 1570 5144 31
1595 5085 1792 5148 consuetudi·

1045 5175 1147 5252 nibus,
1171 5176 1344 5254 privilegiis
1366 5192 1499 5258 quoqne,
1523 5176 1653 5240 indultis
1673 5185 1704 5240 31
1726 5178 1792 5240 lite·

1015 5303 1017 5349 g
1045 5272 1086 5332 ris
1107 5270 1279 5349 apostolicis
1295 5272 1327 5332 in
1343 5271 1532 5333 contrarium
1550 5273 1791 5350 praemissorum

1015 5375 1016 5432 ξ
1044 5364 1275 5442 quomodolibet
1296 5364 1458 5439 concessis,
1481 5365 1672 5428 confirmatis
1694 5371 1725 5426 et
1747 5365 1791 5427 in·

1015 5482 1016 5531 ;
1044 5456 1174 5516 novatis.
1198 5455 1314 5530 Quibus
1345 5455 1491 5518 omnibns
1513 5465 1544 5518 31
1570 5457 1702 5534 singulis
1724 5456 1791 5518 illo·
1831 5474 2022 5522 3333111333-

1811 5530 1960 5585 rogatorias.

1043 5821 1069 5866 31
1083 5821 1152 5867 13133
1166 5819 1382 5867 constitutionem
1397 5820 1490 5868 Leonis
1499 5824 1564 5868 x111.
1575 5825 1790 5888 Romanosyl'ou·

1044 5893 1193 6015 tmlctss'vide
1206 5959 1255 6006 vol.
1270 5961 1298 6015 1.,
1314 5969 1372 6017 pag.
1388 5961 1433 6005 tte.

1660 6087 1687 6132 30
