4798 6978
85 549 142 604 An.
157 552 187 603 C.
210 551 278 604 1756

942 568 1137 614 BENEDIGTUS
1160 569 1221 614 xlv.

349 690 434 751 citos
456 695 486 750 et
509 691 545 752 io
566 685 695 768 collegio
718 695 896 767 receptoeot
912 690 1076 764 receptu--

349 799 399 844 ros
420 783 569 844 accendit
590 781 645 864 (1).

467 950 710 1022 sedebimus
735 953 795 1022 ΡΡ.
820 953 891 1020 11111.

426 1075 463 1143 ad
486 1081 659 1159 perpetuen
681 1077 725 1143 rei
754 1077 933 1144 memorien.

348 1252 518 1316 Seminaria
540 1261 571 1316 et
593 1253 721 1330 collegia
750 1254 886 1315 maximo
912 1267 983 1315 cum
1006 1268 1054 1314 or-

308 1345 457 1408 thodoxae
487 1347 609 1408 sedetet
631 1346 797 1410 catholicae
826 1346 984 1422 religionis
1005 1346 1054 1408 in-

307 1446 467 1502 cremento
489 1457 522 1502 ac
543 1441 693 1519 praesidio
721 1440 862 1502 instituta
884 1455 920 1500 eo
944 1439 1053 1502 maiori

307 1533 490 1612 apostolicae
501 1534 702 1609 benignitatis
716 1541 748 1596 et
764 1533 975 1612 providentiae
990 1541 1054 1595 stu·

307 1628 355 1689 dio
377 1626 541 1704 adaugere,
565 1644 621 1690 nos
643 1629 673 1690 in
695 1627 876 1690 sacrosancti
905 1626 1055 1704 apostola-

307 1728 356 1782 tus
377 1719 509 1798 specula,
533 1721 653 1782 meritis
680 1720 752 1785 licet
774 1720 958 1798 imparibus,
981 1736 1054 1782 eon-

306 1815 430 1877 stitutos
452 1815 555 1890 decet,
577 1832 639 1893 quo
662 1815 810 1878 maiorem
837 1816 955 1878 indies
981 1814 1053 1876 inde

307 1908 485 1971 orthodoxis
506 1910 625 1988 populis
647 1910 678 1972 in
701 1911 750 1970 via
765 1911 980 1972 mandatorum
999 1910 1050 1970 Dei

307 2019 362 2082 per
383 2003 567 2066 christianae
589 2004 709 2081 pietatis
731 2011 761 2065 et
781 2021 872 2066 sanae
897 2003 1053 2065 doetrinae

307 2097 446 2176 exempla
473 2097 641 2174 dirigendis
667 2097 768 2159 allerri
797 2097 965 2160 utilitatem
988 2113 1051 2158 non

306 2191 373 2251 sine
394 2190 528 2251 maxima
556 2191 652 2252 animi
675 2191 772 2253 nostri
797 2191 909 2253 laetitia
933 2192 1051 2268 experi-

306 2297 388 2342 mur.
403 2281 607 2357 Quamobrem
623 2282 752 2346 oblatam
771 2283 860 2344 nobis
872 2299 1052 2361 quamcum-

307 2391 366 2452 que
388 2377 423 2436 ad
445 2375 549 2440 eadem
572 2376 735 2438 seminaria
751 2385 782 2439 et
797 2376 922 2453 collegia
945 2379 1052 2456 ampli-

308 2469 422 2530 ficanda
438 2479 469 2530 et
484 2470 680 2546 provehenda
695 2479 901 2549 opportunam
923 2473 1053 2534 occasio-

307 2578 380 2624 nem
404 2562 536 2651 libenter
557 2563 692 2640 arripere
715 2564 873 2640 gestimus,
898 2573 928 2626 et
944 2581 1052 2627 omnes

306 2655 488 2734 apostolicae
508 2655 697 2718 auctoritatis
718 2665 840 2719 nostrae
862 2665 962 2734 partes
979 2674 1052 2719 oon·

307 2747 386 2810 lerre
408 2749 586 2825 satagimus.

337 2843 364 2917 S
388 2843 414 2904 1.
438 2842 588 2918 Quoniam
605 2851 722 2919 autem,
738 2845 817 2908 sicut
831 2862 886 2924 pro
908 2855 994 2925 parte
1008 2847 1051 2908 di-

306 2935 376 2997 lecti
392 2935 447 2996 lilii
463 2935 595 2997 ianuarii
611 2937 739 3012 Fatigati
757 2938 926 3016 presbyteri
942 2957 974 3001 ac
989 2956 1051 3003 mo·

306 3029 393 3092 demi
415 3029 583 3107 superioris
608 3029 856 3109 congregationis
877 3039 909 3093 et
929 3033 1050 3110 collegii

305 3121 363 3182 sub
384 3121 577 3184 invocatione
589 3139 691 3184 sacrae
706 3121 837 3186 familiae
853 3125 920 3185 lesu
936 3125 1051 3187 Christi

306 3221 392 3276 extra
423 3231 530 3277 muros
560 3215 692 3277 civitatis
718 3215 935 3296 Neapolitanae
965 3219 1052 3280 nobis

305 3307 481 3386 expositum
504 3308 561 3370 luit
577 3308 656 3386 quod
681 3308 893 3370 aliaslel.1·eo.
909 3309 1052 3372 Clemens

305 3401 383 3479 Papa
406 3401 469 3464 1111.
494 3401 708 3479 praedecessor
738 3409 861 3478 noster,
889 3413 1051 3484 postquam

305 3510 360 3573 per
388 3497 532 3573 quasdam
561 3512 629 3556 suas
652 3496 683 3556 in
708 3496 800 3557 simili
828 3496 926 3574 forma
949 3499 1052 3559 brevis

305 3587 354 3650 die
374 3605 430 3649 vn.
448 3588 551 3667 aprilis
567 3605 761 3651 uneexxxrr.
787 3591 964 3654 institutum
979 3609 1051 3655 con·

305 3683 494 3758 gregationis
515 3693 545 3743 et
567 3683 688 3759 collegii
711 3683 885 3746 huiusmodi
907 3687 1051 3765 approba·

305 3782 402 3851 verat,
425 3777 610 3854 regulasque
635 3777 873 3840 confirmaverat
902 3795 957 3857 per
978 3780 1051 3842 alias

303 3887 373 3933 suas
394 3870 500 3932 itidem
524 3872 554 3931 in
578 3870 640 3948 pari
663 3869 759 3931 forma
783 3871 884 3932 brevis
912 3873 961 3934 die
983 3889 1047 3935 xxv.

305 3964 407 4026 martii
439 3981 666 4028 xoccxxxvnr.
698 3963 856 4042 expeditas
886 3964 987 4028 literas
1014 3968 1051 4030 de

304 4065 380 4122 tunc
394 4061 596 4123 existentium
614 4060 644 4124 S.
663 4060 699 4122 R.
719 4060 753 4121 E.
771 4060 981 4122 cardinalium
998 4079 1050 4125 ne-

304 4153 393 4230 gotiis
404 4153 708 4230 PropagandaeFitlei
721 4154 965 4231 praepositorum
978 4173 1050 4217 con-

302 4246 372 4309 silio
393 4246 554 4324 privilegia
577 4262 592 4306 a
614 4263 675 4308 rec.
700 4245 808 4308 itidem
835 4261 895 4307 me.
927 4247 1051 4312 Urbano

302 4341 379 4418 Papa
401 4339 479 4401 Vlll.
504 4340 734 4419 praedecessore
756 4355 879 4418 quoque
900 4348 1007 4403 nostro
1022 4360 1050 4403 a·

302 4433 419 4494 lumnis
442 4443 472 4495 et
494 4433 721 4495 convictoribus
743 4434 999 4510 congregationis
1013 4434 1051 4496 de

303 4525 496 4604 Propaganda
511 4525 590 4594 Fide
606 4542 756 4602 concessa,
773 4536 805 4590 et
820 4527 852 4598 in
867 4527 1049 4606 quibusdam

303 4617 440 4682 eiusdem
463 4619 578 4682 Urbani
600 4617 839 4697 praedecessoris
860 4619 958 4682 literis
979 4637 1051 4683 con-

304 4719 388 4778 tenta
417 4714 451 4775 ed
475 4721 551 4775 tnnc
571 4719 601 4774 et
629 4729 688 4791 pro·
711 4718 852 4791 tempore
882 4714 1050 4776 existentes

301 4806 476 4884 collegiales
487 4806 607 4884 collegii
619 4823 724 4869 sacrae
736 4805 868 4868 lamiliae
880 4809 946 4869 lesu
963 4808 1051 4871 Chri-

301 4901 341 4961 sti
353 4900 485 4962 civitatis
497 4898 713 4978 Neapolitanae
724 4900 875 4976 sinenses,
889 4908 920 4962 et
934 4901 968 4962 ad
985 4919 1049 4978 eos,

302 4995 404 5072 quiex
416 4994 596 5070 regionibus
611 4993 770 5055 indiarum
785 4995 982 5070 advenerint,
1000 5013 1050 5058 ex-

303 5086 402 5148 tendit
423 5095 516 5163 atque
536 5086 653 5148 eisdem
673 5087 833 5162 eoncmsit,
857 5094 892 5149 ut
913 5089 969 5166 ipsi
985 5089 1048 5150 abs-

302 5197 362 5259 que
383 5180 482 5242 literis
503 5177 754 5241 dimissorialibus
772 5196 902 5242 suorum
924 5181 1049 5244 Ordina-

302 5273 433 5348 riorum,
456 5281 487 5334 et
508 5273 601 5334 etiarn
628 5273 696 5334 sine
718 5273 808 5334 titulo
837 5273 979 5338 beneficii
1001 5293 1049 5338 ec-

301 5365 474 5440 clesiasticl,
489 5367 540 5428 sed
556 5365 592 5425 ad
608 5364 735 5427 titulum
757 5375 880 5428 tantum
896 5368 1049 5431 missionis

302 5475 317 5518 a
332 5475 528 5538 quocumque
539 5474 633 5537 quem
646 5459 813 5522 maluerint
825 5460 974 5524 catholico
986 5461 1047 5524 hn-

303 5551 456 5630 tistitead
472 5561 604 5631 quatuor
626 5554 763 5615 minores
783 5555 877 5615 etiam
899 5555 1019 5618 unicui
1037 5589 1049 5601 ·

1110 685 1191 748 stivo
1212 687 1262 750 vel
1283 689 1403 766 feriato,
1420 705 1478 754 nec
1500 697 1563 753 non
1584 689 1677 752 etiam
1699 687 1733 752 ad
1756 702 1855 750 sacros

1111 786 1142 842 et
1163 782 1394 857 presbyteratus
1425 783 1548 846 ordines
1570 782 1668 845 tribus
1694 780 1855 844 dominicis

1111 888 1166 935 seu
1187 873 1253 936 aliis
1275 875 1393 938 festivis
1414 884 1445 938 et
1466 876 1621 940 continuis
1643 874 1693 937 vel
1719 875 1855 952 interpo-

1111 964 1179 1026 latis
1200 965 1308 1028 diebus
1336 967 1429 1030 etiam
1450 976 1537 1032 extra
1565 977 1704 1048 tempora
1730 968 1766 1029 ad
1788 967 1817 1029 id
1839 983 1854 1026 a

1111 1057 1179 1120 iure
1199 1067 1324 1138 statuta,
1347 1069 1379 1123 et
1403 1078 1466 1125 non
1488 1063 1617 1126 servatis
1644 1060 1819 1124 interstitiis
1840 1078 1855 1121 a

1109 1168 1194 1214 sacro
1210 1153 1346 1216 Concilio
1362 1155 1545 1220 Tridentino
1566 1156 1745 1233 designatis,
1767 1153 1854 1217 anni·

1111 1262 1171 1324 que
1192 1247 1347 1310 curriculo
1366 1265 1430 1311 non
1457 1257 1625 1330 expectato,
1648 1249 1780 1324 etiamsi,
1803 1265 1856 1310 an-

1111 1340 1236 1417 tequam
1257 1341 1295 1403 de
1316 1360 1379 1406 uno
1401 1345 1437 1407 ad
1459 1345 1555 1408 alium
1577 1344 1719 1406 ordinem
1733 1360 1858 1423 promo-

1110 1441 1262 1495 verentur
1278 1434 1310 1497 in
1325 1436 1425 1514 primo
1440 1452 1564 1516 quoque
1578 1443 1718 1515 suscepto
1733 1438 1854 1512 ordine,

1109 1541 1142 1587 se
1165 1526 1296 1589 minime
1316 1533 1528 1594 exercuissent
1543 1539 1595 1592 aut
1611 1529 1740 1592 alieuius
1761 1528 1855 1592 eccle-

1110 1620 1171 1682 siae
1192 1622 1320 1683 servitio
1351 1623 1494 1710 adscripti
1518 1641 1583 1688 uon
1611 1623 1744 1700 luerint,
1767 1623 1856 1686 dum-

1111 1713 1202 1774 modo
1223 1721 1328 1776 tamen
1350 1724 1453 1780 essent
1475 1718 1580 1780 aetatis
1606 1717 1774 1794 legitimae,
1797 1731 1856 1778 nec

1110 1808 1153 1868 eis
1174 1807 1256 1871 aliud
1278 1813 1463 1874 canonicum
1495 1815 1630 1876 obstaret
1652 1813 1856 1893 impedimen·

1112 1909 1177 1962 tum
1189 1909 1220 1962 et
1243 1903 1392 1966 haherent
1408 1904 1510 1968 literas
1523 1907 1745 1970 testimoniales
1759 1916 1857 1970 recto-

1110 2011 1180 2085 rum
1203 2005 1255 2057 aut
1276 2013 1383 2058 eorum
1407 2001 1485 2077 apud
1509 2016 1585 2078 quos
1603 1999 1813 2063 educarentur
1825 2009 1856 2062 et

1110 2087 1354 2164 instruerentur,
1367 2093 1542 2168 promoveri
1555 2101 1587 2156 et
1604 2095 1735 2171 promoti
1749 2095 1780 2156 in
1797 2094 1866 2176 illis¹

1109 2183 1202 2244 etiam
1219 2184 1250 2244 in
1262 2183 1366 2246 altaris
1381 2185 1554 2248 ministerio
1567 2187 1743 2249 ministrare
1758 2187 1856 2250 libere

1109 2287 1141 2341 et
1163 2279 1245 2340 licite
1268 2288 1390 2357 possent
1413 2288 1443 2342 et
1465 2282 1619 2357 valerent,
1639 2284 1678 2344 ita
1700 2289 1804 2343 tamen
1821 2289 1855 2343 ut

1109 2367 1364 2451 quotiescumque
1380 2375 1551 2450 contigeret
1563 2375 1679 2453 aliquos
1694 2393 1732 2438 ex
1750 2377 1853 2438 iisdem

1110 2466 1295 2529 Sinensibus
1318 2476 1348 2530 et
1370 2467 1454 2530 indis
1475 2471 1510 2532 ad
1534 2471 1657 2532 ordines
1679 2475 1855 2550 promoveri

1109 2561 1231 2637 debere,
1248 2568 1413 2640 antequam
1430 2578 1447 2622 e
1463 2563 1593 2640 collegio
1609 2565 1854 2644 dimitterentur,
1924 2551 1927 2560 ’

1109 2655 1208 2716 dictus
1236 2671 1291 2732 pro
1319 2661 1459 2733 ternpore
1490 2656 1626 2718 existens
1650 2659 1805 2737 superior,
1831 2662 1855 2721 si

1108 2750 1195 2820 sedes
1210 2748 1472 2826 archiepiscopalis
1485 2748 1682 2828 Neapolitana
1697 2761 1777 2814 esset
1792 2753 1856 2831 ple-

1110 2858 1160 2916 na,
1184 2849 1343 2904 teneretur
1362 2857 1414 2902 eos
1435 2842 1569 2919 dirigere
1595 2861 1665 2905 curn
1688 2847 1855 2909 attestatio-

1109 2934 1199 2995 nibus
1221 2934 1258 2994 de
1279 2934 1403 2996 illorum
1420 2935 1698 3014 baptismatevita,
1717 2939 1854 3001 moribus

1108 3036 1139 3088 et
1163 3029 1193 3088 in
1215 3028 1350 3089 scientiis
1372 3027 1512 3106 prolecto
1527 3031 1561 3092 ad
1579 3047 1633 3108 pro
1650 3039 1791 3110 tempore
1806 3033 1854 3094 iti·

1108 3121 1179 3182 dem
1200 3121 1387 3183 existentem
1415 3122 1686 3202 Archiepiscopum
1715 3124 1854 3204 Neapoli·

1110 3222 1229 3288 tanum,
1245 3223 1397 3292 quatenus
1414 3231 1488 3276 vero
1503 3215 1584 3277 idem
1601 3217 1855 3297 archiepiscopus

1108 3324 1304 3386 quacumque
1318 3323 1356 3368 ex
1372 3324 1460 3369 eausa
1479 3307 1605 3372 illorum
1626 3310 1853 3373 ordinationem

1108 3415 1257 3479 peragere
1278 3417 1341 3462 non
1364 3401 1491 3478 valeret,
1516 3403 1651 3464 liberum
1672 3412 1752 3466 esset
1773 3405 1854 3467 dicto

1109 3510 1163 3572 pro
1187 3495 1482 3573 temporeexistenti
1505 3496 1625 3578 collegii
1642 3497 1789 3575 praedicti
1804 3515 1855 3559 su-

1109 3588 1312 3667 perioriillos
1341 3588 1375 3648 ad
1407 3605 1638 3668 quemcumque
1669 3591 1852 3654 catholicum

1109 3681 1289 3744 Antistitem
1318 3683 1447 3758 gratiam
1475 3693 1506 3744 et
1527 3686 1782 3747 communionem
1804 3703 1855 3748 su·

1108 3776 1260 3854 predictae
1275 3774 1362 3836 Sedis
1384 3775 1550 3838 habentem
1562 3792 1618 3855 pro
1629 3778 1789 3839 ordinibus
1803 3795 1853 3840 su·

1107 3868 1272 3946 scipiendis
1287 3868 1434 3944 dirigere,
1447 3878 1565 3931 servata
1581 3871 1612 3930 in
1630 3871 1757 3949 reliquis
1769 3887 1854 3950 prae·
1920 3859 1923 3866 ’

1108 3963 1261 4026 dictarum
1284 3962 1445 4023 memorati
1476 3963 1591 4024 Urbani
1614 3966 1855 4040 praedecessoris

1110 4059 1268 4120 literarum
1297 4057 1395 4119 lorma
1423 4063 1454 4117 et
1484 4058 1696 4135 dispositione,
1727 4067 1757 4120 et
1781 4057 1854 4120 alias

1108 4161 1199 4233 prout
1221 4154 1254 4214 in
1276 4152 1415 4214 eiusdem
1432 4151 1601 4214 Clementis
1616 4153 1854 4230 praedecessoris

1108 4247 1217 4322 literis,
1241 4253 1373 4325 quarum
1397 4254 1538 4308 tenorem
1564 4245 1777 4324 praesentibus
1798 4262 1854 4324 pro

1106 4355 1251 4419 expresso
1273 4341 1388 4402 haberi-
1400 4338 1557 4418 volumus,
1575 4339 1700 4400 uberius
1714 4340 1854 4401 coutine-

1110 4441 1169 4495 tur.
1193 4435 1231 4496 Et
1246 4435 1449 4496 subinde'nos
1463 4432 1687 4494 monasterium
1703 4432 1853 4495 abbatiam
1920 4433 1922 4438 '

1109 4534 1323 4605 nuncupatum
1353 4525 1456 4588 Sancti
1478 4525 1560 4586 Petri
1584 4526 1621 4587 de
1643 4524 1728 4586 Eboli
1750 4524 1850 4586 Saler-

1108 4622 1231 4684 nitanae
1254 4617 1399 4680 dioecesis
1414 4617 1542 4696 collegio
1557 4617 1734 4681 huiusmodi
1750 4624 1854 4680 auoto-

1107 4715 1197 4776 ritate
1219 4711 1382 4792 apostolica
1405 4708 1555 4791 perpetuo
1577 4712 1738 4774 univimus
1759 4719 1790 4773 et
1805 4712 1854 4786 ip·

1106 4807 1356 4886 corporavimus,
1380 4805 1547 4868 reservatis
1568 4821 1662 4882 super
1683 4804 1767 4867 illius
1789 4803 1852 4865 lru-

1107 4902 1218 4976 ctibus,
1242 4900 1391 4964 reditibus
1412 4907 1444 4960 et
1465 4900 1669 4977 proventibus
1698 4916 1852 4972 unacum

1106 4994 1246 5072 pluribus
1257 4995 1458 5072 pensionibus
1480 4993 1591 5054 annuis
1607 5009 1704 5071 usque
1719 4995 1754 5056 ad
1768 5011 1852 5056 sum-

1106 5104 1188 5150 mam
1220 5089 1467 5166 quingentorum
1496 5089 1679 5149 ducatorum
1709 5095 1852 5149 monetae

1106 5181 1195 5258 regni
1223 5180 1364 5260 Neapolis
1394 5197 1447 5258 pro
1476 5197 1605 5260 persona
1626 5195 1681 5240 seu
1713 5183 1852 5259 personis

1105 5291 1162 5353 per
1176 5291 1231 5337 nos
1250 5292 1305 5337 seu
1322 5276 1498 5338 Romanum
1514 5277 1693 5340 Pontificem
1707 5294 1761 5357 pro
1775 5287 1852 5340 tem-

1106 5383 1178 5446 pore
1201 5367 1398 5438 existentem.
1415 5370 1603 5433 nominanda
1618 5387 1672 5432 seu
1687 5372 1851 5432 nominan-

1105 5462 1162 5538 dis,
1186 5478 1279 5541 quam
1301 5464 1425 5541 quidem
1449 5464 1630 5542 pensionem
1646 5480 1781 5527 annuam
1797 5481 1850 5526 an·

1105 5573 1145 5618 no
1170 5574 1345 5620 uocexerx.
1369 5559 1552 5620 auctoritate
1573 5559 1736 5636 apostolica
1758 5559 1792 5620 ad
1808 5558 1850 5619 la-

341 5753 371 5808 (l)
387 5753 424 5797 Ex
438 5753 562 5810 originali
582 5754 609 5799 in
625 5755 706 5801 tabul.
727 5755 835 5813 collegii
857 5759 968 5802 servato.
985 5756 1047 5803 vide
1101 5760 1194 5817 dulget
1207 5761 1329 5806 alumnos
1343 5759 1452 5817 collegii
1468 5760 1586 5806 ordinari
1601 5772 1675 5818 posse
1690 5761 1723 5806 ad
1738 5760 1849 5807 titulum

301 5819 350 5864 vol.
365 5823 394 5876 1.,
407 5831 465 5878 pag.
483 5823 521 5864 17³
535 5823 561 5866 et
576 5821 625 5866 vol.
641 5825 680 5878 ll.,
694 5833 752 5880 pag.
767 5825 815 5878 431,
829 5827 877 5880 488,
891 5827 938 5868 490.

1084 5871 1085 5876 ,
1101 5825 1243 5883 missionis,
1254 5837 1386 5884 quamque
1401 5838 1450 5873 suo
1465 5837 1515 5872 non
1526 5828 1668 5874 retulimus
1679 5827 1743 5884 loco,
1754 5828 1850 5886 quippe

340 5889 369 5931 ln
383 5886 525 5944 appendice
539 5889 626 5944 operis
640 5889 698 5934 vide
713 5890 817 5936 constit.
829 5890 908 5936 clem.
920 5895 973 5936 xll.
990 5895 1045 5938 Pro
1099 5895 1215 5939 nondum
1230 5894 1323 5952 ipsam,
1336 5893 1581 5951 concremantem
1593 5895 1674 5942 tabul.
1686 5895 1849 5952 Collegiino-

299 5965 430 6008 supremo
444 5954 486 5999 die
500 5966 554 6000 xxv.
571 5955 663 6001 martii
672 5967 855 6004 uocoxxxvnr.
866 5957 928 6014 det,
943 5969 995 6016 qua
1009 5959 1046 6006 in·
1100 5960 1140 6006 bie
1153 5960 1192 6007 ras
1207 5961 1293 6006 luerat
1307 5959 1432 6006 invenire.

1778 551 1837 616 669
1887 533 1941 590 Al.
1956 539 1986 592 C.
2007 537 2076 589 1756
