4798 6978
332 540 385 594 An.
400 543 430 594 C.
452 541 521 594 1756
570 541 628 604 670

550 693 658 740 vorem
680 679 752 744 dicti
774 681 893 760 collegii
917 681 1102 758 delevimus,
1118 682 1176 745 boc
1191 690 1294 746 tamen

550 771 667 835 adiecto
695 789 800 851 onere,
825 784 859 837 ut
880 792 896 836 a
918 777 998 838 dicto
1023 776 1153 853 collegio
1175 787 1296 856 praeter

550 873 736 929 memoratos
763 867 934 931 Gbinenses
954 877 985 931 et
1007 871 1097 932 Indos
1119 879 1186 933 octo
1207 870 1296 948 pueri

544 955 581 1017 in
604 959 772 1036 provinciis
804 961 942 1024 dominio
964 963 1135 1026 Turcarum
1164 961 1295 1039 ingeniti

550 1050 581 1112 in
603 1050 777 1129 collegiales
798 1069 923 1133 semper
944 1057 1170 1136 reciperentur,
1194 1064 1223 1119 et
1245 1057 1295 1118 ad-

549 1145 764 1224 mitterentur,
788 1155 817 1210 et
839 1149 958 1212 admitti
975 1167 1007 1213 ac
1022 1151 1116 1230 recipi
1132 1151 1294 1228 deberent,

548 1255 581 1300 ac
603 1239 733 1317 proinde
757 1242 823 1321 ipse
846 1243 1003 1308 lanuarias
1029 1246 1171 1324 superior
1193 1247 1295 1328 indal-

549 1340 617 1394 tum
644 1335 822 1398 huiusmodi
844 1337 880 1398 ad
901 1336 1040 1400 favorem
1071 1339 1226 1402 dictorum
1249 1338 1297 1402 Si-

548 1427 696 1488 11111111
720 1435 751 1490 11
772 1429 919 1492 indorum
942 1445 1121 1492 concessum
1146 1431 1181 1492 ad
1204 1431 1295 1492 colle-

548 1517 640 1596 giale's
663 1521 694 1582 iu
716 1523 853 1586 dominio
870 1524 1041 1586 turcarum
1065 1525 1218 1602 ingenitos
1242 1541 1295 1603 per

547 1629 604 1674 nos
625 1613 750 1678 extendi
772 1624 802 1676 et
824 1616 965 1695 ampliari
985 1616 1158 1695 plurimum
1179 1617 1295 1679 deside·

547 1717 604 1770 rat.
628 1709 721 1772 Nobis
748 1719 908 1790 propterea
939 1710 1102 1774 humiliter
1129 1711 1296 1791 supplicari

547 1801 630 1875 lecit,
643 1811 678 1865 ut
690 1803 722 1865 in
738 1805 912 1883 praemissis
927 1812 1102 1884 opportune
1117 1807 1294 1884 providere,

547 1904 578 1957 et
600 1904 635 1958 ut
657 1895 735 1958 inira
764 1897 927 1974 indulgere
949 1899 986 1959 de
1012 1897 1205 1974 benignitate
1226 1915 1295 1978 apo·

546 1989 651 2052 stolioa
674 1991 887 2067 dignaremur.

587 2083 655 2156 §2
681 2082 742 2146 Nos
764 2085 861 2160 igitur
882 2085 985 2162 ipsum
1006 2087 1182 2149 ianuarium
1205 2103 1295 2165 supe-

547 2176 662 2238 riorem
683 2177 865 2258 specialibus
887 2179 1042 2242 favoribus
1058 2189 1088 2242 et
1104 2182 1210 2258 gratiis
1225 2197 1294 2260 pro-

547 2271 634 2348 sequi
657 2271 808 2349 volantes,
833 2281 862 2335 et
884 2289 900 2332 a
925 2274 1087 2351 quibusvis
1115 2291 1295 2337 excommu·
1367 2335 1371 2344 ,

547 2365 720 2442 nicationis,
740 2369 951 2447 suspensionis
970 2377 1001 2430 et
1024 2370 1193 2446 interdicti,
1217 2371 1297 2432 aliis-

475 2527 479 2536 ,
547 2477 606 2538 que
641 2458 852 2524 ecclesiasticis
882 2465 1063 2538 sententiis,
1093 2465 1232 2526 censuris
1264 2471 1295 2526 et

546 2555 665 2634 poenis,
682 2573 697 2615 a
716 2555 783 2617 iure
806 2556 856 2618 vel
877 2555 914 2617 ab
934 2557 1065 2618 bomine
1084 2559 1191 2635 quavis
1211 2574 1295 2620 occa·

546 2647 635 2709 sione
647 2648 697 2710 vel
709 2665 795 2710 causa
808 2647 888 2724 latis,
902 2649 926 2710 si
940 2649 1053 2728 quibus
1064 2649 1295 2728 quomodolibet

546 2741 713 2804 innodatus
732 2742 850 2816 existit,
866 2743 901 2804 ad
921 2742 1066 2804 ellectum
1082 2743 1294 2820 praesentium

547 2839 670 2896 tantum
692 2837 957 2914 consequendum,
971 2837 1082 2897 barum
1097 2837 1177 2896 serie
1198 2836 1294 2897 absol-

547 2936 656 2989 ventes
678 2935 708 2988 11
730 2927 906 2991 absolutum
918 2929 984 2990 lore
999 2938 1172 3006 censentes,
1189 2931 1295 2992 liuius-

546 3020 628 3081 modi
641 3020 915 3100 supplicationibus
930 3022 1083 3099 inclinati,
1100 3023 1211 3085 auditis
1223 3041 1295 3086 con-

546 3113 614 3174 silio
636 3122 667 3174 et
685 3115 840 3176 sententia
863 3115 1049 3176 venerabilis
1071 3115 1174 3178 fratris
1197 3119 1293 3179 nostri

548 3207 666 3285 losepbi
690 3207 831 3286 Episcopi
855 3207 1048 3270 Praenestini
1071 3208 1101 3272 S.
1120 3209 1201 3271 itt.
1226 3226 1295 3289 pre-

546 3299 661 3378 sbyteri
677 3300 846 3363 cardinalis
863 3300 993 3380 Spinelli
1010 3304 1180 3382 nuncupati
1196 3304 1295 3368 1111111

547 3395 803 3472 Congregatianis
814 3394 972 3473 praelecti,
989 3403 1019 3458 et
1034 3397 1221 3459 venerabilis
1236 3397 1294 3460 lra-

547 3490 601 3550 tris
616 3489 732 3551 Nicolai
746 3488 974 3567 archiepiscopi
990 3489 1141 3552 libadien.
1156 3490 1293 3552 eiusdem

546 3583 802 3662 congregationis
823 3583 994 3657 secretarii,
1016 3583 1137 3646 indulta
1153 3592 1184 3645 et
1199 3585 1293 3662 privi-

545 3675 624 3752 legia
646 3695 661 3738 a
684 3684 854 3740 memorato
877 3676 1041 3739 Clemente
1062 3679 1293 3755 praedecessore

544 3770 719 3832 sinensibus
729 3780 759 3832 et
776 3769 1079 3847 indiscollegialibas
1099 3770 1222 3848 collegii
1239 3772 1294 3832 bu-

545 3863 677 3925 iusmodi
698 3863 885 3942 suscipiendi
907 3864 1090 3941 praesertim
1112 3864 1248 3926 minores
1263 3870 1294 3926 et

544 3974 643 4020 sacros
665 3957 789 4018 ordines
806 3966 894 4018 extra
911 3966 1050 4035 tempora
1066 3957 1180 4037 absque
1196 3958 1294 4020 literis

544 4051 798 4113 dimissorialibus
824 4052 860 4112 ad
888 4051 1015 4112 titulum
1043 4051 1200 4114 missionis
1222 4068 1293 4114 cou-

585 4268 615 4324 (1)
630 4268 667 4313 nb
682 4265 757 4314 initio
771 4268 814 4314 sui
827 4269 898 4324 pont.
914 4267 1007 4312 Bened.
1023 4269 1085 4312 XIV.
1101 4265 1221 4324 sequenti
1235 4278 1292 4313 con-

544 4334 630 4380 stitut.
641 4334 761 4392 erigebat
770 4334 1002 4391 congregationem
1012 4333 1202 4392 particularem
1214 4345 1293 4393 super

543 4401 726 4460 promovendis
746 4403 779 4448 ad
793 4402 911 4459 Arcbiep.
927 4405 955 4448 et
977 4401 1061 4458 spise.
1077 4412 1156 4458 quam
1178 4402 1222 4448 hic
1235 4412 1291 4460 per·

544 4469 610 4516 utile
623 4469 723 4515 referre
737 4469 928 4516 existimamus.

736 4607 927 4650 ermenteriis
942 4606 1021 4650 Peru
1036 4607 1097 4651 XIV.

755 4741 851 4774 amaras
864 4741 1009 4776 servorum
1024 4733 1080 4779 Det,

696 4815 732 4858 ad
742 4817 905 4866 perpetuam
919 4817 959 4857 ret
974 4817 1141 4858 memoriam.

373 4953 525 5001 Sollicitudo
584 4948 620 4993 Ad
634 4948 794 5005 apostolicae
815 4947 954 4994 servitutis
975 4960 1051 5004 onus,
1071 4947 1153 4994 nullis
1175 4948 1236 4994 licet
1251 4957 1294 4992 no-

314 5008 445 5064 pontilicis
470 5019 525 5069 ,itm
544 5015 607 5060 stris
621 5015 815 5072 opitulantibus
835 5013 947 5070 meritis,
961 5015 1169 5062 clementissimo
1188 5014 1292 5060 divinae

313 5061 409 5162 “3²⁶'‘ssae
433 5071 527 5161 ‘effla
545 5081 641 5127 mentis
655 5083 766 5128 consilio
780 5094 864 5140 nuper
874 5082 997 5140 provecti,
1008 5083 1100 5128 statim
1111 5082 1228 5139 cogitare
1238 5092 1293 5126 coe·

312 5128 418 5214 {hem
441 5169 525 5215 Com,
544 5147 644 5206 pimus,
662 5160 743 5208 quam
763 5161 826 5196 vere
845 5152 993 5209 meritoque
1014 5150 1163 5197 Tridentini
1184 5147 1293 5194 concilii

315 5222 346 5269 tit
363 5221 512 5269 Tridentini,
543 5219 633 5272 patres
647 5217 787 5272 edixerint,
802 5217 870 5264 nibil
884 5220 969 5274 magis
984 5219 1115 5264 Ecclesiae
1130 5217 1174 5261 Dei
1185 5227 1241 5262 esse
1251 5227 1294 5260 ne-

544 5284 697 5340 cessarium,
712 5296 791 5342 quam
807 5287 836 5330 ut
851 5287 986 5330 Romanus
1005 5284 1122 5330 Pontifex
1140 5282 1295 5329 sollicitudi-

545 5363 606 5396 uem
621 5363 652 5396 ex
667 5353 709 5398 sui
723 5352 842 5399 muueris
856 5351 940 5397 otilcio
956 5351 1095 5398 universae
1106 5351 1238 5397 Ecclesiae
1253 5350 1293 5396 de·

545 5419 627 5466 bitam
643 5419 812 5476 potissimum
827 5419 855 5464 iu
870 5419 895 5464 id
911 5419 1054 5476 impendat,
1075 5423 1104 5464 ut
1118 5419 1199 5464 bonos
1213 5418 1293 5463 maxi·

545 5491 680 5545 meatque
700 5487 805 5534 idoneos
824 5489 944 5544 pastores
959 5486 1072 5544 siugulis
1088 5486 1205 5532 111111111
1220 5495 1293 5543 prae-

546 5555 625 5608 liciat,
640 5565 724 5612 neque
743 5557 849 5601 erretur
863 5554 891 5599 in
906 5554 1033 5600 electione
1048 5563 1148 5608 eorum,
1166 5552 1213 5610 qui
1227 5556 1293 5598 tam·

544 5633 625 5679 quam
645 5622 769 5668 lucernae
784 5633 862 5679 super
880 5622 1069 5668 candelabrum
1085 5621 1186 5678 positae
1205 5621 1293 5666 lucere

544 5689 639 5734 debent
654 5689 784 5744 omnibus,
800 5689 844 5748 qui
859 5689 887 5734 in
902 5690 978 5734 domo
993 5689 1038 5733 Dei
1049 5691 1121 5743 sunt,
1131 5701 1164 5734 ne
1174 5687 1293 5746 alioquin

545 5756 629 5802 totius
642 5757 758 5803 familiae
773 5755 875 5801 bomini
890 5760 992 5801 statum
1006 5759 1033 5801 et
1043 5755 1162 5801 ordinem
1172 5756 1293 5800 luctuose

545 5827 641 5868 nutare
661 5823 805 5881 contingat,
827 5823 934 5878 siquod
956 5822 1104 5880 requiritur
1126 5823 1153 5868 iu
1175 5833 1292 5879 corpore,

546 5901 597 5937 non
612 5889 763 5936 inveniatur
776 5891 804 5935 iu
819 5890 913 5947 capite.
929 5892 1044 5948 Urgebat
1059 5901 1106 5936 uos
1122 5901 1234 5947 quoque,
1249 5899 1293 5934 au·
1348 5899 1426 5934 mano
1439 5890 1560 5946 respectu
1571 5885 1730 5944 posthabito,
1741 5885 1816 5932 nobis
1826 5885 1961 5939 assistere,
1970 5887 2009 5940 ut,
2020 5884 2095 5930 iuxta

545 5957 676 6015 gebatque
695 5955 841 6013 plurimum
856 5957 974 6004 eiusdem
993 5956 1061 6003 sacri
1082 5955 1216 6013 generalis
1232 5959 1294 6001 con·
1346 5953 1453 6000 enixum
1468 5951 1630 5999 desiderium
1645 5954 1768 5998 nostrum
1783 5951 1815 5998 ad
1829 5951 2030 6008 patriarchales,
2044 5951 2096 6008 pri-

1072 564 1135 608 ltili.
1160 564 1251 609 Porta.
1276 565 1314 608 ott
1338 566 1365 608 Ρ.
1390 567 1418 611 F·
1444 567 1527 612 PARS
1549 567 1569 611 l.

2129 555 2182 608 Au.
2197 557 2230 609 0.
2252 555 2331 608 1757

1351 699 1433 745 cessa
1455 682 1490 745 ad
1513 690 1631 748 ceteros
1653 683 1826 762 collegiales
1854 683 2018 748 memorati
2039 685 2098 748 col-

1351 775 1882 853 legiisacraetamtliaelesuchristi
1896 784 2099 841 extramuros
2186 805 2190 813 ·

1350 869 1482 932 civitatis
1497 869 1714 950 Neapolitanae
1729 871 1761 933 in
1776 871 1947 949 provinciis
1962 871 2099 934 dominio

1350 962 1522 1026 Tartarum
1544 965 1689 1027 subiectis
1711 963 1866 1042 ingenitos
1889 966 1921 1026 in
1935 965 2018 1027 dicto
2038 964 2100 1029 col·

1350 1055 1432 1134 legio
1453 1073 1508 1136 pro
1538 1065 1678 1137 ternpore
1705 1059 1889 1134 existentes,
1918 1058 2100 1122 auctoritate

1349 1151 1524 1229 apostolica,
1548 1163 1657 1215 tenore
1678 1153 1902 1230 praesentium,
1924 1159 2043 1214 servata
2065 1151 2097 1213 in

1350 1243 1496 1307 omnibus
1518 1253 1549 1306 et
1571 1246 1745 1324 peremnia
1768 1243 1865 1307 forma
1880 1257 1912 1308 et
1927 1244 2098 1322 dispositio-

1352 1351 1392 1398 ne
1414 1336 1568 1400 dictarum
1591 1338 1752 1400 literarum
1772 1330 1945 1402 'Clementis
1973 1339 2099 1417 praede·

1349 1430 1478 1492 cessoris
1510 1432 1707 1495 extendimus
1737 1439 1768 1494 et
1797 1431 1991 1510 ampliamus.
2028 1429 2097 1492 Non

1351 1523 1543 1586 obstantibus
1564 1525 1709 1588 omnibus
1724 1534 1756 1587 et
1770 1524 1904 1601 singulis
1925 1524 1997 1598 illis,
2020 1541 2099 1602 quae

1351 1619 1433 1680 idem
1457 1618 1602 1680 Clemens
1626 1621 1838 1697 praedecessor
1859 1618 1960 1680 voluit
1981 1619 2014 1680 iu
2035 1620 2098 1681 suis

1351 1711 1448 1774 literis
1480 1712 1641 1790 praedictis
1663 1729 1726 1774 non
1757 1712 1896 1786 obstare,
1924 1711 2098 1790 ceterisque

1350 1805 1514 1867 contrariis
1536 1805 1796 1884 quibuscumque.

1389 1899 1502 1960 [latum
1513 1897 1640 1974 Itomae,
1656 1899 1736 1978 apud
1753 1898 1783 1961 S.
1799 1898 1925 1962 biaciam
1938 1899 2096 1975 Maiorem,

1348 1993 1406 2055 sab
1428 1991 1547 2054 annulo
1574 1990 1746 2066 Piscatoris,
1769 1992 1819 2053 die
1841 2007 1933 2056 xvur.
1957 1989 2094 2055 decemb.

1351 2102 1517 2161 11111111,
1540 2085 1737 2164 pontiilcatus
1759 2085 1858 2147 nostri
1879 2101 1962 2148 anuo
1977 2097 2056 2148 xvn.

1636 2461 1811 2528 CLXXXII.

1353 2649 1557 2728 Cortfirrnatis
1579 2647 1854 2726 praedecessorum
1877 2647 2124 2727 dispositioni*

1390 2739 1447 2804 bns
1460 2743 1547 2806 circa
1558 2759 1723 2821 preaesens
1736 2743 1959 2820 inquisitionis
1974 2742 2011 2803 in
2022 2759 2097 2820 qaa-

1391 2837 1501 2900 litates
1524 2851 1642 2906 aaran,
1661 2835 1715 2913 qai
1731 2834 2006 2897 consistorialiter
2026 2851 2097 2912 pro·

1390 2929 1535 2992 morentii
1546 2933 1625 2990 111111
1637 2929 1678 2992 ad
1690 2927 1830 3008 repimcn
1845 2927 2095 3000 cathedralium,

1389 3024 1513 3087 statuit
1528 3021 1674 3101 qaaesita
1684 3037 1742 3102 pro
1758 3021 1891 3083 dirersis
1905 3021 2044 3082 ecclesiis
2055 3020 2097 3083 ad

1390 3131 1571 3194 processum
1592 3113 1824 3193 efformandnm
1846 3129 1945 3192 snper
1965 3129 2026 3185 eos,
2042 3114 2097 3191 qni

1391 3227 1410 3272 o
1435 3211 1530 3289 Conq.
1556 3208 1592 3270 dc
1613 3206 1649 3269 P.
1675 3206 1711 3268 F.
1735 3207 1944 3286 praeficiendi
1959 3214 2098 3269 santer-

1391 3300 1496 3365 closiis
1517 3299 1557 3364 ab
1579 3302 1648 3363 eins
1669 3299 1900 3362 iurisdictione
1927 3299 2098 3378 dependen-

1392 3393 1478 3458 tatas
1500 3393 1554 3473 (l).

1520 3559 1764 3633 atrectatus
1781 3564 1840 3633 ΡΡ.
1856 3563 1927 3631 xiv.

1470 3689 1506 3758 ed
1529 3694 1702 3774 perpetuen
1729 3689 1771 3756 111
1794 3689 1976 3757 memorien.

1388 3866 1613 3929 Gravissimum
1651 3867 1833 3947 apostolicae
1873 3865 2096 3946 procurationis
2143 3885 2327 3928 praeamara

1350 3960 1580 4034 ministerium,
1610 3960 1691 4038 quod
1721 3977 1736 4020 a
1763 3972 1909 4038 supremo
1938 3935 2325 4046 1111111111ὲῖξίἑξῗῐέζθ7ξῖἧῖΕ

1350 4053 1492 4132 Principe
1512 4054 1580 4115 lesu
1603 4055 1727 4117 Christo
1742 4069 1796 4132 per
1812 4052 1998 4115 inellabilem
2020 4051 2097 4113 divi·
2115 4043 2259 4098 annedae.
2276 4053 2327 4089 ⁵³¹¹·

1347 4275 1403 4321 11111
1417 4274 1576 4332 gravissima
1590 4277 1709 4321 Romano
1730 4274 1851 4320 Pontiilci
1867 4273 2002 4332 proposita
2015 4272 2097 4318 cousi·

1347 4343 1459 4398 deratio,
1473 4341 1603 4398 videlicet,
1618 4342 1754 4388 domiuum
1777 4345 1897 4388 nostrum
1917 4345 2004 4387 lesum
2024 4339 2096 4386 chri-

1347 4415 1418 4456 stum
1440 4411 1471 4456 de
1492 4411 1550 4456 eius
1573 4409 1695 4456 manibus
1719 4409 1914 4468 requisiturum
1936 4408 2094 4467 sauguinem

1347 4478 1436 4523 ovium
1452 4489 1570 4532 suarum,
1585 4487 1652 4535 quae
1667 4489 1698 4522 ex
1713 4477 1783 4522 malo
1804 4475 2007 4534 negligentium,
2022 4474 2095 4520 1111-

1348 4545 1401 4592 11111
1416 4546 1458 4592 sui
1471 4545 1659 4593 immemorum
1671 4547 1808 4603 pastorum
1818 4542 1947 4600 regimine
1958 4542 2094 4599 perierint.

1388 4619 1434 4664 st.
1450 4614 1589 4671 cupientes
1609 4615 1700 4671 itaque
1721 4615 1796 4658 tanto
1817 4612 1880 4657 huic
1899 4610 2014 4667 negotio,
2028 4610 2096 4666 qaod
2152 4606 2250 4652 lirartio
2271 4609 2327 4668 1111-

1348 4682 1381 4728 ad
1392 4681 1578 4739 Episcoporum
1593 4681 1753 4726 creationem
1769 4682 1878 4736 spectat,
1892 4681 2022 4735 quantum
2038 4676 2096 4722 fleri
2115 4664 2215 4722 9189111·
2244 4665 2327 4720 110111·

1347 4749 1438 4806 possit,
1454 4747 1540 4794 tutius
1562 4747 1748 4804 salubriusque
1768 4746 1913 4800 consulere,
1932 4749 2095 4802 praeterea,
2116 4713 2230 4813 ξὲξζξῖῗᾶ
2242 4725 2327 4812 nm

1348 4827 1415 4874 quae
1430 4817 1482 4862 iam
1502 4815 1572 4861 circa
1586 4816 1621 4870 id,
1636 4817 1694 4860 tum
1709 4825 1756 4872 per·
1777 4813 1917 4860 memorati
1933 4811 2043 4858 concilii
2056 4811 2098 4856 de
2115 4831 2143 4867 re
2156 4821 2196 4866 uti
2210 4821 2308 4867 namq,

1347 4885 1428 4936 creta,
1443 4885 1501 4928 tum
1516 4893 1562 4940 per
1581 4883 1812 4939 praedecessorum
1835 4883 1988 4926 nostrorum
2003 4878 2098 4924 cousti-

1349 4949 1474 5004 tutiones,
1498 4950 1632 5007 sapienter
1652 4952 1756 4996 statuta
1774 4951 1844 5002 sunt,
1865 4946 2097 5003 congregationem

1348 5017 1537 5074 particularem
1560 5019 1652 5064 tenore
1672 5016 1853 5074 praesentium
1868 5014 2008 5070 erigimus,
2023 5011 2098 5058 iusti·

1348 5085 1451 5130 inimus
1461 5087 1488 5130 et
1498 5085 1649 5142 specialiter
1658 5085 1824 5142 deputamus,
1834 5083 1910 5128 cuius
1925 5081 2035 5128 consilio
2049 5081 2098 5126 bac

1348 5151 1375 5195 iu
1390 5162 1419 5196 re
1434 5155 1461 5197 et
1475 5163 1523 5198 noe
1545 5153 1586 5198 uti
1607 5154 1737 5206 volumus
1758 5153 1785 5196 et
1805 5153 1938 5196 Romanos
1959 5149 2097 5196 Pontifices

1347 5229 1512 5264 successores
1527 5221 1631 5264 nostros
1650 5231 1747 5265 usuros
1767 5218 1860 5263 itidem
1875 5228 1931 5262 esse
1947 5215 2097 5262 irritamina

1347 5286 1512 5332 confidimus.
1525 5287 1589 5332 tinio
1603 5289 1693 5332 autem
1705 5283 1906 5343 congregationi
1920 5284 2036 5342 quinque
2048 5283 2098 5335 (ne-

1348 5363 1398 5408 que
1419 5353 1490 5398 euim
1513 5353 1650 5410 pauciores
1673 5357 1720 5400 aut
1741 5354 1831 5410 plures
1851 5351 2004 5398 censuimus
2024 5359 2097 5405 expe·

1347 5418 1413 5474 diret
1428 5432 1459 5464 ex
1474 5419 1671 5466 venerabilibus
1681 5421 1809 5468 iratribus
1819 5419 1918 5464 nostris
1929 5421 1953 5462 s.
1962 5419 1992 5461 R.
2001 5419 2028 5460 Ε.
2037 5419 2095 5460 car·
2195 5425 2200 5432 ·

1346 5487 1488 5542 diualibus,
1502 5486 1610 5544 pietate,
1631 5487 1758 5541 doctriua,
1779 5486 1929 5542 prudentia,
1951 5493 2094 5538 rerumque
2156 5507 2160 5514 ι
2194 5509 2198 5514 -

1347 5565 1396 5599 usu
1411 5555 1587 5610 praestantes,
1602 5564 1686 5610 nuper
1700 5563 1716 5598 a
1731 5551 1805 5597 nobis
1825 5553 1984 5606 nominatos,
1998 5547 2095 5594 adseri·

1348 5619 1444 5674 bimae,
1458 5620 1630 5677 eiusdomque
1645 5618 1861 5675 congregationis
1877 5617 2051 5664 secretarium
2062 5613 2097 5658 di·

1347 5687 1445 5732 lectum
1461 5687 1548 5732 illium
1563 5685 1712 5732 auditorem
1729 5688 1851 5730 nostrum
1865 5685 2032 5742 deputamus.

1386 5756 1432 5802 si.
1452 5757 1534 5799 Porro
1557 5753 1637 5797 huius
1659 5751 1877 5809 congregationis
1897 5753 1987 5807 partes
2008 5755 2095 5805 erunt,
2143 5763 2210 5808 imm
2224 5765 2333 5823 coum

1347 5819 1419 5866 omni
1440 5819 1627 5877 studiosique
1648 5830 1728 5876 opera
1749 5818 1877 5872 adhibita,
1892 5820 1918 5862 et
1938 5817 2031 5875 quovis
2051 5818 2096 5862 hu·
2114 5815 2239 5916 gasmi}
2241 5829 2333 5928 '9213

2114 5935 2154 5970 ret
2175 5927 2198 5969 ei
2217 5925 2334 5983 aptiores
