4798 6978
978 555 1176 602 annumeres
1197 556 1262 601 XIV.

348 671 470 750 propria
490 672 621 736 dioecesi
635 673 824 752 prodeuntes
844 672 1029 752 attulerant,
1045 689 1093 736 re·

348 767 490 845 cognitae
511 775 543 829 et
563 767 755 830 examinatae
784 767 902 830 luerint
923 784 978 847 per
1005 783 1090 844 eum,

347 863 397 924 cui
408 861 584 925 huiusmodi
597 879 667 925 cura
680 864 859 925 demandata
874 869 931 924 est.
943 862 975 924 ld
990 863 1092 941 ipsum

348 955 432 1018 euim
453 956 637 1034 praestitum
647 956 719 1018 alias
734 955 826 1017 luisse
840 955 1043 1017 meminimus
1058 955 1091 1016 in

346 1050 402 1113 bac
417 1051 523 1112 eadem
537 1049 631 1126 Urbe,
646 1050 704 1112 sub
717 1049 769 1112 iel.
787 1065 848 1112 rec.
862 1051 1091 1129 praedecessore

347 1150 453 1206 nostro
476 1143 637 1207 Clemente
658 1145 735 1223 Papa
749 1144 801 1206 lll.
820 1151 894 1206 tunc
915 1158 1014 1222 quum
1027 1157 1091 1204 sae·

346 1235 443 1297 culari
469 1235 535 1297 loro
563 1235 694 1298 traditus
715 1234 774 1297 luit
800 1251 869 1298 reus
898 1234 1022 1313 quidam
1044 1250 1090 1294 ca·

346 1328 432 1405 pitali
453 1344 550 1407 poena
574 1329 765 1406 plectendus,
780 1344 817 1389 eo
838 1326 918 1406 quod
939 1327 1087 1388 sacerdot.

346 1422 455 1486 ordine
485 1439 549 1484 nou
581 1422 768 1499 insignitus,
800 1421 924 1483 missam
955 1419 1088 1504 celebra-

346 1527 442 1581 verat.

128 1613 209 1660 Βᾶθι
236 1616 327 1673 quoae
386 1611 476 1687 §en
500 1613 578 1676 Cum
600 1613 636 1675 iis
666 1612 783 1688 igitur,
805 1609 859 1689 qui
881 1623 979 1686 usque
1004 1622 1088 1668 nuuc

82 1671 329 1716 anteactumtem·
490 1706 495 1717 .
591 1706 597 1718 ,

82 1723 328 1776 pusnovaunru-
347 1713 496 1784 comperti
519 1705 638 1768 luerint
659 1707 694 1768 ad
716 1720 838 1767 sacrum
858 1702 1088 1783 presbyteratus

83 1777 328 1882 {ffl‘ffissffinffi
346 1799 489 1862 ordinem
510 1816 573 1863 non
594 1799 728 1879 promoti
757 1798 882 1861 missam
907 1795 1087 1868 celebrasse,

84 1881 327 1984 {{2¹}{b,¹,?3{g⁰·
346 1903 398 1958 aut
427 1895 662 1957 sacramentales
690 1893 896 1956 consessiones
921 1889 1086 1967 excepisse,

344 1989 430 2052 iuxta
441 1990 592 2051 rationem
604 1988 753 2050 bacteuus
768 1986 961 2063 descriptam,
975 1999 990 2044 a
1005 1997 1088 2044 com-

344 2083 522 2162 petentibus
543 2082 694 2145 iudicibus
716 2091 746 2144 et
768 2078 974 2142 tribunalibus
994 2092 1087 2153 agen-

342 2177 418 2240 dum
439 2177 644 2239 deceruimus.
670 2174 727 2238 Sed
744 2174 888 2252 quoniam
909 2168 1086 2232 huiusmodi

341 2272 471 2348 crimen,
500 2277 608 2348 utpote
634 2269 863 2346 gravissimum,
885 2274 916 2326 et
943 2265 1016 2326 satis
1036 2281 1085 2325 su-

341 2381 459 2444 perque
480 2364 731 2443 irequeutatum,
754 2361 839 2422 omui
862 2359 980 2420 ratione
1000 2372 1085 2434 prae·

340 2458 523 2531 cavendum,
545 2464 589 2531 et,
605 2463 757 2534 quantum
778 2453 821 2515 las
836 2460 893 2527 est,
909 2469 924 2512 a
941 2451 1086 2514 Christia-

341 2565 380 2611 na
408 2548 573 2626 Republica
600 2548 826 2610 eliminandum
852 2544 1084 2623 extirpandum-

340 2661 401 2723 que
414 2643 503 2712 nobis
519 2659 585 2706 esse
596 2642 826 2719 cognoscimus;
848 2653 961 2701 novam
971 2639 1033 2702 ¹bac
1046 2637 1084 2699 de

339 2754 374 2799 re
394 2737 497 2815 legem
516 2754 533 2798 a
554 2736 641 2799 uobis
655 2743 802 2798 statutam
816 2749 872 2811 per
886 2731 1083 2810 apostolicam

338 2831 595 2894 constitutionem
615 2829 716 2911 (cuius
737 2827 915 2907 exemplum
938 2825 1083 2905 epistolae

338 2927 411 2988 buic
431 2927 586 2988 adnexum
613 2923 788 2986 fraternitas
810 2930 861 2983 tua
889 2919 1028 3000 accipiet)
1048 2920 1082 2980 in

337 3026 506 3096 posterum,
523 3025 590 3096 post
612 3024 674 3079 tres
688 3016 802 3078 scilicet
816 3030 938 3076 menses
952 3013 990 3075 ab
1003 3012 1082 3074 eius-

337 3110 407 3174 dem
429 3111 660 3174 constitutionis
681 3112 748 3172 data
769 3107 1000 3187 computandos,
1016 3121 1082 3166 om·

336 3206 412 3268 nino
432 3205 550 3290 servari
572 3206 658 3267 etad
681 3203 825 3265 ellectum
846 3201 971 3281 perduci
993 3216 1080 3261 man-

336 3301 454 3373 damus,
477 3299 595 3376 tibique
615 3297 757 3372 interim,
769 3294 957 3358 venerabilis
972 3294 1078 3368 irater,

334 3393 531 3471 apostolicam
552 3390 799 3454 benedictionem
813 3397 1009 3468 peramanter
1024 3388 1080 3449 im·

334 3487 500 3565 pertimur.

373 3579 487 3642 Datum
513 3577 638 3653 Romae,
668 3578 747 3656 apud
776 3576 807 3640 S.
838 3576 964 3639 Mariam
987 3574 1080 3638 llaio·

334 3687 412 3748 rem,
434 3673 494 3735 sub
513 3671 630 3734 annulo
651 3671 822 3746 Piscatoris,
849 3671 898 3732 die
921 3686 956 3730 ιι.
979 3683 1081 3744 augu-

333 3767 371 3829 sti
395 3782 571 3840 xmccxmr„
595 3762 704 3843 pontii.
728 3764 826 3826 nostri
846 3778 927 3825 anuo
943 3779 1020 3824 xvrr.

588 3965 826 3977 ———-——-t—

661 4144 749 4208 dxc.

333 4329 574 4396 celebrantibus
596 4333 738 4404 naissorn,
761 4335 821 4393 aut
841 4331 983 4410 fidelium
1005 4347 1076 4392 con-

371 4427 521 4508 sessiones
543 4423 788 4504 accipientibus,
799 4425 868 4487 aine
881 4423 1075 4487 sacerdotali

371 4520 568 4594 charactere,
598 4520 725 4582 sincera
746 4519 895 4582 criminis
921 4518 1074 4597 confessio

370 4616 461 4694 fucta
483 4615 518 4676 in
538 4615 642 4692 primo
664 4614 918 4693 interropotorio
932 4611 1074 4692 pancrati

369 4707 454 4770 nibil
475 4707 701 4788 suffocentura
723 4707 918 4779 decernitur,
943 4707 984 4768 ad
1005 4724 1074 4769 eoo-

370 4801 504 4865 dendam
514 4815 645 4879 poenam
661 4799 851 4862 traditionis
863 4798 993 4863 brachio
1007 4816 1073 4862 sac-

369 4895 496 4967 culari,
529 4893 685 4956 indictam
718 4892 754 4953 in
782 4890 1072 4954 constitutionibus

367 4986 560 5066 apostolicis.

458 5155 702 5225 sectaturus
723 5154 942 5225 [exsecres

512 5348 621 5400 servus
641 5348 795 5401 servorun
821 5333 884 5414 llei,

446 5454 482 5522 ed
504 5459 678 5538 perpetuen
700 5456 744 5522 rei
769 5456 946 5524 nemoriani.

122 5656 289 5703 mouentum.
366 5647 385 5721 5
408 5646 435 5706 l.
460 5645 644 5707 Divinarum
671 5645 940 5722 humanarumque
960 5643 1067 5721 legum

326 5739 462 5802 custodia
482 5739 660 5817 vigilantiae
681 5746 803 5801 nostrae
823 5737 995 5799 concredita
1010 5736 1068 5798 boc

326 5832 415 5896 nobis
436 5848 514 5895 onus
542 5833 689 5911 imponit,
712 5837 747 5894 ut
771 5839 802 5893 et
823 5831 941 5892 assiduo
965 5829 1067 5891 studio

325 5941 497 6000 caveamus
519 5940 560 5987 ue
580 5924 695 5986 scelera
715 5931 808 6003 atque
828 5923 941 5998 ilagitia
960 5927 1067 5983 contra

1815 533 1872 600 693
1923 534 1978 588 An.
1991 537 2022 590 0.
2042 534 2112 590 1757
2139 573 2145 583 .

1149 675 1228 754 ipsas
1249 673 1333 750 leges
1354 672 1592 736 committantur
1606 679 1636 733 et
1652 679 1686 734 ut
1701 687 1746 745 ea,
1763 682 1841 750 quae
1855 670 1892 732 ab

1149 766 1321 846 iniquitatis
1339 766 1409 828 filiis
1433 765 1602 845 perpetrari
1621 765 1792 842 contingat,
1811 765 1892 826 iusto

1148 877 1321 942 poenarum
1345 853 1459 936 rigore,
1482 857 1516 920 ad
1542 859 1674 921 iormam
1694 859 1891 921 sanctionum

1148 956 1257 1020 iisdem
1279 956 1399 1034 legibus
1413 954 1645 1032 adscripturum,
1659 953 1763 1032 puniri
1776 959 1808 1014 et
1822 952 1891 1014 vin-

1148 1049 1240 1112 dicari
1261 1064 1417 1112 curemus.
1836 1049 1838 1052 ’

1187 1143 1206 1218 5
1227 1143 1256 1204 2.
1280 1142 1361 1205 Sane
1376 1159 1431 1204 nos
1446 1142 1529 1217 alias,
1546 1140 1764 1219 gravissimum
1780 1156 1889 1202 eorum
1934 1156 2119 1220 elnonenses.
2187 1181 2188 1184 =

1147 1236 1296 1299 delictum
1319 1237 1515 1309 detestantes,
1531 1235 1584 1313 qui
1606 1235 1643 1296 ad
1665 1232 1888 1297 sacerdotalem
1909 1209 2122 1309 ἷξῖῗέἧῐῗιξοέἓῖἐζ

1146 1329 1292 1393 Ordinem
1313 1345 1377 1392 non
1399 1329 1532 1408 promoti
1562 1327 1723 1390 missarum
1746 1327 1889 1390 sacrificia
1909 1316 2047 1424 33¹3&ss
2069 1327 2120 1416 1³¹ssss

1145 1423 1319 1499 celebrare,
1341 1423 1480 1486 fidelium
1501 1422 1716 1487 confessiones.
1734 1423 1887 1503 excipere,
1908 1421 2121 1523 i'x'ifffssmainffi'

1146 1529 1177 1582 et
1197 1519 1410 1583 accedentibus
1431 1517 1467 1578 ad
1488 1519 1721 1581 eucharisticam
1749 1532 1885 1579 mensam
1907 1539 1937 1592 ap
1956 1528 2048 1586 prurio.
2070 1531 2120 1594 sa-

1146 1631 1257 1692 panem
1284 1633 1300 1676 a
1327 1631 1361 1676 se
1391 1615 1521 1678 nulliter
1551 1621 1763 1677 consecratum
1788 1613 1890 1674 distri·
1906 1582 1994 1680 urtam,
2011 1583 2121 1630 erueras-

1147 1709 1242 1771 buere
1262 1725 1337 1772 ausu
1360 1709 1522 1771 temerario
1538 1715 1785 1787 praesumerent3
1809 1706 1888 1768 edita

1145 1801 1377 1876 constitutione,
1393 1818 1470 1879 quae
1481 1799 1605 1878 incipit:
1623 1799 1774 1862 Sacerdos
1789 1799 1824 1859 in
1839 1815 1889 1860 ac-

1146 1899 1286 1958 ternum:
1299 1897 1366 1958 data
1378 1911 1436 1956 xxx.
1450 1894 1595 1956 kalendas
1609 1893 1679 1954 maii
1695 1907 1776 1953 anuo
1790 1893 1887 1954 lucar·

1145 1990 1276 2052 nationis
1299 1988 1471 2051 dominicae
1495 2004 1667 2050 mcccxxxv.
1692 1986 1888 2065 pontificatus

1144 2082 1241 2144 nostri
1263 2099 1318 2157 ιι,
1335 2081 1525 2160 antiquiores
1545 2082 1813 2158 praedecessorum
1834 2095 1888 2140 no·

1142 2183 1280 2238 strorum
1301 2176 1511 2237 Romanorum
1536 2175 1718 2236 Pontificum
1740 2175 1887 2237 coustitu-

1143 2269 1412 2332 tiouesadversus
1426 2268 1518 2332 buius
1533 2269 1657 2344 generis
1671 2267 1887 2345 delinquentes

1142 2362 1326 2440 iampridem
1347 2363 1443 2424 editas
1456 2362 1676 2425 confirmantes
1691 2369 1721 2421 et
1736 2361 1887 2422 innovan-

1141 2461 1199 2530 tes,
1211 2456 1387 2534 complures
1401 2454 1473 2516 alias
1484 2454 1703 2517 declarationes
1714 2463 1806 2532 atque
1817 2469 1887 2514 cau-

1142 2548 1216 2610 telas
1241 2548 1424 2623 addidimus,
1449 2550 1486 2610 ad
1511 2547 1736 2610 eliminandum
1757 2563 1773 2606 a
1799 2546 1885 2608 Clivi-

1140 2643 1237 2703 stiana
1260 2641 1425 2720 Republica
1440 2641 1624 2718 sacrilegum
1645 2641 1793 2702 eiusmodi
1815 2639 1886 2701 iaci-

1141 2753 1200 2798 nus
1220 2738 1356 2798 maxime
1370 2745 1569 2816 opportunas,
1584 2751 1663 2814 quae
1684 2735 1827 2796 distincte
1843 2735 1883 2796 le·

1140 2831 1170 2907 gi
1192 2839 1321 2910 possunt
1347 2831 1489 2893 incitata
1515 2830 1737 2892 constitutione
1766 2838 1881 2902 nostra,

1139 2925 1284 3002 impressa
1300 2925 1333 2986 in
1345 2924 1479 2988 Bullario
1495 2931 1612 2998 nostro,
1631 2921 1712 2984 Toni.
1727 2924 1765 2993 l,
1779 2941 1811 2984 n.
1824 2921 1879 2983 97.

1178 3019 1196 3092 5
1216 3019 1247 3080 3.
1269 3019 1322 3080 llis
1344 3027 1447 3080 tamen
1462 3017 1643 3096 ampliorem
1655 3017 1881 3094 providentiam
1926 3038 1995 3082 nova
2014 3003 2116 3094 utrovis.¹

1138 3127 1222 3174 nunc
1242 3111 1448 3191 superaddere
1462 3113 1614 3186 cogimur,
1631 3117 1665 3172 ut
1680 3109 1761 3173 aliud
1783 3110 1881 3171 deliu·
1899 3089 2112 3202 fflfffssffigffi

1137 3205 1305 3284 quentibus
1321 3204 1469 3282 eliugium
1485 3204 1525 3265 ibi
1538 3220 1603 3266 non
1617 3204 1833 3278 enxxnciatum,
1850 3211 1880 3266 et
1899 3208 1969 3299 333⁰
1989 3199 2113 3246 ¹⁰¹³⁰l³¹¹·

1136 3298 1173 3360 ab
1194 3300 1315 3360 invecta
1335 3300 1451 3360 sensim
1472 3299 1504 3359 in
1528 3297 1732 3360 tribunalibus
1753 3314 1881 3360 consue·
1949 3289 1954 3299 ’

1137 3392 1247 3455 tudine
1267 3393 1327 3454 iam
1350 3393 1422 3473 ipsis
1444 3408 1522 3470 pene
1543 3407 1735 3468 concessum,
1748 3407 1809 3470 quo
1830 3394 1881 3454 de-

1136 3485 1212 3546 bitas
1233 3485 1292 3548 sibi
1319 3485 1475 3561 graviores
1500 3500 1613 3562 poenas
1640 3484 1781 3564 plerique
1812 3501 1882 3547 eva-

1136 3579 1208 3640 dere
1228 3588 1353 3657 possent
1374 3595 1435 3640 uua
1457 3593 1527 3640 cum
1551 3578 1678 3640 caeteris
1692 3593 1747 3655 per
1768 3578 1879 3639 dictam

1135 3671 1388 3735 constitutionem
1420 3680 1557 3734 nostram
1588 3671 1732 3748 sublatis,
1765 3671 1880 3751 pariter

1133 3765 1314 3827 adimamus.

1173 3861 1242 3938 §la
1267 3860 1450 3923 invenimus
1470 3861 1622 3940 siquidem
1653 3860 1737 3922 bunc
1758 3875 1878 3922 morem
1910 3885 2109 3944 Benignaagan.

1134 3954 1282 4016 hacteuus
1302 3954 1460 4016 observari
1480 3954 1687 4029 consuevisse,
1711 3961 1745 4016 ut
1759 3955 1784 4015 si
1806 3970 1878 4016 reus
1895 3937 2108 4043 fflismjgncigffi

1133 4051 1330 4124 constitutus,
1351 4065 1451 4127 quum
1471 4050 1639 4128 primumn
1662 4051 1761 4130 iudice
1782 4051 1877 4113 inter·
1895 4055 2108 4149 isstssffaffimrm‘

1132 4151 1257 4221 rogatus
1278 4142 1384 4217 luerit,
1407 4160 1445 4205 au
1467 4144 1540 4206 sciat
1566 4161 1625 4223 qua
1646 4143 1683 4206 de
1704 4160 1791 4206 causa
1813 4161 1876 4206 car-
1894 4162 1939 4216 oro
1966 4115 2107 4204 οοιιιιῗῖιω

1131 4237 1253 4298 ceribus
1274 4236 1411 4300 inclusus
1430 4239 1482 4311 sit,
1501 4246 1607 4316 aperte
1626 4245 1657 4300 et
1677 4239 1803 4300 candide
1824 4240 1875 4301 de·
1894 4206 1954 4253 ‘¹¹⁰⁰
1973 4215 2070 4267 recepta

1133 4330 1242 4393 lictum
1262 4345 1355 4392 suum
1383 4329 1516 4393 fateatur
1537 4341 1568 4393 et
1589 4339 1712 4407 narret3
1741 4339 1816 4394 tunc
1838 4334 1873 4408 is,

1132 4424 1228 4487 veluti
1240 4433 1349 4502 sponte
1361 4424 1529 4500 confessus,
1541 4425 1577 4488 ad
1589 4426 1787 4488 obtinendam
1805 4443 1874 4506 poe·
1908 4457 1910 4464 v

1131 4533 1190 4579 nae
1211 4517 1450 4579 minorationem
1461 4518 1658 4593 babilitetur3
1681 4522 1760 4597 quod
1783 4522 1874 4582 nimi·

1131 4627 1202 4673 rum
1224 4627 1260 4673 eo
1275 4612 1395 4687 recidit,
1413 4621 1447 4675 ut
1461 4615 1496 4676 ad
1513 4614 1679 4688 Triremes,
1695 4613 1745 4676 vel
1759 4613 1793 4674 ad
1810 4630 1874 4677 car-

1130 4718 1232 4766 cerem
1254 4712 1403 4785 perpetuo
1417 4707 1594 4782 damnetur,
1606 4706 1657 4769 sed
1679 4721 1873 4786 nequaquam

1130 4796 1196 4858 loro
1217 4797 1365 4860 saeculari
1386 4793 1536 4876 tradatur,
1560 4806 1715 4879 tamquam
1737 4801 1872 4878 capitalis

1130 4891 1268 4952 oriminis
1303 4908 1392 4976 reus;
1425 4892 1687 4970 quemadmodum
1720 4895 1872 4973 praelatae

1129 4985 1395 5060 praedecessorum
1418 4991 1597 5048 nostrorum
1622 4987 1869 5064 constitutiones

1129 5079 1310 5142 anobismet
1331 5073 1413 5155 ipsis,
1430 5086 1464 5140 ut
1485 5095 1576 5159 supra
1598 5079 1744 5155 diximus
1760 5083 1871 5143 condr-

1129 5181 1228 5235 matae
1242 5179 1273 5234 et
1287 5173 1452 5234 innovatae
1466 5171 1695 5250 praescribuut;
1719 5175 1765 5236 uti
1780 5174 1870 5238 latius

1128 5285 1144 5328 ι
1167 5267 1254 5329 nobis
1275 5267 1449 5344 expositum
1461 5273 1507 5328 est
1529 5267 1560 5328 in
1577 5269 1702 5345 epistola
1717 5270 1870 5348 encyclica

1127 5359 1162 5422 ad
1185 5360 1346 5422 antistites
1367 5359 1543 5422 ordinarios
1565 5359 1716 5436 locorum,
1739 5371 1770 5425 et
1790 5364 1868 5426 iudi-

1126 5469 1175 5516 ces
1196 5453 1229 5515 in
1251 5453 1306 5514 bac
1327 5452 1455 5514 materia
1478 5462 1707 5533 competentes,
1729 5457 1785 5518 bac
1804 5459 1867 5536 ipsa

1125 5547 1173 5609 die
1194 5561 1251 5625 per
1271 5562 1326 5608 uos
1350 5545 1427 5607 data.

1164 5640 1233 5719 §tt
1256 5639 1357 5713 Quum
1373 5648 1488 5702 autem
1510 5639 1699 5719 experientia
1727 5658 1868 5722 comper·
1911 5662 2001 5708 cauom
2017 5663 2096 5712 aetrn-

1124 5743 1192 5798 tum
1213 5733 1319 5808 luerit,
1343 5734 1504 5812 plerosque
1525 5736 1673 5812 reos‚qui
1687 5737 1865 5799 sacerdotali
1884 5716 2096 5828 ἕξθᾏῇζῗῃίῗξζ

1123 5827 1297 5890 charactere
1330 5835 1471 5889 carentes
1499 5827 1622 5888 missum
1652 5829 1846 5893 celebrarunt
1883 5805 2011 5881 pilataque
2027 5837 2096 5882 praa-

1122 5927 1177 5982 aut
1197 5928 1427 5983 sacramentum
1440 5919 1650 5983 Paenitentiae
1664 5923 1794 5986 nulliter
1808 5878 1865 5988 miZ
1883 5881 1942 5924 sm
