4732 7014
355 563 408 616 tn.
423 565 453 617 c.
475 563 542 617 1742
591 561 631 622 till

573 697 700 760 binensc
727 697 861 760 dicitur.
887 694 953 758 Sub
974 712 1007 755 eo
1031 699 1125 756 erant
1148 691 1315 768 Arebiepl-

572 791 656 866 scopi
678 797 707 852 ct
732 791 879 868 Episcopi
908 795 1090 868 sequentes.-
1113 803 1134 848 ι.
1165 785 1252 862 Tpri,
1277 803 1312 846 ιι.

573 881 734 954 Damasci,
758 885 990 960 111.llppr·i,1v.
1009 881 1110 958 Alopi,
1133 897 1163 940 v.
1189 880 1313 954 Bcrpti,

572 993 615 1038 ιιι.
644 976 792 1054 Tripolis,
815 993 870 1038 vu.
886 976 991 1046 Botrl,
1008 991 1076 1036 ιιιι.
1094 975 1158 1036 Ace
1171 989 1227 1035 seit
1243 973 1315 1034 Pto-

573 1069 737 1139 lemuidis,
775 1086 819 1130 ιιι.
854 1070 1041 1140 Laodiceae,
1074 1083 1104 1128 x.
1139 1067 1313 1144 Apameae,

573 1185 618 1230 ιιι.
656 1168 769 1237 Areae,
806 1181 864 1226 xu.
901 1162 1001 1234 Edon,
1038 1178 1110 1223 ιιιιι.
1149 1159 1313 1237 Sareplae,

572 1277 638 1324 xiv.
668 1259 839 1329 Ponendis,
872 1275 925 1319 xv.
957 1257 1100 1325 Lislrae,
1123 1272 1179 1315 secr
1209 1251 1314 1330 prli,

573 1373 636 1420 ιιιι.
661 1355 818 1432 Neapolis.
846 1354 904 1416 Scd
927 1353 961 1413 in
986 1350 1109 1428 Spnodo
1129 1348 1248 1413 Montis
1264 1347 1318 1408 Li·

573 1449 648 1512 bani
671 1450 720 1511 die
743 1463 819 1510 xxx.
841 1443 1027 1525 septembris
1042 1459 1241 1507 unccxxxvi.
1267 1441 1316 1503 dc-

572 1550 742 1605 creoerunt
763 1549 882 1619 batres,
905 1547 943 1601 ul
964 1539 1205 1604 Maronitarum
1235 1537 1316 1598 dioe-

572 1652 651 1698 ceses
666 1636 701 1696 in
720 1641 881 1712 posterum
896 1633 938 1695 ad
953 1639 1021 1693 octo
1045 1637 1175 1692 lantum
1198 1629 1317 1708 radipe-

573 1735 706 1802 rcntur,·
728 1728 817 1790 salcd
839 1726 916 1787 Brito
944 1724 979 1786 ll.
1003 1723 1218 1786 Patriorcboe
1242 1723 1317 1800 lipi-

571 1839 677 1900 scopos
698 1821 870 1882 noroetallos
893 1820 1047 1881 titularis
1069 1817 1244 1881 ordinandi
1265 1833 1317 1894 po-

572 1921 707 1989 teslele;
727 1913 872 1976 videlicet
895 1930 917 1973 1.
943 1913 1045 1988 Alcpi,
1067 1927 1123 1972 seu
1145 1911 1264 1972 Beroae
1285 1917 1315 1972 et

572 2009 792 2074 adiacentium
814 2009 966 2077 locorum,
988 2023 1023 2068 ιι.
1046 2006 1182 2082 Tripolis
1203 2004 1316 2082 (buires

572 2103 738 2182 Pontificis
750 2100 938 2162 iurisdictio
955 2099 1147 2161 entendilur
1162 2117 1180 2161 a
1198 2098 1316 2175 Tripoli

572 2203 601 2258 et
626 2195 719 2259 lania
740 2194 781 2256 od
809 2193 926 2254 Arcam
955 2192 1140 2263 Belcarum,
1171 2191 1316 2254 Aradum

576 2289 808 2358 Ortbosiadcm,
827 2284 995 2356 Gabalein,
1017 2286 1204 2348 Laodiceam
1219 2301 1317 2361 respice

573 2383 615 2446 ad
635 2383 728 2461 finem
750 2380 867 2460 Alepi),
891 2397 938 2442 ιιι.
957 2379 1049 2456 prli
1064 2385 1095 2440 el
1110 2379 1221 2450 Botri‚
1242 2378 1318 2457 (bu-

572 2479 625 2539 ius
655 2475 843 2538 iurisdictio
878 2474 1070 2536 detenditur
1099 2475 1134 2534 in
1167 2473 1316 2533 dioeceses

574 2567 667 2646 prli
690 2575 719 2630 et
743 2567 847 2638 Botri,
872 2565 1009 2636 Acurac,
1040 2563 1264 2626 Dairalamari
1286 2571 1316 2634 et

573 2662 712 2743 capionis
723 2656 1319 2739 llisur·up‘ac),1v.HeliopolisseuBuol-

573 2755 645 2820 boob
681 2755 800 2833 (luins
834 2752 1022 2815 iurisdictio
1057 2751 1248 2814 ostenditur
1282 2750 1317 2811 in

573 2850 721 2911 dioeceses
743 2847 914 2928 Heliopolis
930 2853 959 2907 et
975 2845 1185 2908 Plolbucloae
1205 2845 1240 2905 in
1256 2845 1317 2919 Bp·

572 2943 701 3005 blieusis
714 2941 853 3021 regionis
869 2940 1017 3018 corsinio,
1030 2947 1059 3000 et
1076 2939 1228 3001 dimidiae
1243 2953 1317 3014 par·

574 3037 617 3098 tis
639 3035 774 3096 ditionis
798 3033 999 3104 Gaairensis,
1022 3033 1116 3093 cuius
1139 3037 1236 3108 capul
1254 3032 1317 3093 llu-

572 3135 623 3191 sla
639 3133 669 3189 el
685 3126 809 3205 Gazir),
829 3144 858 3185 v.
876 3126 1026 3188 Damasci
1048 3123 1161 3203 (buius
1184 3123 1317 3186 iurisdi-

573 3224 635 3283 ctio
650 3221 842 3282 calenditar
852 3221 887 3280 in
900 3218 1063 3280 dioecesim
1076 3215 1316 3288 Danousccnam,

573 3331 695 3375 necnon
716 3314 898 3390 amplietur
918 3311 960 3374 ad
981 3313 1119 3374 altorum
1149 3311 1317 3374 dimidiam

573 3416 697 3486 partem
725 3407 860 3469 ditionis
888 3405 1075 3468 Gaeirensis
1106 3406 1198 3466 cuius
1221 3413 1316 3482 copul

574 3509 621 3563 est
647 3500 794 3581 Apellen,
822 3500 1047 3577 complectitur
1073 3507 1237 3576 praetereo
1262 3501 1319 3562 Ca-

576 3591 720 3656 sconlam
745 3589 1026 3664 Zac-Clarubam,
1049 3599 1078 3652 ct
1108 3589 1316 3671 Zabbupam),

574 3704 617 3748 ιι.
638 3687 734 3763 Gppri
756 3685 870 3764 (buius
891 3685 1080 3746 iurisdictio
1095 3685 1319 3761 conrplcctilnr

575 3779 727 3852 uniuersa
750 3778 877 3840 insulae
899 3777 1148 3847 illiuscaelclln‚
1172 3794 1209 3837 ao
1230 3792 1319 3853 prae-

577 3880 661 3935 terea
683 3873 718 3932 in
744 3869 924 3932 Gbesroanci
952 3868 1192 3950 rcpiouelonbet
1221 3869 1321 3931 Becca-

575 3967 690 4046 [ajom
714 3962 994 4035 Bal-scbcbubom,
1021 3979 1189 4040 eorumque
1210 3963 1317 4034 villos,

575 4073 695 4119 necnon
716 4058 810 4120 uillas
836 4056 1043 4119 Cbcsrocuiao
1064 4073 1162 4134 respiro
1183 4056 1224 4118 ad
1245 4071 1320 4133 pon-

576 4159 637 4214 tem
660 4151 798 4232 Beryti),
821 4167 876 4212 vu.
899 4149 1146 4230 dirumpemur
1168 4149 1319 4210 iurisdic-

575 4246 621 4307 tio
642 4243 834 4306 calenditur
848 4261 868 4305 a
884 4243 1002 4321 Berpto
1024 4258 1122 4320 cisque
1136 4241 1177 4304 ad
1193 4241 1320 4306 Malla·

575 4353 662 4410 uam‚
685 4345 715 4399 et
740 4337 904 4408 Giordam,
928 4343 956 4396 el
980 4333 1166 4414 Alparbant,
1184 4342 1214 4396 et
1232 4335 1319 4398 Scia-

575 4431 708 4494 cltarom
737 4429 923 4502 Mallianac,
947 4435 976 4490 et
1004 4428 1166 4507 usquead
1193 4436 1317 4506 porolem

576 4524 683 4586 Flauii
712 4521 790 4586 Gadi
815 4540 871 4584 seu
898 4521 1067 4600 Tamyris),
1095 4538 1163 4583 ιιιι.
1193 4521 1267 4598 Tpri
1289 4529 1317 4582 ct

578 4616 703 4678 Sidonis
731 4615 850 4697 (luicis
879 4616 1066 4677 iurisdictio
1095 4615 1319 4692 cornplcctilur

578 4708 736 4782 Sidonem,
767 4710 896 4786 Tprum,
920 4723 1090 4785 carentque
1120 4708 1225 4778 uillas,
1249 4723 1319 4766 uco-

575 4817 639 4862 nou
663 4801 923 4880 Supb-Bacnam,
945 4801 1059 4864 collem
1086 4800 1205 4862 chiuae
1219 4806 1249 4860 el
1264 4800 1319 4862 ad-

575 4894 715 4958 iacentes
738 4902 841 4958 terras
857 4914 876 4958 a
891 4895 990 4974 dacio
1017 4894 1146 4971 Tomyri
1168 4893 1318 4971 usquead

875 5073 884 5094 Ι

776 5105 791 5142 0

556 5196 558 5206 ,
575 5150 720 5207 ceptionem
735 5149 905 5196 sacramenti.
929 5149 999 5194 Nulli
1013 5152 1102 5195 nutem
1118 5149 1197 5194 alteri
1212 5150 1319 5206 permit·

575 5219 656 5272 tatixr,
671 5221 728 5262 tum
743 5216 770 5261 in
785 5217 899 5271 Oriente,
914 5219 971 5260 lum
986 5216 1013 5260 in
1028 5217 1195 5260 Occidente.»

615 5287 653 5328 12.
666 5309 691 5316 -
701 5288 799 5329 Eadem
809 5288 882 5329 Part.
894 5287 919 5332 2,
934 5287 993 5335 Cap.
1004 5287 1042 5332 11,
1055 5295 1130 5328 reticii.
1140 5289 1181 5332 35,
1190 5295 1251 5336 paup.
1263 5290 1315 5333 161,

572 5359 634 5404 post
648 5357 741 5398 uerba:
756 5352 900 5397 «onmium
916 5351 950 5396 sit
961 5361 984 5394 »ι
995 5356 1116 5396 ommatiu-
1129 5355 1238 5396 cereum
1247 5367 1259 5392 c
1268 5355 1319 5398 tca-

575 5419 648 5474 ditio,
658 5435 670 5458 »
683 5425 706 5463 ct
718 5425 843 5473 portatur

613 5501 626 5526 «
636 5486 807 5530 Consuetudo.
819 5501 831 5526 s

616 5557 653 5596 13.
668 5577 694 5584 -
708 5554 806 5598 Eadem
821 5556 893 5597 Part.
909 5557 933 5596 el
949 5555 1019 5605 Cap..
1037 5563 1112 5596 utera.
1129 5556 1169 5602 -17,
1184 5564 1246 5606 pap.
1265 5559 1316 5604 171,

572 5625 634 5674 post
648 5623 744 5664 amba:
758 5619 942 5677 «apostolicae
957 5619 1029 5664 Sedis
1040 5629 1066 5662 »ε

614 5701 627 5728 «
636 5685 819 5734 Antiochinae.
831 5702 844 5727 ι

616 5757 653 5798 ll.
669 5777 695 5786 —
711 5757 783 5800 Part.
799 5761 823 5803 3,
843 5758 903 5808 Cap.
919 5761 943 5803 5.
967 5767 1043 5798 nictu.
1064 5759 1087 5800 3.
1106 5765 1168 5807 pap.
1186 5756 1243 5802 966,
1259 5761 1320 5808 post

576 5824 671 5866 uerba:
685 5825 829 5867 «accurate
843 5821 978 5867 observari
988 5832 1013 5864 s:

615 5904 628 5930 c
639 5887 768 5934 similiter
782 5901 828 5946 per
846 5893 942 5934 Rinum
958 5893 983 5934 D.
999 5889 1182 5935 Patriarcham
1197 5891 1259 5936 taxa
1273 5890 1320 5935 liat

577 5955 824 6012 emolumentorum,
844 5967 912 6012 quae
932 5956 1066 6014 percipere
1087 5957 1154 6002 solet
1175 5957 1203 6001 in
1221 5968 1320 6004 conces·

1090 574 1155 619 lun.
1180 572 1270 618 PONT.
1294 573 1334 618 ut
1355 575 1383 618 P.
1408 575 1437 619 F·
1462 577 1544 621 PARS
1566 577 1587 621 1.

2146 561 2199 617 An.
2212 565 2239 618 e.
2258 570 2313 626 itm

1370 690 1401 754 S.
1421 693 1592 756 Civitatem
1609 695 1833 777 Hierusalem).
1857 699 1920 763 Nos
1937 697 2116 777 subscripti

1370 786 1453 848 barte
1474 787 1649 850 dioecesum
1671 789 1934 854 distributionem
1959 791 2118 870 approba·

1369 895 1451 940 mus.
1474 879 1596 942 Dulium
1618 881 1652 942 in
1670 881 1701 945 S.
1720 883 1833 946 nostrii
1854 885 1978 961 Spnodo
2000 887 2036 948 in
2052 902 2116 946 mo-

1370 974 1514 1035 nasterio
1536 973 1692 1052 Dcipurae
1708 977 1743 1038 de
1759 979 1873 1041 loaisa
1896 980 1946 1042 dle
1961 995 2040 1040 xxx.
2051 997 2118 1057 sep-

1371 1065 1501 1128 tembris
1537 1086 1736 1132 uoccxxxri.
1771 1072 1877 1149 losepb
1909 1072 2026 1134 Petrus
2056 1073 2119 1136 Pa·

1372 1159 1520 1222 trioreba
1551 1163 1752 1226 Aietioebioe.
1788 1163 1916 1228 Gabriel
1949 1165 2116 1242 Sareplae.

1372 1251 1497 1314 Simeon
1522 1253 1680 1318 Damasci.
1711 1256 1848 1321 Abdolla
1875 1258 1998 1336 Berpti.
2024 1259 2118 1322 Elias

1372 1345 1483 1408 Areae.
1508 1347 1652 1411 Basilius
1686 1349 1832 1428 Tripolis.
1867 1351 2034 1430 Pltilippns
2056 1351 2119 1429 Lp-

1371 1445 1466 1502 struc.
1494 1440 1674 1518 Steplucnus
1697 1443 1800 1506 Botri.
1827 1442 1956 1507 Gabriel
1978 1449 2052 1508 Aeo.
2073 1449 2120 1508 lo-

1372 1531 1493 1594 bannes
1508 1531 1690 1598 Laodiceae.
1713 1538 1861 1616 ipreatius
1883 1539 1967 1616 Tpri.
1986 1539 2117 1602 Gabriel

1373 1624 1473 1703 Alepi.
1499 1625 1634 1690 Micltael
1656 1629 1825 1693 Ponendis.
1849 1629 1959 1694 Tobiae
1977 1631 2088 1710 Cypri.

1411 1721 1430 1794 ἓ
1451 1721 1479 1781 le.
1504 1723 1548 1784 Ad
1565 1723 1704 1800 primum
1719 1731 1823 1785 aulem
1839 1741 2022 1804 responsum
2037 1727 2114 1789 luit:
2172 1749 2219 1793 con
2239 1754 2329 1806 repant

1371 1812 1738 1890 appretiationem
1762 1817 1907 1890 SSrieum,
1930 1819 1985 1898 qui
2008 1820 2120 1900 digne·
2138 1801 2177 1846 nis
2191 1760 2310 1851 lubiorum.
2339 1826 2340 1850 ¹

1373 1913 1430 1967 tur
1451 1907 1517 1968 alio
1538 1909 1627 1970 modo
1641 1911 1807 1986 procidere
1822 1911 1948 1974 domino
1963 1913 2117 1976 Patrior-

1372 1998 1458 2061 cbae.
1483 1999 1527 2062 Ad
1543 2004 1716 2065 secundum
1731 2004 1825 2064 etiarn
1839 2021 2023 2084 responsum
2038 2005 2116 2067 luit:

1373 2091 1435 2152 Pro
1446 2091 1673 2170 approbatione
1684 2097 1816 2158 careonis
1829 2097 2055 2160 demandcutis
2071 2115 2119 2160 re·

1371 2185 1546 2248 sideralium
1579 2189 1819 2265 Episcoporum‚
1852 2197 1882 2252 et
1911 2192 1952 2254 ad
1980 2190 2117 2254 SSrioum

1372 2278 1474 2354 quoad
1506 2287 1657 2342 conlevita
1680 2282 1715 2341 ia
1744 2283 1921 2359 Appendice
1950 2285 2026 2362 Cap.
2051 2301 2116 2346 ιιιι.

1371 2372 1406 2430 ia
1429 2389 1488 2448 puo
1502 2381 1733 2450 proponuntur
1747 2375 2071 2454 Metropolitanorum
2087 2385 2118 2440 et

1373 2461 1602 2540 Episcoporum
1636 2467 1876 2530 Maronitarum
1908 2470 1992 2532 sedes
2022 2475 2052 2532 et
2079 2471 2120 2532 li-

1372 2558 1476 2619 miles.

1412 2651 1431 2724 ἓ
1451 2651 1480 2711 5.
1505 2650 1566 2713 Nos
1588 2654 1696 2731 igilur,
1719 2657 1771 2734 qui
1794 2656 1874 2719 nibil
1896 2665 2038 2735 optamus
2061 2657 2118 2720 im·
2171 2672 2328 2734 conuncu-

1372 2744 1514 2821 pensius,
1543 2763 1637 2824 quam
1665 2757 1699 2810 ut
1728 2749 1929 2813 ecclesiastica
1956 2751 2118 2830 disciplina
2138 2730 2327 2834 Βξῐρῗῗιιῖξξωῖξ

1372 2853 1427 2914 per
1449 2837 1632 2902 universum
1654 2843 1839 2907 catholicum
1860 2845 1967 2906 orbem
1983 2845 2035 2907 ubi
2050 2845 2118 2923 qui-
2138 2843 2256 2930 {inscenso
2271 2833 2327 2878 ‘⁰¹¹⁶'

1373 2931 1443 2992 dem
1464 2931 1585 3007 integra
1606 2933 1692 3011 viget
1711 2938 1808 3014 magis
1823 2939 1982 3018 magisque
2003 2940 2118 3002 conlin-
2172 2921 2178 2941 '

1373 3031 1496 3099 melun,
1529 3025 1582 3088 ulii
1603 3043 1680 3089 xero
1710 3031 1840 3110 collapsa
1867 3039 1914 3094 est
1941 3042 2119 3111 opportune

1374 3117 1582 3196 instauretur,
1605 3128 1640 3182 ut
1655 3122 1686 3183 in
1702 3125 1793 3185 rebus
1809 3127 1885 3188 tanti
1900 3127 2055 3190 momenti
2071 3127 2117 3202 ea,

1372 3227 1431 3288 qua
1455 3227 1531 3289 opus
1552 3221 1610 3288 est,
1633 3216 1762 3292 consilii,
1789 3220 1975 3281 maturitatis
1996 3228 2028 3282 et
2049 3236 2120 3281 exa-

1374 3303 1468 3364 minis
1488 3305 1609 3368 ratione
1629 3308 1879 3387 procederemus,
1910 3328 2004 3374 venn.
2029 3311 2120 3374 fratri

1374 3403 1480 3458 nostro
1501 3396 1668 3462 Vincentio
1690 3401 1768 3464 sui.
1787 3403 1821 3464 E.
1846 3405 1997 3482 praelatae
2012 3406 2120 3470 Cardi-

1373 3489 1436 3552 nali
1458 3491 1548 3555 Petra
1574 3505 1753 3573 nuncupato
1774 3497 1914 3562 eiusdem
1942 3500 2122 3577 Congrege-

1374 3584 1467 3645 tionis
1488 3585 1702 3664 propagandae
1716 3590 1800 3653 Fidei
1822 3591 1974 3670 praelecto
1989 3594 2122 3656 commi·

1374 3676 1482 3753 simus,
1499 3687 1546 3752 ut,
1562 3687 1725 3759 postquam
1739 3699 1810 3745 oum
1825 3687 1922 3747 dictae
1938 3687 2059 3764 Synodi
2074 3704 2121 3750 re·

1375 3769 1526 3832 risoribus
1547 3772 1677 3850 aliisque
1699 3793 1804 3838 rerum
1823 3779 2044 3842 Maronitarum
2069 3796 2122 3859 pe·

1374 3862 1440 3924 ritis
1454 3879 1549 3942 super
1563 3868 1737 3943 praemissis
1749 3872 1976 3934 accuratissime
1990 3875 2119 3950 egisset,

1374 3955 1408 4016 ad
1431 3973 1487 4018 nos
1507 3959 1647 4021 referret.
1672 3963 1824 4036 Quoniim
1846 3968 2026 4044 autemipse
2041 3984 2117 4030 ven.

1374 4048 1468 4111 irater
1489 4061 1595 4115 noster
1610 4054 1794 4118 Vincentius
1809 4058 1987 4135 Cardinalis,
2004 4061 2120 4125 auditis

1375 4147 1562 4210 revisoribus
1576 4148 1715 4228 aliisque,
1729 4157 1763 4212 ut
1774 4153 1996 4230 praemittitur,
2009 4171 2119 4218 rerum

1374 4238 1594 4302 lieronitarum
1622 4241 1730 4318 peritia
1756 4245 1935 4322 instructis,
1958 4249 2119 4327 erutisque

1374 4349 1412 4393 ex
1434 4333 1570 4394 archivio
1594 4333 1692 4396 dietae
1725 4337 1978 4414 eongrcgationis
2005 4341 2118 4421 Propa-

1374 4426 1491 4502 gandae
1512 4427 1595 4488 Fidei
1624 4427 1835 4506 documentis,
1859 4431 1958 4510 iisque
1981 4434 2117 4498 invicem

1374 4518 1528 4598 expensis
1550 4521 1586 4582 ad
1608 4536 1664 4581 nos
1684 4522 1807 4598 retulit,
1836 4523 2004 4587 oblationes
2026 4543 2117 4605 pecu-

1374 4611 1485 4674 niarias
1513 4612 1563 4673 vel
1589 4612 1715 4676 alterius
1736 4615 1780 4676 rei
1808 4619 2026 4694 praestationes
2049 4621 2118 4683 lieri

1373 4706 1499 4784 quidem
1520 4714 1660 4786 tempore
1675 4716 1705 4770 et
1716 4709 1870 4772 occasione
1892 4709 2118 4776 distributionis

1373 4815 1531 4862 sacrorum
1553 4801 1710 4879 Oleorum,
1733 4807 2038 4880 1·everaesse,utah
2059 4808 2118 4870 ini·

1374 4891 1417 4953 tio
1432 4899 1574 4972 caeptum
1589 4893 1659 4970 luit,
1676 4895 1867 4974 pecuniarias
1881 4897 2051 4961 oblationes
2067 4901 2118 4962 vel

1373 5151 1491 5196 sionibus
1510 5151 1734 5209 dispensationum
1753 5153 1941 5211 cuiuscumque
1957 5155 2070 5210 genecio,
2087 5167 2118 5201 ac

1325 5232 1328 5239 ·
1373 5219 1511 5276 praecipue
1523 5219 1769 5274 matrimonialium,
1777 5221 1872 5277 quibus
1883 5225 1971 5266 tamen
1981 5221 2051 5266 circa
2060 5233 2118 5279 gra-

1373 5287 1421 5330 dus
1435 5286 1682 5343 consanguinitatis,
1696 5287 1833 5332 affinitatis
1847 5291 1874 5332 et
1890 5289 2054 5343 cognationis
2069 5289 2118 5346 spi·

1373 5353 1480 5400 ritualia
1494 5353 1650 5399 constitutio
1664 5354 1805 5399 Clementis
1819 5357 1881 5398 vill.
1897 5355 2003 5400 omiuno
2015 5359 2055 5401 est
2066 5368 2118 5401 scr·

1373 5421 1489 5465 vanida.»

1414 5493 1451 5532 15.
1467 5512 1493 5520 -
1509 5493 1581 5533 Part.
1598 5493 1622 5536 3,
1646 5489 1707 5541 Cap.
1724 5493 1746 5536 6,
1770 5499 1844 5532 rocceio.
1861 5490 1886 5535 t’,
1905 5500 1967 5542 pau.
1984 5491 2040 5537 261,
2055 5495 2117 5543 past

1374 5559 1499 5600 certiora:
1512 5572 1526 5597 «
1536 5556 1645 5612 Negotia
1655 5565 1681 5599 »z

1413 5623 1530 5678 «tsalvis
1545 5628 1633 5668 tariien
1647 5622 1734 5668 causis
1748 5623 1780 5668 ad
1796 5622 1882 5666 solum
1897 5625 2044 5678 Romanum
2055 5627 2116 5669 Pon·

1375 5691 1472 5737 lillcem
1487 5691 1682 5749 spectantibus).
1694 5707 1707 5732 »

1547 5827 1572 5868 V.
1589 5827 1666 5869 canu.
1682 5827 1780 5876 Panna,
1796 5826 1956 5872 Praefectus.

1596 5907 1735 5949 l'umxeeus
1745 5915 1778 5948 uu
1788 5905 1933 5959 eleusinus,
1944 5906 2114 5949 secretarius.
