4764 6972
332 513 431 573 Aac.
453 521 521 574 tata
573 522 610 586 78

551 679 664 727 nerum
686 663 790 728 ollerri
804 667 954 743 candelas,
968 665 1086 741 odores,
1104 665 1245 730 adiuncta
1261 664 1293 726 in

549 758 695 820 schedula
716 757 815 822 debiti
836 761 1051 824 declaratione.

591 867 620 912 v.
645 853 875 916 Permittuntur
895 856 1089 917 reverentiae
1104 852 1295 932 genuflexio·

552 960 628 1006 num
651 953 681 1007 et
702 946 946 1024 prostrationum
968 963 1041 1025 erga
1064 947 1205 1010 tabellam
1228 962 1295 1007 cor·

551 1046 679 1114 rectam,
703 1047 755 1101 aut
782 1041 876 1102 etiam
898 1057 970 1118 erga
995 1041 1148 1104 feretrum
1169 1047 1221 1104 aut
1243 1042 1293 1102 de-

551 1129 706 1193 functum.

590 1241 632 1286 rt.
657 1227 855 1290 Permittitur
878 1229 1051 1308 praeparari
1079 1243 1200 1290 mensas
1221 1241 1292 1289 cum

551 1320 716 1396 dulciariis,
739 1320 900 1398 fructibus,
923 1339 1016 1385 carne
1033 1331 1063 1385 et
1085 1321 1160 1384 cibis
1181 1320 1293 1382 usuali·

552 1413 608 1476 bus
629 1416 707 1478 cirea
728 1423 780 1478 aut
802 1433 903 1478 coram
919 1417 1044 1492 feretro,
1061 1415 1169 1478 ubisit
1184 1414 1293 1477 tabella

551 1519 698 1584 correcta,
721 1525 793 1572 cunt
815 1510 914 1572 debita
924 1509 1141 1585 declaratione,
1158 1518 1189 1571 et
1204 1509 1293 1570 ornis·

550 1603 592 1664 sis
617 1603 857 1684 superstitiosis,
888 1621 943 1684 pro
975 1603 1106 1684 quadam
1133 1603 1294 1666 honestate

551 1702 672 1759 tantum
695 1705 726 1759 et
747 1699 860 1778 pietate
882 1713 954 1776 erga
976 1697 1146 1760 defunctos.

590 1807 645 1852 vu.
669 1791 865 1855 Permittitur
892 1807 995 1854 coram
1024 1791 1133 1853 tabella
1160 1790 1294 1852 correcta

551 1885 727 1946 reverentia
748 1887 827 1947 dicta
844 1885 888 1946 lfo
911 1893 965 1948 tctt
979 1892 1048 1947 tum
1064 1886 1095 1947 in
1118 1899 1293 1946 annonoxo

551 1976 666 2052 Sinico,
690 1986 758 2040 tum
781 1979 812 2041 in
834 1981 902 2041 aliis
923 1980 997 2041 anni
1019 1978 1220 2056 temporibus.

589 2087 658 2132 vttt.
681 2072 992 2138 Permittiturcoram
1007 2072 1126 2134 tabellis
1146 2071 1294 2133 reforma·

551 2166 588 2227 tis
609 2166 732 2244 accendi
752 2165 903 2240 candelas,
917 2167 966 2227 uri
987 2167 1095 2228 odores
1116 2179 1187 2226 cum
1211 2162 1293 2226 debi-

551 2258 589 2318 tis
610 2259 755 2333 cautelis,¹
783 2259 873 2322 sicuti
906 2259 1001 2320 etiam
1022 2265 1094 2319 ante
1121 2257 1292 2332 tumulum,

550 2351 603 2414 ubi
624 2353 739 2430 pariter
760 2351 903 2414 collocari
925 2358 1054 2431 possunt
1068 2351 1139 2426 cibi,
1152 2359 1187 2412 ut
1201 2365 1293 2428 supra

550 2446 750 2520 dictumest,
773 2446 915 2508 adhibitis
942 2445 1071 2508 cautelis
1092 2450 1127 2508 ut
1150 2445 1181 2505 in
1203 2459 1293 2521 supe·

549 2539 694 2600 rioribus.

328 2643 479 2700 'operarios
498 2647 531 2709 aa
590 2633 754 2712 Apostolici
776 2651 851 2710 ergo
872 2635 930 2696 viri
953 2633 1119 2697 Ecclesiam
1145 2630 1293 2693 exbiben-

319 2695 530 2801 idg‘s'rt‘iffrtarefflr's
550 2738 595 2793 tes
616 2745 678 2791 non
701 2729 866 2790 babentem
887 2728 1038 2790 maculam
1060 2740 1161 2805 neque
1183 2739 1292 2801 rugam

549 2833 665 2904 ponant
677 2839 802 2885 manum
820 2838 907 2884 suam
920 2823 954 2884 ad
966 2831 1115 2895 aratrum,
1128 2826 1158 2880 et
1171 2834 1233 2880 non
1247 2833 1293 2877 re-

547 2917 677 2995 spiciant
699 2923 794 2978 retro.
812 2915 932 2990 Videte,
956 2913 1075 2987 fratres,
1097 2911 1291 2973 vocatione-m

548 3019 702 3085 vestram3
732 3025 795 3070 non
822 3009 906 3070 enlm
934 3008 1088 3070 auditores
1117 3004 1194 3081 legis
1219 3003 1292 3064 iusti

464 3127 467 3133 ·
550 3111 624 3165 sunt
645 3105 723 3181 apud
749 3103 856 3177 Deum,
878 3103 929 3164 sed
952 3100 1081 3162 factores
1109 3099 1186 3174 legis
1207 3097 1293 3158 iusti-

550 3196 735 3258 ftrabuntur.
759 3195 959 3259 obsecramus
980 3195 1084 3272 itaque
1105 3208 1170 3266 xos,
1194 3199 1229 3253 ut
1250 3191 1292 3252 di·

549 3303 609 3364 gne
634 3288 798 3350 ambuletis
822 3289 982 3350 vocatione
1003 3303 1062 3365 qua
1085 3285 1184 3346 vocati
1205 3283 1290 3357 estis,

547 3380 657 3444 soliciti
673 3397 796 3443 servare
813 3381 964 3443 unitatem
977 3379 1103 3458 spiritus
1119 3379 1150 3440 in
1165 3376 1292 3440 vinculo

548 3477 638 3554 pacis.
673 3475 718 3538 Ne
747 3475 862 3537 diutius
888 3489 1013 3550 agamus
1040 3474 1211 3535 secundum
1240 3487 1293 3549 po·

549 3578 702 3645 testatem,
732 3577 860 3648 paterne
891 3583 944 3627 ros
972 3581 1172 3628 commonere
1193 3563 1293 3626 volui-

549 3681 618 3726 mus
646 3679 700 3742 per
730 3661 901 3741 epistolam.
930 3659 1102 3722 Amabilem
1130 3659 1220 3721 illum
1241 3675 1291 3738 pa-

550 3756 775 3832 tremfamilias,
799 3756 852 3834 qui
873 3754 948 3817 exiit
975 3755 1076 3831 primo
1108 3769 1200 3814 mane
1221 3767 1291 3814 con-

548 3853 661 3914 ducere
682 3850 835 3929 operarios
858 3850 889 3911 in
911 3849 1033 3912 vineam
1062 3861 1150 3909 suam
1171 3845 1289 3908 audite:

551 3947 634 4024 Qtt-t'd
656 3947 707 4008 bic
721 3947 819 4008 statis
841 3943 911 4008 told
929 3944 979 4005 die
1001 3943 1119 4004 otiosi?
1133 3942 1180 4004 Ito
1195 3949 1224 4002 et
1240 3956 1292 4000 cos

549 4043 584 4103 itt
605 4043 731 4103 citream
753 4055 863 4100 martra.
896 4038 1012 4101 Vocem
1039 4035 1133 4113 patris
1162 4049 1292 4114 perpen-

549 4135 622 4210 dite,
646 4143 677 4196 et
700 4135 785 4196 illam
807 4133 916 4195 iudicis
930 4131 1049 4193 timete.
1073 4131 1131 4208 lpsi
1154 4144 1209 4189 vos
1224 4143 1291 4206 pro-

548 4228 633 4304 bate3
657 4227 757 4290 virtus
778 4227 864 4288 enim
887 4225 938 4287 Del
962 4224 1020 4287 erit
1041 4224 1129 4286 robis
1151 4225 1183 4285 in
1206 4222 1291 4284 auxi-

549 4322 637 4395 lium,
661 4339 694 4383 ac
716 4320 836 4398 plenam
859 4319 1033 4382 ministerio
1044 4318 1128 4380 verbi
1151 4317 1205 4380 Dei
1222 4316 1292 4378 fun·

548 4417 588 4477 cti
610 4414 764 4491 recipietis
789 4413 980 4488 mercedem,
1003 4411 1291 4474 immarcescibilem

548 4508 700 4570 nimirum
721 4524 736 4568 a
758 4515 915 4584 pastorum
939 4506 1078 4584 principe
1106 4505 1222 4582 gloriae
1244 4521 1292 4567 co-

548 4617 667 4663 ronam.
682 4599 728 4661 Ne
742 4600 810 4678 quis
822 4585 876 4661 xos
891 4600 1016 4662 seducat
1032 4599 1174 4661 inanibus
1190 4598 1292 4659 verbis

547 4693 672 4756 obedire
693 4691 825 4755 veritati.
857 4694 983 4766 Scitote,
1006 4694 1087 4769 quod
1112 4691 1292 4753 obedientes

548 4786 614 4848 voci
637 4785 703 4847 eius
724 4785 777 4864 qui
799 4785 885 4847 misit
901 4801 966 4859 vos,
979 4786 1131 4847 rationem
1154 4800 1217 4846 non
1234 4785 1293 4845 eri·

549 4881 586 4941 tis
607 4878 759 4941 reddituri
781 4895 836 4956 pro
857 4878 1029 4954 animabus,
1052 4881 1103 4942 sed
1127 4880 1292 4958 unusquis·

548 4990 608 5052 que
630 4979 771 5034 restrum
792 4989 847 5050 pro
869 4973 1070 5034 serationem
1092 4975 1200 5035 reddet
1216 4973 1288 5034 Deo.

547 5066 740 5144 Quicumque
760 5066 818 5127 sub
845 5065 973 5127 diuersis
999 5067 1208 5144 praetextibus
1229 5081 1292 5128 ces·

547 5161 678 5220 sendum
700 5159 758 5220 sibi
769 5167 858 5237 putat
872 5177 886 5221 a
902 5159 1077 5222 ministerio
1092 5161 1289 5236 missionatii,

550 5253 640 5314 laedit
661 5254 797 5314 animam
817 5269 917 5328 suam,
930 5261 962 5315 et
976 5255 1013 5316 de
1034 5253 1142 5315 alienis
1165 5261 1292 5315 aeterno

548 5349 640 5412 iudici
661 5349 814 5410 rationem
836 5350 954 5412 reddet.
977 5350 1075 5424 Quam
1096 5349 1178 5411 dabit
1199 5349 1292 5410 bomo

547 5444 824 5504 commutationem
847 5457 902 5520 pro
916 5443 1018 5505 aniana
1039 5443 1092 5504 sua
1107 5451 1138 5504 et
1152 5459 1207 5520 pro
1222 5441 1293 5502 alie·

548 5536 615 5596 nisl
637 5537 717 5597 fleus
732 5543 777 5596 est
792 5535 865 5596 vitis
880 5551 963 5610 vera,
987 5551 1041 5596 vos
1063 5535 1214 5613 palmites.
1235 5535 1292 5609 Qui

549 5645 610 5690 non
633 5629 738 5691 ferent
760 5628 878 5692 fructus
901 5629 932 5690 ln
952 5645 1038 5703 eum,
1060 5635 1197 5690 arescent
1217 5637 1294 5689 tam-

548 5737 641 5799 quam
662 5723 820 5801 palmites3
843 5731 873 5784 et
888 5720 1006 5786 collecti
1021 5730 1052 5784 et
1067 5721 1183 5798 alligati
1205 5721 1235 5782 in
1252 5720 1293 5781 fa·

548 5814 677 5876 sciculos
698 5818 735 5878 ad
755 5815 1002 5879 comburendum
1023 5816 1190 5879 mittentur
1200 5816 1231 5876 in
1247 5831 1294 5876 ca·

550 5907 673 5971 minum
695 5909 776 5985 ignis
786 5909 1044 5987 inextinguibilis.
1069 5909 1223 5989 Respicite
1237 5909 1294 5970 Do-

1070 549 1135 594 11111.
1159 547 1249 592 PONT·
1274 547 1314 592 DE
1335 546 1364 592 P·
1388 547 1417 592 F·
1443 547 1524 592 PARS
1546 546 1567 590 t.

2126 523 2180 578 An.
2194 527 2223 580 G.
2244 528 2307 582 1742
2362 526 2363 578 1

1349 664 1472 726 minum
1506 673 1650 728 nostrum
1682 665 1782 728 lesum
1814 663 1973 728 Christum
2008 681 2096 728 secus

1350 759 1432 820 riam
1454 758 1678 834 ambulantem,
1694 761 1748 838 qui
1769 759 1800 821 in
1822 759 1871 822 ftci
1893 759 2001 820 arbore
2016 759 2096 821 nibil

1349 852 1471 915 inuenit
1493 853 1552 914 nisi
1574 851 1644 914 folia
1666 859 1802 928 tantum,
1818 860 1849 915 et
1863 851 1904 914 ait
1925 852 1986 914 illi:
2005 853 2095 915 Nato-

1350 963 1444 1024 qatcm
1465 963 1504 1008 ccc
1518 951 1547 1007 tc
1569 949 1751 1008 rtcsrorrtttr
1771 949 1903 1024 fructos
1927 946 1962 1007 itt
1982 947 2094 1024 sampi-

1351 1043 1490 1101 trrrratot.
1515 1039 1546 1102 Si
1562 1039 1655 1118 aliqui
1671 1039 1812 1117 palmites
1827 1039 1941 1102 iamdiu
1954 1041 2094 1102 conversi

1350 1132 1380 1193 in
1393 1131 1643 1207 amaritudinem,
1656 1132 1708 1210 qul
1725 1133 1964 1210 expectabantur
1978 1142 2013 1196 ut
2028 1140 2094 1195 tan·

1349 1227 1419 1289 dem
1431 1227 1567 1290 facerent
1579 1243 1665 1303 uuas,
1675 1229 1777 1306 spinas
1792 1243 1885 1308 super
1897 1229 2001 1306 spinas
2015 1229 2094 1290 adie-

1349 1320 1474 1395 cissent,
1497 1337 1564 1394 xae,
1588 1337 1644 1382 vae
1665 1337 1680 1380 a
1703 1322 1751 1383 die
1773 1321 1846 1398 irae,
1870 1324 1956 1384 adie
1980 1321 2095 1384 furoris

1350 1421 1380 1476 et
1401 1414 1622 1490 indignationis
1638 1415 1775 1476 bomini!
1799 1416 1957 1478 Attendite
1973 1416 2009 1478 ad
2023 1430 2094 1476 xer-

1348 1507 1395 1582 ba,
1419 1523 1497 1586 quae
1517 1508 1643 1570 mandat
1664 1509 1750 1570 vobis
1779 1524 1833 1587 per
1854 1523 1981 1570 servum
2002 1524 2093 1572 suum

1349 1601 1499 1666 Dominus
1514 1601 1611 1664 adbuc
1627 1603 1811 1665 misericors.
1835 1601 2042 1664 Revertimini
2057 1603 2093 1665 ad

1348 1696 1446 1756 Deum
1467 1702 1620 1766 restrum,
1635 1705 1758 1758 manete
1782 1696 1813 1759 in
1829 1712 1876 1771 eo,
1889 1697 1941 1775 qui
1964 1711 2093 1758 manens

1349 1790 1380 1850 ln
1403 1787 1491 1852 nobis
1513 1789 1657 1867 purgabit
1678 1805 1744 1866 vos,
1760 1799 1791 1852 et
1812 1791 1998 1853 desideratos
2019 1807 2094 1852 cun·

1349 1882 1405 1944 ctis
1426 1881 1571 1958 gentibus
1597 1882 1716 1944 fructus
1744 1883 1888 1946 afferetis.
1919 1882 2093 1962 Apostolico

1348 1975 1529 2038 satisfecisse
1559 1992 1614 2037 nos
1645 1979 1770 2037 muneri
1808 1977 1994 2052 iudicamus3
2028 1993 2092 2038 non

1348 2070 1433 2131 enim
1445 2069 1702 2146 subterfugimus,
1715 2071 1884 2148 quominus
1894 2071 2094 2131 annuntiare-

1349 2180 1419 2224 mus
1441 2179 1534 2226 omne
1549 2163 1714 2225 consilium
1729 2165 1781 2226 Dei
1804 2163 1901 2237 robis,
1924 2171 1959 2225 ut
1974 2163 2093 2224 nullam

1349 2258 1577 2320 excusationem
1600 2258 1735 2319 babeatis
1756 2260 1793 2320 de
1814 2257 1944 2335 peccatis
1969 2256 2090 2318 vestris.

1350 2351 1392 2413 De
1412 2357 1516 2412 cetero
1538 2359 1691 2429 quotquot
1716 2351 1804 2412 eritis
1826 2350 2014 2424 obedientes,
2037 2347 2094 2409 fra-

1349 2453 1422 2518 tres,
1446 2443 1587 2521 gaudete,
1601 2443 1728 2522 perfecti
1744 2452 1854 2518 estote,
1871 2443 2092 2518 exhortamini,

1349 2537 1430 2598 idem
1450 2537 1561 2614 sapite,
1585 2551 1689 2614 pacem
1711 2536 1837 2611 babete,
1860 2543 1891 2598 et
1912 2536 1992 2598 Deus
2012 2535 2095 2613 pacis

1348 2637 1379 2691 et
1400 2629 1572 2691 dilectionis
1594 2629 1654 2690 erit
1675 2629 1846 2691 vobiscum.

1388 2723 1467 2785 (lum
1481 2740 1554 2786 vero
1566 2723 1600 2784 ad
1616 2725 1859 2801 promovendam
1883 2725 1915 2784 in
1930 2723 2094 2802 neophytis
2126 2736 2258 2799 ,Prohibet
2272 2749 2318 2783 ter-

1349 2817 1482 2878 debitam
1514 2818 1645 2878 decretis
1672 2818 1843 2894 apostolicis
1875 2818 2092 2892 obedientiam,
2112 2793 2317 2890 ffiffiffgmfflss]

1348 2911 1558 2989 praesentium
1573 2917 1751 2972 nostrarum
1772 2910 1935 2973 literarum
1950 2911 2092 2972 notitiam
2113 2895 2241 2953 ¹³¹⁵t⁰¹²⁰⁹
2276 2899 2315 2943 ⁵⁰¹³

2112 2951 2315 3007 censurlsetpoe·

1349 3005 1456 3066 iisdem
1478 3004 1640 3082 neopbytis
1656 3005 1786 3066 minime
1797 3005 1999 3066 necessariam
2015 3019 2092 3079 esse,
2112 3003 2315 3112 22³gssdfflsssss⁰fflj

1347 3098 1399 3160 sed
1419 3098 1491 3160 satis
1512 3113 1577 3158 esse
1599 3113 1650 3158 eos
1673 3097 1704 3159 in
1727 3098 1808 3158 viam
1829 3099 1936 3160 salutis
1958 3097 2092 3174 dirigere
2112 3116 2156 3167 nro
2183 3111 2316 3174 bracena

1348 3192 1432 3252 iuxta
1455 3190 1630 3269 pontificiae
1658 3191 1890 3252 constitutionis
1911 3193 2092 3271 praescripta
2112 3174 2317 3264 ξξᾶωῃω

1347 3293 1542 3362 compertum
1570 3284 1627 3359 sit;
1652 3284 1781 3362 nequis
1812 3301 1936 3359 eorum,
1959 3286 1994 3346 ad
2017 3301 2093 3363 quos

1348 3385 1525 3456 praesentes
1540 3376 1648 3440 literae
1669 3376 1802 3439 directae
1816 3385 1903 3452 sunt,
1920 3379 2094 3440 cuiuscum-

1347 3485 1407 3550 que
1429 3470 1562 3544 Ordinis,
1579 3479 1632 3532 aut
1647 3470 1792 3545 instituti,
1809 3479 1861 3533 aut
1883 3467 2095 3548 congregatio-

1347 3564 1396 3625 nis
1417 3564 1524 3638 fuerit,
1546 3569 1598 3624 aut
1619 3563 1782 3638 societatis,
1799 3563 1891 3625 etiam
1908 3565 1986 3638 lesu,
2008 3580 2093 3642 prae-

1347 3665 1451 3720 sentes
1473 3657 1588 3731 literas,
1601 3665 1653 3718 aut
1675 3673 1752 3735 quae
1774 3657 1805 3718 in
1828 3658 1871 3718 eis
1893 3659 2095 3719 continentur

1348 3751 1496 3828 (exceptis
1511 3749 1776 3828 permissionibus
1793 3766 1870 3828 quae
1885 3750 2010 3828 quidem
2025 3767 2094 3813 cau-

1348 3849 1379 3904 te
1395 3851 1425 3904 et
1440 3843 1491 3905 ubi
1514 3842 1679 3904 necessitas
1701 3849 1824 3904 tantum
1838 3851 1891 3904 aut
1912 3844 2027 3905 utilitas
2043 3861 2094 3924 po·

1347 3935 1508 3999 stulaxerit
1529 3935 1753 4014 patefaciendae
1769 3937 1875 4014 erunt)
1889 3937 1956 3998 sive
1977 3938 2094 4000 directe

1347 4029 1414 4090 sire
1435 4029 1595 4104 indirecte,
1619 4045 1673 4107 per
1693 4045 1727 4090 se
1741 4028 1792 4089 xel
1812 4045 1868 4107 pet·
1888 4029 1996 4105 alium,
2019 4047 2094 4092 voce

1349 4129 1440 4182 tenus
1462 4128 1513 4182 aut
1529 4121 1653 4200 scripta,
1669 4121 1700 4183 in
1717 4121 1856 4198 linguam
1873 4121 2029 4184 'l'artaram
2042 4133 2094 4186 aut

1348 4212 1483 4278 Sinicam
1506 4222 1617 4288 vertat,
1634 4221 1686 4276 aut
1701 4229 1897 4293 quocumque
1919 4218 2009 4279 modo
2031 4217 2096 4278 cui-

1348 4309 1434 4383 libet,
1457 4309 1511 4386 qui
1533 4307 1746 4369 missionarlus
1764 4323 1828 4370 non
1851 4309 1902 4382 sit,
1920 4316 1991 4370 nota
2006 4309 2112 4372 faciat.

1347 4403 1405 4464 sub
1426 4400 1756 4463 excommunicationis
1778 4400 1856 4462 latae
1876 4404 2094 4479 sententiae,a

1348 4513 1406 4574 qua
1430 4494 1554 4557 nonnisi
1570 4493 1689 4555 anobis
1711 4503 1926 4558 autasutnnto
1946 4498 2093 4561 Pontifice

1346 4589 1579 4669 (praeterquam
1604 4587 1636 4647 in
1658 4587 1788 4650 articulo
1815 4591 1924 4651 mortis
1945 4593 2094 4653 constitu·

1349 4681 1411 4758 tus)
1423 4679 1538 4742 absolvi
1555 4681 1660 4758 possit,
1672 4688 1704 4741 et
1715 4683 1813 4759 quoad
1829 4685 1986 4760 regulares
2001 4687 2093 4747 etlam

1348 4775 1528 4854 privationis
1551 4773 1634 4834 uocis
1656 4775 1773 4836 activae
1787 4784 1817 4837 et
1829 4779 1964 4853 passivae
1985 4781 2094 4857 poenis

1348 4865 1602 4929 contrafacientes
1626 4867 1690 4945 ipso
1705 4866 1783 4931 facto
1798 4869 1911 4949 absque
1926 4871 1982 4932 alia
1998 4873 2095 4934 decla-

1347 4961 1467 5022 ratione
1499 4959 1711 5035 incurrendis,
1743 4971 1853 5024 tenore
1884 4966 2093 5042 praesentium

1348 5064 1490 5115 retamus
1512 5061 1543 5114 ct
1565 5053 1597 5113 in
1620 5053 1738 5115 virtute
1759 5064 1881 5118 sanctae
1901 5057 2094 5118 obedientiae

1348 5147 1557 5225 probibemus.
1575 5146 1686 5209 Datum
1702 5147 1792 5210 blacai
1803 5149 1836 5209 in
1849 5149 1958 5228 palatio
1970 5157 2093 5212 nostrae

1348 5239 1534 5302 residentiae
1549 5239 1598 5302 die
1613 5255 1668 5300 vn.
1687 5256 1760 5303 nox.
1777 5257 1857 5304 anno
1874 5259 2029 5304 noccxxt.

1387 5429 1406 5503 ἓ
1429 5426 1475 5488 13.
1500 5427 1580 5490 Cum
1600 5436 1705 5490 autem
1727 5429 1898 5492 Patriarcba
1914 5432 2092 5496 Alexandri-
2138 5441 2318 5498 cucusenam-

1349 5539 1408 5584 nus
1429 5522 1462 5583 in
1485 5522 1647 5600 praeallata
1673 5523 1814 5600 pastorali
1836 5533 1976 5588 mentem
2004 5543 2092 5590 suam
2110 5497 2318 5598 giffraffffti.¹².²x⁰t¹e⁰-

1348 5615 1420 5676 satis
1441 5613 1613 5694 prudenter
1634 5613 1841 5692 explicuisset,
1869 5619 2021 5681 nimirum
2041 5635 2092 5698 pa·
2110 5601 2318 5714 }}3,‘{‚·,2l,}l,⁵{,¹}f

1348 5709 1469 5770 storalis
1501 5709 1592 5771 buius
1618 5723 1690 5770 suae
1720 5709 1866 5788 epistolae
1897 5712 2007 5774 notitia
2028 5723 2148 5775 nonsu-

1349 5818 1425 5882 opus
1446 5817 1512 5863 esse
1532 5804 1570 5865 ad
1595 5801 1839 5881 promerendam
1860 5803 1892 5864 in
1921 5805 2092 5887 Neopbytis

1351 5917 1423 5979 erga
1444 5898 1599 5979 pontificia
1609 5899 1730 5962 decreta
1745 5899 1980 5964 venerationem
1996 5909 2027 5968 et
2041 5903 2092 5966 ob-
