4744 6976
326 521 381 576 Aa.
395 522 426 576 Ο.
447 523 516 577 tute

339 1888 529 1936 beciarationes

316 1947 342 1990 et
383 1943 530 1990 duramenta

316 1996 526 2053 saepissimam.

315 2050 530 2150 ἷζιᾰιιιιιιειιίιιξιῗ.116111

565 524 624 592 elo

866 664 970 730 LVIII.

547 852 701 931 Episcopo
731 852 900 916 Peicioeosi
929 851 1046 917 scribit
1073 854 1110 915 de
1135 854 1293 917 constita-

587 943 730 1008 tionibus
761 945 945 1028 epostoic'oc's
974 947 1020 1009 Ex
1048 948 1100 1010 illa
1127 948 1176 1011 dic
1205 949 1293 1010 circa

586 1037 674 1100 ritas
695 1040 835 1102 siracusas
858 1041 986 1102 cornico
1012 1038 1215 1106 obseruando
1236 1038 1290 1120 (l).

547 1220 620 1290 lien.
646 1223 733 1292 fratri
762 1224 930 1386 Polycarpso
955 1225 1105 1332 episcopo
1129 1225 1292 1294 Pelinensi

846 1337 1081 1406 mm..

710 1464 952 1572 BEdEltleUb
976 1466 1036 1536 PP.
1061 1465 1132 1533 xiv.

761 1600 944 1671 decorabilis
966 1603 1079 1682 trater,

582 1695 709 1762 salutem
733 1702 764 1764 et
785 1697 983 1780 apostolicam
1007 1699 1257 1768 benedictionem.

587 1889 606 1964 ἓ
628 1887 656 1950 l.
680 1889 826 1952 Redditae
847 1889 936 1958 uobis
950 1888 1078 1976 fuerunt
1093 1890 1201 1953 eodem
1217 1894 1296 1952 tem-

548 1997 622 2062 pore
643 1981 721 2044 duae
740 1981 940 2045 fraternitatis
963 1989 1034 2046 tuae
1056 1983 1213 2061 epIstolae,
1234 1983 1295 2063 pri-

548 2090 598 2137 ma
629 2073 756 2152 quidem
788 2075 837 2138 dic
866 2076 985 2138 decimi
1016 2079 1133 2140 mensis
1164 2077 1294 2139 ianuarii

547 2168 640 2248 elapsi
662 2169 735 2230 anni
757 2185 950 2245 uncertain,
974 2186 1033 2248 qua
1055 2170 1227 2246 gratiarum
1248 2185 1296 2231 ac-

546 2263 665 2326 tionem
697 2263 902 2347 nobisquod
924 2264 979 2327 tibi
1009 2264 1218 2342 episcopatum
1241 2263 1294 2324 Pe-

546 2357 713 2419 lunensem
735 2357 768 2418 in
796 2351 878 2420 Sinis
907 2358 1144 2432 contulerimus
1176 2357 1295 2418 referre

546 2451 669 2526 studes;
692 2450 788 2513 altera
808 2467 883 2513 vero
905 2450 954 2512 die
975 2450 1085 2529 quinti
1106 2450 1223 2513 mensis
1244 2450 1295 2512 iti-

547 2544 618 2606 dem
639 2543 769 2606 ianuarii
789 2547 946 2608 currentis
964 2545 1038 2607 anui
1053 2561 1227 2608 uoeexerv.
1244 2543 1294 2604 da-

547 2643 587 2708 ta,
611 2652 672 2713 qua
692 2636 801 2700 dolens
822 2638 974 2716 quereris,
997 2645 1029 2700 tc
1050 2640 1128 2718 apud
1151 2655 1207 2702 uos
1228 2645 1294 2700 tan-

547 2746 641 2809 quam
666 2729 786 2792 debitae
816 2730 989 2809 apostolicis
1019 2731 1295 2796 constitutionibus

547 2841 581 2886 ac
601 2823 731 2886 decretis
758 2823 951 2886 obedientiae
982 2841 1072 2886 reum
1102 2824 1197 2887 fuisse
1227 2840 1295 2904 per·

548 2923 662 2980 actum.
696 2917 764 2979 Una
794 2916 922 2979 insimul
953 2935 1026 2980 eum
1052 2920 1137 2984 hisce
1158 2918 1294 2998 epistolIs

548 3011 611 3074 tuis
631 3011 805 3090 accepimus
830 3012 947 3089 pariter
974 3013 1148 3075 solemnem
1170 3013 1294 3075 iurisiu-

549 3104 638 3168 randi
659 3112 733 3178 ate,
747 3104 781 3166 in
802 3105 965 3184 episcopali
987 3109 1038 3169 tud
1055 3107 1295 3182 inauguratione

548 3197 641 3260 delati
662 3199 747 3260 iuxta
768 3199 899 3261 formam
921 3217 955 3262 ac
975 3208 1116 3264 tenorem
1139 3199 1193 3262 tibi
1208 3215 1296 3279 prae-

549 3292 700 3370 scriptum
721 3293 753 3354 in
776 3293 849 3370 ipsis
869 3295 984 3356 nostris
998 3301 1070 3356 tuac
1090 3295 1127 3358 ad
1142 3295 1297 3372 episcopa·

513 3381 517 3384 ’
548 3391 617 3446 tum
649 3386 854 3464 promotionis
884 3386 980 3449 literis
1011 3387 1045 3450 iu
1073 3389 1168 3450 simili
1196 3387 1296 3462 formb

334 4701 485 4750 tdbcrtatio
501 4700 535 4746 ed

322 4759 437 4804 exactam
470 4765 536 4801 cou—
578 4791 583 4802 .

322 4807 537 4857 stitutIonumob

323 4863 485 4911 servantiam.

549 3477 653 3542 brevis
675 3480 836 3558 expeditis,
859 3489 979 3558 actum;
1012 3498 1134 3545 necnon
1156 3481 1217 3544 duo
1238 3482 1296 3542 alia

549 3591 565 3634 a
588 3580 618 3634 te
637 3573 766 3636 seorsim
798 3575 985 3654 praescripta
1012 3575 1202 3671 testimonia²
1222 3575 1296 3638 alie·

548 3683 621 3730 rum
642 3669 769 3746 quidem
790 3667 828 3728 de
850 3667 1050 3731 iureiurando
1071 3686 1164 3748 super
1179 3677 1299 3751 aposto·

549 3763 625 3825 licae
657 3760 888 3824 constitutionis
915 3779 993 3840 quae
1020 3763 1130 3842 incipit
1157 3764 1208 3826 Eoo
1237 3763 1296 3826 ilia

550 3857 612 3929 die,
628 3858 764 3921 alterum
779 3875 853 3922 vero
868 3860 905 3921 de
920 3857 1122 3920 iureiurando
1138 3858 1232 3919 etiam
1247 3875 1297 3920 su-

550 3967 606 4030 per
627 3950 755 4014 albertus
776 3951 958 4030 apostolieae
972 3950 1202 4014 constitutionis
1219 3965 1296 4029 quac

551 4043 660 4121 incipit
692 4043 744 4106 Eoo
775 4060 861 4122 pao„
886 4043 1097 4117 observantia,
1129 4043 1294 4122 praestitis.

550 4136 639 4200 Hisce
670 4137 817 4199 omnibus
843 4137 1008 4198 coniuncta
1035 4143 1125 4198 erant
1145 4136 1296 4198 nonnulla

550 4233 646 4294 etiarn
666 4233 851 4310 praescripta
872 4232 1139 4295 missIonarIorum
1160 4231 1297 4294 testimo·

551 4323 613 4398 ula,
636 4323 689 4402 qui
711 4330 744 4387 te
763 4325 937 4387 studiosum
966 4324 1183 4403 zelantemque
1203 4340 1297 4402 super

551 4417 746 4478 observantia
767 4425 957 4480 memoratae
977 4418 1158 4497 apostolicae
1184 4417 1300 4481 cousti-

554 4509 681 4571 tutiouIs
698 4510 750 4572 Eoo
763 4509 821 4571 illa
834 4509 884 4572 die
895 4527 963 4572 esse
974 4511 1176 4586 testabantur,
1189 4527 1297 4590 quem·

553 4603 719 4666 admodum
741 4610 775 4665 tu
797 4604 862 4680 ipse
891 4611 1083 4666 sacramento
1104 4607 1296 4668 contestaris.

594 4697 663 4772 52.
688 4695 748 4759 Sed
769 4698 955 4760 fraternitati
977 4706 1047 4760 tuae
1072 4699 1212 4777 primum
1233 4717 1300 4762 om-

553 4807 643 4853 mam
674 4805 855 4869 persuasum
886 4808 952 4854 esse
981 4794 1134 4870 cupimus,
1158 4809 1213 4856 nos
1235 4809 1300 4856 non

553 4883 675 4946 levibus
695 4885 748 4946 sed
770 4885 915 4962 gravibus
936 4885 1095 4948 rationum
1116 4886 1298 4960 momentis,

553 4992 631 5056 quae
658 4984 688 5039 te
715 4985 747 5040 ei
773 4978 1010 5056 apostolicarum
1038 4978 1300 5041 constitutionum

509 5072 516 5084 ¹
553 5079 825 5148 transgressorem,
848 5078 881 5133 et
902 5070 1103 5148 indulgeudus
1123 5072 1301 5150 permissio-

552 5165 708 5244 nibusque
729 5164 779 5228 bc.
803 5181 864 5226 me.
889 5165 988 5228 Caroli
1009 5165 1164 5228 Ambrosii
1184 5165 1299 5227 llezza·

552 5261 756 5337 barbadam
785 5261 918 5336 viveret,
950 5261 1143 5323 Patriarchae
1167 5259 1300 5322 Alexan·

553 5355 637 5419 drini
666 5355 834 5433 Apostoliei
855 5355 889 5418 in
917 5353 999 5420 Sinis
1029 5355 1136 5431 Legati
1165 5353 1300 5415 nimium

553 5448 736 5511 abutentem
758 5449 917 5525 notabant,
940 5449 1085 5511 adductos
1099 5451 1137 5510 ad
1153 5454 1181 5510 te
1196 5447 1249 5521 ita,
1265 5452 1301 5508 ut

553 5543 741 5606 fraternitati
756 5549 826 5604 tuae
842 5551 954 5605 notum
964 5541 1198 5620 est,scripsisse.
1215 5537 1299 5615 Quod

554 5637 590 5698 ad
611 5639 806 5716 postremum
835 5637 960 5713 quidem
988 5635 1207 5698 iusiurandum
1231 5632 1300 5694 atti-

1066 545 1131 593 tun.
1155 546 1246 594 PON'I'.
1270 547 1311 594 ott
1332 546 1362 592 Ρ.
1386 548 1415 594 II·
1440 549 1523 596 aaut
1545 551 1566 596 1.

1349 673 1415 744 net,
1437 685 1453 730 a
1475 675 1507 732 te
1534 677 1719 752 conceptum
1740 681 1787 738 est
1816 673 1849 736 in
1878 676 1955 739 haec
1978 676 2094 740 rerba:

1350 761 1426 824 lare
1448 763 1558 836 etiem,
1581 781 1629 826 oce
1650 784 1815 845 nonquam
1829 769 2096 832 constitutionem

1350 855 1397 916 Ex
1417 855 1469 918 illa
1489 857 1537 920 die
1567 856 1671 932 uerbo,
1693 862 1827 940 scripto,
1855 868 1915 927 act
1946 861 2096 926 doctrina

1350 947 1524 1028 offendisse,
1550 950 1611 1014 inco
1630 969 1689 1032 pro
1710 955 1850 1018 eiusdem
1878 955 2094 1028 observantie,

1350 1048 1509 1118 pacorum
1531 1044 1682 1126 infausta
1705 1052 1752 1110 tei
1772 1055 1905 1113 sanctae
1927 1050 2004 1130 lepis
2025 1065 2096 1128 pro·

1350 1133 1563 1200 biblitanibas
1595 1146 1735 1218 temporo
1766 1141 1926 1218 sinebant,
1951 1162 2015 1207 oon
2042 1161 2097 1223 pa·

1350 1244 1425 1291 raon
1445 1247 1565 1308 semper
1591 1232 1761 1308 laborasse,
1786 1243 1824 1299 at
1847 1237 2096 1317 quamplurimis

1351 1325 1553 1402 aspernantis
1565 1341 1685 1404 possem
1702 1328 1913 1408 comprobare.
1927 1333 1973 1394 Er
1984 1333 2097 1411 quibus

1349 1431 1424 1478 sane
1455 1417 1558 1480 verbis
1588 1421 1735 1486 nolumus
1765 1440 1832 1500 nos,
1855 1427 1908 1490 sed
1929 1427 2094 1506 quispiam,

1350 1510 1612 1586 quemadmodum
1643 1516 1791 1578 nonnulli
1823 1519 1922 1596 reipsa
1952 1519 2096 1598 suspicati

1350 1609 1436 1677 suut,
1465 1612 1567 1679 posset
1598 1607 1745 1684 colligere
1766 1617 1797 1672 et
1817 1627 1960 1688 arguero,
1989 1629 2096 1676 veram

1351 1710 1417 1757 esse
1437 1699 1663 1762 accusationem
1685 1703 1718 1764 iu
1740 1709 1771 1764 te
1792 1705 1831 1766 de
1851 1705 1954 1768 babiti
1969 1707 2029 1770 iam
2045 1707 2097 1770 tub

1350 1789 1462 1864 agendi
1493 1792 1614 1854 ratione
1645 1796 1817 1863 conflatam.
1852 1797 1981 1876 Verum,
2013 1800 2097 1863 hisce

1350 1884 1586 1960 praetermissis,
1616 1887 1645 1950 id
1674 1889 1730 1950 tibi
1758 1906 1859 1954 unum
1889 1893 1989 1970 quoad
2019 1893 2097 1956 hanc

1353 1979 1471 2052 partem
1486 1977 1519 2040 in
1533 1979 1638 2042 auimo
1652 1997 1776 2061 semper
1791 1983 1890 2046 linum
1904 1994 2095 2063 permaneat,

1351 2075 1415 2130 tam
1436 2071 1515 2146 apud
1537 2086 1593 2134 nos
1614 2072 1705 2151 Ipsos,
1722 2091 1816 2154 quam
1830 2077 1910 2157 apud
1925 2094 2020 2140 sonu.
2037 2079 2097 2141 fra-

1352 2170 1414 2224 tres
1435 2173 1555 2228 nostros
1577 2164 1609 2228 S.
1633 2167 1668 2229 ll.
1692 2168 1728 2231 Ε.
1758 2170 1934 2234 cardinales
1963 2173 2096 2249 negotiis

1351 2264 1382 2319 et
1392 2257 1671 2324 consultationibus
1684 2278 1953 2343 quarumcumque
1968 2282 2097 2343 congre-

1351 2351 1512 2427 gationum
1533 2355 1716 2432 apostolieae
1736 2357 1829 2420 buius
1851 2359 1882 2422 S.
1904 2356 1990 2422 Sedis
2011 2376 2098 2439 prae·

1351 2446 1476 2524 positos,
1510 2447 1681 2527 plurimum
1709 2451 1815 2515 valere
1835 2455 1893 2517 hoc
1914 2455 2043 2518 unicum
2064 2466 2096 2520 et

1352 2539 1523 2602 maximum
1544 2541 1580 2604 ad
1601 2546 1830 2610 accusationum
1857 2549 2023 2611 veritatem
2044 2551 2116 2612 fal-¹

1350 2632 1513 2696 sitalemre
1534 2634 1762 2702 diiudicandam
1776 2642 2097 2722 comprobandamque

1350 2735 1584 2804 argumentum,
1615 2746 1729 2794 novam
1759 2733 1875 2798 scilicet
1905 2742 1974 2814 post
1992 2736 2097 2800 crimi-

1351 2811 1429 2882 Ium
1450 2820 1619 2886 delationes
1650 2825 1759 2888 initam
1789 2829 1900 2904 agendi
1929 2831 2093 2896 rationem.

1350 2913 1556 2988 Quamobrem
1587 2915 1692 2980 adesto
1722 2919 1834 2981 animis
1854 2928 1887 2982 et
1908 2923 2029 2986 enitere
2050 2931 2095 3000 ut,

1351 3009 1614 3086 quemadmodum
1645 3017 1680 3072 tu
1706 3015 1898 3091 spopondisti
1924 3024 1956 3078 et
1983 3032 2039 3079 nos
2059 3019 2098 3082 de

1351 3100 1545 3164 fraternitate
1566 3102 1618 3164 tud
1640 3104 1727 3168 nobts
1748 3107 1943 3185 pollicemur,
1956 3110 1998 3172 ita
2012 3111 2097 3174 deiu-

1351 3211 1422 3274 ceps
1442 3203 1473 3258 te
1494 3197 1526 3258 in
1548 3198 1694 3260 omnibus
1714 3199 1807 3262 rebus
1834 3216 1934 3278 geras,
1956 3209 1991 3266 ut
2013 3211 2098 3266 tuam

1351 3305 1424 3366 erga
1453 3290 1632 3368 apostolicas
1660 3294 1907 3370 constitutiones,
1935 3303 2028 3374 atque
2048 3312 2097 3360 eas

1352 3384 1545 3462 praesertim,
1567 3384 1732 3462 dequibus
1747 3387 1861 3464 agitur,
1878 3388 2097 3466 obedientiam,

1352 3477 1562 3538 reverentiam
1583 3477 1761 3557 zelumque,
1785 3497 1850 3542 nou
1873 3481 1974 3544 solum
1996 3483 2097 3558 nobis,

1351 3569 1404 3631 sed
1419 3570 1573 3632 universis
1586 3571 1692 3646 etiam,
1712 3573 1843 3651 probare
1857 3581 1888 3636 et
1903 3575 2002 3654 reipsa
2016 3592 2098 3639 com·

1351 3673 1525 3726 monstrare
1546 3680 1585 3728 ex
1610 3665 1715 3728 auimo
1743 3674 1870 3744 satagas.
1903 3669 1982 3732 ilinc
2012 3671 2099 3734 enim

1353 3757 1418 3820 fore
1438 3758 1634 3834 confidimus,
1657 3769 1693 3823 ut
1713 3760 1854 3824 falsitatis
1871 3762 2100 3840 redarguantur

1352 3852 1558 3914 accusationes
1580 3855 1618 3917 de
1639 3861 1800 3931 gestarum
1821 3871 1929 3918 rerum
1949 3857 2099 3918 rationea

1353 3953 1383 4008 te
1405 3945 1554 4009 hacteuus
1575 3947 1678 4011 nabtrd
1698 3949 1880 4012 instructae.

1393 4041 1412 4114 ἓ
1433 4038 1460 4100 3.
1483 4039 1589 4115 Porro,
1613 4047 1647 4102 ut
1668 4043 1778 4104 ceteris
1799 4043 1832 4104 in
1847 4044 1908 4106 tuis
1924 4044 2023 4108 literis
2038 4061 2054 4106 a
2070 4053 2099 4108 te

1353 4132 1516 4212 propositis
1546 4133 1783 4212 satisfaciamus,
1815 4138 1923 4200 asseris

2126 538 2181 593 In.
2197 539 2233 591 G.
2259 533 2334 588 1744

2146 4063 2224 4120 ltpfsc.
2242 4074 2338 4110 sensus

1953 4139 2097 4217 quibem,
2118 4117 2338 4218 matidiae}

1353 4225 1435 4306 quod
1465 4243 1536 4290 111111
1568 4244 1623 4307 lter
1653 4230 1888 4308 quatuordecim
1910 4248 2006 4294 annos
2027 4249 2100 4312 ope-
2118 4229 2180 4336 111111·

1354 4336 1420 4380 ram
1442 4319 1623 4399 laboresque
1644 4330 1712 4384 tuos
1734 4323 1767 4384 in
1788 4324 1881 4386 sacris
1902 4325 2100 4388 missionibus

1354 4421 1443 4476 antea
1473 4415 1656 4495 peragendis
1687 4415 1886 4494 impenderis,
1913 4425 2005 4497 atque
2027 4419 2101 4482 adeo

1354 4507 1471 4585 optime
1492 4508 1617 4571 noveris
1638 4509 1769 4572 istarum
1783 4511 1930 4587 partium
1951 4529 1985 4574 ao
2006 4528 2101 4592 popu·

1356 4602 1459 4666 iorum
1491 4603 1616 4678 ingenia
1648 4619 1681 4664 ac
1702 4619 1804 4666 mores
1825 4612 1857 4667 et
1878 4621 1985 4668 rerum
2007 4607 2100 4683 vices,

1355 4696 1521 4760 contestari
1551 4712 1625 4775 prae
1654 4698 1763 4760 ceteris
1794 4701 1901 4778 possis,
1929 4703 2101 4778 praesentia

1355 4798 1439 4853 certe
1469 4800 1608 4869 tempora
1640 4806 1817 4870 exposcere,
1846 4809 1910 4856 nou
1932 4785 2102 4870 angustiari

1356 4899 1424 4944 vasa
1445 4883 1558 4958 caruis,
1579 4884 1633 4946 sed
1654 4884 1774 4948 dilatari
1794 4887 1889 4963 spatia
1904 4887 2054 4963 caritatis;
2070 4903 2104 4949 ae

1355 4984 1518 5056 propterea
1552 4977 1663 5040 mellus
1694 4977 1789 5040 fuisse
1822 4980 2019 5055 consultum,
2052 4996 2103 5044 res

1356 5087 1465 5134 omues
1486 5071 1520 5132 iu
1541 5069 1661 5146 eodem,
1683 5088 1745 5150 quo
1759 5073 2006 5151 reperiebantur,
2021 5081 2103 5136 statu

1356 5167 1546 5245 relinquere,
1568 5179 1641 5227 cum
1661 5165 1694 5226 in
1715 5167 1887 5244 praeseutia
1912 5168 2015 5230 omnis
2035 5183 2103 5246 spes

1355 5260 1394 5323 de
1413 5259 1565 5336 exigendi
1586 5275 1602 5318 a
1623 5258 1875 5321 christifidelibus
1890 5259 2021 5324 istarum
2035 5277 2104 5340 par-

1355 5354 1436 5416 tium
1445 5353 1547 5416 debita
1558 5351 1730 5430 apostolicis
1745 5353 2017 5416 constitutionibus
2032 5354 2104 5416 obe-

1356 5447 1472 5510 dientia
1493 5445 1618 5524 penitus
1640 5446 1773 5523 praecisa
1798 5446 1952 5508 videatur.
1977 5446 2104 5526 Aposto-

1357 5540 1413 5602 lica
1434 5554 1569 5617 namque
1589 5545 1816 5602 sacrosanctum
1838 5539 1907 5601 lesu
1930 5539 2044 5604 Christi
2065 5541 2103 5602 Ε-

1357 5631 1540 5710 rangerium
1570 5631 1764 5710 praedicandi
1791 5631 1926 5708 libertas,
1953 5648 2018 5694 nou
2040 5638 2103 5695 tam

596 5877 626 5932 (ι)
642 5879 679 5923 Ex
693 5882 756 5935 Reg.
771 5879 828 5924 vat.
849 5877 925 5934 eplst.
940 5880 987 5923 etc.
1010 5889 1042 5923 ex
1062 5887 1115 5935 quo
1133 5877 1285 5935 supplemus
1299 5876 1333 5923 iis
1347 5886 1414 5934 quae
1429 5875 1524 5921 desunt
1543 5873 1570 5920 in
1585 5873 1650 5919 Bull.
1667 5875 1692 5918 P.
1708 5871 1739 5918 tie
1754 5875 1780 5918 P.
1795 5873 1821 5917 F.
1837 5881 1896 5930 pag.
1913 5873 1951 5916 ise
1964 5875 1992 5917 et
2005 5871 2033 5917 fn
2046 5871 2104 5929 ipsa

555 5945 637 5993 citata
650 5945 711 5992 edit.
726 5949 845 5992 Romana
859 5949 872 5994 t
886 5947 918 5989 ιι.
