4838 6982
97 1600 311 1656 Regularcsac-

74 1664 132 1708 qua
150 1656 312 1702 acsaecula·

75 1717 120 1750 res
146 1709 310 1765 sacerdotes,

74 1759 110 1803 ad
131 1763 310 1818 excipiendas

75 1814 219 1861 saecular.
246 1827 311 1862 con-

75 1869 246 1922 fessiones,
261 1881 310 1926 ap-

76 1921 249 1982 probatione
270 1924 309 1968 in·

74 1973 180 2035 clx-gent
199 1976 310 2022 Ordina-

76 2039 109 2072 ru
127 2027 197 2084 loci,

963 548 1159 594 osxnorcrus
1183 551 1245 593 xxv.
1595 511 1596 514 '
1798 530 1852 594 tbi
1906 533 1959 584 sn.
1974 536 2003 586 c.
2026 533 2095 585 1753

333 662 528 737 generalibus
547 665 598 726 rel
620 664 762 740 foraneis,
785 666 983 744 superiorum
1004 681 1073 728 suo-

333 769 403 818 rum
425 753 611 818 documenta
632 757 805 835 proferant,
828 757 940 837 quibus
965 766 995 821 et
1022 758 1075 819 ob-

333 849 409 910 tenti
438 847 555 911 ordinis
582 851 811 928 testimonium,
835 858 866 914 et
892 853 1016 915 libertas
1037 853 1074 914 ab

331 942 416 1004 omni
441 943 587 1006 canonico
615 945 837 1024 impedimento
865 946 1073 1024 irregularita-

332 1034 370 1097 tis
390 1034 439 1096 rel
465 1037 673 1115 suspensionis
697 1043 854 1116 perspecta
877 1039 938 1105 om.
963 1038 1073 1114 Quam·

330 1127 436 1191 obrem
467 1127 497 1190 id
519 1129 611 1192 etiam
641 1131 745 1192 estin
778 1131 929 1193 mandatis
955 1130 1074 1208 regula-

332 1221 414 1284 ribus
446 1221 664 1298 missionariis,
696 1233 731 1286 ut
763 1224 914 1286 nimirum
946 1222 1074 1286 vicariis

330 1313 521 1393 Apostoliois,
536 1317 571 1378 ea
593 1317 713 1380 ratione
726 1335 785 1395 qua
800 1317 991 1392 dictumest,
1007 1333 1074 1380 sese

330 1408 505 1484 exhibeant,
529 1409 579 1471 ubi
603 1410 815 1472 admissionis
842 1410 946 1472 locum
967 1426 1076 1488 perve-

330 1504 445 1566 norint.

370 1599 389 1674 ἓ
411 1597 438 1660 7.
456 1595 567 1659 Nullus
582 1596 744 1660 saecularis
758 1598 900 1660 sacerdos
911 1597 1074 1660 Poeniten-

333 1692 391 1754 tiae
411 1698 642 1754 sacramentum
654 1691 871 1754 administrare
892 1699 1002 1769 potest,
1020 1693 1073 1770 qui

330 1788 458 1850 actualis
479 1787 629 1867 parochus
652 1803 715 1850 non
739 1787 862 1860 existat,
878 1783 928 1848 vel
943 1786 1073 1848 idoneos

330 1881 365 1942 ad
387 1880 416 1942 id
439 1880 469 1941 in
492 1881 659 1959 praemisso
680 1879 824 1942 examino
849 1887 991 1959 repertos
1013 1895 1074 1941 non

330 1972 435 2049 faerit,
458 1974 540 2051 quod
555 1973 733 2037 ordinarius
750 1973 818 2047 loci,
836 1973 886 2035 ubi
909 1973 1073 2034 confessio-

330 2083 384 2130 nes
405 2067 594 2145 excepturus
619 2072 677 2142 est,
700 2067 736 2128 de
761 2081 797 2128 co
825 2061 1070 2143 habere‘potest.

263 2192 266 2198 ·
329 2161 412 2225 ldem
433 2169 464 2222 et
486 2161 681 2239 regularibus
700 2159 908 2222 sacerdotibus
930 2158 1071 2234 edicitur,

329 2256 448 2334 quoties
466 2254 566 2317 velint
581 2254 783 2316 saecularium
799 2252 1006 2318 confessiones
1021 2269 1073 2314 au·

329 2350 405 2424 dire,
427 2347 690 2427 quemadmodum
703 2349 738 2410 ad
760 2347 879 2408 literam
895 2345 1073 2410 decernitur

328 2443 502 2508 aGoncilio
537 2441 719 2504 Tridentino
748 2457 823 2502 sess.
845 2439 901 2512 23,
925 2457 993 2520 cop.
1017 2443 1071 2513 15,

328 2538 363 2600 de
379 2536 569 2617 Resormot„
588 2551 649 2614 quo
666 2535 698 2598 iu
717 2535 781 2597 loco
803 2534 930 2611 derogat
952 2553 1071 2597 sacram

329 2631 502 2694 Concilium
525 2628 687 2708 privilegio
702 2629 887 2706 cuicumque
902 2638 932 2690 et
946 2644 1071 2691 consue-

329 2722 1072 2809 tudiniimmemorabili,quaecontrariumprae-

327 2815 450 2892 soleret,
473 2816 634 2895 inquiens:
652 2814 838 2893 Prioilepiis
859 2821 890 2876 et
905 2823 1073 2877 consueto·

329 2908 401 2972 dine
423 2923 618 2988 quocumque
633 2910 730 2972 etiam
754 2907 997 2972 immemorabili
1009 2925 1070 2971 ooo

328 3002 539 3066 obstantibus.
571 3003 665 3082 quue
686 3021 721 3066 eo
745 3003 793 3064 rel
816 3004 925 3080 magis,
953 3008 1071 3082 quoda

326 3113 449 3159 summo
472 3097 620 3159 Pontiflce
641 3097 672 3162 S.
690 3097 742 3158 Pio
762 3095 797 3158 V.
815 3097 847 3161 ef
869 3099 901 3159 in
924 3099 1072 3161 constitu·

328 3191 430 3264 tione,
461 3191 511 3252 cui
544 3191 668 3252 initium
696 3197 742 3252 est
773 3189 910 3252 Romooi
938 3191 1072 3268 Pontifi-

328 3284 385 3356 ris,
403 3287 482 3356 133,
505 3283 648 3348 Baliarii
673 3284 808 3348 Romami
832 3293 906 3347 tom.
922 3285 956 3358 2,
973 3287 1072 3348 decla-

328 3386 429 3440 ratum
451 3387 507 3453 est,
530 3378 714 3456 praedictam
737 3379 868 3441 Consilii
897 3379 1071 3441 Tridentini

327 3473 518 3534 sanctionem
534 3474 570 3532 arl
586 3487 694 3532 omnes
715 3489 928 3550 quoscumque
951 3473 1071 3548 regula-

328 3581 376 3626 res
396 3565 534 3640 extendi,
551 3565 601 3626 vel
616 3564 828 3627 mendicantes
845 3565 892 3626 rel
906 3581 968 3626 non
984 3581 1071 3627 men·

327 3659 473 3733 dicantes,
496 3658 636 3736 quamvis
660 3657 754 3720 lector
768 3667 859 3736 atque
874 3659 1022 3736 magister
1037 3661 1069 3720 in

327 3754 407 3814 sacra
429 3751 584 3828 theologii
605 3750 795 3830 praefulgeat
816 3761 846 3814 et
861 3761 994 3830 potestas
1008 3767 1071 3814 sac·

327 3845 480 3908 cularium
512 3845 719 3907 confessiones
752 3845 924 3924 excipiendi
956 3846 1000 3907 illi
1029 3846 1070 3907 ia-

327 3927 373 4000 cta
395 3938 489 4000 luerit
509 3957 524 3998 a
546 3939 609 4000 suis
630 3939 842 4018 superioribus
865 3936 1067 4014 regularibus

327 4035 358 4098 S.
372 4034 425 4094 Pio
446 4031 483 4094 t.
507 4033 636 4094 omnino
656 4040 805 4094 consonat
827 4033 967 4094 Urbanus
991 4033 1067 4095 Vlll.

328 4130 358 4190 in
380 4126 601 4190 constitutione
628 4140 707 4204 quae
734 4124 857 4204 incipit:
884 4127 963 4190 Coos
985 4129 1069 4190 sicot

327 4222 518 4298 occepimus,
536 4220 594 4292 92,
612 4218 755 4280 Bollorii
772 4225 845 4280 tom.
857 4220 891 4292 4,
910 4235 963 4298 per
978 4237 1069 4299 qnam

327 4313 516 4392 amplissime
537 4311 660 4376 rescidit
682 4313 879 4391 privilegium
902 4313 1070 4392 quodcum-

327 4423 388 4484 que
418 4407 491 4468 alias
521 4406 717 4484 regularibus
750 4405 950 4481 attributum,
983 4409 1070 4468 ouius

326 4507 486 4580 praetextu
509 4503 714 4565 saecularium
730 4504 937 4566 confessiones
952 4504 1072 4583 excipe-

328 4601 409 4668 rent,
437 4595 619 4672 priusquam
641 4611 772 4658 examen
794 4597 1011 4671 sustinuerint,
1039 4603 1070 4658 et

325 4703 511 4750 consensum
534 4687 571 4750 ab
592 4689 752 4750 ilrdinario
774 4689 954 4752 dioecesano
974 4691 1072 4770 impe-

328 4781 488 4844 traverint.
513 4779 555 4844 hc
576 4797 615 4842 ne
630 4783 822 4858 regularium
838 4783 981 4859 familiae,
995 4799 1070 4862 quae

327 4874 386 4935 nisi
405 4889 550 4952 expresse
572 4875 776 4936 nominentur
790 4892 822 4938 se
837 4877 968 4938 minime
989 4893 1070 4938 com-

326 4967 476 5044 prehendi
504 4974 630 5047 putant,
653 4969 817 5030 abeodem
849 4970 1071 5032 constitutione

326 5061 483 5123 immunes
503 5077 537 5123 se
565 5061 728 5136 lactarent,
758 5078 807 5122 cas
833 5062 1019 5124 nominatim
1040 5071 1070 5126 et

325 5153 462 5231 singulas
484 5153 686 5215 recensendas
711 5155 865 5232 optimum
888 5155 988 5217 duxit..
1020 5156 1071 5217 Ul·

326 5248 403 5308 timo
415 5249 539 5309 tandem
556 5262 699 5309 summus
714 5247 854 5309 Pontifex
874 5247 1018 5311 Clemens
1029 5251 1067 5311 X.

327 5341 407 5402 edita
428 5340 651 5402 constitutione
674 5339 831 5417 Superos,
857 5342 879 5401 7
902 5343 938 5402 io
959 5343 1071 5405 Bolia-

328 5433 378 5494 rio
399 5433 540 5495 Romano
562 5439 637 5494 tort.
653 5434 684 5506 6,
703 5433 768 5509 54,
785 5436 825 5495 ita
842 5435 994 5496 firmavit:
1014 5433 1069 5496 Re·

328 5525 457 5606 lipiosos
478 5523 517 5589 ob
540 5524 692 5604 Episcopo
714 5528 755 5590 od
777 5529 986 5605 consessiones
1004 5545 1069 5592 soe-

328 5621 491 5683 culoriom
514 5621 548 5681 io
577 5619 637 5683 sod
664 5621 795 5684 dioecesi
817 5622 993 5684 audiendos
1016 5639 1070 5699 op-

325 5712 487 5792 probotos,
514 5730 576 5775 ooo
604 5729 692 5792 posse
714 5715 749 5776 io
775 5713 844 5777 olid
866 5715 997 5775 dioecesi
1019 5731 1070 5778 cos

326 5806 440 5885 ubsque
463 5807 610 5884 Episcopi
638 5807 814 5869 dioecesani
842 5807 1070 5884 approbatione

326 5901 453 5972 prodire,
476 5900 620 5978 qrromris
640 5901 837 5978 poenitentes
857 5899 980 5964 sobditi
1001 5901 1069 5962 siat

1133 666 1202 727 eius
1235 667 1399 745 Episcopi,
1423 686 1443 730 ο
1471 685 1530 747 qoo
1553 669 1616 746 ipsi
1644 667 1786 747 religiosi
1809 667 1874 728 iam

1132 761 1265 837 socroot
1287 759 1467 839 approbati.

1171 855 1190 929 ὅ
1211 854 1239 916 8.
1262 856 1361 930 Quare
1382 855 1405 916 si
1436 856 1587 917 instamus
1614 854 1767 918 canonicis
1788 853 1877 915 insti·
1921 867 1965 922 our
1982 869 2064 924 potest
2080 878 2106 914 u·

1132 950 1218 1024 tutis,
1235 965 1313 1026 quae
1327 949 1469 1028 superius
1491 950 1734 1023 numeravimus,
1751 945 1874 1010 nullum
1894 921 2107 1022 ffissssfssgfflssxa'

1131 1042 1876 1120 afferripotestimpedimentumOrdinario,qno·

1132 1135 1235 1196 minus
1246 1151 1374 1197 examen
1391 1137 1503 1199 indicat
1515 1137 1721 1198 sacerdotibus
1734 1144 1796 1198 tam
1811 1149 1874 1216 sae-

1131 1229 1287 1291 cularibus
1309 1237 1401 1308 quam
1418 1230 1626 1306 regularibus,
1642 1245 1696 1308 per
1711 1245 1786 1308 quos
1801 1227 1875 1288 Poe·

1132 1321 1283 1384 nitentiae
1304 1330 1530 1386 sacramentum
1553 1323 1585 1384 in
1619 1323 1691 1386 locis
1714 1321 1808 1400 ipsius
1829 1321 1876 1382 iu-

1132 1415 1303 1478 risdictioni
1331 1416 1475 1480 subiectis
1506 1414 1787 1480 administrandum
1810 1419 1873 1474 est:

1132 1509 1301 1586 regulares,
1326 1510 1466 1587 inquam,
1487 1510 1517 1571 in
1541 1525 1671 1571 examen
1693 1523 1803 1569 vocare
1824 1521 1875 1584 po-

1133 1611 1190 1664 test
1212 1603 1402 1679 Ordinarius,
1424 1603 1449 1664 si
1471 1603 1569 1666 velint
1584 1601 1786 1666 saecularium
1803 1615 1874 1661 con-

1131 1695 1278 1760 fessiones
1300 1696 1449 1776 excipere.
1474 1697 1511 1758 ht
1532 1713 1617 1771 roro,
1634 1695 1780 1776 quoniam
1804 1693 1875 1754 mis·
1907 1711 2056 1775 anglicanis
2071 1717 2106 1758 ra-

1131 1790 1267 1868 sionarii,
1290 1801 1320 1854 ct
1343 1791 1495 1870 imprimis
1525 1789 1697 1866 regulares,
1731 1787 1821 1864 longa
1843 1793 1874 1848 et
1894 1775 2106 1874 ffissndffissfmffi

1131 1883 1263 1946 difficilia
1274 1885 1446 1963 suscipiunt
1459 1883 1580 1958 itinera,
1594 1882 1709 1945 relictis
1719 1879 1874 1943 coenobiis
1893 1882 1978 1918 coram
2010 1872 2106 1918 ‘⁴⁰¹¹‘ss

1892 1927 1978 1982 apost.
1995 1924 2103 1972 Bruxell,

1133 1979 1163 2039 in
1196 1977 1307 2056 quibus
1338 1986 1521 2053 versantur,
1545 1985 1580 2040 ul
1612 1978 1644 2040 iu
1671 1977 1815 2054 angliam
1837 1976 1873 2038 ad
1892 1980 2042 2078 ggpffilgftr
2065 1978 2105 2024 *⁰¹

2003 2043 2105 2096 piscopo

1130 2071 1285 2133 obeundas
1314 2073 1475 2134 missiones
1496 2089 1528 2133 se
1558 2071 1733 2148 conferant,
1757 2088 1797 2135 ne
1818 2071 1872 2134 du·
1892 2085 2105 2142 torquatorum

1132 2165 1225 2226 hietas
1236 2166 1429 2228 admissionis
1440 2165 1473 2226 ad
1490 2166 1697 2228 confessiones
1707 2168 1872 2229 audiendas
1892 2144 2105 2256 ξῗῃῖἳῖἓῆζῖἓῖ

1131 2259 1162 2322 in
1182 2259 1344 2323 subeundo
1376 2261 1520 2322 examine
1551 2261 1617 2322 illos
1646 2260 1682 2321 ab
1709 2260 1872 2338 apostolico
1892 2251 2031 2294 mmenmr.

1131 2368 1262 2415 munere
1293 2353 1457 2428 deterreat,
1491 2354 1646 2416 cavebunt
1669 2354 1871 2431 inposterum,

1130 2443 1296 2522 antequam
1319 2441 1499 2522 relinquant
1514 2446 1697 2506 monasteria
1714 2445 1873 2522 inquibus

1130 2536 1248 2613 degunt
1270 2545 1301 2597 ot
1322 2537 1355 2599 in
1378 2538 1522 2614 Angliam
1546 2537 1684 2613 tendant,
1707 2538 1871 2613 carebunt,

1132 2631 1273 2708 inquam,
1301 2648 1430 2694 examen
1453 2634 1487 2694 ad
1510 2631 1717 2693 confessiones
1740 2630 1873 2692 saecula·

1130 2724 1212 2785 rium
1234 2724 1399 2786 audiendos
1420 2725 1525 2787 subire
1547 2741 1648 2788 coram
1662 2723 1823 2788 Ordinario
1840 2731 1872 2784 et

1130 2817 1392 2879 examinatoribus
1413 2815 1471 2880 loci
1495 2819 1526 2880 in
1548 2834 1609 2897 quo
1631 2818 1725 2880 situm
1740 2824 1786 2879 est
1806 2833 1873 2879 mo-

1129 2910 1312 2984 nasterium,
1335 2917 1365 2971 et
1393 2913 1540 2990 consequi
1571 2911 1782 2973 testimonium
1810 2927 1872 2988 quo
1961 2913 1967 2926 “

1130 3002 1231 3064 idonei
1257 3003 1470 3083 declarentur3
1494 3007 1576 3084 quod
1607 3006 1733 3084 insuper
1758 3005 1871 3082 poterit

1130 3095 1255 3160 indicari
1271 3097 1399 3160 vicariis
1417 3100 1599 3178 Apostolicis
1614 3101 1647 3164 in
1662 3099 1775 3178 Anglii
1789 3113 1870 3162 com-

1128 3194 1320 3258 morantibus
1351 3209 1405 3272 per
1432 3195 1535 3257 literas
1566 3194 1736 3271 ordinarii,
1759 3197 1812 3275 qui
1835 3197 1870 3258 ad

1127 3304 1257 3351 examen
1278 3303 1329 3348 eos
1351 3289 1480 3366 excepit,
1497 3295 1528 3348 et
1548 3289 1663 3366 peritos
1683 3290 1871 3370 idoneosque

1128 3381 1284 3444 iudicarit.
1307 3381 1391 3455 Quod
1414 3381 1438 3441 si
1461 3381 1655 3460 cuiquamex
1676 3381 1870 3458 regularibus

1127 3474 1319 3536 commodius
1346 3481 1438 3552 atque
1466 3475 1569 3536 itineri
1595 3475 1800 3552 opportunius
1822 3476 1866 3536 vi-

1127 3569 1263 3643 deretur,
1289 3568 1440 3629 Bruxellis
1462 3574 1534 3629 ante
1553 3567 1762 3647 apostolicum
1784 3569 1871 3632 Nun-

1127 3664 1211 3725 cium
1232 3663 1375 3740 propriae
1395 3663 1542 3724 scientiae
1566 3662 1737 3741 periculum
1761 3665 1869 3739 facere,

1129 3759 1156 3819 id
1179 3758 1239 3818 erit
1260 3772 1369 3818 eorum
1393 3760 1424 3820 in
1450 3756 1556 3832 libitu,
1580 3772 1651 3819 cum
1674 3761 1804 3836 utrique
1825 3776 1870 3820 ra-

1128 3851 1212 3912 tione
1223 3850 1336 3928 duplex
1348 3850 1506 3914 auferatur
1518 3853 1760 3930 incommodum3
1771 3868 1870 3915 unum

1127 3945 1254 4019 scilicet,
1272 3961 1311 4006 ne
1326 3945 1485 4022 regulares
1506 3947 1648 4008 animum
1670 3953 1872 4024 mentemque

1127 4039 1303 4100 dimoveant
1324 4053 1339 4099 a
1362 4039 1561 4101 missionibus
1583 4039 1760 4115 anglicanis
1774 4055 1812 4100 co
1834 4041 1869 4102 ti-

1127 4147 1233 4207 more,
1256 4147 1296 4194 ne
1318 4150 1333 4192 a
1355 4132 1483 4195 vicariis
1505 4129 1687 4210 Apostolicis
1708 4133 1871 4196 admittan-

1129 4225 1868 4306 turadsaeculariumconiessionesexcipiendam

1126 4319 1259 4380 alterum
1281 4334 1366 4384 vero.
1390 4335 1430 4380 ne
1451 4320 1544 4384 iidem
1566 4321 1679 4384 Vicarii
1701 4321 1869 4385 destituan-

1129 4420 1179 4474 tur
1195 4415 1381 4476 ouctoritate
1401 4415 1587 4494 adprobandi
1610 4419 1690 4493 illos,
1713 4421 1764 4498 qui
1788 4423 1869 4482 intra

1127 4506 1241 4568 limites
1261 4523 1334 4568 suae
1355 4509 1575 4572 iurisdictionis
1597 4511 1806 4576 Poenitentiae
1824 4533 1871 4577 sa·

1127 4608 1322 4664 crumentum
1350 4602 1450 4665 velint
1482 4604 1709 4667 administrare.
1745 4608 1869 4671 Etenim

1127 4691 1201 4755 duris
1223 4696 1352 4757 omnino
1377 4703 1461 4758 actus
1489 4699 1705 4774 complectitur
1726 4702 1870 4780 adproba-

1129 4785 1181 4859 tio,
1204 4803 1338 4864 quorum
1360 4790 1477 4869 primus
1498 4791 1532 4851 ad
1556 4791 1769 4867 intellectum,
1793 4797 1870 4858 alter

1125 4888 1242 4957 spectat
1263 4883 1296 4942 ad
1313 4882 1517 4946 voluntatem.
1540 4885 1701 4963 Proprium
1717 4890 1801 4950 enim
1824 4896 1869 4952 est

1128 4973 1310 5050 intellectus,
1327 4976 1428 5038 oeblta
1449 4995 1481 5040 ao
1503 4981 1668 5042 necessaria
1690 4983 1815 5044 scientia
1837 4985 1866 5044 in

1127 5068 1301 5130 examinato
1331 5069 1521 5149 deprehensa
1552 5073 1641 5136 illum
1672 5076 1869 5139 confessionis

1127 5162 1251 5223 muneri
1262 5165 1404 5226 obeundo
1419 5174 1525 5243 aptum
1540 5167 1728 5230 existimare.
1743 5172 1781 5233 nt
1793 5187 1869 5233 non·

1127 5256 1185 5316 nisi
1201 5256 1368 5319 voluntatis
1382 5267 1439 5333 est,
1452 5258 1629 5323 facultatem
1644 5262 1869 5328 confessionum

1126 5349 1349 5410 audiendarum
1378 5351 1507 5413 liberam
1536 5353 1724 5432 plenamque
1751 5355 1867 5431 facere,

1126 5445 1377 5522 sententiamque
1399 5443 1435 5505 sle
1457 5462 1493 5506 eo
1515 5447 1664 5524 proferre,
1688 5450 1739 5527 qui
1762 5451 1870 5528 adpro-

1128 5533 1226 5595 batori
1246 5535 1419 5599 subiicitur.
1449 5538 1591 5600 Primum
1618 5541 1722 5619 itaque
1743 5543 1780 5604 ab
1800 5560 1870 5604 exa·

1128 5627 1279 5688 minatore
1301 5639 1485 5706 praestatur,
1498 5632 1587 5694 cuius
1610 5634 1679 5695 fidei
1695 5642 1726 5696 et
1741 5635 1870 5712 integri·

1129 5719 1180 5779 tati
1203 5719 1351 5782 innititur
1372 5727 1465 5800 atque
1486 5724 1662 5802 acquiescit,
1679 5726 1732 5803 qni
1753 5727 1871 5789 confes-

1126 5811 1229 5873 siones
1249 5814 1392 5876 audiendi
1415 5815 1591 5878 falcultatem
1613 5817 1644 5879 in
1668 5818 1818 5881 limitibus
1838 5829 1870 5883 et

1126 5905 1270 5967 confiniis
1294 5907 1352 5968 sibi
1380 5909 1540 5985 assignatis
1564 5910 1752 5989 impertitur.
1785 5912 1869 5976 Alte·
