4764 6972
73 5673 74 5678 ,
94 5623 175 5684 Ι1311313
188 5631 231 5673 313.

72 5681 141 5723 331333
153 5684 190 5726 etc.

885 635 1083 683 nnnnnrcrtts
1104 639 1169 686 XIV.
1727 631 1783 696 {07
1833 631 1887 686 An.
1902 634 1932 688 (1.
1954 635 2022 686 1743

254 753 375 833 ingredi
397 755 576 833 contigerit,
592 772 693 819 unum
714 773 753 819 ex
773 764 861 819 caetu
882 763 913 819 31
933 773 1000 819 cor-

253 865 326 929 pore
353 849 430 912 cleri
457 848 556 912 dictae
587 849 732 912 ecclesiae
759 850 920 913 dumtaxat
946 851 998 932 (in

253 959 348 1022 quern
378 943 499 1005 clerum
527 942 670 1024 deinceps
698 946 854 1022 perpetuis
885 945 1000 1008 tuturis

253 1037 444 1115 temporibus
477 1036 602 1099 nullum
629 1039 775 1114 omnino,
806 1039 863 1100 nisi
890 1040 1000 1102 eodem

252 1131 500 1194 Graeco-Latino
529 1131 615 1204 Ritu,
638 1138 673 1194 31
695 1133 917 1210 praemittitur,
940 1132 999 1194 ini·

252 1223 377 1297 1131333,
398 1224 534 1302 33331331
556 1229 588 1286 31
609 1224 800 1302 incorporari
815 1226 928 1303 pariter
947 1242 999 1287 33-

252 1314 356 1377 lumus
378 1325 409 1378 et
429 1315 626 1396 mandamus)
647 1317 679 1378 in
700 1316 927 1396 Protopapam,
943 1334 1000 1398 pro

251 1417 392 1488 tempore
420 1410 620 1482 existentem,
647 1409 684 1471 ab
711 1412 821 1473 eodem
841 1412 923 1473 clero
944 1411 1000 1473 eli-

251 1502 345 1580 gendi
360 1502 628 1577 etconstituendi,
643 1502 836 1564 sanctissime
849 1504 1000 1565 custodia-

251 1605 323 1672 tur,
346 1611 577 1674 quamcumque
597 1611 672 1656 reno
690 1595 874 1658 electionem
889 1596 1000 1658 Proto-

251 1704 354 1767 33333
364 1689 542 1751 huiusmodi
556 1689 656 1764 aliter,
669 1703 761 1766 quam
776 1695 811 1750 ut
826 1689 999 1766 praemitti-

252 1791 304 1844 tur
325 1783 517 1857 1331313331
538 1781 796 1859 quandocumque
816 1781 997 1858 faciendam,

252 1879 338 1939 nnn
351 1881 494 1954 protunc
509 1873 707 1936 annullamus
722 1874 953 1953 irritamusque,
967 1892 1000 1938 ac

251 1970 374 2034 nullam
406 1968 589 2046 irritamque
621 1983 702 2042 esse,
724 1975 756 2030 et
783 1969 864 2043 lore,
894 1975 997 2042 motu,

250 2064 380 2127 scientia
407 2067 438 2124 31
466 2061 624 2140 potestatis
655 2060 849 2139 plenitudine
876 2062 1000 2140 paribus

251 2157 454 2220 declaramus.

291 2251 311 2326 ἓ
332 2250 362 2311 la.
379 2251 598 2323 decernentes,
623 2247 745 2308 easdem
769 2257 945 2326 praesentes
965 2248 999 2308 11-

251 2353 346 2418 teras,
362 2360 396 2404 ac
417 2343 520 2404 omnia
535 2348 566 2402 et
579 2341 701 2416 singula
717 2341 750 2402 in
766 2341 827 2401 illis
842 2349 998 2416 contenta,

250 2438 348 2499 etiarn
363 2451 460 2509 exeo,
477 2436 557 2512 quod
573 2435 764 2513 quicumque
780 2435 811 2495 in
827 2436 1000 2512 praemissis

251 2532 405 2592 interesse
424 2529 585 2604 babentes,
603 2544 659 2590 seu
680 2528 793 2590 babere
807 2528 999 2606 quomodoli-

250 2625 303 2688 bet
326 2624 581 2703 praetendentes,
604 2620 666 2683 illis
687 2638 751 2684 non
772 2624 998 2699 consenserint,

249 2735 284 2780 ac
306 2719 344 2780 ad
365 2733 399 2778 ea
421 2715 521 2777 vocati
536 2721 568 2776 et
581 2715 689 2787 auditi,
705 2731 759 2775 seu
775 2731 893 2788 causae,
910 2732 1000 2794 3333-

249 2819 299 2873 133
319 2826 396 2889 3333
417 2809 499 2887 ipsae
523 2815 701 2886 praesentes
722 2817 920 2882 emanarunt,
949 2810 999 2870 ad-

249 2903 373 2978 ductae,
403 2899 769 2974 3331133133,33331133
796 2899 997 2978 sufficientes,

249 2995 422 3058 autetiam
447 2993 606 3056 ullatenus
631 2991 811 3054 iustificatae
842 3009 905 3054 non
933 2993 1001 3057 lue-

249 3089 328 3163 rint,
352 3095 406 3150 331
426 3103 464 3148 ex
486 3086 542 3146 alia
570 3085 679 3163 quavis
704 3086 936 3163 quantumlibet
957 3087 1000 3148 le·

249 3184 373 3260 gitima,
395 3183 456 3260 pia,
478 3179 605 3242 iuridica
627 3185 658 3240 et
682 3179 877 3256 privilegiata
898 3198 997 3256 33333,

248 3276 366 3351 colore,
383 3280 556 3352 praetextu,
569 3273 724 3334 occasione
739 3281 769 3334 31
784 3274 893 3353 capite,
906 3277 999 3337 etiam

249 3371 283 3432 in
313 3383 443 3446 corpore
472 3367 549 3428 iuris
576 3366 695 3440 clauso,
725 3367 819 3434 etiam
850 3369 998 3444 enormis,

248 3463 485 3526 enormlssimae
516 3469 546 3522 et
582 3460 684 3522 totalis
718 3460 877 3537 laesionis,
910 3461 999 3524 nullo

248 3572 401 3635 umquam
423 3563 564 3630 tempore
584 3552 621 3612 de
642 3553 862 3631 subreptionis,
881 3554 931 3616 vel
946 3555 999 3616 ob

249 3648 421 3728 reptionis‚
448 3654 502 3710 331
532 3645 699 3720 3311113113,
722 3645 772 3706 331
801 3647 999 3709 1333111113113

248 3743 340 3818 31113,
361 3757 417 3804 333
438 3739 621 3802 13133113313
636 3747 770 3815 nostrae,
786 3739 836 3801 331
851 3756 999 3819 quorum-

247 3839 297 3900 vis
318 3838 471 3899 interesse
485 3833 665 3896 habentium
677 3849 857 3909 consensus,
873 3836 999 3897 3313113

249 3930 362 4010 333313
384 3927 584 4006 3333133313
606 3941 720 4003 magno
741 3933 773 3988 et
792 3927 997 4002 substantiali,

249 4039 283 4084 ac
305 4021 513 4098 inexcogitato
528 4018 660 4094 delectu,
677 4020 791 4093 notari,
809 4019 997 4096 impugnari,

249 4114 427 4188 1333111331,
456 4110 602 4188 infringi,
625 4112 800 4187 retractari,
826 4113 857 4173 13
879 4112 927 4174 133
949 4113 1000 4175 331

249 4205 499 4269 controversiam
520 4203 669 4278 revocari,
692 4205 728 4266 ad
751 4205 900 4267 terminos
922 4205 999 4268 iuris

248 4301 370 4375 reduci,
392 4315 448 4362 seu
469 4300 615 4362 adversus
636 4298 703 4359 illas
724 4298 903 4375 aperitionis
924 4299 997 4373 oris,

249 4391 461 4456 restitutionis
481 4392 515 4452 in
537 4391 708 4466 integrum,
732 4398 785 4452 331
805 4390 888 4452 aliud
903 4391 999 4469 quod-

249 4503 388 4564 cumque
409 4485 496 4558 iuris,
520 4483 600 4558 lacti,
623 4483 674 4546 vel
695 4483 809 4559 gratiae
823 4483 999 4546 remedium

249 4578 415 4652 intentari,
432 4576 482 4638 vel
497 4576 668 4654 impetrari,
685 4584 737 4637 331
752 4575 927 4655 impetrato,
943 4593 998 4639 seu

249 4672 347 4733 etiam
369 4678 468 4745 motu,
491 4669 619 4732 scientia
635 4677 665 4729 31
687 4669 844 4745 3313313113
865 4669 1000 4748 plenitu-

249 4766 325 4828 dine
347 4763 471 4842 paribus
485 4777 640 4836 concesso,
666 4763 843 4840 quempiam
865 4763 897 4824 in
919 4764 998 4826 1311-

248 4861 309 4935 313,
333 4858 386 4920 331
407 4865 494 4918 33133
515 4855 604 4930 11131,
627 4855 674 4916 311
688 4871 743 4917 333
758 4871 792 4916 33
811 4856 919 4918 133333
933 4856 998 4919 3113

247 4953 342 5015 modo
363 4966 462 5030 33333,
486 4948 540 5010 331
560 4948 639 5026 13333
659 4957 835 5027 praesentes
850 4949 952 5012 literas
967 4957 998 5012 et

248 5049 282 5110 in
303 5047 350 5108 eis
370 5051 515 5106 contenta
536 5058 759 5121 quaecumque,
775 5043 876 5118 firma,
898 5043 997 5106 ualida

249 5145 281 5201 et
306 5135 440 5199 efficacia
461 5136 595 5196 existere
617 5141 648 5196 31
673 5134 748 5210 lore,
774 5150 907 5214 suosque
934 5136 997 5214 ple-

249 5231 354 5295 narios
374 5239 405 5292 et
428 5231 567 5305 integros
588 5228 715 5290 31133133
736 5228 841 5292 sortiri
862 5235 894 5290 31
919 5229 997 5290 obti-

250 5341 338 5400 nere,
352 5333 383 5386 31
397 5323 470 5398 11113,
483 5322 520 5385 31
531 5338 607 5400 3333
618 5327 734 5400 3333131
745 5328 776 5383 31
787 5337 843 5402 333
858 5327 998 5401 tempore

250 5417 511 5498 quandocumque
524 5413 684 5492 spectabit,
697 5414 730 5476 in
741 5405 886 5477 omnibus
901 5425 932 5477 et
942 5433 998 5495 per

249 5513 354 5574 omnia
365 5510 544 5588 plenissime
554 5507 728 5584 suflragari,
740 5515 771 5570 et
785 5509 880 5572 abeis
895 5525 998 5589 respe-

251 5605 333 5666 ctive
364 5602 585 5666 inuiolabiliter
618 5600 796 5678 observari3
828 5602 935 5680 sicque
963 5603 996 5664 in

250 5697 426 5777 praemissis
454 5711 510 5775 333
534 5709 747 5774 quoscumque
772 5693 888 5756 iudices
915 5695 997 5757 ordi·

252 5791 355 5853 333133
378 5797 410 5850 31
430 5789 597 5866 delegatos,
609 5789 705 5850 etiam
718 5803 879 5850 causarum
894 5789 998 5867 palatii

251 5883 408 5963 apostolici
429 5881 596 5958 auditores,
619 5890 650 5944 et
671 5882 795 5960 3333313
815 5880 902 5957 31133,
924 5898 997 5960 333-

251 5991 385 6056 cumque
407 5976 649 6056 praeeminentia
658 5983 691 6037 et
701 5981 851 6056 potestate
865 5973 997 6052 lungen-

1056 762 1103 819 tes
1125 764 1155 820 et
1177 757 1351 838 iuncturos,
1373 763 1491 826 sublata
1506 765 1549 827 eis
1561 771 1592 827 et
1614 771 1802 832 333333331-

1056 850 1131 913 libet
1157 854 1264 929 quavis
1290 854 1380 917 aliter
1409 855 1564 920 iudicandi
1591 869 1622 922 31
1650 860 1805 940 13133333-

1056 945 1139 1007 13311
1154 945 1299 1010 133311313
1312 955 1343 1010 31
1358 951 1550 1026 33313311313,
1566 953 1804 1020 131133313113-

1056 1037 1141 1100 liniri
1162 1040 1284 1118 debere,
1308 1058 1340 1103 ac
1360 1042 1484 1106 irritum
1498 1046 1645 1122 3113333,
1668 1049 1694 1109 31
1714 1065 1802 1112 secus

1054 1145 1148 1209 super
1177 1131 1224 1193 bis
1252 1149 1268 1193 a
1296 1149 1453 1212 qucquam
1477 1138 1584 1214 quavis
1606 1141 1800 1217 auctoritate,

1054 1223 1262 1286 33133133331
1284 1225 1481 1302 ignoranter,
1507 1230 1674 1307 contigerit
1702 1239 1804 1296 31133-

1055 1317 1124 1377 1331.

1095 1412 1164 1488 ἓὸ·
1187 1412 1331 1487 0110111θᾶ
1353 1414 1464 1478 dilecto
1479 1417 1543 1479 filio
1558 1435 1720 1483 causarum
1742 1423 1802 1486 Cu·
1834 1432 2035 1479 executorem-

1055 1503 1118 1566 riae
1140 1507 1286 1570 Gamerae
1300 1508 1490 1586 Apostolicae
1502 1512 1640 1587 generali
1655 1514 1799 1590 33111331,
1820 1490 1973 1585 mpii?
1996 1486 2034 1532 [θ’

1056 1612 1180 1660 necnon
1209 1601 1378 1662 venerabili
1406 1600 1494 1664 lratri
1522 1603 1672 1667 moderno
1693 1615 1724 1669 et
1745 1625 1801 1686 pro

1055 1693 1800 1776 temporeexistentiArcbiepiscopoblessanensi,

1056 1783 1281 1847 committimus
1301 1792 1333 1848 et
1353 1781 1800 1871 3333133333333133331331,

1056 1877 1105 1938 331
1127 1877 1204 1938 31133
1218 1894 1340 1954 eorum,
1357 1896 1468 1958 perse,
1489 1883 1539 1944 rel
1554 1900 1609 1961 333
1623 1884 1730 1962 alium,
1746 1903 1802 1950 seu

1055 1970 1140 2046 alios,
1163 1973 1322 2050 perpetuis
1348 1972 1463 2036 1313313
1485 1977 1694 2053 temporibus,
1716 1996 1802 2058 prae-

1055 2072 1158 2126 sentes
1179 2065 1283 2126 literas
1304 2074 1334 2128 31
1356 2067 1388 2129 13
1411 2068 1455 2130 313
1477 2077 1622 2132 33313313
1637 2087 1801 2149 quaecum-

1056 2172 1127 2236 que,
1150 2156 1202 2220 ubl
1224 2165 1255 2218 et
1277 2161 1400 2236 quando
1414 2175 1490 2238 3333
1512 2162 1607 2225 133311
1628 2173 1659 2226 31
1681 2167 1802 2243 3331133

1056 2267 1111 2328 pro
1133 2259 1218 2328 parte
1232 2252 1420 2329 Protopapae
1440 2262 1471 2316 31
1491 2254 1567 2316 31331
1588 2257 1685 2320 113133
1706 2260 1804 2322 eccle-

1055 2346 1116 2406 siae
1138 2361 1193 2422 333
1216 2355 1354 2423 tempore
1372 2347 1487 2422 pariter
1502 2348 1662 2415 existentis
1684 2350 1802 2414 luerint

1056 2438 1207 2516 requisiti,
1230 2439 1256 2498 31
1277 2454 1354 2515 3333
1376 2439 1481 2515 luerit,
1499 2441 1682 2504 solemniter
1703 2445 1802 2522 publi-

1055 2540 1176 2605 cantes,
1209 2537 1239 2592 et
1262 2532 1447 2610 Protopapae
1473 2550 1506 2596 ac
1538 2534 1620 2597 clero
1641 2538 1803 2614 praedictis

1056 2626 1088 2686 in
1110 2625 1283 2703 praemissis
1298 2625 1425 2688 efficacis
1443 2625 1631 2690 detensionis
1652 2633 1803 2709 praesidio

1055 2719 1242 2793 assistentes,
1265 2717 1376 2780 iaciant
1398 2721 1579 2784 auctoritate
1606 2730 1711 2786 nostra
1731 2741 1802 2804 apo-

1055 2811 1162 2873 stolica
1189 2811 1389 2890 Protopapam
1417 2819 1447 2875 et
1472 2813 1592 2877 clerum
1622 2817 1803 2880 buiusmodi

1055 2904 1296 2982 praemissorum
1310 2904 1454 2966 omnium
1465 2912 1497 2967 31
1507 2906 1706 2983 singulorum
1720 2926 1802 2974 com-

1055 2998 1158 3072 modo,
1181 2996 1292 3060 ellectu
1314 3003 1344 3058 31
1365 2997 1434 3060 1333
1455 2998 1578 3077 pacifice
1599 3000 1662 3063 lrui
1683 3011 1714 3065 et
1728 3020 1803 3080 gau·

1055 3091 1139 3166 dere,
1162 3107 1226 3152 non
1247 3091 1465 3169 permittentes
1480 3092 1683 3173 Protopapam
1698 3104 1730 3158 et
1743 3098 1803 3160 313-

1054 3199 1128 3246 rum
1150 3183 1325 3246 huiusmodi
1354 3185 1486 3263 desuper
1511 3203 1526 3245 a
1548 3203 1704 3266 quoquam
1726 3207 1802 3269 quo-

1055 3275 1801 3354 modolibetindebitemolestari3contradictores
1831 3339 1836 3345 .

1055 3370 1210 3449 quoslibet
1230 3380 1262 3430 31
1283 3369 1415 3432 rebelles
1436 3386 1490 3449 per
1512 3387 1657 3436 censuras
1679 3382 1709 3437 et
1730 3391 1802 3454 poe-

1055 3479 1109 3525 nas
1129 3463 1356 3538 ecclesiasticas,
1379 3463 1499 3542 aliaque
1527 3473 1702 3544 opportuna
1723 3469 1801 3530 iuris

1056 3565 1087 3619 et
1107 3556 1179 3618 lacti
1206 3557 1359 3632 remedia,
1388 3557 1592 3635 appellatione
1619 3562 1799 3639 postposita,

1055 3650 1288 3728 compescendo,
1302 3649 1442 3711 inuocato
1455 3650 1594 3713 etiamad
1606 3651 1676 3730 boc,
1688 3655 1713 3715 si
1725 3671 1802 3734 opus

1054 3742 1161 3816 luerit,
1184 3741 1299 3804 auxilio
1320 3741 1437 3804 brachii
1458 3744 1631 3806 saecularis.

1095 3835 1162 3911 §ti
1184 3834 1253 3896 Non
1279 3834 1470 3897 obstantibus
1500 3837 1689 3914 apostolicis,
1712 3839 1799 3903 acin
1847 3871 2032 3918 c„„„„„„„.

1055 3928 1283 3992 universalibus
1302 3927 1607 4007 provincialibusque
1624 3938 1655 3993 et
1671 3934 1800 4010 synoda·
1820 3929 1908 3984 '⁰⁸³2-

1056 4021 1137 4084 libus
1150 4020 1288 4098 conciliis
1301 4021 1392 4082 editis
1404 4021 1663 4101 generalibusque
1673 4025 1724 4088 331
1734 4042 1801 4104 spe·

1055 4115 1181 4177 cialibus
1201 4113 1476 4176 constitutionibus
1497 4122 1530 4177 31
1544 4116 1799 4195 ordinationibus,

1056 4223 1176 4270 necnon
1207 4205 1305 4269 dictae
1326 4207 1470 4269 ecclesiae
1497 4215 1529 4269 et
1551 4211 1684 4272 nationis
1709 4211 1801 4276 Grae·

1055 4316 1179 4376 corum,
1212 4301 1306 4362 etiam
1343 4301 1536 4377 iuramento,
1564 4304 1800 4367 confirmatione

1055 4394 1231 4472 apostolica,
1262 4393 1312 4454 331
1345 4393 1453 4472 333313
1485 4395 1634 4458 firmitate
1661 4397 1719 4459 alit
1752 4414 1801 4460 ro-

1055 4486 1184 4562 boratis,
1211 4487 1334 4548 statutis
1354 4494 1386 4547 et
1414 4488 1708 4564 consuetudinibus,
1739 4493 1800 4570 pri·

1055 4579 1178 4656 vilegiis
1199 4595 1336 4658 quoque,
1351 4579 1481 4642 indultis
1505 4589 1537 4643 31
1558 4582 1668 4644 litteris
1683 4591 1800 4662 333313-

1054 4673 1120 4734 licis
1138 4673 1171 4733 in
1196 4673 1388 4735 contrarium
1410 4673 1650 4752 praemissorum
1674 4691 1801 4754 quomo·

1054 4766 1170 4828 dolibet
1190 4767 1352 4841 concessis,
1374 4767 1564 4829 confirmatis
1579 4774 1609 4830 et
1630 4769 1800 4848 innovatis;

1055 4860 1168 4937 quibus
1182 4859 1326 4922 omnibus
1341 4867 1371 4920 et
1381 4859 1525 4936 singulis,
1535 4859 1661 4924 illorum
1679 4870 1800 4926 1333333

1054 4953 1269 5030 praesentibus
1292 4967 1347 5030 pro
1367 4952 1459 5031 plene
1482 4947 1513 5014 et
1531 4953 1725 5017 sufficienter
1748 4973 1800 5018 ex-

1055 5045 1178 5123 pressis,
1193 5063 1226 5107 ac
1240 5047 1278 5108 de
1293 5046 1387 5107 verbo
1403 5047 1437 5108 ad
1453 5047 1586 5109 verbum
1604 5047 1728 5110 insertis
1749 5049 1800 5110 ba·

1055 5138 1173 5212 bentes,
1196 5137 1257 5199 illis
1279 5139 1350 5200 alias
1368 5139 1401 5200 in
1416 5153 1472 5200 333
1490 5139 1600 5202 robore
1619 5155 1800 5220 permansu-

1054 5230 1107 5305 ris,
1131 5231 1166 5293 ad
1192 5231 1434 5309 praemissorum
1459 5231 1621 5308 eliectum,
1650 5234 1705 5296 bac
1732 5235 1800 5298 rice

1053 5324 1225 5398 dumtaxat,
1253 5323 1426 5401 specialiter
1450 5331 1481 5386 31
1506 5339 1650 5402 33333333
1674 5327 1802 5404 deroga·

1054 5431 1135 5491 mus,
1155 5417 1344 5495 caeterisque
1365 5417 1526 5480 contrariis
1540 5419 1798 5498 quibuscumque.

1093 5510 1205 5570 Datum
1217 5509 1342 5583 Romae,
1356 5508 1435 5586 apud
1451 5509 1481 5572 S.
1498 5510 1626 5572 Mariam
1641 5511 1799 5590 blaiorem,

1053 5602 1110 5664 sub
1138 5602 1253 5664 annulo
1280 5601 1461 5677 Piscatoris,
1493 5602 1663 5666 1133313.
1695 5607 1797 5668 martii

1053 5711 1246 5770 33333333,
1270 5695 1580 5773 33311133133333131
1598 5714 1681 5761 anno
1696 5715 1746 5762 111.
