4856 6984
308 552 361 606 an.
376 556 406 606 c.
431 556 495 606 1111
546 556 605 618 asts

528 691 626 768 ligiosi
650 692 707 756 loci
729 695 823 770 asylo,
846 695 881 757 ad
904 697 983 774 quod
1006 696 1192 773 contugerit,
1209 712 1271 758 ser-

526 785 604 846 vatis
626 793 731 850 tamen
755 787 792 850 de
814 789 882 850 iure
905 788 1076 864 servandis,
1099 789 1219 852 extrahi
1241 797 1272 852 et

526 877 634 942 iudicis
655 882 858 958 competentis
883 882 985 944 curiae
1007 899 1062 962 pro
1085 883 1196 946 merito
1218 899 1271 961 pu·

527 971 671 1048 alendus,
695 973 773 1034 tradi
795 977 891 1053 possit
912 985 943 1039 et
958 977 1081 1053 debeat;
1104 993 1272 1056 superque

527 1080 583 1125 nos
596 1065 763 1144 Episcopis,
779 1067 907 1147 aliisque
922 1071 1132 1148 superioribus
1143 1070 1272 1132 Antisti·

527 1156 619 1231 tibus,
642 1159 678 1220 ad
700 1176 777 1238 quos
799 1163 971 1242 respective
994 1164 1130 1241 pertinet
1152 1170 1183 1225 et
1205 1179 1271 1242 per-

528 1248 638 1313 tinebit
660 1251 870 1332 inposterum,
895 1257 1085 1318 nenessarias
1111 1263 1142 1318 et
1163 1272 1271 1336 oppor-

527 1347 617 1404 tunas
631 1343 791 1409 facultates
803 1350 1014 1426 praesentium
1025 1365 1149 1430 quoque
1165 1358 1273 1412 tenore

304 1432 508 1480 crossetanus
529 1434 737 1514 impertimur.
771 1441 851 1516 Quin
881 1441 989 1518 etiam,
1016 1445 1143 1506 vivente
1174 1444 1272 1505 adbuc

295 1497 508 1597 {2⁰2¹fhu‘ssui3'rss
527 1527 623 1591 altero
639 1531 671 1592 in
685 1532 835 1608 singulari
856 1537 1025 1600 certamine
1046 1537 1183 1615 graviter
1203 1537 1271 1600 111-

295 1603 507 1710 ἷῧῗορῗῗιῗῗῖῃῖ
528 1633 654 1702 nerato,
676 1627 701 1688 si
728 1643 888 1705 percussor
910 1629 942 1691 in
965 1630 1066 1692 locum
1096 1631 1271 1694 immunem

295 1699 396 1747 extrahi
407 1700 506 1748 ‘¹⁰¹³ffl‘·
527 1736 559 1780 se
582 1721 744 1800 receperit,
761 1738 798 1783 ex
820 1738 893 1800 quo,
910 1723 1076 1786 eveniente
1092 1723 1175 1786 illius
1191 1740 1271 1787 mor-

527 1819 570 1889 te,
593 1813 700 1890 fugam
725 1815 861 1894 arripere
883 1825 915 1884 et
936 1816 1043 1894 legum
1072 1817 1271 1878 severitatem

527 1906 658 1970 evadere
672 1923 758 1986 posse
777 1909 995 1988 prospiciatur3
1019 1909 1165 1973 volumus
1180 1919 1210 1972 et
1225 1927 1273 1973 re-

526 2003 662 2080 spective
687 2003 910 2081 permittimus,
934 2013 981 2079 ut,
1005 2015 1159 2082 qnatenus
1178 2005 1271 2084 periti

527 2095 562 2157 ad
585 2096 811 2174 inspiciendum
830 2097 944 2159 vulnus
958 2098 1056 2174 acciti,
1081 2099 1273 2178 proceritate

526 2189 709 2266 pericolum
720 2191 825 2252 adesse
836 2191 1014 2267 retulerint,
1024 2191 1271 2272 percussoripse,

527 2283 649 2359 praevio
680 2298 803 2360 semper
832 2283 955 2346 decreto
977 2285 1116 2364 Episcopi
1139 2295 1170 2347 et
1201 2300 1272 2348 cum

526 2375 696 2437 assistentia
719 2392 868 2455 personae
881 2377 1099 2440 ecclesiasticae
1113 2379 1149 2440 ab
1164 2380 1271 2442 eodem

528 2467 676 2548 Episcopo
697 2471 871 2548 deputatae,
888 2471 925 2532 ab
935 2472 1113 2534 huiusmodi
1135 2471 1201 2534 loco
1216 2472 1272 2534 im·

527 2562 616 2623 muni
631 2568 799 2637 extractus,
815 2563 883 2625 sine
899 2579 984 2625 mora
999 2565 1172 2628 carceribus
1186 2581 1272 2626 man·

527 2655 660 2732 cipetnr;
683 2671 717 2717 ea
740 2663 844 2718 tamen
871 2655 939 2734 lege
967 2656 1118 2720 iudicibus
1146 2660 1271 2734 indicta,

528 2757 562 2808 nt
590 2748 682 2810 illum
705 2749 856 2812 Ecclesiae
884 2752 1049 2813 restituere
1075 2753 1222 2828 debeant,
1247 2755 1272 2815 si

528 2841 710 2904 vnlneratus
731 2851 887 2922 superstes
911 2845 996 2906 vivat
1018 2845 1097 2906 ultra
1119 2853 1272 2924 tempusa

528 2933 658 3010 legibus,
681 2951 758 3014 qnae
779 2934 816 2997 de
837 2935 1003 2998 homicidio
1025 2946 1109 3014 sunt,
1123 2939 1271 3002 constitu-

528 3036 612 3106 tum3
635 3029 822 3106 alioquinin
844 3031 966 3092 easdem
988 3045 1099 3109 poenas
1122 3033 1270 3110 incidant,

528 3140 606 3202 quae
628 3126 660 3187 in
682 3124 859 3187 memoratis
888 3125 1043 3187 Benedicti
1069 3123 1148 3186 Xlll.
1173 3126 1271 3189 literis

527 3218 713 3281 constitutae
734 3226 806 3281 sunt
828 3221 974 3282 adversus
997 3219 1077 3293 illos,
1098 3221 1151 3296 qui
1174 3220 1273 3283 delin-

527 3322 676 3393 quentem
697 3312 729 3373 in
752 3313 854 3391 aliquo
876 3327 912 3376 ex
935 3313 1053 3376 casibus
1078 3311 1193 3374 ibidem
1220 3330 1272 3376 ex-

527 3413 649 3490 pressis,
671 3427 710 3472 ex
732 3413 852 3476 indiciis
873 3412 907 3474 ad
931 3412 959 3475 id
975 3407 1201 3474 sufficientibus
1215 3407 1272 3470 sibi

529 3507 687 3582 traditum,
709 3510 874 3572 restituere
895 3517 1051 3584 recusent,
1069 3514 1231 3586 postquam
1247 3509 1271 3570 is

527 3602 559 3661 in
574 3600 637 3662 suis
652 3600 883 3667 defensionibus
906 3602 1081 3667 huiusmodi
1104 3601 1212 3663 indicia
1228 3605 1272 3665 di-

527 3699 631 3762 luerit·

295 3799 508 3897 tgglterfertptgpa·
565 3795 584 3868 ἓ
605 3793 634 3856 9.
652 3794 823 3870 Praeterea,
835 3793 930 3857 simili
942 3804 1029 3858 motu
1044 3803 1075 3858 et
1089 3796 1272 3858 auctoritate

224 3932 228 3940 .
294 3864 776 3968 11111ῗ81Ἒ111-1111111111111
802 3889 1007 3963 declaramus,
1030 3889 1207 3967 sepulturae
1227 3906 1272 3951 sa-

293 3957 508 4068 fgggsssssshgssssssff
527 3997 596 4042 crae
615 3982 823 4060 privationem
845 4001 860 4044 a
881 3991 1069 4046 sacrosancta
1091 3982 1272 4044 tridentina

293 4065 508 4166 ggsssffiffibffgssqa,
527 4077 650 4154 Synodo
666 4076 814 4139 inflictam
830 4076 1036 4139 morientibus
1048 4077 1079 4137 11
1096 4077 1161 4138 loco
1176 4076 1272 4138 duelli

294 4171 358 4218 orn.
526 4177 558 4230 et
578 4169 755 4244 conflictus,
780 4169 999 4232 incurrendam
1022 4176 1173 4248 perpetuo
1195 4169 1270 4243 fore,

527 4263 620 4324 etiam
635 4271 706 4326 ante
727 4264 914 4326 sententiam
938 4263 1058 4338 iudicis
1075 4283 1089 4325 a
1105 4264 1273 4327 decedente

527 4372 651 4436 quoque
670 4363 757 4418 extra
780 4358 881 4419 locum
904 4357 1065 4420 conflictus
1087 4371 1125 4419 ex
1141 4359 1273 4420 vulnere

528 4451 641 4512 ibidem
664 4456 796 4528 accepto,
813 4451 878 4512 sive
900 4450 1040 4512 duellum
1062 4452 1184 4530 publice
1207 4452 1273 4513 sive

528 4543 673 4623 privatim
701 4543 852 4606 indictum
875 4544 988 4619 fuerit,
1011 4560 1044 4606 ac
1065 4544 1184 4607 etiamsi
1205 4544 1272 4607 vnl-

528 4644 654 4698 neratus
675 4643 746 4698 ante
773 4644 906 4698 mortem
936 4653 1000 4699 non
1029 4638 1146 4700 incerta
1168 4637 1274 4716 poeni·

529 4729 643 4793 tentiae
664 4730 750 4806 signa
778 4730 908 4806 dederit,
936 4739 1028 4810 atque
1050 4748 1065 4792 a
1092 4732 1221 4810 peccatis
1241 4739 1273 4793 et

527 4823 665 4885 censuris
695 4823 921 4886 absolutionem
947 4823 1134 4902 obtinuerit3
1155 4824 1272 4885 sublata

529 4918 682 4996 Episcopis
704 4924 734 4979 et
756 4917 923 4981 Ordinariis
944 4918 1082 4980 locorum
1105 4933 1197 4996 super
1219 4919 1274 4980 hac

529 5027 625 5090 poena
655 5011 881 5090 interpretandi
904 5029 937 5073 ac
963 5011 1158 5089 dispensandi
1180 5010 1273 5073 facul-

530 5111 602 5179 tate,
624 5121 684 5177 quo
705 5105 833 5168 caeteris
848 5107 1070 5168 documentum
1092 5104 1274 5184 praebeatur

528 5199 669 5276 fugiendi
689 5197 825 5273 sceleris,
848 5215 881 5260 ac
902 5198 1037 5260 debitam
1058 5195 1210 5260 Ecclesiae
1232 5197 1275 5259 le·

529 5294 617 5372 gibus
639 5293 846 5356 obedientiam
868 5292 1051 5370 praestandi.

340 5394 456 5456 noriano
478 5394 509 5440 ad
568 5388 588 5463 ς
612 5387 658 5449 ld.
685 5387 717 5449 ln
740 5386 832 5448 huius
847 5385 974 5446 demum
990 5383 1205 5447 sollicitudinis
1220 5401 1275 5446 no·

226 5467 230 5472 ·
297 5447 436 5504 Principes,
444 5451 473 5494 ut
483 5449 508 5494 11

297 5501 509 5547 monomachiam
529 5491 608 5546 strae
619 5482 797 5543 societatem
809 5487 952 5540 vocantes
964 5479 1136 5540 carissimos
1147 5477 1274 5541 11111111-

226 5579 236 5600 .
297 5555 509 5601 eradicandam

297 5607 431 5654 ,mmm
467 5609 509 5654 m,
529 5583 576 5636 sto
604 5575 682 5635 tilios
709 5582 846 5646 nostros,
877 5573 1096 5650 imperatorem
1126 5571 1272 5646 electum,

297 5662 426 5708 eumoant.
529 5677 719 5745 cunctosque
738 5665 902 5729 catholicos
922 5681 1022 5741 reges,
1040 5681 1096 5726 nec
1112 5680 1175 5726 non
1192 5664 1274 5743 prin-

530 5762 621 5839 cipes,
654 5761 868 5837 magistratus,
902 5758 1032 5820 militiae
1063 5759 1153 5820 duces
1182 5765 1275 5836 atque

530 5853 709 5932 praefectos,
732 5869 784 5914 eos
805 5867 913 5914 omnes
934 5858 965 5913 et
984 5851 1134 5928 singulos,
1152 5867 1206 5929 pro
1221 5867 1274 5912 sua

530 5948 562 6010 in
584 5949 684 6012 111111
705 5946 857 6024 religione
879 5961 912 6008 ac
934 5943 1058 6024 pietate,
1079 5943 1170 6006 enixe
1191 5943 1276 6005 obte-

1050 577 1113 622 lun.
1138 578 1228 621 PON'l'·
1253 576 1293 618 bn
1316 576 1342 618 l'·
1368 575 1396 619 F.
1421 577 1502 620 PARS
1525 577 1544 620 1.

1327 701 1445 756 stamur
1468 694 1499 757 11
1528 695 1678 771 Domino,
1702 702 1748 770 ut,
1771 695 1944 758 coniunctis
1964 691 2071 756 studiis

1327 796 1357 851 et
1378 789 1507 864 animis,
1534 789 1680 851 exitiosae
1708 789 1886 852 duellorum
1918 787 2071 859 licentiae,

1327 900 1386 962 qua
1407 899 1577 960 regnorum
1590 882 1808 960 tranquillitas,
1825 880 2011 960 populorum
2025 896 2072 941 se-

1327 977 1440 1040 curitas
1460 982 1553 1054 atque
1567 975 1773 1050 incolumitas,
1790 989 1892 1053 neque
1907 989 2071 1052 corporum

1327 1071 1445 1146 solum,
1476 1069 1546 1145 sed,
1578 1086 1656 1148 quae
1687 1069 1776 1132 nullo
1799 1068 1898 1147 pretio
1918 1065 2070 1129 aestimari

1327 1172 1439 1246 potest,
1462 1170 1585 1226 aeterna
1608 1163 1783 1226 animarum
1805 1163 1867 1223 vita
1888 1170 1972 1224 certo
1993 1160 2072 1238 peri-

1326 1259 1461 1334 clitatur,
1477 1259 1563 1321 omni
1583 1259 1654 1320 nisu
1669 1263 1700 1319 et
1714 1255 1882 1320 constantia
1904 1255 2072 1315 vehemen-

1328 1361 1375 1414 ter
1396 1353 1554 1414 obsistant.
1572 1349 1681 1429 Neque
1702 1349 1759 1412 sibi
1776 1363 1909 1426 suaeque
1926 1347 1959 1408 in
1974 1347 2071 1408 Deum

1327 1445 1409 1521 fidei,
1433 1445 1634 1522 munerisque
1661 1443 1773 1506 rationi
1800 1443 1905 1505 fecisse
1932 1441 2004 1502 satis
2025 1440 2073 1502 11-

1329 1539 1479 1616 telligant,
1502 1538 1583 1618 qnod
1605 1539 1722 1614 optime
1742 1535 1917 1600 constitutis
1939 1533 2070 1610 legibus,

1327 1633 1513 1710 indictisqne
1533 1631 1721 1708 gravissimis
1741 1629 1859 1710 poenis,
1880 1628 2071 1689 horrendum

1327 1726 1426 1789 scelus
1446 1725 1652 1805 proscriptum
1674 1726 1731 1803 sit;
1755 1723 1814 1786 nisi
1835 1729 2005 1784 accuratam
2027 1719 2071 1798 ip·

1327 1836 1431 1882 sarum
1454 1820 1570 1896 legum,
1595 1834 1830 1898 poenarumque
1855 1817 2072 1882 executionem

1328 1915 1450 1977 naviter
1467 1922 1602 1989 urgeant
1619 1929 1653 1975 ac
1667 1920 1881 1994 promoveant,
1897 1927 1992 1991 seque
2007 1912 2072 1974 ine·

1328 2007 1476 2070 xorabiles
1488 2007 1542 2069 Dei
1557 2007 1695 2070 vindices
1708 2007 1739 2069 11
1752 2005 1868 2085 eosqui
1882 2005 1951 2068 talia
1963 2012 2069 2082 agunt,

1328 2101 1493 2178 diligenter
1516 2099 1691 2162 exhibeant.
1708 2099 1798 2175 Nam,
1814 2099 1838 2161 si
1855 2099 2071 2177 delinquentes

1328 2204 1381 2257 aut
1401 2195 1568 2257 oscitanter
1583 2194 1683 2256 ferant
1701 2201 1754 2256 ant
1772 2193 1909 2256 molliter
1930 2192 2069 2271 puniant,

1328 2289 1427 2351 alieno
1447 2304 1514 2350 sese
1535 2288 1667 2351 crimine
1688 2287 1840 2366 polluent,
1859 2285 2023 2362 omnisque
2037 2284 2072 2347 it-

1328 2381 1387 2442 lius
1415 2381 1575 2456 sanguinis
1598 2396 1667 2443 reos
1688 2395 1720 2441 se
1746 2379 1951 2452 constituent,
1978 2393 2072 2456 quem

1328 2476 1370 2536 ita
1391 2473 1559 2536 crudeliter
1574 2474 1713 2536 inultum
1729 2472 1844 2536 effundi
1862 2470 2068 2550 permiserint.

1328 2568 1407 2630 Vani
1429 2567 1513 2629 enim
1536 2566 1666 2644 falsique
1686 2566 1813 2628 honoris
1828 2566 1907 2628 idolo
1923 2566 2072 2626 humanas
2160 2593 2162 2596 ·

1329 2659 1408 2722 litari
1431 2660 1571 2722 victimas
1594 2673 1659 2721 non
1673 2659 1803 2738 impune
1817 2657 1895 2722 feret
1909 2672 2073 2735 supremus

1328 2754 1470 2816 omniurn
1492 2753 1585 2815 iudex
1608 2753 1704 2829 Deus;
1730 2752 1882 2813 rationem
1904 2749 1999 2812 abiis
2020 2747 2074 2810 ali·

1327 2846 1450 2926 quando
1483 2855 1659 2918 exacturus,
1690 2858 1825 2923 quorum
1850 2852 1896 2906 est
1917 2843 2021 2904 divina
2042 2849 2073 2903 ct

1328 2942 1463 3000 humana
1485 2939 1553 3001 iura
1570 2938 1662 3012 tueri,
1679 2938 1800 3016 sibique
1819 2935 2007 2998 creditorum
2018 2938 2074 2996 ho-

1328 3033 1450 3094 minum
1472 3031 1568 3093 vitam
1589 3045 1725 3107 servare,
1741 3046 1796 3108 pro
1818 3030 1929 3108 quibus
1950 3027 2074 3105 sangui-

1328 3140 1401 3188 nem
1425 3126 1488 3204 ipse
1509 3140 1602 3186 suum
1624 3124 1706 3186 lesus
1729 3123 1871 3186 Christos
1892 3121 2010 3184 ellndit.

1367 3220 1386 3295 5
1409 3219 1455 3280 11.
1479 3217 1632 3281 Volumus
1663 3225 1779 3292 autem,
1807 3225 1842 3279 ut
1863 3214 2073 3294 praesentium
2125 3235 2327 3298 arenosorum

1328 3312 1488 3374 literarum
1505 3310 1719 3390 transumptis,
1732 3311 1825 3374 etiam
1837 3308 2006 3388 impressis,
2018 3323 2072 3368 no·
2091 3291 2246 3336 ΨΜ·

1329 3404 1396 3466 tarii
1412 3403 1524 3483 publici
1539 3419 1634 3466 manu
1648 3403 1830 3482 subscriptis
1844 3410 1875 3466 et
1888 3401 1991 3480 sigillo
2005 3417 2074 3480 per·

1327 3514 1419 3561 sonae
1445 3499 1478 3560 in
1499 3498 1700 3560 ecclesiastica
1721 3497 1871 3574 dignitate
1889 3496 2073 3560 constitutae

1327 3595 1468 3666 munitis,
1485 3595 1593 3656 eadem
1608 3594 1735 3671 ubique,
1748 3593 1840 3654 etiam
1856 3593 1888 3655 in
1903 3592 2075 3668 1111111111-

1328 3689 1379 3750 des
1403 3687 1561 3762 habeatur,
1575 3703 1653 3765 quae
1672 3687 1743 3765 ipsis
1758 3687 1970 3765 praesentibus
1984 3688 2073 3750 bahe-

1328 3791 1431 3858 retur,
1458 3783 1483 3843 si
1505 3781 1697 3859 originaliter
1723 3781 1826 3843 forent
1847 3782 2001 3844 exhibitae
2023 3782 2073 3845 vel

1328 3885 1485 3953 ostensae;
1509 3884 1605 3953 utque
1623 3875 1746 3938 caedem
1762 3882 1940 3952 praesentes
1956 3876 1987 3937 in
2002 3891 2074 3938 con-

1328 3978 1423 4040 suetis
1445 3975 1518 4037 locis
1540 3973 1669 4052 publicis
1689 3972 1782 4034 buius
1803 3971 1900 4032 almae
1914 3969 2005 4033 Urbis
2020 3985 2080 4048 per·

1329 4087 1470 4135 cursores
1493 4077 1625 4144 nostros,
1649 4074 1684 4131 ut
1705 4067 1799 4128 moris
1820 4074 1882 4140 est,
1905 4063 2074 4144 publicatae

1329 4176 1359 4229 et
1380 4165 1498 4240 affixae,
1515 4179 1624 4226 omnes
1642 4169 1673 4224 et
1693 4159 1843 4236 singulos,
1860 4175 1936 4238 qnos
1951 4173 2074 4222 concer-

1329 4267 1411 4326 nunt
1431 4274 1487 4321 seo
1508 4264 1698 4320 conternent
1720 4256 1752 4318 in
1776 4253 1931 4330 futurum,
1946 4255 2075 4333 perinde

1328 4353 1472 4428 alliciant,
1495 4337 1572 4414 acsi
1594 4350 1766 4428 unicuique
1788 4349 1913 4411 illorum
1929 4363 2074 4428 persona·

1328 4449 1400 4511 liter
1421 4449 1581 4510 intimatae
1603 4452 1633 4506 et
1654 4445 1828 4506 notificatae
1849 4444 1991 4506 fuissent.

1367 4543 1386 4616 ἓ
1410 4541 1456 4604 lb.
1480 4539 1565 4602 Nulli
1577 4554 1652 4614 ergo
1664 4538 1794 4600 omnino
1807 4538 1973 4600 hominum
1985 4536 2075 4599 liceat
2120 4555 2233 4608 sanctio.

1329 4637 1472 4716 paginam
1490 4634 1570 4695 hanc
1585 4638 1763 4694 nostrarum
1782 4629 2008 4709 prohibitionis,
2024 4628 2076 4690 da-

1330 4727 1510 4800 mnationis,
1533 4725 1699 4804 praecepti,
1715 4723 1834 4799 statuti,
1851 4722 2072 4798 declarationis,

1329 4820 1509 4884 facultatum
1531 4818 1762 4896 impertitionis,
1786 4817 2008 4890 obtestationis,
2025 4817 2075 4878 de-

1329 4915 1416 4989 creti,
1434 4922 1464 4976 et
1485 4913 1654 4974 voluntatis
1677 4911 1860 4988 infringere,
1881 4908 1931 4972 vel
1947 4910 1975 4971 ei
1998 4925 2073 4976 anstt

1331 5007 1495 5069 temerario
1516 5005 1679 5067 contraire.
1705 5002 1821 5081 Siquis
1836 5005 2012 5065 antemhoc
2032 5009 2075 5064 at-

1329 5107 1450 5162 tentare
1472 5097 1723 5176 praesumpserit,
1746 5095 1993 5172 indignationem
2009 5111 2076 5156 om·

1329 5193 1499 5272 nipotentis
1521 5191 1588 5267 Dei,
1604 5208 1637 5252 ac
1659 5189 1821 5252 beatorum
1837 5189 1917 5250 Petri
1933 5197 1964 5255 et
1978 5188 2074 5264 Pauli,

1330 5286 1548 5364 Apostolorum
1569 5285 1646 5359 eius,
1669 5300 1702 5346 se
1724 5283 1847 5344 noverit
1863 5283 2074 5349 incursurum.

1370 5381 1481 5442 Datum
1512 5378 1638 5451 Romae,
1672 5377 1750 5455 apud
1780 5375 1811 5438 S.
1838 5373 1962 5438 blaviam
1986 5375 2077 5436 Maio-

1330 5489 1397 5536 rem
1407 5489 1489 5535 11111
1500 5470 1722 5535 incarnationis
1734 5469 1909 5536 Dominicae
1921 5485 2075 5544 nocenti,
2088 5535 2092 5543 Κ

1330 5573 1439 5644 quarto
1461 5565 1531 5627 idus
1552 5561 1742 5636 novembris,
1768 5562 1964 5640 pontificatus
1977 5563 2076 5624 nostri
2165 5636 2168 5641 ,

1330 5675 1411 5721 anno
1434 5675 1503 5720 xrn.

1586 5817 1824 5826 —-—-.--..——--
