4856 6984
143 1593 210 1638 11131
224 1596 328 1640 tantum

109 1647 223 1692 subiecti
268 1653 329 1694 sunt

109 1700 231 1746 1311113133
241 1701 268 1746 13
278 1701 330 1748 bol-

110 1754 135 1797 lo
164 1755 249 1810 capti,
276 1767 328 1802 non

108 1811 202 1868 autem
215 1808 330 1856 christia·

140 5263 246 5308 Summa
263 5262 326 5308 111111-

112 5315 217 5361 33113113
233 5317 326 5372 capita,

112 5379 180 5424 quae
201 5381 233 5416 ex
254 5381 326 5431 prae-

112 5423 199 5522 {uissls
234 5434 326 5469 ortun-

977 523 1173 568 nunabtcvds
1197 523 1259 567 XIV.

348 641 509 706 nocentius
531 645 579 708 lll.
604 643 640 706 in
661 660 729 722 cap.
753 643 817 706 Etsi
837 643 1090 721 1311333311313·

348 737 446 809 dacis,
470 739 507 800 de
528 738 644 802 eisdem
672 743 820 816 affirmet,
843 743 924 819 quod
947 757 1090 820 3331113-

346 831 420 910 prin
442 832 537 910 calpa
558 829 708 897 snhmisit
727 842 898 914 perpetuae
924 836 1088 912 3313111111,

347 941 416 994 3313
440 936 543 990 131333
561 927 642 992 idem
657 928 799 993 Pontifex
813 931 992 1009 subiungat,
1008 935 1088 1012 quod

346 1018 448 1098 pietas
470 1020 653 1086 christiana
676 1041 725 1084 eos
746 1029 899 1102 receptat,
922 1031 952 1088 et
972 1024 1090 1108 sabati·

348 1120 399 1176 net
422 1112 690 1178 cohabitationem
710 1115 855 1191 illoram,
871 1121 943 1182 satis
964 1119 1089 1195 iudicat,

346 1225 378 1269 se
399 1208 580 1272 iudaeorum
600 1213 785 1274 servitutem
807 1213 931 1276 civilem
958 1215 1090 1276 inuuere

348 1300 500 1379 voluisse;
522 1304 603 1381 quod
625 1305 719 1368 etiam
733 1305 873 1384 vasquez
897 1313 971 1370 tom.
987 1306 1021 1380 11,
1037 1325 1089 1369 sn·

346 1410 402 1473 per
422 1394 445 1454 3
465 1402 551 1472 port.
575 1398 607 1461 S.
636 1397 779 1471 Thomna,
804 1417 854 1478 qn.
868 1402 923 1474 68,
947 1402 1086 1476 31110,

348 1487 469 1566 dispnt.
489 1489 564 1564 154,
580 1507 648 1570 cop.
664 1494 687 1553 5
702 1493 735 1554 in
749 1493 821 1572 piae,
839 1498 932 1575 probe
954 1499 1090 1562 animad-

348 1584 452 1646 vertit.
477 1586 566 1648 Servi
587 1593 690 1650 331313
705 1589 856 1652 servitute
871 1591 990 1669 p'oenali
1013 1593 1090 1654 Tur·

347 1695 452 1741 carum
475 1680 531 1742 dlii
561 1688 647 1756 sunt,
671 1681 751 1744 bello
772 1683 867 1761 capti,
891 1687 954 1746 non
983 1693 1087 1748 autem

349 1771 403 1832 11111
434 1773 690 1852 313131133311131;
714 1791 786 1837 nant
814 1777 847 1839 in
879 1777 980 1854 bellis,
1013 1796 1090 1857 quae

347 1865 528 1930 christianos
551 1869 634 1931 iuter
658 1877 824 1946 geruntur,
847 1871 925 1934 iuris
947 1872 1088 1950 gentium

347 1959 432 2036 rigor
453 1960 485 2022 in
507 1977 544 2024 33
565 1961 736 2038 dumtaxat,
753 1964 832 2040 quod
847 1972 963 2042 spectat
977 1967 1012 2028 ad
1028 1982 1087 2041 res,

347 2068 411 2115 uon
432 2061 536 2116 autem
557 2054 590 2116 iu
606 2071 653 2131 eo,
670 2055 750 2133 quod
762 2057 796 2119 ad
808 2056 951 2119 homines
966 2059 1088 2135 attinet,

346 2147 545 2225 observatum
568 2163 669 2228 neque
692 2150 834 2212 homiues
848 2151 929 2213 bello
950 2152 1029 2231 capti
1045 2169 1090 2216 ca·

346 2241 500 2318 pientiam
522 2243 605 2303 servi
628 2244 720 2318 hunt,
743 2242 814 2306 licet
835 2245 971 2308 hostium
994 2263 1042 2308 res
1058 2247 1088 2310 in

345 2336 440 2398 hostis
462 2334 637 2398 dominium
653 2344 822 2413 transeant,
839 2339 892 2416 qui
908 2339 1022 2401 eisdem
1040 2357 1089 2418 po-

346 2429 438 2506 titur,
462 2430 502 2491 ita
525 2429 556 2490 iu
579 2432 792 2495 monumentis
813 2431 961 2496 aliinnio
983 2433 1089 2496 collec-

345 2523 384 2584 tis
400 2529 473 2583 tom.
492 2519 659 2586 tsnarnm
675 2524 925 2588 institntt'onnm
941 2527 1089 2590 cieiiinnt

346 2615 400 2679 tib.
418 2617 450 2687 3,
472 2631 548 2695 pap:
568 2616 614 2678 35
630 2617 814 2679 novissimae
829 2618 974 2683 editionis
989 2621 1089 2686 Vene-

345 2719 393 2773 tae
413 2710 555 2772 habetur.
573 2709 682 2788 Neque
696 2727 771 2774 vero
787 2713 847 2773 1311
868 2713 926 2790 1111,
940 2731 993 2793 per
1008 2719 1088 2794 quod

345 2804 471 2866 domino
491 2804 563 2867 licet
584 2803 662 2866 111133
682 2805 763 2866 servi
786 2807 845 2881 sui,
862 2808 916 2886 qui
937 2809 1089 2874 servitute

346 2895 467 2974 poenali
487 2913 596 2958 servus
617 2896 667 2970 sit,
690 2897 726 2958 ad
747 2896 936 2976 baptismum
965 2901 1088 2978 3113113,

346 2990 442 3068 patria
464 2989 615 3065 genitoris
637 2997 768 3068 potestas
784 2989 847 3054 allo
867 2994 957 3055 inodo
978 2994 1086 3057 officit:

347 3084 439 3155 Nam,
452 3084 507 3162 qni
522 3083 685 3146 semiliter
700 3085 826 3146 domino
837 3083 1026 3160 sabricitnr,
1043 3093 1090 3150 est

346 3179 381 3240 in
411 3181 568 3256 potestate
599 3178 739 3250 domini,
774 3184 839 3242 tam
870 3181 996 3242 ratione
1023 3183 1086 3256 sai,

345 3287 440 3350 qnam
462 3272 606 3334 aliarum
631 3287 841 3350 personatam
862 3271 925 3336 sihi
957 3276 1091 3338 coniun-

345 3371 484 3441 ctarnm,
509 3370 590 3443 pata
619 3365 745 3435 acoris,
769 3371 829 3428 ant
856 3367 1010 3446 vitiorum,
1034 3387 1090 3431 nec

346 3461 484 3540 amplios
507 3462 542 3522 in
564 3477 614 3522 res
641 3477 718 3522 snas
747 3461 924 3523 damiatam
952 3461 1089 3538 13111311

345 3555 424 3634 qnin
445 3561 474 3617 et
496 3557 639 3632 potesta
662 3553 787 3616 domino
809 3553 946 3616 divendi.
976 3555 1091 3634 Loqni-

345 3665 420 3711 mar
441 3648 495 3710 bic
523 3648 559 3710 de
583 3649 742 3710 cervitate
770 3650 900 3729 proprie
927 3649 1089 3722 11131331·

345 3748 439 3811 anias
463 3746 608 3808 dominns
623 3751 811 3822 potestatem
826 3744 919 3808 babet
934 3746 1089 3809 uendendi

343 3856 484 3912 aeream,
497 3843 536 3901 nt
557 3838 594 3918 pit
616 3838 703 3916 apnd
723 3837 860 3901 Terras:
884 3839 966 3902 hisce
988 3841 1089 3902 verbis

344 3935 423 3997 1133.
461 3932 619 4010 Tournely
652 3933 687 3992 in
717 3931 787 3994 anis
820 3931 1088 4007 praelectionibus

346 4026 527 4106 theologicis
550 4025 587 4086 de
610 4032 810 4088 sacramento
840 4023 992 4105 baptismi
1012 4028 1089 4089 edis·

343 4121 432 4195 serit,
454 4135 526 4199 pap.
549 4117 782 4182 obaeditionis
809 4118 988 4181 Parisieusis
1009 4121 1088 4182 anmi

345 4229 547 4276 unccxxvtn

383 4308 472 4382 §td
501 4305 599 4369 Probe
630 4305 852 4382 intelligimus,
886 4306 996 4369 dilecte
1027 4307 1088 4382 tlli,

344 4400 516 4464 nonnullos
537 4416 574 4462 31
596 4398 850 4478 praecedentibus
867 4399 1012 4478 epistolae
1034 4400 1089 4463 hu-

345 4497 393 4559 ius
425 4493 621 4574 paragraphis
652 4493 857 4571 praetermitti
881 4509 936 4572 per
960 4510 1016 4555 nos
1037 4511 1090 4572 po·

345 4589 450 4663 tuisse,
475 4587 601 4649 alterius
622 4584 770 4664 epistolae
796 4593 920 4647 nostrae
942 4587 978 4649 ad
1000 4587 1090 4648 Urbis

345 4681 623 4747 Vires-derentem
645 4678 844 4756 conscriptae,
868 4679 1033 4742 lectionem
1054 4681 1089 4744 ti·

344 4777 375 4838 bi
396 4774 607 4855 proponendo,
630 4772 663 4836 in
685 4787 744 4849 qua
765 4787 800 4833 ea
821 4772 937 4847 omnia,
957 4790 1036 4851 quae
1057 4774 1089 4836 iu

345 4868 519 4950 praemissis
530 4866 727 4946 paragraphis
741 4865 921 4927 summatim
944 4867 1089 4930 indicavi-

345 4981 427 5039 mus,
449 4961 584 5040 exposita
606 4959 786 5039 plenissime
807 4969 898 5037 suut,
922 4961 1089 5022 1311131113

344 5057 520 5121 iaciendum
541 5054 799 5128 existimavimus,
815 5060 882 5114 tutu
905 5054 1027 5116 maioris
1043 5071 1091 5116 or·

344 5151 426 5213 diuis
447 5157 478 5210 et
490 5147 634 5212 claritatis
655 5147 764 5223 gratia,
782 5153 848 5208 tun
872 5152 906 5208 ut
929 5162 991 5208 uno
1006 5163 1091 5226 aspe-

345 5252 397 5307 ctu
418 5241 593 5320 legentibus
614 5240 671 5301 tria
686 5238 925 5302 exhiberentur:
950 5240 1088 5302 Primum

345 5337 482 5416 quidem,
504 5335 584 5413 quod
607 5331 711 5395 133311
733 5331 917 5412 baptismum
942 5332 1090 5397 3113133111

345 5448 383 5493 31
404 5431 499 5509 patria
522 5434 693 5506 potestate,
717 5433 875 5504 tamquam
896 5443 934 5487 ex
956 5427 1089 5503 origiue,

344 5529 565 5602 consequatur3
588 5521 733 5594 alterum,
755 5520 837 5597 quod
858 5534 930 5580 cum
951 5521 1019 5582 avia
1041 5537 1090 5598 pa·

345 5624 432 5679 ternu
454 5614 569 5694 patriae
591 5613 747 5691 potestatis
767 5626 875 5688 expers
897 5611 947 5686 sit,
970 5627 1033 5674 non
1049 5612 1089 5674 113

345 5709 430 5773 133113
444 5707 602 5770 sustineri·
614 5722 703 5785 posse
717 5703 869 5779 videatur,
882 5706 1023 5768 eamdem
1038 5706 1090 5766 ha·

345 5804 417 5866 bere
439 5805 486 5864 ius
507 5801 657 5864 otlereudi
679 5805 835 5878 nepotem,
857 5797 931 5860 dum
955 5797 1090 5859 maxime

344 5897 450 5960 iudaea
473 5903 573 5960 mater
589 5895 697 5970 tutrix,
713 5893 827 5971 aliique
842 5892 957 5971 pariter
972 5897 1090 5954 tutores

1811 502 1868 565 mn

1146 641 1348 727 dissentiant;
1370 649 1563 726 postremum
1584 652 1700 722 autem,
1713 641 1794 722 quod
1810 643 1888 706 sicut

1146 742 1185 805 ob
1205 743 1321 821 patriae
1340 744 1498 822 potestatis
1511 743 1666 808 1131331331
1688 742 1755 806 avia
1775 758 1889 820 nequa·

1146 853 1238 915 quam
1260 837 1308 900 ius
1329 837 1420 900 hahet
1441 849 1587 918 nepotem
1608 838 1644 899 ad
1664 836 1887 900 monasterium

1147 931 1307 1006 offerendi,
1325 931 1365 994 113
1387 949 1425 998 ex
1446 931 1585 995 eiusdem
1596 933 1711 1010 patriae
1733 930 1890 1009 potestatis

1146 1025 1268 1088 deiectu
1286 1041 1327 1088 ne
1347 1025 1423 1088 illud
1442 1025 1568 1105 quidem
1590 1025 1637 1088 ius
1650 1026 1764 1088 habere
1778 1031 1888 1104 potest,

1147 1125 1182 1180 ut
1203 1119 1348 1180 eumdem
1369 1117 1476 1181 otierat
1498 1118 1728 1198 baptizandum.

1186 1212 1204 1287 ἐ
1229 1210 1274 1273 17.
1298 1216 1399 1290 hique
1421 1213 1493 1276 11333
1507 1229 1541 1274 33
1556 1210 1717 1276 difficultas
1738 1219 1796 1287 est,
1812 1227 1890 1290 quae

1146 1323 1202 1370 uos
1224 1323 1287 1369 nou
1308 1308 1399 1369 modo
1420 1306 1598 1386 aliquandiu
1616 1307 1777 1369 haerentes
1798 1313 1890 1384 atque

1146 1415 1310 1480 suspensos
1326 1400 1437 1475 tenuit,
1453 1417 1563 1464 verunt
1586 1403 1680 1462 etiam
1695 1400 1726 1462 in
1742 1415 1809 1462 eam
1824 1416 1892 1478 par-

1147 1505 1211 1558 tem
1232 1495 1399 1574 proclives,
1422 1503 1456 1556 ut
1483 1503 1626 1574 paternae
1647 1493 1734 1556 aviae
1764 1495 1889 1558 oblatio·

1148 1605 1220 1652 nem
1236 1588 1478 1665 repudiaremus.
1497 1587 1626 1664 lterum,
1642 1605 1713 1651 cum
1729 1589 1840 1652 deinde
1860 1607 1888 1650 a·

1147 1683 1380 1746 nimadversum
1406 1699 1421 1742 a
1448 1683 1536 1744 nobis
1557 1683 1608 1757 sit,
1632 1683 1698 1744 11311
1724 1682 1889 1762 aliquando

1149 1785 1244 1854 posse,
1268 1784 1303 1838 ut
1324 1776 1417 1838 etiam
1431 1784 1518 1838 extra
1533 1775 1777 1838 circumstantias
1799 1775 1888 1853 paulo

1148 1877 1219 1932 ante
1241 1870 1399 1944 iudicatas,
1422 1869 1471 1931 vel
1493 1869 1608 1932 scilieet
1635 1868 1761 1932 13133113
1783 1871 1816 1932 13
1838 1887 1890 1933 ex·

1147 1972 1247 2026 tremo
1270 1964 1378 2026 mortis
1405 1963 1582 2026 discrimine
1610 1964 1711 2042 positi,
1740 1963 1891 2027 1313133-

1148 2059 1217 2119 dem
1240 2075 1254 2118 3
1277 2058 1454 2136 parentibus
1475 2057 1588 2120 deserti
1612 2073 1646 2120 ac
1667 2057 1817 2134 destituti,
1840 2059 1890 2120 vel

1147 2149 1281 2229 denique
1297 2151 1432 2230 poenalis
1445 2151 1618 2226 servitutis,
1635 2150 1725 2214 liceat
1739 2150 1890 2214 infantem

1147 2254 1179 2306 et
1201 2245 1394 2322 impuberem
1416 2243 1539 2306 iudaeos
1568 2243 1766 2322 baptizandos
1787 2245 1889 2307 3113111

1147 2339 1185 2400 ab
1205 2354 1253 2413 eo,
1270 2337 1322 2415 qui
1344 2337 1473 2416 patriam
1493 2354 1587 2417 super
1608 2338 1687 2416 ipsos
1709 2344 1888 2416 potestatem

1148 2431 1278 2494 minime
1309 2432 1431 2507 habeat3
1455 2430 1483 2492 id
1506 2433 1631 2493 taudem
1659 2431 1747 2492 uobis
1768 2447 1891 2509 persua·

1147 2541 1217 2588 sum
1247 2525 1406 2599 remansit,
1430 2526 1527 2603 quod,
1560 2524 1633 2587 licet
1661 2525 1708 2586 ius
1741 2525 1889 2588 3113133111

1146 2628 1299 2697 competat
1315 2619 1485 2696 unicuique
1499 2619 1628 2696 patriam
1642 2625 1825 2696 potestatem
1840 2617 1892 2679 ha-

1147 2712 1234 2774 benti
1256 2710 1349 2792 (quod
1380 2711 1574 2788 argumentis
1595 2714 1726 2791 desuper
1753 2711 1891 2774 adductis

1146 2807 1218 2869 satis
1239 2805 1472 2884 comprobatum
1494 2803 1567 2883 est),
1591 2821 1655 2868 nou
1671 2811 1775 2866 tamen
1791 2805 1891 2868 omni-

1147 2916 1187 2961 no
1209 2897 1296 2960 alteri
1319 2898 1514 2977 cuicumque,
1534 2898 1587 2977 qui
1610 2897 1739 2975 patriam
1761 2905 1890 2975 potesta-

1147 3001 1212 3055 tem
1233 3007 1297 3054 nou
1324 2991 1450 3067 habeat,
1478 2993 1635 3071 praeclusa
1662 3003 1803 3056 remanet
1829 2995 1889 3069 via,

1147 3086 1334 3166 quominus
1361 3086 1550 3149 oblationem
1577 3085 1756 3150 huiusmodi
1782 3087 1814 3148 13
1837 3087 1891 3149 311-

1146 3196 1207 3259 quo
1229 3177 1376 3256 peculiari
1397 3197 1467 3243 casu
1487 3179 1586 3244 133313
1607 3182 1712 3260 possit.

1186 3273 1204 3348 ἓ
1228 3272 1273 3335 18.
1298 3273 1464 3348 Gregorius
1484 3273 1557 3346 lx„
1572 3273 1650 3335 sicut
1672 3282 1758 3337 autea
1774 3291 1889 3337 memo-

1146 3375 1249 3429 ratum
1277 3372 1334 3440 est,
1359 3365 1394 3427 in
1427 3367 1527 3428 citato
1560 3382 1627 3444 cap.
1652 3367 1698 3428 Ex
1721 3367 1831 3439 literis,
1855 3367 1891 3429 dc

1147 3461 1347 3521 conversione
1363 3459 1552 3537 infidelium,
1565 3449 1712 3536 decrevit,
1726 3460 1887 3539 quodcum

1147 3561 1233 3633 pater
1253 3553 1288 3614 ad
1310 3552 1510 3614 christianam
1532 3554 1625 3616 fidem
1656 3569 1824 3616 conversus
1846 3569 1891 3615 es·

1146 3654 1203 3722 set,
1227 3654 1327 3708 133131
1346 3653 1450 3708 autem
1465 3645 1497 3707 in
1510 3646 1658 3709 1311313133
1680 3647 1889 3720 remansisset,

1148 3740 1229 3802 hlius
1251 3739 1329 3818 patri
1360 3739 1508 3814 assignari
1529 3738 1669 3815 deberet,
1702 3755 1765 3801 333
1787 3749 1890 3802 autem

1147 3851 1241 3913 penes
1262 3841 1395 3896 matrem
1415 3833 1563 3913 relinqui,
1580 3843 1740 3912 propterea
1762 3836 1842 3913 quod
1858 3835 1890 3896 in

1147 3926 1212 4002 illo,
1234 3943 1298 3990 non
1320 3942 1395 3987 vero
1418 3927 1449 3988 iu
1472 3927 1538 4001 hac,
1561 3927 1656 4006 patria
1678 3934 1810 4004 potestas
1833 3927 1890 3989 sita

1147 4026 1243 4097 esset,
1268 4021 1360 4099 idque
1387 4035 1423 4081 eo
1446 4018 1495 4080 vel
1517 4021 1633 4097 magis,
1656 4021 1735 4098 quod
1759 4021 1890 4082 113333-

1146 4121 1212 4178 ctae
1226 4113 1397 4190 Religionis
1411 4112 1498 4174 lavor
1512 4114 1664 4191 exigeret:
1692 4115 1891 4176 Carmentem

1145 4208 1233 4288 filins
1258 4208 1294 4269 in
1315 4209 1424 4284 patris
1441 4212 1599 4285 potestate
1615 4209 1783 4280 consistat,
1797 4209 1890 4272 ratas

1146 4301 1295 4379 seqnitur
1316 4300 1490 4381 familiam,
1507 4307 1538 4362 et
1553 4317 1617 4362 non
1631 4303 1749 4364 matris
1770 4307 1828 4362 etc.
1854 4302 1889 4364 in

1146 4396 1287 4475 favorem
1303 4394 1441 4458 monime
1451 4394 1524 4472 fidei
1540 4395 1751 4467 christianae,
1765 4412 1890 4474 respon·

1147 4487 1264 4563 demtis,
1289 4488 1381 4566 patri
1401 4489 1543 4550 eamdem
1563 4504 1701 4566 pueram
1723 4489 1892 4569 assignan-

1147 4582 1234 4643 dam.
1252 4582 1332 4645 Cum
1347 4589 1451 4644 autem
1465 4581 1504 4643 ibi
1517 4582 1628 4644 331133
1640 4581 1792 4659 Gregorio
1804 4599 1892 4645 meu-

1149 4676 1190 4738 tio
1210 4675 1360 4738 habeatur
1381 4676 1419 4736 de
1447 4674 1651 4752 alteratam,
1674 4691 1746 4739 cum
1774 4676 1890 4738 scilicet

1147 4769 1292 4832 materad
1305 4769 1419 4832 Christi
1436 4769 1526 4832 tidem
1538 4785 1686 4832 conversa
1697 4770 1788 4846 13131,
1805 4779 1891 4850 pater

1147 4863 1269 4925 veroin
1294 4863 1444 4924 ludaismo
1470 4871 1684 4942 permanerem
1700 4881 1763 4926 non
1785 4873 1889 4928 tomen

1148 4973 1182 5018 33
1203 4971 1252 5017 133
1267 4955 1303 5016 ab
1318 4956 1493 5018 auctoribus
1508 4957 1721 5035 praetermissa
1734 4963 1792 5032 est,
1806 4958 1890 5036 iique

1147 5066 1267 5125 omnes,
1289 5049 1401 5113 dehere
1424 5057 1498 5112 tunc
1521 5050 1621 5112 hlium
1650 5053 1730 5130 apud
1758 5057 1888 5113 matrem

1147 5159 1319 5218 remanere,
1351 5150 1442 5222 atque
1462 5144 1536 5205 huic
1563 5144 1610 5205 ius
1636 5143 1671 5204 ad
1701 5145 1890 5223 baptismum

1147 5237 1295 5300 3113133111
1325 5243 1513 5314 competere,
1535 5236 1701 5312 affirmant,
1731 5237 1803 5299 licet
1830 5238 1889 5317 ipsa

1147 5336 1296 5409 potestate
1319 5329 1415 5407 patria
1449 5345 1644 5408 nequaquam
1673 5330 1810 5407 praedita
1831 5331 1888 5406 sit3

1148 5423 1239 5502 idque
1261 5429 1343 5484 tanta
1372 5422 1532 5484 concordia
1555 5423 1637 5485 inter
1657 5437 1702 5498 se,
1734 5429 1781 5498 ut,
1803 5423 1889 5485 omni

1147 5516 1307 5592 diligentia
1327 5515 1479 5592 adhibita,
1504 5515 1665 5578 neminem
1687 5516 1775 5577 nohis
1803 5531 1890 5598 repe-

1147 5609 1208 5670 1113
1240 5608 1417 5685 contigerit,
1439 5626 1455 5669 a
1475 5625 1536 5687 quo
1558 5609 1749 5670 contrarium
1778 5625 1891 5672 assera-

1918 502 1972 554 13.
1987 503 2017 554 (1.
2039 501 2105 556 1151

1936 1692 1970 1734 nx
1984 1689 2017 1734 iis
2033 1689 2120 1734 tamon

1910 1753 1961 1788 nou
1981 1742 2121 1796 evincitur,

1909 1797 1949 1841 ius
1961 1795 2084 1841 odorandi
2095 1807 2123 1840 u·

1910 1849 1966 1894 nice
1989 1849 2123 1906 provenire

1909 1903 2027 1958 apamia
2049 1907 2121 1960 poto-

1910 1961 1983 2002 state.

1911 3343 1916 3354 ⁵
1955 3287 2123 3338 Praelatioa

1910 3354 1965 3388 rure
2003 3354 2123 3390 concessa

1909 3395 2122 3452 oblatlouipatris

1909 3451 2122 3498 coutravoluuta·

1910 3507 1960 3550 tem
1975 3505 2071 3550 1331113.

1954 4787 2063 4831 extensa
2083 4789 2123 4832 est

1909 4839 2122 4885 commonitoria-

1909 4903 1968 4938 vore
1985 4893 2073 4938 matris
2089 4894 2123 4938 ot-

1909 4945 2015 4992 13133113
2041 4946 2121 4993 invito

1910 5002 1987 5057 patre.

1149 5710 1209 5765 tur.
1235 5703 1401 5766 Cardiualis
1423 5701 1570 5765 Ostiensis
1593 5703 1628 5764 in
1653 5703 1910 5766 commentariis·

1146 5811 1243 5874 snper
1273 5799 1450 5859 memorata
1480 5795 1663 5859 Decretali:
1696 5797 1742 5858 Ex
1773 5796 1888 5872 literis,

1147 5903 1235 5952 nam.
1252 5891 1308 5962 13,
1325 5905 1423 5968 usque
1445 5905 1481 5951 oo
1502 5889 1712 5967 progreditur,
1731 5897 1766 5952 ut
1787 5889 1891 5952 Ponti-
