4820 6980
354 550 410 603 An.
423 551 455 603 0.
475 547 545 600 tlte

357 2099 395 2146 hb
407 2097 454 2145 hac
464 2099 554 2146 ieiunii

343 2153 398 2253 ispe
413 2152 485 2199 solas
494 2155 557 2241 Pon:

343 2205 547 2320 trane

595 545 654 610 722

573 705 667 753 suum
682 689 888 753 ministrasse:
906 689 1041 770 Liquido
1056 694 1203 768 apparet,
1220 705 1320 766 quon·

576 783 613 846 do
634 785 775 861 primum
796 791 988 863 acceperunt
1014 782 1165 862 discipuli
1197 782 1318 860 Corpus

574 883 604 939 ct
629 875 824 958 Sanguinem
847 877 988 950 Domini,
1010 894 1074 940 uon
1095 893 1144 938 eos
1165 877 1321 954 occepisse

574 969 719 1044 ieiunos‚·
741 971 781 1033 ita
796 971 916 1034 subdit:
943 971 1106 1050 Numquid
1129 969 1235 1034 tomen
1250 985 1321 1048 pro·

573 1071 682 1142 pterea
708 1064 976 1128 calumniandum
997 1071 1043 1127 cst
1070 1065 1240 1126 Universae
1262 1063 1319 1126 Ec-

575 1157 697 1230 clesiae,
712 1159 792 1236 quod
806 1177 826 1222 o
841 1159 961 1222 ieiunis
982 1174 1102 1237 semper
1117 1157 1320 1234 accipiaturl

576 1253 627 1314 an
649 1249 706 1312 hoc
728 1251 811 1314 anim
832 1253 958 1330 placuit
975 1254 1118 1332 Spiritui
1135 1252 1264 1325 Sancto,
1281 1257 1319 1314 ut

576 1343 612 1406 in
633 1344 782 1408 honorem
799 1346 887 1409 tanti
905 1346 1102 1410 sacramenti
1124 1346 1158 1408 in
1181 1362 1213 1406 os
1235 1344 1320 1406 clari·

574 1439 679 1502 stiuni
698 1440 790 1518 prius
806 1439 1009 1502 Dontinicum
1026 1441 1147 1518 Corpus
1162 1439 1319 1510 intraret,

575 1549 668 1612 quam
698 1534 817 1596 caetori
840 1531 913 1598 cibi.
931 1534 1028 1610 Quod,
1044 1542 1112 1614 post
1127 1531 1158 1596 S.
1173 1534 1321 1610 angusti-

575 1642 664 1702 num,
676 1627 809 1689 traditur
823 1644 947 1706 quoque
962 1645 977 1688 a
994 1627 1141 1704 magistro
1151 1627 1321 1690 sententia·

575 1721 1316 1799 ruminarunt„dist.s‚etas.thoma3part.‚

576 1823 698 1894 quaest.
722 1817 779 1888 80,
801 1821 867 1879 ocri.
885 1818 916 1877 8.
934 1816 1077 1896 Suntque
1098 1817 1130 1878 in
1146 1819 1203 1878 hoc
1219 1816 1320 1894 ipsum

576 1911 679 1986 gravia
695 1917 726 1974 et
742 1920 933 1974 momentana
950 1910 1042 1972 rerba
1057 1909 1215 1972 Pontitlcis
1226 1909 1256 1973 S.
1268 1907 1320 1970 Ni-

576 2001 651 2066 colat
673 2004 695 2066 l.
713 2004 755 2067 ad
771 2004 916 2068 consulta
933 2005 1162 2086 Bulqarorum,
1181 2019 1250 2082 cap.
1263 2003 1317 2064 65.

616 2098 634 2172 5
656 2097 685 2160 l.
710 2096 863 2173 Alterum,
878 2115 951 2162 cum
973 2098 1111 2176 generali
1133 2097 1202 2174 iege
1216 2113 1322 2160 cavea·

575 2200 639 2265 tur,
668 2198 703 2255 ut
734 2193 859 2258 nonnisi
891 2192 996 2256 ieiuno
1029 2192 1203 2254 universim
1238 2207 1319 2252 sacra

575 2286 773 2349 ministretur
800 2287 998 2363 communio,
1030 2302 1123 2365 quam
1152 2287 1249 2366 ipsam
1278 2284 1321 2348 le·

575 2395 647 2457 gem
669 2381 774 2444 innuit
794 2397 920 2461 quoqne
940 2382 1083 2460 synodus
1105 2380 1321 2446 consumier·

572 2475 615 2538 sis
635 2492 710 2537 sess.
729 2476 771 2535 13
784 2477 836 2540 ubi
851 2477 924 2540 haec
939 2477 1102 2554 legantur:
1128 2475 1320 2539 Huiusmodi

574 2579 813 2636 sacramentum
836 2587 900 2633 non
921 2569 1007 2634 dehet
1034 2569 1144 2649 confici
1165 2575 1236 2646 post
1257 2585 1320 2630 coa·

574 2681 661 2736 uam,
691 2680 789 2744 neque
810 2682 829 2728 o
851 2663 996 2745 fidelibus
1025 2664 1126 2742 recipi
1148 2681 1212 2726 noa
1240 2663 1320 2725 ieiu-

574 2758 636 2829 nis,
661 2756 728 2820 nisi
756 2759 791 2820 in
820 2775 897 2821 casu
925 2758 1132 2838 infirmitatis
1159 2764 1220 2821 out
1242 2756 1320 2820 ulte·

575 2853 647 2913 rius
668 2851 868 2914 necessitatis
890 2869 909 2914 a
932 2851 1005 2913 iuro
1027 2850 1075 2912 oet
1097 2850 1228 2913 ecclesio
1250 2867 1320 2912 con-

575 2961 657 3006 cesso
677 2946 723 3008 oei
746 2945 894 3008 admisso.
919 2946 958 3008 Ut
987 2945 1077 3008 alicui
1100 2945 1252 3024 expressis
1273 2962 1320 3007 ca·

573 3039 657 3102 sibus
685 3055 750 3103 non
780 3039 1003 3119 comprehenso
1034 3039 1141 3116 liceat,
1170 3039 1227 3102 etsi
1256 3055 1318 3100 non

574 3133 692 3208 ieiuno,
715 3148 798 3195 sacra
819 3132 1000 3212 participare
1022 3133 1180 3212 mysteria,
1195 3147 1320 3194 necesse

574 3227 645 3302 erit,
658 3229 804 3290 eumdem
816 3243 956 3306 expressa
968 3227 1194 3307 dispensatione
1205 3227 1318 3303 iuvari,

574 3337 652 3398 quae
674 3337 766 3399 perro
786 3321 972 3400 dispensatio
993 3340 1010 3384 a
1031 3323 1170 3397 nemine,
1199 3329 1320 3400 praeter

574 3416 750 3479 Romanum
772 3416 965 3492 Pontificem,
981 3423 1082 3496 potest
1097 3415 1263 3492 indulgeri.
1288 3414 1319 3477 ld

574 3510 672 3574 solide
686 3516 793 3575 tuetur
804 3512 926 3574 Henaus
941 3513 978 3575 de
992 3511 1151 3584 Euchar„
1167 3513 1248 3589 disp.
1265 3509 1316 3584 14,

574 3609 649 3667 sect.
672 3607 704 3677 3,
729 3621 816 3668 num.
841 3607 897 3670 54.
922 3608 960 3668 Et
983 3606 1096 3670 Suarez
1123 3608 1217 3670 citat.
1241 3605 1318 3680 loco,

575 3708 651 3764 sect.
668 3705 703 3774 5,
726 3703 745 3777 5
767 3701 998 3775 Nihilominus,
1016 3703 1228 3780 quaestionem
1250 3718 1319 3764 ver·

574 3813 656 3871 sans,
680 3812 758 3859 num
780 3797 874 3874 possit
889 3798 1028 3859 sacerdos
1043 3797 1099 3858 etsi
1116 3811 1179 3858 non
1195 3797 1320 3859 ieiunus

576 3889 699 3952 missam
721 3889 887 3965 celebrare,
905 3896 938 3952 ut
960 3905 1052 3966 aegro
1068 3891 1099 3952 in
1115 3889 1196 3952 vitae
1217 3889 1322 3952 discri-

576 3984 662 4046 mine
683 3985 852 4047 constituto
872 4001 987 4047 sacram
1016 3985 1242 4048 Eucharistiam
1263 3985 1320 4048 mi-

577 4079 699 4155 nistret,
722 4080 878 4157 pervalida
894 4086 1052 4158 oppugnat
1073 4081 1258 4142 sententiam
1275 4097 1320 4142 as·

576 4173 761 4248 serentium,
783 4174 812 4234 id
835 4173 890 4252 ipsi
920 4173 1012 4236 licere
1035 4189 1073 4235 ex
1095 4174 1321 4252 dispensatione

575 4266 732 4357 Episcopi:
757 4265 828 4330 Non
842 4275 945 4346 potest
969 4269 1144 4347 Episcopus
1160 4269 1322 4346 dispensa-

577 4376 620 4434 re,
644 4361 719 4438 quia
736 4367 783 4422 est
797 4367 1001 4438 praeceptum
1023 4361 1204 4424 uniuersale
1219 4361 1321 4423 totius

509 4535 514 4543 ‘
579 4455 748 4526 Ecclesiae,
762 4461 792 4515 et
807 4454 900 4516 nullo
916 4455 1117 4518 auctoritate
1132 4454 1178 4516 oet
1194 4471 1322 4516 cousua-

358 5862 424 5918 nisa.
434 5859 562 5909 eiusmodi

350 5925 563 6027 fflffiffi

579 4549 692 4612 tudine
713 4553 851 4619 coastat,
876 4548 985 4610 datam
1006 4565 1069 4610 esse
1100 4549 1251 4627 Episcopo
1273 4551 1321 4628 [-

578 4642 733 4705 cultatem
756 4641 962 4720 dispensandi
985 4643 1021 4704 in
1042 4643 1109 4705 illo.
1134 4642 1243 4706 Perse
1263 4661 1322 4706 aaa·

579 4741 641 4796 tem
662 4751 725 4796 nan
739 4741 840 4812 potest
853 4736 993 4815 interior
1015 4735 1050 4798 in
1065 4737 1130 4815 leqe
1144 4737 1321 4814 superioris

578 4829 772 4905 dispensare.
794 4829 1015 4892 Firmissimam
1034 4831 1064 4892 in
1083 4833 1160 4892 hane
1180 4830 1322 4906 reguiam

578 4923 732 4984 consentit
754 4922 924 4986 cardinalis
945 4925 982 4986 de
996 4924 1096 5002 Lnga,
1112 4925 1147 4988 dc
1163 4924 1322 4987 Euchari-

578 5016 657 5088 stia‚
674 5015 796 5100 disput.
814 5015 868 5089 16,
883 5025 958 5079 sect.
974 5017 1008 5090 2,
1026 5034 1115 5080 num.
1132 5018 1187 5089 55,
1205 5026 1235 5080 et
1249 5021 1323 5080 haec

577 5118 652 5172 sunt
672 5111 740 5173 eius
761 5111 870 5174 verba:
895 5113 933 5176 ln
954 5111 1010 5173 hoc
1024 5119 1190 5191 praecepto
1205 5112 1323 5175 ieiunii

579 5203 747 5268 naturalis
778 5203 962 5282 dispensare
987 5211 1091 5284 polest
1111 5207 1198 5269 solus
1220 5205 1321 5285 Papo.

581 5298 624 5359 lic
646 5299 734 5378 facto
749 5304 858 5360 autern
881 5313 977 5375 noque
992 5299 1057 5376 ipso
1078 5298 1262 5377 dispensare
1276 5315 1324 5359 so-

581 5389 635 5452 let.
659 5391 859 5468 Dignumque
880 5391 1148 5454 animadversione
1169 5401 1216 5456 est
1237 5411 1326 5472 prae-

579 5483 716 5561 positum
731 5481 862 5544 verbum
876 5483 966 5554 solet,
983 5483 1118 5546 innuens
1129 5485 1243 5547 rariora
1259 5503 1324 5547 esse

579 5575 730 5637 similium
759 5575 1024 5654 dispensationum
1052 5577 1203 5655 exempla,
1226 5577 1324 5640 veluti

579 5668 654 5730 scite
675 5671 822 5750 expendit
844 5669 1051 5734 Tamburinns
1072 5670 1108 5732 in
1129 5671 1251 5734 metodo
1271 5687 1325 5733 eoo·

580 5761 707 5839 peditac
728 5764 972 5839 communionis,
996 5781 1063 5844 cop.
1087 5765 1119 5837 2,
1143 5765 1161 5841 ἓ
1183 5769 1218 5828 8.

621 5860 640 5935 5
660 5857 689 5918 5.
702 5857 855 5932 Tertium,
868 5862 1118 5940 quandoquidem
1128 5875 1255 5924 omnem
1267 5860 1324 5924 dis·

581 5953 794 6031 pensationem
808 5971 846 6018 ea
861 5971 950 6018 cansa
964 5970 1030 6018 esse
1045 5961 1195 6035 oporteat,
1207 5955 1240 6016 in
1255 5970 1325 6032 pro-

1093 569 1159 616 tun.
1183 569 1274 614 uottn.
1298 567 1338 614 bn
1360 569 1389 614 P·
1413 571 1441 616 E·
1467 571 1549 618 PARS
1571 573 1592 616 l.

1376 689 1470 769 posita
1486 697 1591 753 autem
1613 690 1684 756 iacti
1705 693 1804 772 specie
1820 692 1909 756 unica
1931 697 2050 755 tantum
2073 694 2119 755 ri·

1376 791 1428 859 get
1458 785 1535 846 ratio
1565 785 1748 864 indulgendi
1778 786 1884 866 pietati
1913 801 1947 848 ac
1975 785 2119 863 religioni

1375 877 1468 954 Regis
1489 877 1670 955 Britannici,
1693 880 1896 943 eucharistico
1916 895 1996 958 pane
2014 895 2047 940 se
2060 879 2121 942 ire·

1376 978 1508 1050 quanter
1520 972 1696 1035 reficientis:
1706 972 1946 1052 expendendum
1958 979 2121 1052 propterea

1376 1071 1433 1139 est,
1450 1081 1488 1126 an
1510 1065 1582 1126 satis
1604 1065 1712 1128 idonea
1728 1067 1800 1130 haec
1822 1083 1907 1129 causa
1928 1066 1979 1143 sit,
2003 1082 2122 1130 numae

1376 1157 1478 1220 allerri
1500 1159 1617 1238 possint
1638 1169 1742 1224 vetera
1756 1159 1908 1222 similium
1922 1160 2122 1238 dispensatio·

1376 1267 1452 1314 num
1474 1252 1632 1331 exemplaq
1654 1269 1710 1316 nos
1731 1253 1817 1316 enim
1838 1253 2013 1316 dfflciliores
2033 1255 2123 1331 quid-

1375 1361 1470 1424 quam
1490 1347 1691 1424 aggredimur
1712 1349 1803 1422 nori,
1825 1347 1905 1426 quod
1927 1347 2007 1410 nulli
2035 1363 2123 1427 prae-

1376 1440 1546 1502 decessores
1568 1441 1665 1502 nostri
1688 1442 1909 1520 praestiterint.

1416 1533 1434 1608 5
1455 1533 1484 1594 6.
1509 1534 1549 1596 Ut
1570 1533 1687 1598 lacilior
1702 1536 1884 1614 imploratae
1897 1537 2121 1616 dispensationi

1377 1609 2213 1716 mmmmmmmfflmffi

2148 551 2198 606 Aa.
2211 556 2238 609 (i.
2257 562 2312 619 tlte

2167 1546 2252 1647 hiiqga
2263 1563 2324 1602 erem.

2214 1614 2323 1716 aian

1377 1719 1544 1797 coningere
1559 1725 1761 1800 quarumdam
1776 1725 1976 1788 ecclesiarum
1990 1725 2122 1800 hiricae,
2141 1717 2239 1754 ¹⁰¹⁰¹¹¹⁵·

1377 1815 1408 1876 in
1430 1814 1542 1892 quibus
1563 1815 1777 1879 christitideles
1796 1817 1872 1879 teria
1891 1825 1976 1880 sexta
1998 1817 2124 1880 maioris

1377 1908 1583 1972 hebdomadae
1598 1913 1715 1974 coenati
1731 1927 1848 1974 sacram
1862 1912 2025 1974 sumebant
2039 1926 2124 1974 com·

1377 2003 1575 2080 munionem,
1598 2005 1690 2084 idque
1711 2023 1748 2068 ex
1771 2006 1914 2083 religioso
1939 2006 2027 2067 culta
2048 2019 2123 2080 erga

1377 2097 1607 2160 institutionem
1634 2095 1824 2162 Sanctissimi
1855 2098 2063 2174 sacramenti,
2088 2104 2123 2160 ut

1376 2192 1564 2271 praedictum
1595 2199 1656 2268 est,
1679 2209 1694 2254 a
1716 2194 1839 2257 Christo
1860 2194 1928 2256 iesu
1955 2190 2122 2272 spanniis,

1377 2295 1538 2366 postquam
1573 2286 1788 2363 comederant,
1824 2287 1999 2350 distributi:
2039 2287 2126 2348 Nan·

1377 2382 1483 2444 nultos
1503 2381 1677 2462 probabilis
1698 2383 1853 2462 quaedam
1878 2385 1964 2445 ratio
1987 2381 2123 2442 delecto-

1376 2477 1438 2548 oit,
1451 2485 1489 2541 ut
1501 2495 1566 2540 uno
1577 2483 1663 2540 certo
1674 2479 1724 2542 dio
1735 2495 1789 2558 per
1800 2493 1934 2549 annum,
1947 2495 2006 2556 quo
2018 2477 2123 2556 ipsam

1380 2573 1513 2635 Coenam
1537 2573 1691 2634 Dominus
1713 2572 1813 2645 dedit,
1830 2577 1993 2650 tamquam
2013 2571 2055 2633 ad
2072 2571 2122 2632 in·

1376 2665 1549 2744 siqniorem
1570 2665 1912 2738 commemorationem,
1945 2671 2016 2743 post
2038 2661 2123 2726 cibos

1376 2759 1495 2839 afferri,
1510 2765 1541 2822 et
1561 2761 1666 2840 accipi
1688 2761 1783 2825 liceat
1801 2763 1923 2838 Corpus
1936 2766 1968 2821 ct
1984 2759 2125 2839 Sanqui-

1377 2869 1446 2915 nem
1469 2854 1608 2915 llomiui.
1636 2854 1732 2917 Verba
1753 2861 1827 2917 sunt
1848 2848 1951 2916 Sancti
1975 2851 2123 2930 Angusti-

1377 2947 1409 3009 ni
1431 2948 1466 3008 in
1488 2947 1543 3009 cit.
1562 2948 1695 3024 epistola
1717 2948 1758 3010 od
1775 2948 1980 3018 Ianuarium,
1999 2963 2068 3024 cap.
2086 2944 2120 3016 7,

1375 3041 1411 3102 ad
1426 3039 1478 3102 diu
1491 3040 1651 3102 toleratam
1666 3041 1699 3102 in
1714 3040 1957 3104 accidentalibus
1972 3048 2003 3102 et
2013 3039 2123 3104 Orien-

1377 3133 1487 3196 talibus
1508 3133 1649 3196 Ecclesiis
1670 3135 1802 3212 praxim,
1822 3151 1896 3197 cum
1916 3133 2031 3197 scilicet
2052 3140 2123 3212 post

1374 3228 1524 3307 baptisma
1546 3228 1725 3291 communio
1740 3227 1973 3292 ministrabatur
1994 3226 2123 3290 intanti·

1376 3323 1444 3398 hus,
1457 3324 1569 3401 quibus
1584 3331 1698 3385 matres
1714 3323 1763 3384 vel
1779 3323 1927 3398 nutrices,
1940 3323 2033 3384 etiam
2048 3329 2121 3384 ante

1375 3423 1531 3496 sumptam
1551 3432 1668 3479 sacram
1690 3417 1924 3491 Eucharistiam,
1937 3431 2047 3478 eorum
2062 3416 2120 3478 im-

1377 3511 1573 3574 becillitatem
1605 3513 1868 3586 commiserando,
1897 3510 1940 3574 lac
1972 3511 2121 3574 exhibere

1375 3607 1650 3685 permittebantur;
1672 3607 1714 3669 ud
1742 3605 1909 3685 epistolam
1932 3605 1998 3666 125
2019 3605 2050 3670 S.
2075 3607 2123 3668 lo-

1376 3702 1464 3763 annis
1493 3701 1705 3780 chrysostomi
1726 3701 1767 3762 ad
1796 3701 1969 3778 cyriacum
1992 3701 2121 3778 Episco-

1374 3811 1461 3874 pum,
1485 3795 1539 3857 abi
1555 3795 1603 3856 rir
1617 3802 1739 3858 sanctus
1762 3795 1931 3870 incusatus,
1942 3796 2022 3873 quod
2038 3811 2121 3859 com·

1377 3889 1560 3952 munionem
1583 3897 1666 3968 pasto
1687 3889 1809 3951 cuidam
1831 3889 2047 3964 ministrasset,
2072 3891 2122 3951 his

1376 3984 1559 4061 respondet:
1587 3983 1714 4058 Quodsi
1735 3982 1817 4043 inihi
1838 3979 2001 4045 obstinato
2016 3987 2121 4045 mente

1376 4076 1410 4138 id
1432 4075 1564 4139 obiicere
1578 4083 1728 4156 perquiri,
1747 4076 1888 4138 Paulum
1910 4078 2007 4139 etiam
2023 4077 2059 4138 dc
2073 4077 2121 4140 di·

1376 4168 1516 4248 qnitatis
1548 4170 1653 4250 produ
1685 4169 1858 4241 deliciunt,
1882 4171 1936 4247 qui
1968 4175 2122 4232 coenatus

1377 4264 1562 4326 uniuersam
1597 4264 1722 4326 domum
1754 4261 1955 4342 baptisavit3
1986 4264 2122 4326 Domino

1378 4359 1453 4418 item
1470 4358 1531 4435 ipsi
1547 4359 1777 4422 auctoritatem
1791 4359 1953 4440 ahroqent,
1972 4360 2027 4438 qui
2040 4363 2122 4437 Apo·

1377 4451 1469 4512 stolis
1490 4455 1561 4528 post
1584 4467 1710 4514 coenam
1732 4453 1983 4514 communionem
2009 4453 2121 4525 dcdit;

1377 4561 1410 4606 ac
1420 4545 1553 4623 denique
1564 4547 1599 4606 ad
1611 4545 1731 4607 celebre
1743 4545 1857 4608 iactum
1869 4547 1900 4611 S.
1914 4546 2045 4610 Udalrici
2060 4549 2123 4608 hu-

1379 4646 1485 4714 gustae
1513 4638 1668 4717 Episcopi,
1695 4641 1733 4702 de
1758 4656 1820 4718 quo
1842 4642 1872 4704 in
1902 4641 2051 4704 Chronica
2074 4642 2121 4703 in-

1378 4731 1454 4792 certi
1475 4730 1621 4792 huthoris
1643 4731 1684 4794 od
1705 4750 1826 4796 corrosum
1850 4752 2028 4799 cunxxvnr.
2049 4738 2122 4799 haec

1380 4827 1545 4902 leguntur:
1571 4827 1632 4888 lstc
1658 4825 1826 4890 Udalricus
1849 4828 2022 4908 Episcopus
2043 4833 2121 4913 fecit

1379 4924 1553 5004 prandium
1569 4939 1641 4984 cum
1655 4923 1800 4986 Conrado
1813 4924 2030 4987 Constotiensi
2046 4927 2121 5004 Epi·

1379 5033 1482 5095 scopo,
1504 5021 1535 5077 at
1556 5017 1659 5078 eodem
1680 5017 1741 5087 dic,
1763 5017 1850 5095 lacto
1874 5017 2023 5095 prandio,
2047 5021 2121 5082 celc-

1380 5115 1488 5179 broolc
1518 5112 1648 5175 missam
1675 5127 1748 5173 cum
1770 5111 1852 5173 clero
1874 5119 1903 5174 et
1926 5113 2053 5191 populo.
2078 5112 2122 5174 ne

1381 5209 1437 5270 hoc
1458 5213 1631 5272 accusatus
1646 5205 1821 5284 respondit,
1837 5221 1891 5285 eqo
1907 5221 1969 5267 nan
1992 5207 2121 5279 comedi,

1378 5306 1431 5367 sod
1453 5301 1587 5364 caritas.

1420 5400 1439 5474 S
1461 5398 1488 5460 7.
1512 5397 1547 5458 ln
1569 5401 1675 5457 nestro
1697 5399 1827 5455 tractatu
1843 5392 1880 5454 do
1895 5393 2018 5470 Synodo
2032 5392 2123 5454 Dios·
2181 5391 2315 5440 remicianae

2139 5447 2314 5496 ostenduntur
2364 5465 2365 5502 g

1380 5509 1505 5562 cesana,
1519 5490 1710 5551 nouissimos
1720 5487 1884 5556 editionis,
1896 5485 1950 5549 lib.
1961 5488 1994 5561 6,
2007 5502 2075 5565 cap.
2085 5491 2121 5557 8,
2140 5501 2251 5549 nonaum
2269 5497 2313 5553 qu-
2364 5511 2365 5516 κ

1381 5602 1469 5648 nuni.
1485 5587 1519 5656 4,
1542 5583 1662 5660 egimus
1683 5583 1721 5643 de
1741 5581 1965 5644 communione
1990 5582 2022 5643 in
2045 5597 2122 5644 non·

2139 5559 2199 5614 dem,
2213 5555 2264 5612 qaia
2275 5559 2314 5607 put>

2139 5612 2229 5666 scripta,
2241 5607 2271 5653 rel
2283 5603 2313 5648 ob

1381 5679 1476 5742 nullis
1497 5676 1631 5741 ecclesiis
1658 5675 1733 5737 leria
1754 5674 1863 5752 quinta
1885 5674 1917 5735 in
1944 5674 2045 5737 Coena
2066 5676 2123 5736 [lo-
2140 5665 2218 5714 ⁵⁰¹⁰¹³·

1381 5773 1459 5836 mini
1489 5770 1656 5834 ministrari
1677 5769 1765 5830 solita
1793 5768 1887 5829 etiam
1910 5784 1972 5830 nnn
1999 5768 2121 5843 ieiunis,

1381 5867 1480 5944 deque
1501 5864 1681 5928 eucharistia
1697 5861 1868 5924 iniantibus
1889 5869 2026 5940 porrecta
2041 5862 2123 5924 illico

1380 5967 1447 6038 post
1475 5957 1680 6037 baptismum3
1703 5972 1813 6017 verum
1845 5963 2048 6018 monumenta
2068 5955 2123 6018 ista
