4732 7014
297 533 351 586 Au.
366 535 396 586 C.
418 537 484 591 1741

301 3010 500 3068 lniungiturpu-

288 3064 390 3108 blicatio
406 3065 499 3110 edicto-

286 3119 500 3164 rumcontrailli·

286 3171 350 3216 citos
368 3176 498 3228 quaestus.

302 4409 501 4460 Cumpeenaex-

289 4459 502 4504 communicatio-

289 4515 331 4558 nis
352 4524 368 4557 a
390 4513 461 4558 lalcis
477 4516 502 4558 et

289 4567 464 4622 suspensionis
486 4578 502 4610 a

288 4619 465 4665 sacerdotibus
480 4621 500 4664 ι-

288 4674 408 4730 psolacto
418 4674 499 4717 incur-

287 4737 350 4772 ren..
359 4731 383 4770 et
395 4727 500 4771 Summo

287 4780 404 4842 Pontillqi
421 4791 499 4826 reser-

288 4837 370 4880 iratae.

537 539 575 601 30

518 675 588 736 ritiai
609 673 734 752 quidem
756 673 841 735 nulla
869 673 970 752 potior
1001 675 1154 750 contagio,
1185 687 1262 750 quae

517 776 697 847 conceptam
718 771 797 848 apud
819 785 927 830 omnes
949 766 1140 830 sacerdotalis
1163 765 1263 842 digni·

518 863 588 925 tatis
609 861 868 942 perfectionisque
894 861 1072 939 opinionem
1097 860 1194 936 magis
1217 860 1263 922 in·

520 958 599 1018 liciat
629 955 816 1032 evellatque.
852 954 999 1026 avaritia,
1023 954 1131 1031 opibus
1164 953 1263 1014 Deum

518 1047 699 1126 posthabere
720 1064 754 1108 ac
780 1047 899 1108 servire
921 1046 1114 1108 Mammonae
1140 1045 1262 1118 docens,

518 1140 621 1214 etheit,
645 1148 680 1202 ut
701 1141 784 1200 avari
806 1140 1027 1202 haereditatem
1051 1153 1113 1200 raon
1134 1137 1264 1199 habeant

521 1237 552 1296 in
576 1236 682 1310 llegno
705 1234 818 1297 Christi
840 1242 871 1296 et
893 1233 958 1295 bei.
982 1233 1066 1320 Quod
1089 1235 1114 1294 si
1137 1233 1209 1294 haec
1231 1232 1263 1293 in

518 1329 601 1389 laicis
622 1327 801 1388 hominihus
823 1327 955 1390 minime
980 1325 1149 1400 toleranda,
1172 1332 1265 1402 atque

518 1423 591 1483 adeo
613 1422 732 1498 legibus
761 1423 945 1496 coercenda,
968 1421 1042 1498 quid
1064 1421 1103 1482 in
1126 1419 1266 1482 ecclesia-

517 1516 600 1576 sticis
632 1516 724 1590 viris,
749 1517 801 1592 qui
831 1517 962 1578 terrenis
992 1515 1084 1576 rebus
1115 1513 1264 1575 nuntium

519 1610 683 1682 miserunt,
699 1610 752 1687 qui
768 1609 800 1670 ιιι
815 1616 930 1670 sortem
946 1607 1069 1669 Domini
1084 1607 1195 1681 vocati,
1212 1607 1264 1684 qui

519 1703 581 1763 lleo
602 1702 767 1779 mancipati
789 1705 881 1764 suut?
902 1701 998 1777 Quid,
1022 1702 1101 1778 qued
1125 1716 1188 1761 non
1211 1716 1265 1777 per

519 1797 675 1856 mundana
687 1795 782 1868 lucra,
795 1797 845 1856 sed
862 1812 917 1873 per
927 1795 1031 1856 atltaris
1043 1793 1263 1867 ministerium,

521 1894 581 1947 tam
604 1888 735 1962 sorditie,
752 1895 782 1948 et
797 1905 866 1950 cuna
883 1888 1146 1950 sanctissimarum
1158 1887 1265 1962 legum

519 1988 845 2057 contemptuosam
867 1980 1061 2042 sacerdotalis
1083 1979 1266 2041 characteris

520 2074 676 2146 dedecore,
694 2075 726 2134 in
748 2075 907 2136 avaritiam
927 2073 1085 2152 praecipiti
1102 2073 1205 2134 animo
1221 2090 1267 2132 ra-

520 2166 666 2242 piuntur?
679 2167 864 2228 Contendite
880 2169 988 2244 igitur,
1002 2167 1193 2229 venerabiies
1208 2165 1267 2226 lra-

521 2265 592 2330 tres,
615 2259 726 2336 quibus
743 2259 856 2320 Christi
875 2260 983 2320 ovium
997 2276 1068 2322 cura
1085 2259 1265 2322 dernandaia

505 2358 575 2424 est,
589 2367 650 2412 non
674 2351 775 2414 solum
798 2361 843 2426 ut,
868 2354 961 2415 verbe
977 2361 1007 2414 et
1022 2352 1165 2430 exemplo
1181 2369 1265 2430 prae·

519 2453 646 2518 euntes,
671 2446 785 2508 Christi
812 2447 878 2507 silis
901 2448 1000 2510 honus
1029 2448 1103 2509 odor
1124 2447 1157 2508 in
1181 2447 1266 2508 οιιιιιι

519 2537 596 2611 luico,
620 2541 704 2600 unde
725 2539 829 2616 populi
859 2540 986 2616 vestigia
1012 2547 1113 2601 restra
1136 2556 1268 2617 sequan-

521 2639 588 2706 tur3
606 2633 821 2693 verumetiam
835 2633 1100 2695 utecclesiasticos
1116 2634 1265 2710 primum,

519 2725 631 2786 deinde
647 2725 735 2788 laicos
751 2727 844 2800 virus,
862 2727 898 2787 ab
918 2727 1037 2788 iniectis
1052 2727 1202 2788 vitiorum
1217 2743 1268 2804 pa-

519 2819 600 2879 scuis
611 2827 800 2893 avertentes,
813 2837 867 2897 per
883 2820 962 2882 viam
979 2821 1196 2882 rraaudat01·um
1214 2820 1267 2880 Dei

519 2913 554 2972 ad
577 2912 706 2973 caeleste
728 2913 809 2972 ovile
830 2928 956 2974 currere
978 2912 1121 2974 doceatis.

559 3007 577 3080 g
598 3006 626 3064 5.
651 3006 802 3079 Quoniam
814 3015 918 3068 autem
931 3007 969 3067 ita
983 3013 1193 3083 comparatum
1209 3013 1265 3078 est,

520 3104 554 3159 ut
576 3099 874 3175 praesentispoenae
892 3107 978 3159 metu
1001 3099 1186 3160 salutaribus
1202 3113 1267 3158 ruo-

520 3191 593 3252 uitis
615 3190 733 3252 lucilius
748 3192 997 3270 obtemperatum
1015 3207 1070 3269 per
1082 3192 1219 3253 edictum
1234 3190 1266 3250 in

520 3284 630 3346 vestris
657 3284 847 3345 dioecesibus
874 3286 1112 3363 proponendum
1140 3283 1268 3358 alligen-

520 3379 669 3455 dumque,
680 3378 833 3440 universis
847 3387 956 3440 nudum
972 3378 1072 3452 facite,
1085 3393 1267 3455 quemeum-

520 3487 591 3548 que,
615 3472 667 3547 qiu
690 3471 900 3548 eleemosynas
924 3487 978 3533 seu
999 3471 1151 3548 stipendia
1173 3470 1268 3532 naaio-

521 3565 561 3624 ris
583 3565 674 3642 pretii
697 3581 750 3642 pru
773 3565 869 3626 Missis
891 3565 1097 3640 celebrandiS,
1121 3564 1268 3642 quemad-

522 3660 647 3719 modum
671 3657 807 3720 locorum
830 3660 1071 3721 consuetudines
1097 3660 1146 3720 rel
1169 3661 1265 3736 Syno-

519 3750 596 3812 dalia
630 3752 749 3814 Statula
779 3751 925 3827 exigunt,
959 3753 1125 3828 colligens,
1151 3753 1264 3828 llissas,

522 3850 640 3905 retenta
661 3845 717 3906 sibi
741 3853 826 3922 parte
848 3847 1027 3908 earumdem
1057 3846 1267 3924 eleemosyna-

521 3953 604 4011 rum,
627 3955 682 4000 seu
710 3939 936 4016 stipendiorum
963 3940 1265 4016 acceptorumque

520 4032 647 4105 ibide-m,
668 4032 734 4092 sire
756 4032 838 4106 alibi,
853 4033 904 4092 uhi
920 4049 975 4110 pro
993 4033 1087 4094 llissis
1109 4032 1267 4094 celebrau-

520 4125 565 4185 dis
587 4125 707 4186 ruiuera
729 4126 880 4202 stipendia
901 4143 955 4186 seu
976 4125 1191 4203 eleemosynae
1214 4127 1267 4187 tri-

520 4217 672 4291 buuntur,
696 4218 842 4279 celebrari
864 4217 981 4294 lecerit,
1006 4219 1126 4280 laicum
1140 4218 1264 4296 quidem

520 4326 574 4370 seu
588 4310 787 4384 sexcentarum,
802 4318 922 4388 praeter
937 4311 1008 4372 alias
1024 4312 1150 4374 arbitrio
1162 4319 1265 4372 vestro

521 4403 697 4478 irrogandas
716 4420 839 4481 poenas,
852 4406 1181 4469 excommunicationis
1196 4420 1267 4482 poc-

521 4518 605 4575 nam,
628 4501 775 4562 clericum
798 4517 874 4561 vero
896 4502 962 4561 sive
977 4516 1206 4578 quemcumque
1221 4516 1265 4559 sa·

521 4597 677 4657 ceralotem
703 4609 833 4672 poenaria
859 4593 1066 4672 suspensionis
1097 4593 1160 4671 ipso
1188 4592 1265 4654 lacto

523 4688 697 4763 incurrere;
714 4685 853 4764 aquibus
869 4687 974 4748 nullus
987 4703 1040 4765 per
1052 4687 1159 4761 alium,
1173 4704 1266 4764 quam

521 4797 575 4858 per
596 4797 651 4842 nos
674 4782 770 4859 ipsos,
793 4798 847 4842 seu
880 4781 1055 4842 Romanum
1085 4781 1266 4842 Pontificem

521 4890 576 4952 pro
600 4883 738 4951 tempore
759 4875 957 4946 existentem,
974 4873 1033 4934 nisi
1049 4873 1081 4933 in
1097 4873 1205 4933 naortis
1220 4891 1267 4934 ar·

523 4967 616 5028 ticcio
637 4968 837 5040 constitutus,
860 4967 975 5028 absolvi
998 4967 1101 5044 possit.
1125 4968 1267 5029 lloreau-

522 5069 585 5122 tem
601 5062 633 5122 ιιι
649 5061 779 5123 llomino
796 5061 993 5134 confidimus,
1009 5067 1041 5121 ut
1054 5061 1268 5138 unusquisque

522 5171 642 5216 ‘meurur
664 5154 848 5216 conditionis
863 5170 947 5227 suae,
964 5154 1087 5231 posthac
1103 5154 1181 5214 bene
1196 5168 1268 5213 con-

521 5247 738 5330 sultutqrelit
765 5245 887 5306 animae
908 5263 996 5320 suae,
1020 5263 1077 5308 nec
1106 5253 1167 5306 tam
1188 5246 1267 5306 salu-

524 5348 602 5401 tares
625 5340 707 5416 leges
729 5355 937 5416 censurasque
965 5337 1179 5400 ecclesiasticas
1201 5353 1270 5414 par-

524 5434 677 5510 vipendat.
702 5434 822 5494 Interea
843 5431 1089 5492 fraternitatibus
1111 5431 1222 5492 restris
1238 5449 1267 5492 a·

523 5526 699 5603 postolicam
715 5525 975 5597 benedictionem,
990 5526 1021 5584 in
1034 5523 1161 5601 populos
1174 5524 1268 5584 etiam

523 5635 614 5680 curae
645 5627 765 5680 vestrae
796 5619 975 5681 commissos
1008 5617 1266 5692 redundaturum,

524 5721 719 5788 peramanter
741 5713 949 5790 impertimur.

564 5923 593 5978 ll)
610 5926 646 5968 Ex
661 5923 726 5966 Brrll.
744 5927 767 5967 Ρ.
784 5924 814 5969 de
829 5927 901 5980 Prep.
919 5924 980 5968 luido
998 5925 1046 5968 vol.
1063 5927 1113 5978 lll.,
1128 5937 1184 5980 ριις,
1201 5929 1220 5968 2,

1044 555 1107 600 ll'll.
1131 555 1223 600 Poa'l.
1247 555 1287 598 ba:
1309 555 1337 598 P.
1362 555 1390 598 F.
1416 555 1497 600 PARS
1520 555 1540 598 l.

2098 535 2150 588 An.
2165 537 2208 588 G.
2246 527 2348 580 1741

1359 673 1421 747 gu.
1446 672 1599 736 Volumus
1623 679 1727 736 autem
1749 679 1784 736 ut
1805 671 2016 752 praesentium
2032 671 2068 733 li·
2121 673 2363 766 praesensi-apia

1320 773 1456 828 terarum
1470 767 1683 846 transumptis,
1700 767 1766 828 sive
1788 764 1949 842 exemplis,
1972 765 2067 828 etiam
2086 735 2364 852 ll³h5¹¹,l¹sss¹„'‹²2'sin1

1321 860 1491 937 impressis,
1523 876 1620 922 manu
1653 860 1781 922 alicuius
1813 859 1927 922 actarii
1953 859 2066 936 publici
2087 847 2226 890 ⁵³⁰⁰¹l¹¹⁵

1320 952 1509 1030 subscriptis,
1534 959 1564 1013 et
1585 952 1689 1028 sigillo
1712 965 1860 1032 personae
1880 952 1912 1014 iu
1927 951 2067 1014 ecclesia-

1320 1047 1393 1106 stica
1414 1047 1566 1122 dignitate
1587 1046 1773 1108 constitutae
1795 1045 1937 1118 munitis,
1960 1047 2067 1108 eadem

1321 1155 1444 1217 prorsus
1467 1139 1542 1200 fides
1568 1139 1600 1200 in
1622 1139 1734 1200 iudicio
1759 1145 1790 1200 et
1811 1147 1900 1202 extra
1928 1138 2067 1200 adhibea-

1322 1241 1385 1306 tur,
1408 1247 1487 1310 quae
1518 1231 1717 1294 adhiberetur
1744 1231 1816 1310 ipsis
1844 1231 2068 1309 praesentibus,

1321 1325 1345 1386 si
1368 1323 1470 1386 iorent
1492 1325 1646 1386 exhibitae
1668 1325 1718 1386 vel
1739 1331 1889 1386 ostensae.

1362 1421 1472 1480 Datum
1504 1419 1636 1492 Romae,
1666 1420 1743 1495 apud
1774 1418 1804 1480 S.
1826 1418 1952 1480 lilerium
1979 1417 2070 1480 llaio·

1324 1530 1402 1588 rem,
1418 1513 1476 1574 suh
1491 1513 1607 1574 annulo
1630 1511 1800 1585 Piscatoris,
1818 1509 1866 1571 die
1889 1527 1965 1572 xxx.
1991 1512 2068 1573 iunii

1323 1624 1488 1681 auocata,
1513 1605 1707 1682 pontificatus
1731 1605 1828 1666 nostri
1849 1621 1931 1666 anno
1954 1622 1975 1666 ι.

1652 1887 1731 1951 XW.

1325 2079 1541 2140 Atlauuusinru
1575 2075 1766 2153 Episcopum
1809 2074 2070 2150 llierosotpuuu-

1363 2187 1441 2232 attam
1464 2171 1550 2231 aa'tas
1576 2168 1666 2246 Copta¹
1682 2170 1855 2230 coustituit
1871 2167 1912 2230 orl
1929 2166 2071 2244 benepla-

1363 2266 1464 2326 citum
1489 2261 1577 2324 Sedis
1593 2263 1792 2340 apostolicae
1807 2261 1990 2324 l’r'uesulem
2008 2276 2071 2321 em-

1363 2359 1455 2419 nium
1479 2355 1710 2418 acatholicorum
1733 2355 1873 2416 eiusdem
1896 2355 1984 2414 ritus
2006 2355 2069 2415 siue

1364 2450 1396 2510 iu
1411 2453 1550 2528 Aeqppto
1562 2449 1626 2508 sire
1639 2446 1719 2509 olibi
1729 2446 2000 2508 coarrauorantiuut
2011 2447 2066 2525 (i).

1371 2632 1544 2699 Venerabili
1567 2633 1656 2698 lrairi
1679 2630 1846 2697 athanasio
1870 2628 2024 2712 Episcopo

1398 2726 1668 2809 hierosolymitano
1692 2723 1777 2790 llitus
1800 2722 1990 2806 Gephlorum,

1485 2869 1728 2940 audaculus
1752 2871 1811 2938 PP·
1833 2870 1903 2937 xiv.

1539 3007 1727 3074 Venerabilis
1749 3007 1857 3085 trater,

1358 3101 1486 3168 salutem
1509 3107 1541 3167 et
1562 3100 1759 3184 apostolicam
1787 3097 2036 3166 benedictionem.

1363 3289 1629 3364 Quemadmodum
1659 3291 1780 3365 ingenti
1812 3289 1924 3351 laetitia
1952 3289 2070 3351 exultat
2103 3310 2326 3372 rontxqaxspau-

1324 3401 1375 3446 cor
1397 3391 1553 3456 nostrum,
1576 3399 1646 3444 cum
1669 3385 1704 3443 ad
1727 3397 1832 3444 veram
1849 3383 2013 3444 catholicae
2036 3383 2069 3443 sr-
2089 3362 2323 3462 ffssssffonssf'nffssl

1324 3478 1371 3539 dei
1393 3484 1423 3537 et
1439 3475 1470 3538 S.
1481 3475 1517 3536 R.
1536 3475 1698 3549 Ecclesiae,
1715 3476 1802 3536 cuius
1817 3475 1986 3536 universali
2000 3491 2070 3553 pro·
2089 3470 2314 3568 fffingossrlugflir

1323 3569 1477 3631 curationi
1499 3584 1552 3644 per
1576 3569 1762 3628 immensam
1784 3568 1906 3628 (livinae
1921 3568 2070 3630 Bonitatis
2254 3559 2259 3566 ’

1323 3661 1543 3723 abundantiam
1571 3661 1662 3737 plane
1690 3661 1892 3722 immerentes
1925 3660 2069 3736 praelecti

1324 3755 1450 3828 luimus,
1460 3754 1684 3830 cognitionem,
1694 3755 1799 3814 sinum
1812 3753 2068 3827 ctohedieutiam,

1323 3849 1450 3910 eirtratis
1463 3849 1627 3909 haeresum
1640 3866 1672 3909 ac
1683 3848 1882 3909 schismatum
1899 3849 2067 3921 erroribus,

1323 3943 1440 4004 animas
1462 3942 1596 4020 pretioso
1618 3942 1685 4002 lesu
1709 3941 1822 4002 Christi
1838 3942 1871 4002 D.
1890 3939 1927 4001 N.
1946 3941 2068 4014 sangui-

1323 4053 1363 4097 ne
1383 4039 1558 4113 redemptas
1573 4034 1736 4096 convolare
1751 4035 1934 4111 accipimus3
1952 4034 1990 4094 ita
2005 4049 2066 4094 non
2116 4055 2144 4097 aa
2158 4063 2220 4097 eura
2236 4053 2274 4114 ιιι·
2295 4054 2314 4114 ι-

1325 4130 1436 4190 minori
1452 4128 1647 4190 solicitudine
1660 4145 1693 4190 ac
1703 4128 1807 4190 dolore
1822 4127 1984 4200 allicimur,
1998 4143 2068 4188 cum
2089 4116 2317 4215 ξξοζῗῐξιῖὗξρᾞζ

1325 4221 1540 4297 intelligimus,
1565 4229 1608 4282 tot
1630 4219 1846 4283 christifideles
1871 4220 1909 4280 ab
1930 4219 2069 4280 eiusdem
2089 4214 2166 4259 ¹³00&

1322 4315 1479 4376 Romanae
1507 4314 1656 4376 Ecclesiae
1677 4314 1868 4390 amplexibus
1897 4312 2069 4388 loripedis

1324 4416 1438 4469 tractus
1460 4416 1491 4469 et
1520 4409 1551 4468 ιιι
1581 4409 1758 4469 sinceritate
1784 4408 1852 4468 iidci
1883 4407 2069 4468 orthodoxae

1324 4503 1386 4562 lleo
1414 4501 1554 4563 lanrulari
1587 4501 1747 4577 cupientes
1775 4500 1873 4562 veluti
1900 4517 1972 4560 cives
2000 4499 2068 4560 sine

1325 4602 1444 4672 pastore
1476 4609 1592 4667 errare,
1616 4601 1646 4653 et
1672 4593 1771 4653 vultui
1803 4593 1947 4670 parvulos
1974 4592 2068 4654 caele·
2170 4601 2172 4606 ’

1323 4695 1403 4748 stem
1425 4702 1535 4764 panem
1548 4694 1654 4764 petere
1669 4703 1726 4747 uec
1739 4703 1805 4747 esse
1826 4687 1878 4763 qui
1902 4685 1974 4762 ipsis
1989 4685 2071 4746 hun-

1325 4788 1407 4856 gant.
1432 4780 1616 4842 Benedictus
1639 4781 1718 4840 Deus
1740 4787 1770 4840 et
1792 4781 1880 4841 Pater
1895 4780 1928 4840 li.
1948 4779 1984 4840 N.
2003 4781 2070 4841 lesu

1324 4874 1449 4947 Christi,
1472 4872 1561 4934 Pater
1583 4872 1863 4934 misericordiarum
1884 4880 1915 4936 et
1932 4873 2011 4932 beas
2027 4883 2071 4934 to-

1325 4969 1385 5027 tius
1407 4965 1643 5038 consolationis,
1673 4965 1725 5042 qui
1754 4964 1931 5026 consolatur
1959 4981 2014 5024 tros
2036 4965 2068 5026 in

1324 5060 1409 5120 omrai
1438 5058 1639 5120 tribulatione
1666 5058 1787 5132 nostra,
1812 5067 1844 5118 ut
1866 5059 2018 5134 possimus
2040 5067 2069 5119 et

1325 5152 1380 5229 ipsi
1411 5151 1559 5212 cumulari
1581 5165 1644 5224 eos,
1668 5152 1722 5228 qui
1744 5151 1776 5211 in
1798 5152 1883 5211 orani
1911 5151 2069 5228 praessura

1323 5253 1408 5306 sunt.

1364 5340 1382 5412 ἓ
1412 5338 1437 5398 l.
1471 5339 1551 5399 Cum
1590 5338 1692 5414 itaque
1730 5339 1952 5417 quamplurimi
1980 5338 2069 5398 llitus
2117 5358 2187 5419 capu
2209 5358 2239 5401 ac
2262 5368 2300 5401 ea-

1325 5431 1441 5509 Ccptici
1464 5430 1581 5505 tideles,
1617 5440 1678 5490 tam
1707 5430 1875 5491 saeculares
1907 5446 1999 5507 quam
2022 5447 2069 5490 ee·
2089 5411 2301 5520 ξξῧᾘζῗξῇᾗιέςῖᾏῖ

1325 5524 1498 5598 clesiastiei,
1530 5524 1632 5601 parneis
1654 5525 1690 5584 ab
1719 5523 1791 5586 hinc
1814 5524 1903 5586 antris
1933 5518 2170 5615 ueritatis,¹1'j'2l153¹
2189 5513 2302 5564 adsutu-

1326 5617 1444 5679 lumiue
1468 5616 1624 5691 illustrati,
1648 5618 1701 5695 qui
1723 5619 1780 5678 suh
1801 5616 1989 5677 antistitibus
2004 5617 2069 5676 sire
2173 5606 2176 5614 '

1293 5775 1294 5780 γ
1325 5710 1460 5770 haeresis
1476 5710 1542 5770 labe
1558 5709 1680 5772 iniectis
1695 5711 1759 5769 sive
1774 5710 1806 5768 in
1821 5708 1992 5801 schismatis
2004 5724 2070 5786 per-
