4708 6978
337 553 388 608 An.
403 559 433 608 C.
456 556 524 608 1747
574 557 632 620 3274

554 693 752 770 ignoramus,
774 695 851 774 apud
881 705 1021 760 auctores
1049 697 1163 758 multas
1184 695 1239 758 hac
1260 697 1298 759 de

553 807 588 852 re
608 791 777 854 sententias
798 791 888 856 valde
903 792 975 856 huic
990 800 1113 854 nostrae
1135 790 1298 854 dissimiles

554 885 702 961 inveniri,
726 901 804 963 quae
826 901 863 948 eo
884 887 1081 965 potissimum
1103 888 1297 965 innituntur,

553 979 635 1060 quod
667 978 808 1055 hebraei,
841 981 983 1060 quamuis
1015 995 1078 1043 non
1111 981 1180 1043 iure
1210 981 1297 1058 belli,

553 1071 793 1136 christianorum
825 1083 928 1136 tamen
958 1073 1108 1154 mancipia
1133 1081 1217 1137 sunt.
1242 1076 1299 1138 lta-

553 1179 613 1242 que
633 1180 705 1227 cnm
727 1165 912 1229 servitutem
927 1167 1076 1244 serviant,
1094 1168 1213 1232 tametsi
1229 1184 1299 1231 sen-

554 1258 685 1320 teutiam
716 1259 892 1334 admittant,
925 1275 1036 1322 eorum
1067 1261 1201 1324 intentes
1232 1262 1299 1324 sine

553 1359 721 1431 parentum
753 1369 905 1417 consensu
935 1354 1082 1432 baptizari
1105 1372 1167 1418 non
1198 1372 1297 1434 posse,

553 1463 616 1509 nou
639 1448 747 1509 decere
768 1455 874 1510 tamen
889 1447 1066 1510 subtiliores
1088 1447 1198 1512 addere
1219 1448 1300 1510 limi·

553 1541 696 1604 tationes.
720 1541 813 1605 hiulta
837 1542 875 1602 de
896 1543 952 1602 hac
975 1557 1008 1602 re
1029 1541 1120 1604 habet
1142 1543 1298 1605 Antonius

553 1633 689 1696 Francus
713 1633 745 1694 in
769 1631 991 1696 additionibus
1012 1633 1047 1694 iu
1066 1631 1142 1697 Alth.
1160 1648 1227 1710 cap.
1249 1633 1298 1695 Eu

555 1727 673 1800 literis,
698 1727 749 1788 iit.
774 1729 810 1790 B.
835 1729 871 1790 de
893 1729 1096 1790 conversione
1118 1727 1209 1806 lapsi.
1240 1725 1300 1788 No·

553 1824 608 1885 stri
632 1831 736 1886 autern
759 1823 893 1885 instituti
921 1839 985 1885 non
1009 1823 1107 1884 estin
1135 1823 1214 1886 hano
1235 1822 1299 1900 epi·

552 1919 663 1981 stolam
686 1932 794 1979 omnes
816 1930 986 1994 congerere
1009 1915 1223 1992 dimicationes,
1247 1933 1299 1978 ex-

554 2013 796 2096 plicationesque
824 2013 966 2089 regulae3
989 2027 1053 2073 non
1077 2011 1166 2074 enim
1191 2017 1299 2073 tracta·

556 2117 634 2184 tum,
651 2110 702 2172 sed
725 2104 897 2185 simplicem
914 2113 1036 2170 tantum
1052 2107 1235 2172 methodum
1251 2109 1300 2170 hic

554 2202 756 2282 proponimus
771 2202 870 2281 quoad
892 2219 977 2265 casus
993 2211 1023 2266 et
1039 2209 1172 2265 eventus
1188 2204 1298 2282 passim

554 2299 660 2362 obuios
681 2313 715 2360 ao
736 2295 926 2375 trequentes.
953 2295 1084 2359 Sanctus
1112 2296 1244 2357 Thomas
1266 2297 1298 2358 in

553 2393 625 2454 locis
647 2391 791 2472 praelatis
812 2393 910 2464 docet,
923 2390 1071 2452 hebraeos
1094 2390 1125 2452 in
1147 2389 1299 2452 servitute

552 2485 678 2564 quidem
707 2483 787 2563 apud
809 2485 992 2546 christianos
1023 2499 1108 2562 esse,
1139 2499 1202 2544 non
1225 2497 1299 2545 vero

552 2577 673 2658 poenali
702 2577 901 2657 libertatique
932 2577 1096 2652 contraria,
1127 2576 1178 2638 sed
1202 2575 1297 2651 civili,

552 2687 631 2750 quae
646 2671 717 2734 licet
735 2671 767 2732 in
781 2671 988 2733 abiectissimo
1008 2671 1103 2748 gradu
1118 2669 1297 2744 constituat,

552 2781 615 2828 uon
638 2781 710 2828 eum
733 2772 837 2826 tamen
861 2771 1004 2842 praestat,
1021 2779 1115 2843 quem
1137 2763 1232 2826 altera
1248 2763 1298 2824 do-

551 2859 723 2921 minatum:
749 2859 830 2936 quod
853 2857 928 2918 item
952 2857 983 2917 in
1006 2873 1073 2919 rem
1095 2864 1231 2919 nostram
1253 2873 1299 2917 sa·

550 2951 674 3030 pienter
695 2967 710 3011 a
734 2950 849 3013 Suarez
878 2951 1090 3013 consideratur
1120 2950 1154 3011 in
1176 2952 1198 3010 3
1224 2966 1295 3028 par.

552 3041 584 3106 S.
614 3043 758 3116 Thomna,
775 3049 897 3121 quaest.
913 3044 970 3115 68,
995 3051 1060 3105 art.
1080 3044 1133 3114 10,
1151 3043 1229 3121 disp.
1241 3042 1297 3114 25,

553 3153 625 3199 sess.
648 3136 681 3208 4,
704 3137 723 3211 g
745 3135 823 3197 Dico
844 3137 992 3207 secundo,
1014 3144 1046 3199 et
1067 3153 1083 3196 a
1106 3136 1213 3213 Syluio
1228 3137 1300 3197 ia3

550 3236 637 3308 part.
651 3230 683 3292 S.
701 3229 821 3302 Thom„
836 3234 908 3290 tom.
919 3229 952 3301 4,
965 3236 1086 3308 punest.
1099 3229 1155 3301 68,
1168 3231 1297 3303 ertio,

552 3324 650 3386 cunct.
673 3321 706 3382 7.

590 3418 679 3494 §lh
703 3416 775 3480 San.
804 3434 899 3480 mem.
926 3417 998 3481 Pius
1019 3417 1055 3482 V.
1084 3419 1298 3498 praedecessor

551 3517 657 3576 noster
672 3511 706 3572 in
721 3527 782 3574 sua
800 3513 938 3575 Constit.
956 3513 1012 3585 80,
1029 3528 1137 3574 omnes
1152 3513 1298 3575 hebraeos

550 3604 588 3667 ab
608 3603 694 3666 omni
717 3604 915 3668 ecclesiastica
937 3605 1067 3681 ditione,
1084 3606 1220 3683 exceptis
1239 3606 1300 3667 ilo-

551 3715 619 3761 mae
648 3689 679 3760 e't
703 3698 849 3760 Anconae
880 3697 1076 3772 Civitatibus,
1108 3699 1294 3761 eliminavit.

550 3790 656 3854 Status
677 3790 712 3855 V.
736 3790 844 3852 iisdem
867 3791 1017 3853 concessit
1046 3791 1148 3852 omnia
1170 3791 1297 3854 ditionis

550 3883 771 3950 eccloeiasticae
792 3883 867 3958 loca,
883 3881 1053 3945 dummodo
1074 3890 1159 3962 septa
1181 3885 1298 3947 maeni-

550 3979 607 4040 bus
628 3983 748 4049 essent,
777 3977 950 4039 habitanda.
976 3977 1034 4042 Sed
1063 3977 1208 4041 Pontifex
1230 3981 1298 4043 Cle·

549 4085 639 4133 mens
661 4069 739 4133 Vlll.
763 4085 832 4132 rem
847 4070 879 4132 in
894 4071 1057 4149 antiquum
1072 4079 1185 4135 statum
1208 4073 1297 4135 rosti-

550 4165 629 4240 tuit;
651 4163 767 4226 Romae
787 4169 904 4238 tamen,
921 4163 1139 4243 Anconaeque,
1163 4167 1298 4229 Arenio-

549 4275 622 4322 nem
654 4257 814 4332 adiunxit,
844 4264 879 4319 ut
909 4257 1005 4320 rideri
1037 4267 1137 4336 potest
1165 4260 1200 4321 in
1228 4261 1297 4322 cius

552 4351 689 4416 Constit.
722 4353 776 4412 19.
806 4352 885 4416 Cum
907 4365 982 4413 vero
1011 4351 1182 4430 Apostolica
1205 4353 1297 4418 Sedes

549 4445 660 4508 Urbini
694 4445 915 4522 Ferrariaeque
949 4445 1077 4508 ducatus
1112 4446 1295 4524 recepisset,

550 4555 615 4602 non
641 4539 731 4602 eiecti
752 4538 840 4600 luere
855 4539 956 4600 iudaei
978 4538 1067 4600 abiis
1089 4539 1229 4614 urbibus,
1246 4556 1297 4619 op-

549 4631 700 4712 pidisque,
725 4631 777 4694 ubi
799 4641 889 4694 antea
919 4648 975 4711 per
996 4633 1088 4695 duces
1109 4633 1147 4694 iis
1169 4631 1295 4695 licuerat

549 4725 744 4788 commorari.
769 4725 808 4788 At
818 4727 843 4786 si
855 4725 923 4803 quis
934 4732 1065 4803 peteret,
1081 4742 1141 4803 qua
1155 4724 1194 4787 de
1207 4743 1296 4789 causa

550 4834 613 4881 nou
636 4817 774 4880 hebraeis
790 4827 938 4894 negatum
953 4817 1060 4893 luerit,
1078 4833 1136 4880 nec
1150 4827 1294 4896 negetur,

550 4912 583 4973 in
605 4912 761 4990 pontificia
789 4911 907 4974 ditione
933 4929 966 4974 ac
992 4911 1107 4974 homae
1139 4913 1231 4974 etiam
1261 4913 1295 4974 li-

551 5005 625 5066 bere
656 5019 852 5082 permanere,
886 5006 911 5066 is
943 5005 1068 5084 quidem
1101 5007 1296 5085 quaestiones

549 5099 635 5160 adeat
658 5097 843 5175 theologicas
865 5097 974 5174 Piette,
997 5099 1050 5177 qui
1073 5105 1158 5176 part.
1180 5100 1209 5160 V.
1234 5100 1294 5162 usi·

549 5196 611 5251 tata
632 5189 750 5267 ingenii
765 5191 813 5252 sui
828 5192 990 5268 sagacitate
1004 5191 1218 5270 quaestionem
1233 5194 1295 5269 agi·

550 5289 604 5354 tat,
621 5300 659 5345 au
676 5283 809 5344 inientes
830 5283 1036 5346 hebraeorum
1048 5285 1166 5363 possint
1189 5286 1295 5348 inuitis

549 5376 728 5454 parentibus
760 5375 918 5455 baptizari,
951 5385 1017 5440 tum
1045 5377 1073 5438 id
1106 5379 1295 5440 affirmantes

548 5467 695 5549 (quorum
718 5477 748 5531 et
767 5471 957 5532 seutentiam
973 5470 1039 5548 ipse
1053 5470 1196 5548 amplecti
1212 5471 1295 5532 vide-

551 5564 615 5642 tur)
637 5563 692 5626 hac
714 5562 958 5640 interrogatione
974 5564 1291 5644 provocatpog.335.

551 5652 619 5718 Cur
639 5672 712 5736 ergo
736 5655 850 5720 Romae
872 5659 1015 5720 Ecclesia
1046 5657 1142 5719 Filios
1164 5658 1292 5721 ludaeo-

550 5765 624 5810 rum
645 5765 709 5812 non
741 5747 901 5829 baptizat,
926 5748 1169 5830 baptizatusque
1193 5771 1212 5816 a
1237 5769 1292 5831 pu·

550 5838 697 5904 rentibus
718 5857 780 5905 noa
802 5845 926 5914 avellit,
943 5859 982 5905 ne
1004 5845 1039 5906 iu
1061 5844 1131 5907 adio
1155 5844 1289 5920 Christi,

549 5933 1294 6014 multipliciqueimpietateenutrianturtHauc

1076 579 1139 623 WB·
1164 578 1254 623 PONT.
1280 577 1319 622 DE
1341 577 1369 621 P·
1393 576 1422 623 F·
1449 577 1530 622 PARS
1553 577 1573 621 1.

1354 693 1465 758 deinde
1480 697 1713 774 responsionem
1728 697 1904 775 subiungit:
1923 693 2106 777 despondeo

1354 792 1386 848 et
1405 795 1475 866 peto
1500 789 1643 850 uicissim
1672 805 1743 869 epo:
1775 789 1843 854 Cur
1868 793 2105 873 infensissimus

1355 879 1427 942 illos
1452 878 1575 943 Christi
1598 881 1701 943 hostes
1722 883 1790 962 ipse
1806 883 1930 946 Christi
1955 885 2106 948 Viaarius

1355 975 1510 1055 Pontiseu
1532 975 1696 1038 Romanus
1719 977 1754 1038 in
1775 995 1836 1040 sua
1865 977 2006 1040 Ciuitate
2027 979 2106 1042 tole-

1355 1073 1428 1132 ratl
1450 1068 1517 1133 Cur
1539 1086 1587 1130 eas
1620 1069 1694 1131 inde
1723 1087 1786 1132 non
1812 1073 1988 1136 amandati
2014 1073 2103 1134 sicut

1354 1179 1426 1242 erpo
1447 1179 1524 1226 suas
1550 1159 1643 1226 habet
1676 1163 1835 1237 rationes,
1865 1170 1988 1244 pentem
2010 1165 2105 1230 illum

1355 1252 1417 1316 Deo
1439 1253 1703 1328 abominabilem,
1738 1251 1922 1336 Christoque
1950 1260 2104 1340 inseruis-

1354 1348 1468 1411 simam
1491 1349 1669 1420 tolerandi,
1693 1349 1743 1412 ita
1767 1353 1964 1414 strutiones
1995 1351 2104 1425 habet,

1355 1457 1453 1518 puure
1476 1443 1620 1522 lassantes
1641 1459 1763 1514 eorum,
1787 1443 1865 1522 ipsis
1888 1446 2014 1517 inuitis,
2039 1463 2105 1508 non

1355 1533 1508 1612 baptizet,
1533 1551 1589 1596 uec
1603 1535 1642 1599 ab
1658 1537 1702 1598 eis
1724 1537 1854 1601 avellat.
1882 1539 1921 1602 Ei
1935 1539 2018 1630 inter
2037 1557 2106 1603 cae·

1355 1635 1432 1703 tera,
1449 1631 1560 1707 quibus
1582 1631 1706 1708 nititur,
1722 1641 1917 1708 argumenta,
1935 1649 2035 1695 unum
2050 1650 2107 1695 ex·

1356 1729 1398 1784 tat
1421 1722 1451 1785 S.
1477 1723 1642 1799 Augustini
1666 1723 1719 1787 lib.
1743 1726 1797 1798 18,
1823 1725 1860 1787 de
1878 1726 2017 1789 Ciuitate
2031 1727 2105 1800 Ilei,

1355 1831 1382 1877 c.
1394 1815 1449 1888 46,
1469 1815 1501 1877 in
1518 1833 1579 1895 quo
1597 1817 1724 1895 exponit
1736 1819 1833 1881 Qum
1849 1836 1912 1882 non
1928 1837 1980 1882 eos
2001 1821 2106 1882 cutin-

1355 1924 1450 1986 guere
1461 1911 1585 1988 penitus
1597 1911 1743 1986 voluisse,
1753 1912 1803 1974 sed
1817 1921 1939 1976 tantum
1953 1915 2107 1992 disperde·

1354 2019 1389 2064 re
1410 2019 1442 2066 ac
1465 2003 1622 2081 dissipare,
1646 2011 1681 2067 ut
1702 2022 1900 2085 quocumque
1922 2017 2105 2086 pergerent,

1354 2113 1452 2160 sacras
1474 2097 1577 2160 literas
1592 2097 1738 2174 terentes,
1756 2099 1784 2160 id
1801 2100 1873 2162 boni
1890 2101 2040 2164 Ecclesiae
2053 2119 2106 2181 pa-

1355 2198 1478 2265 rerent,
1508 2199 1545 2254 ut
1572 2207 1701 2254 suorum
1733 2193 1873 2256 codicum
1905 2196 2103 2272 testimonio,

1355 2284 1469 2346 Christi
1492 2285 1636 2347 vaticinia
1660 2286 1708 2348 sel
1739 2286 1838 2349 invito
1860 2289 1965 2350 animo
1987 2290 2106 2372 ubique

1357 2379 1772 2442 terrarumdisseminarent.
1797 2380 1868 2444 Ideo
1881 2397 1999 2458 parum
2020 2383 2104 2463 snit,

1354 2469 1462 2551 (verba
1484 2479 1558 2536 sant
1580 2469 1761 2552 Augustini)
1782 2479 1820 2534 ut
1835 2473 1972 2537 diceret:
1996 2476 2041 2538 Ne
2057 2493 2107 2537 oo-

1355 2562 1471 2626 cideris
1493 2579 1555 2636 eos,
1580 2581 1619 2626 ne
1645 2565 1770 2644 quando
1799 2565 2034 2631 obliviscantur
2062 2569 2106 2630 ie-

1355 2673 1421 2736 pem
1445 2663 1556 2728 tuom,·
1578 2658 1759 2722 uirtutium
1779 2661 1929 2724 adderet:
1952 2662 2107 2744 Dtsperpe

1355 2767 1424 2824 est;
1439 2753 1591 2828 quonium
1608 2754 1636 2814 si
1657 2753 1806 2815 comisto
1828 2756 2010 2818 testimonio
2023 2757 2107 2819 scri·

1353 2848 1531 2922 pturarum
1547 2845 1582 2906 in
1597 2863 1658 2908 suu
1675 2847 1897 2908 tantummodo
1920 2853 2022 2921 terra,
2039 2866 2106 2911 non

1355 2933 1471 3014 ubipue
1483 2943 1598 3009 essent,
1610 2940 1754 3018 profecto
1770 2939 1923 3012 Ecclesia,
1939 2956 2019 3018 puae
2034 2940 2107 3004 ubi·

1355 3047 1412 3108 pue
1434 3035 1493 3103 esi,
1516 3047 1565 3092 eas
1585 3031 1842 3110 prophetiarum,
1859 3050 1939 3112 puae
1953 3034 1990 3096 dc
2011 3034 2105 3098 Chri·

1354 3131 1403 3186 sto
1425 3126 1619 3200 praemissae
1644 3133 1737 3198 suut,
1768 3130 1861 3186 testes
1890 3127 1926 3187 iu
1955 3126 2104 3190 omnihus

1354 3217 1503 3298 pentibus
1525 3217 1639 3281 habere
1661 3237 1725 3281 non
1745 3225 1859 3298 posset.

1394 3312 1482 3388 §tn
1508 3313 1570 3374 lloc
1597 3329 1672 3374 vero
1703 3313 1804 3375 obiter
1832 3315 2009 3393 attigimus,
2038 3331 2102 3378 non

1354 3407 1578 3468 contendentes
1608 3422 1714 3468 veram
1742 3423 1863 3470 causam
1892 3410 2103 3484 constituere,

1353 3515 1409 3560 cur
1430 3498 1569 3562 hebraeis
1593 3500 1680 3562 liceat
1701 3508 1732 3563 et
1753 3499 1868 3563 Romae
1887 3509 1917 3563 et
1939 3504 1971 3564 in
1993 3502 2103 3582 aliqui·

1354 3593 1410 3657 bus
1432 3595 1606 3672 pontificiae
1627 3596 1752 3657 ditionis
1777 3595 1904 3658 urbibus
1926 3611 2041 3658 moram
2059 3597 2102 3660 la-

1354 3704 1440 3765 cere;
1464 3687 1492 3748 id
1515 3689 1599 3750 enim
1620 3690 1738 3752 adrem
1760 3691 1947 3768 propositam
1968 3692 2039 3754 satis
2054 3699 2102 3754 est

1353 3789 1434 3866 quod
1456 3787 1482 3848 si
1504 3786 1627 3848 hebraei
1642 3785 1827 3848 servitutem
1849 3785 2024 3848 christianis
2038 3803 2101 3848 ser·

1353 3881 1456 3953 siunt,
1473 3895 1506 3940 ea
1529 3879 1657 3958 quidem
1679 3895 1743 3941 non
1765 3879 1903 3957 poenalis
1917 3886 1975 3955 est,
1991 3881 2042 3942 sed
2058 3881 2100 3941 ci-

1353 3973 1436 4048 ville,
1459 3990 1493 4036 ac
1512 3974 1538 4036 si
1560 3973 1675 4036 Romae
1706 3975 1835 4053 aliisque
1867 3972 1905 4035 de
1932 3975 2101 4038 Pontificiis

1354 4065 1487 4130 Urbibus
1497 4075 1743 4143 commorantur,
1758 4069 1786 4130 id
1800 4069 1997 4147 potissimum
2009 4069 2100 4133 Sum-

1353 4173 1479 4222 marum
1500 4160 1685 4224 Pontiflcum
1707 4160 1920 4238 indulgentiae
1940 4173 2101 4241 acceptum

1353 4254 1513 4331 relerunt;
1537 4271 1575 4316 eu
1596 4271 1659 4333 quo
1682 4256 1808 4333 quidem
1829 4255 1974 4334 colligere
1996 4265 2101 4334 aperte

1353 4346 1436 4421 licet,
1459 4365 1522 4411 non
1540 4347 1570 4410 id
1584 4349 1622 4410 ab
1642 4349 1679 4412 iis
1694 4349 1903 4427 expetendum
1924 4365 2002 4424 esse,
2018 4352 2099 4429 quod

1353 4442 1421 4504 iure
1441 4457 1505 4505 non
1526 4451 1627 4520 potest
1649 4444 1748 4521 eaigi;
1779 4451 1846 4506 tum
1868 4444 1961 4505 etiam
1988 4459 2100 4508 eorum

1352 4537 1388 4598 ad
1411 4536 1572 4600 Christum
1599 4537 1855 4609 conversionem,
1878 4545 1972 4617 atque
1999 4539 2101 4602 ialam

1354 4631 1432 4692 tium
1454 4631 1653 4709 baptismum,
1682 4633 1849 4706 moderate,
1873 4631 2027 4708 religiose,
2050 4634 2099 4712 pie

1352 4727 1584 4804 procurandum
1605 4741 1682 4800 esse,
1712 4726 1780 4788 sine
1808 4725 1871 4788 ulla
1892 4726 1923 4786 ui
1945 4734 1998 4788 aut
2019 4728 2099 4791 iniu-

1352 4821 1412 4897 ria3
1440 4821 1586 4898 quoniam
1614 4819 1763 4898 quidquid
1792 4818 1978 4883 iniustitiam
2006 4822 2097 4898 sapit,

1352 4913 1592 4975 christianorum
1623 4913 1789 4990 indignum
1811 4920 1874 4989 est;
1907 4914 2097 4977 contumelia

1353 5022 1427 5068 uero
1449 5007 1550 5070 omnis
1565 5007 1648 5085 asylo
1664 5007 1736 5085 ipsis
1751 5021 1895 5070 concesso
1909 5008 2033 5086 penitus
2048 5011 2099 5072 ad-

1353 5108 1504 5162 versatur.
1528 5100 1560 5162 S.
1579 5100 1747 5177 Gregorius
1759 5100 1902 5164 Pontilex
1922 5103 1957 5163 ad
1972 5102 2099 5166 Pascha·

1351 5195 1433 5255 sium
1466 5194 1651 5272 Episcopum
1682 5193 1923 5272 Neapolitanum
1947 5195 2095 5272 scribens,

1350 5302 1425 5348 eum
1446 5289 1604 5361 admonet,
1627 5295 1662 5349 ut
1683 5287 1863 5350 humaniter
1881 5295 1914 5348 et
1934 5298 2097 5352 mansuete

1353 5381 1384 5445 in
1407 5381 1554 5444 hebraeos
1575 5397 1609 5443 se
1632 5388 1731 5457 gerat,
1753 5382 1807 5460 qui
1839 5387 1915 5443 tuuc
1936 5397 2003 5444 eam
2024 5383 2097 5444 ciri·

1353 5482 1446 5536 tatem
1469 5473 1656 5536 incolebant.
1686 5473 1851 5553 Agendum
1876 5479 1924 5535 est
1949 5491 2035 5553 erpo,
2058 5481 2097 5538 ut

1350 5567 1460 5644 patius
1483 5567 1611 5629 ratione
1626 5572 1657 5628 et
1671 5567 1922 5630 mansuetudine
1932 5570 2096 5645 prouocati

1351 5661 1438 5737 sequi
1460 5677 1515 5722 uos
1537 5660 1637 5722 uelint
1653 5677 1715 5722 raon
1730 5662 1851 5740 supere,
1870 5666 1910 5722 ut
1925 5678 1973 5721 eos
1995 5678 2034 5723 em
2050 5677 2097 5722 eo-

1352 5767 1426 5814 rum
1448 5751 1608 5817 codicibus
1624 5754 1832 5827 ostendentes,
1851 5771 1931 5832 puae
1946 5755 2096 5828 dicimus,

1351 5847 1392 5908 ad
1412 5847 1522 5910 sinum
1545 5846 1663 5912 Matris
1687 5846 1846 5912 Ecclesiae
1862 5845 1924 5910 Deo
1937 5847 2096 5926 possimus

1351 5939 1539 6004 ausiliante
1570 5947 1760 6002 conuertere.
1795 5941 1833 6004 Et
1864 5942 2012 6020 quoniam
2043 5943 2098 6004 Pa·
