4708 6978
211 499 212 504 Ν
319 539 507 597 1111141

430 2789 431 2792 ,
534 2759 624 2821 scopo
647 2743 749 2806 Sancti
762 2741 928 2805 Salvatoris
951 2742 1018 2804 iure
1033 2741 1280 2820 Metropolitano,

300 4352 514 4454 absteneat:

300 4461 369 4507 cesis.

557 531 618 604 aba

538 699 597 762 que
621 681 840 745 iurisdictionis
854 687 885 744 et
900 679 1064 744 cuiuslibet
1075 678 1200 744 alterius
1215 698 1284 744 mu·

537 777 621 840 neris
642 775 820 856 episcopalis
840 783 927 849 sunt,
948 783 979 838 et
1001 791 1078 853 quae
1099 776 1151 858 alii
1174 784 1234 840 tam
1250 777 1281 838 in

537 871 742 948 Portugalliae
763 878 793 932 et
817 867 1033 946 dlgarbiorum
1054 869 1159 946 regnis
1180 881 1210 933 et
1232 873 1283 934 do·

537 963 662 1038 miniis,
695 979 785 1041 quam
807 962 878 1025 alibi
902 963 1091 1042 ubicumque
1122 965 1282 1028 constituti

537 1057 677 1136 Episcopi
704 1058 736 1118 in
769 1057 832 1120 suis
863 1057 1015 1132 ecclesiis,
1045 1058 1221 1120 civitatibus
1251 1065 1282 1120 et

536 1150 724 1213 dioecesibus
746 1151 784 1213 de
804 1151 873 1212 iure
896 1149 944 1212 vel
965 1151 1207 1227 cousuetudine,
1230 1161 1283 1215 aut

536 1243 608 1306 alias
630 1243 860 1322 quomodolibet
882 1261 920 1306 ex
946 1243 1136 1323 privilegiis,
1164 1246 1281 1322 gratiis,

536 1344 566 1400 et
589 1337 729 1414 indultis,
746 1354 780 1399 ac
801 1336 1077 1415 dispensationibus
1098 1339 1281 1422 apostolicis,

536 1446 750 1511 quaecumque
772 1430 900 1504 luerint,
913 1431 1007 1492 etiam
1028 1447 1083 1510 per
1098 1431 1201 1494 literas
1213 1447 1284 1510 apo-

535 1525 655 1590 stolicas
670 1525 714 1586 eis
733 1525 864 1603 desuper
886 1525 1118 1598 nominatimet
1134 1525 1166 1586 in
1181 1526 1283 1604 specie

535 1633 691 1682 concessas
717 1617 899 1680 auctoritate
926 1626 958 1679 et
980 1617 1122 1682 facultate
1150 1617 1280 1693 suliulti,

1309 1504 1312 1541 l

1059 558 1123 604 llttl.
1147 554 1238 602 PONT-
1262 553 1303 600 DE
1325 555 1353 600 P·
1370 554 1407 601 11.
1432 556 1514 604 PARS
1536 557 1557 603 l.
1618 550 1621 556 ’

1341 680 1398 742 bus
1420 678 1513 740 etiam
1529 687 1678 757 perpetuo
1693 681 1892 743 concedimus
1907 686 1938 742 et
1953 664 2086 756 assigna-

1340 793 1420 839 mus.

2119 531 2173 586 An.
2187 538 2220 588 d.
2242 539 2305 594 lato

1381 873 1422 933 alc
1443 871 1612 946 civitatem,
1627 871 1747 934 clerum
1763 877 1795 932 et
1816 871 1966 948 populum
1982 869 2087 933 Sancti
2122 877 2263 940 ‚subiectio
2276 880 2318 926 cu-

1341 964 1424 1026 Pauli
1448 965 1598 1043 Episcopo
1620 951 1841 1042 Sancti'Pauli3
1863 965 2088 1026 civitatemve-

1341 1075 1386 1134 ro,
1408 1057 1527 1122 clerum
1540 1066 1570 1119 et
1582 1057 1732 1136 populum
1754 1057 2000 1121 blariannensem
2016 1057 2087 1137 Epi-

1339 1167 1428 1232 scopo
1451 1151 1660 1214 blariannensi
1682 1150 1780 1230 quoad
1812 1151 2014 1230 episcopalem
2038 1168 2089 1213 or-

1340 1246 1489 1310 dinariam
1505 1253 1536 1307 et
1550 1245 1786 1324 llrcbiepiscopo
1802 1245 1905 1310 Sancti
1921 1243 2087 1307 Salvatoris

1339 1355 1394 1417 pro
1418 1346 1555 1417 tempore
1578 1338 1722 1400 existenti
1746 1338 1880 1416 praelato
1901 1339 2001 1416 quoad
2023 1353 2086 1399 me-

1342 1430 1546 1511 tropoliticam
1570 1431 1813 1494 iurisdictionem
1835 1441 1866 1495 et
1888 1433 2086 1511 superiorita-

1341 1534 1404 1588 tem
1426 1524 1463 1586 de
1485 1525 1643 1603 potestatis
1675 1525 1870 1603 plenitudine
1899 1525 1962 1604 pari
1993 1527 2085 1588 etiam

1340 1626 1489 1698 perpetuo
1511 1618 1701 1682 subiicimus

2107 941 2127 976 rt
2143 935 2169 976 et
2186 932 2283 989 populi.

536 1711 646 1788 lacere,
664 1711 820 1789 atquibus
840 1711 1001 1773 utisolent
1020 1718 1052 1773 et
1073 1718 1214 1790 possunt,
1231 1728 1281 1791 pa·
1378 1712 1442 1776 Nec
1466 1729 1530 1775 non
1564 1713 1668 1776 Sancti
1699 1713 1784 1778 Pauli
1817 1721 1848 1777 et
1881 1713 2085 1777 llariannensi
2114 1726 2314 1784 applicatione.

2105 1783 2223 1827 dituum.

536 1805 707 1868 biformiter
735 1813 832 1884 aeque
862 1805 1086 1884 principaliter,
1113 1813 1143 1867 et
1167 1805 1282 1884 absque
1339 1805 1450 1869 biensis
1470 1806 1694 1886 episcopalibus
1715 1807 1892 1870 huiusmodi
1909 1824 1963 1886 pro
1979 1823 2085 1870 earum

537 1898 599 1962 ulla
631 1914 756 1977 prorsus
781 1897 974 1972 dillerentia,
1004 1897 1134 1977 perinde
1162 1914 1195 1958 ac
1223 1897 1281 1960 sibi
1340 1901 1511 1979 respective
1532 1901 1603 1962 dote
1623 1901 1761 1964 redditus
1787 1916 1906 1962 annuos
1932 1901 2085 1979 quingen·

536 2008 659 2072 quoque
691 1993 877 2055 nominatim
898 1999 929 2054 et
957 1991 990 2052 11
1012 1991 1113 2070 specie
1139 2007 1281 2054 concessa
1342 2003 1444 2056 torum
1473 1994 1666 2073 septuaginta
1691 1993 1784 2057 unius
1815 1993 1996 2056 ducatorum
2019 1995 2085 2058 auri

536 2093 566 2148 et
588 2101 728 2165 expressa
750 2086 921 2164 respective
942 2084 1086 2160 luissent,
1102 2085 1223 2146 etiamsi
1240 2095 1283 2147 ta·
1308 2092 1311 2233 ἱ
1340 2088 1377 2150 de
1398 2103 1517 2148 camera
1539 2103 1593 2165 per
1615 2088 1716 2166 ipsum
1738 2088 1888 2150 loannem
1911 2087 2025 2166 Regem
2041 2105 2086 2150 as·

536 2179 574 2240 lia
597 2179 672 2254 sint,
695 2196 773 2258 quae
793 2178 1073 2258 specialemnotam
1097 2187 1127 2240 et
1149 2178 1282 2240 mentio·
1309 2236 1311 2293 ¹
1340 2181 1522 2256 signandos,
1545 2197 1636 2260 quarn
1667 2180 1793 2260 quidem
1826 2197 1982 2243 summam
2003 2181 2085 2242 idem

536 2290 608 2336 nem
625 2275 797 2352 requirant,
815 2273 915 2334 etsub
930 2271 1068 2349 generali
1083 2272 1283 2335 concessione
1309 2300 1311 2353 Ι
1338 2275 1467 2337 ‘loannes
1489 2275 1552 2336 Rex
1575 2277 1612 2339 de
1634 2276 1708 2350 suis,
1724 2282 1755 2335 et
1778 2291 1833 2354 pro
1850 2284 1987 2354 tempore
2008 2275 2086 2336 exis·

536 2387 599 2434 non
621 2369 761 2444 veniant,
778 2367 810 2429 in
825 2367 888 2428 suis
904 2367 1075 2446 respective
1093 2363 1282 2428 dioecesibus
1309 2370 1311 2443 l
1342 2370 1475 2433 lentium
1504 2369 1713 2446 portugalliae
1734 2378 1765 2430 et
1788 2368 2006 2446 Algarbiorum
2028 2368 2085 2431 lle-

536 2465 638 2529 Sancti
660 2463 744 2526 Pauli
766 2469 797 2524 et
818 2462 1025 2526 lllariannensi
1046 2461 1156 2537 lacere,
1174 2476 1283 2538 gerere
1309 2476 1312 2611 1
1341 2479 1426 2541 gum,
1449 2463 1628 2526 huiusmodi
1650 2463 1738 2526 bonis
1763 2463 1894 2541 gratiose
1917 2472 1948 2526 et
1968 2463 2087 2527 irrevo-

535 2565 565 2620 et
587 2573 731 2619 exercere
759 2557 856 2619 libere
884 2563 915 2617 et
937 2555 1019 2619 licite
1040 2557 1157 2634 possint
1178 2561 1210 2618 et
1230 2553 1281 2616 de·
1309 2634 1311 2643 Ι
1339 2557 1476 2619 cabiliter
1498 2557 1531 2618 ad
1554 2555 1637 2620 bunc
1659 2558 1803 2620 ellectum
1833 2555 1960 2618 donavit
1982 2565 2013 2619 et
2035 2557 2085 2621 ob·

536 2651 641 2727 beant3
664 2667 697 2712 ac
718 2665 773 2728 pro
795 2656 935 2728 tempore
957 2649 1102 2710 existenti
1125 2647 1281 2726 1111111ρί-
1309 2648 1311 2659 “
1341 2649 1425 2724 tulit,
1448 2667 1481 2712 ac
1502 2650 1624 2714 solvere
1654 2651 1818 2730 quotannis
1846 2651 2006 2730 promisit,
2030 2668 2085 2714 seu

1341 2743 1504 2822 promittit,
1527 2760 1565 2805 ex
1588 2751 1676 2819 tnnc,
1693 2751 1783 2823 prout
1805 2760 1843 2806 ex
1866 2761 1899 2807 ea
1921 2745 1970 2806 die
1992 2754 2022 2806 et
2044 2761 2083 2807 ex

535 2843 627 2914 prout
658 2843 728 2898 ante
761 2835 947 2897 divisionem
980 2843 1010 2897 et
1041 2835 1281 2912 assignationem
1309 2830 1311 2966 1
1340 2853 1435 2911 nunc,
1459 2845 1619 2917 postquam
1643 2837 1784 2915 assignati
1807 2837 1935 2913 luerint,
1949 2847 1985 2901 ut
1998 2856 2085 2918 pree·

535 2927 684 3008 praelatas
706 2928 860 2991 Fluminis
888 2929 1020 2992 ianuarii
1049 2929 1211 3004 existebat,
1235 2946 1280 2990 re·
1308 2996 1310 3011 ⁴
1340 2929 1456 3006 lectur,
1486 2930 1632 2992 similiter
1663 2937 1813 3009 perpetuo
1841 2930 2028 3009 applicamus
2053 2939 2084 2994 et

534 3025 670 3101 spective
690 3021 824 3096 subsint,
847 3039 919 3085 cum
947 3024 1029 3096 sede,
1053 3039 1171 3098 mensa,
1200 3023 1282 3084 aliis·
1339 3025 1581 3104 appropriamus.

534 3133 595 3194 que
616 3115 759 3192 insigniis
779 3115 1010 3195 episcopalibus,
1031 3131 1154 3179 necnon
1177 3132 1282 3194 praee·
1379 3119 1417 3180 Et
1438 3119 1565 3197 insuper
1587 3118 1692 3181 loanni
1714 3119 1788 3196 Regi
1812 3127 1844 3182 et
1865 3134 1920 3198 pro
1943 3127 2083 3197 tempore
2118 3143 2318 3198 ruspavronaus

535 3209 705 3284 minentiis,
729 3209 911 3282 honoribus,
928 3209 1109 3286 privilegiis,
1134 3211 1281 3272 immuni·
1308 3226 1310 3265 l
1339 3211 1544 3274 existentibus
1573 3210 1778 3288 Portugalliae
1804 3220 1834 3273 et
1865 3212 2083 3288 Algarbiorum
2101 3195 2318 3306 {iffffl‘fiffii

536 3301 648 3364 tatibus
662 3309 694 3364 et
706 3302 812 3378 gratiis
833 3302 1045 3380 spiritualibus
1060 3312 1090 3364 et
1107 3303 1282 3380 temporali·
1339 3305 1473 3382 Regibus
1494 3305 1635 3383 praelatis
1657 3305 1885 3383 iuspatronatus
1898 3315 1928 3367 et
1942 3322 2084 3384 praesen·

535 3393 602 3470 bus,
612 3395 834 3474 personalibus,
847 3395 981 3458 realibus
993 3404 1024 3458 et
1037 3396 1151 3472 mixtis,
1168 3397 1279 3474 quibus
1340 3397 1423 3460 tandi
1444 3412 1589 3476 personas
1612 3398 1736 3460 idoneas
1757 3397 1791 3458 ad
1822 3399 1915 3461 ‹lictas
1941 3398 2083 3461 ecclesias

533 3496 670 3552 caeterae
705 3488 894 3552 cathedrales
929 3489 1073 3552 ecclesiae
1108 3507 1279 3566 regnorum
1307 3538 1309 3595 4
1339 3490 1441 3555 Sancti
1462 3490 1547 3551 Pauli
1563 3500 1593 3553 et
1609 3491 1856 3554 llarianneusem
1873 3491 2013 3554 videlicet
2028 3507 2083 3552 no·

535 3592 565 3644 et
590 3581 802 3646 dominiorum
833 3581 1041 3659 praelatorum
1069 3583 1215 3646 similiter
1243 3585 1280 3649 de
1338 3585 1382 3648 bis
1398 3593 1427 3646 et
1443 3602 1498 3665 pro
1522 3595 1661 3664 tempore
1682 3585 1829 3647 existenti
1851 3584 1990 3646 Romano
2005 3584 2084 3646 Pon-

534 3678 603 3738 iure
624 3674 674 3736 vel
694 3674 930 3750 consuetudine,
946 3676 1131 3754 eutspeciali
1156 3677 1279 3756 privile-
1339 3680 1412 3742 tisrci
1436 3678 1514 3741 inira
1538 3695 1667 3756 annum,
1684 3679 1723 3740 ob
1737 3679 1878 3741 locorum
1894 3679 2081 3756 distantiam,

534 3771 596 3849 gio,
618 3785 674 3830 seu
701 3768 823 3830 indulto
848 3769 1012 3847 apostolico
1040 3769 1089 3831 vel
1111 3772 1184 3834 alias
1205 3790 1280 3852 quo-
1306 3740 1309 3785 ¹

533 3864 701 3928 modolibet
722 3870 869 3940 utuntur,
893 3865 1057 3941 potiuntur
1078 3876 1108 3929 et
1130 3867 1278 3944 gaudent,

532 3977 566 4024 ac
586 3960 645 4035 uti,
661 3959 753 4037 potiri
776 3968 806 4021 et
827 3959 962 4036 gaudere
982 3969 1131 4039 poterunt
1151 3977 1280 4040 quomo-

532 4054 648 4117 dolibet
664 4053 694 4116 in
711 4051 866 4126 laturum,
882 4052 918 4114 de
932 4053 1026 4115 simili
1040 4055 1199 4133 potestatis
1215 4057 1278 4135 ple-

532 4149 687 4223 nitudine,
696 4146 859 4225 apostolica
870 4148 1053 4210 auctoritate
1067 4149 1198 4227 praelata
1210 4167 1277 4229 per·

532 4253 625 4324 petuo
647 4240 818 4319 respective
844 4239 993 4317 erigimus
1018 4249 1048 4302 et
1073 4242 1276 4306 instituimus.

573 4341 615 4400 bc
636 4335 752 4398 eisdem
782 4334 826 4396 sio
853 4334 1024 4412 respective
1051 4337 1161 4398 erectis
1182 4337 1276 4400 eccle·
1306 4326 1308 4335 ’

531 4434 584 4496 siis
605 4430 710 4496 Sancti
725 4429 810 4489 Pauli
831 4427 986 4504 videlicet,
1002 4431 1159 4493 civitatem
1175 4431 1277 4494 Sancti

532 4525 617 4588 Pauli
638 4541 694 4604 pro
719 4523 855 4598 civitate,
878 4529 909 4584 et
930 4522 987 4584 alia
1009 4522 1135 4602 oppida,
1164 4533 1276 4603 castra,

531 4620 619 4683 villas
634 4626 664 4680 et
680 4617 833 4680 territoria
845 4633 1041 4696 quocumque
1053 4619 1183 4680 nomine
1196 4636 1277 4682 uun·

531 4720 651 4793 cupata,
664 4727 742 4790 quae
764 4709 796 4771 in
819 4709 950 4773 secunda
973 4719 1059 4788 parte
1073 4709 1170 4772 divisa
1192 4728 1279 4790 prae·
1305 4684 1307 4747 ¹

532 4807 589 4869 lata
612 4815 642 4868 et
663 4804 764 4867 eidem
787 4803 973 4882 episcopatui
1001 4803 1102 4867 Sancti
1126 4805 1210 4866 Pauli
1232 4825 1278 4867 as-

530 4901 664 4978 signata,
689 4907 723 4961 ut
754 4897 946 4976 praefertur,
969 4897 1192 4974 continentur,
1221 4916 1277 4977 pro

530 4994 678 5071 dioecesi,
704 4992 909 5055 llariannensi
933 5007 1007 5052 vero
1034 4991 1190 5054 civitatem
1217 4993 1278 5055 lla·
1304 4996 1307 5010 '

531 5089 730 5150 riennensem
752 5102 808 5164 pro
828 5085 965 5160 civitate,
982 5091 1012 5147 et
1027 5085 1084 5147 alia
1095 5086 1214 5164 oppida,
1230 5103 1276 5148 ca·
1304 5040 1306 5131 ⁴

528 5188 602 5256 stra,
616 5179 704 5241 villas
719 5186 750 5240 et
766 5179 920 5240 territoria
935 5194 1133 5256 quocumque
1148 5180 1276 5242 nomine

1338 3781 1400 3834 tam
1422 3772 1477 3836 bac
1508 3772 1607 3852 prima
1634 3774 1716 3848 vice,
1746 3789 1840 3852 quarn
1868 3774 1988 3851 quoties
2017 3773 2082 3834 illas

1337 3867 1479 3946 deinceps
1500 3867 1611 3944 quovis
1636 3867 1727 3929 modo
1750 3869 1841 3928 etlam
1864 3867 1941 3946 apud
1971 3867 2082 3930 Sedem

1337 3961 1543 4040 Apostolicam
1566 3978 1673 4024 vacare
1695 3961 1877 4037 contigerit,
1900 3976 1955 4038 per
1975 3976 2030 4022 nos
2051 3969 2082 4022 et

1337 4073 1391 4136 pro
1414 4065 1553 4134 tempore
1572 4057 1760 4119 existentem
1782 4054 1958 4118 Romanum
1979 4055 2082 4116 Ponti·

1338 4151 1427 4213 licem
1450 4149 1619 4228 praelatum
1641 4151 1674 4212 in
1696 4149 1802 4214 Sancti
1822 4149 1907 4213 Pauli
1922 4157 1953 4212 et
1975 4151 2006 4212 in
2022 4149 2083 4210 lla-

1338 4245 1511 4306 riannensis
1539 4243 1737 4307 ecclesiarum
1764 4243 1942 4306 huiusmodi
1965 4261 2081 4324 respec-

1337 4341 1400 4402 tive
1422 4341 1584 4418 Episcopus
1606 4347 1636 4401 et
1658 4340 1795 4402 Pastores
1816 4342 2081 4419 adpraesentatio·

1336 4449 1408 4496 nem
1442 4432 1620 4512 praelatam,
1651 4441 1682 4495 et
1712 4449 1776 4495 non
1807 4433 1879 4494 alias
1911 4435 2082 4514 respective

1336 4526 1563 4606 praeficiendus.
1587 4525 1632 4588 lld
1651 4527 1801 4588 maiorem
1822 4543 1897 4588 vero
1917 4532 1984 4605 post
2006 4541 2082 4604 poa-

1338 4619 1493 4693 tidcalem,
1515 4637 1549 4680 ac
1570 4619 1641 4680 alias
1663 4621 1842 4696 dignitates,
1865 4621 2078 4696 canonicatus,

1336 4713 1533 4793 praebendas,
1551 4727 1686 4776 necnon
1708 4712 1869 4788 beneficia,
1893 4719 1926 4775 ut
1948 4713 2082 4791 praeler-

1337 4817 1398 4882 tur,
1422 4807 1592 4886 respective
1614 4806 1783 4883 erigenda,
1807 4824 1879 4870 cum
1902 4807 1939 4868 de
1958 4806 2080 4872 ioannis

1336 4902 1426 4979 Regis
1449 4910 1480 4964 et
1502 4917 1556 4982 pro
1579 4908 1718 4976 tempore
1740 4901 1944 4964 existentium
1958 4901 2080 4980 llegum

1335 4994 1543 5074 praelatorum
1572 4993 1687 5073 pariter
1712 4993 1800 5056 bonis
1822 4996 1922 5056 dotata
1951 4995 2077 5072 luerint,

1335 5096 1397 5150 tam
1419 5089 1455 5151 ab
1477 5103 1587 5150 eorum
1610 5089 1765 5166 primaeva
1794 5090 1960 5163 erectione,
1985 5107 2078 5169 quam

1334 5190 1468 5246 extunc
1500 5182 1655 5260 deinceps,
1685 5182 1806 5260 quoties
1827 5181 1894 5258 illa,
1919 5183 2079 5262 quibusvis

530 5275 645 5354 pariter
667 5279 856 5350 nuncupata,
873 5288 950 5350 quae
972 5272 1004 5333 in
1022 5273 1110 5334 tertia
1132 5280 1219 5350 parte
1233 5274 1276 5335 di·
1335 5277 1431 5338 modis
1445 5283 1476 5336 et
1491 5292 1530 5336 ex
1544 5291 1816 5355 quorumcumque
1838 5277 1974 5354 personis
1986 5276 2079 5340 etiam

529 5366 796 5460 visapraelataet
815 5365 915 5426 eidem
937 5366 1123 5444 episcopatui
1145 5363 1276 5428 llarian-
1332 5371 1411 5448 apud
1444 5371 1554 5432 Sedem
1588 5370 1728 5432 eamdem
1757 5385 1863 5430 vacare
1894 5370 2075 5448 contigerit,

529 5461 619 5524 nensi
642 5461 804 5538 assignata,
821 5469 855 5522 ut
869 5459 1054 5538 praefertur,
1071 5461 1275 5524 continentur
1333 5463 1482 5544 Episcopo
1495 5464 1598 5526 Sancti
1619 5462 1704 5525 Pauli
1727 5469 1756 5523 el
1779 5463 1928 5542 Episcopo
1949 5463 2079 5526 11111111-

529 5571 584 5634 pro
605 5553 755 5632 dioecesi3
778 5570 913 5616 necnon
930 5553 1145 5616 ecclesiasticas
1161 5569 1215 5632 pro
1228 5571 1276 5616 re·

527 5649 663 5726 spective
685 5647 767 5710 clero
787 5655 819 5708 et
839 5648 1009 5710 saeculares
1025 5664 1168 5726 personas
1190 5648 1275 5710 inci-

529 5742 674 5804 vitatibus
686 5751 717 5803 et
731 5741 921 5805 dioecesibus
933 5742 1110 5804 huiusmodi
1125 5759 1180 5821 pro
1196 5751 1273 5805 tem-

528 5851 603 5914 pore
623 5835 796 5916 respective
807 5833 955 5912 degentes
967 5852 1021 5914 pro
1036 5837 1209 5916 respective
1223 5853 1275 5915 po·

529 5928 616 6015 pulo,
645 5931 682 5992 de
713 5936 863 6010 potestate
894 5937 925 5991 et
956 5930 1137 5992 auctoritate
1167 5930 1275 5994 simili-

1333 5557 1422 5618 nensi
1445 5572 1499 5635 pro
1522 5565 1660 5635 tempore
1682 5556 1854 5634 respective
1875 5557 2078 5627 existentibus

1333 5650 1412 5712 inira
1435 5651 1606 5712 terminum
1621 5667 1636 5710 a
1652 5651 1719 5711 iure
1742 5651 1914 5728 praelixum
1934 5650 2078 5712 similiter

1334 5761 1388 5822 per
1409 5760 1460 5806 eos
1481 5741 1517 5803 ad
1539 5743 1820 5821 praesentationem
1842 5742 1969 5821 praelati
1991 5743 2078 5806 loan-

1331 5837 1379 5898 nis
1402 5837 1537 5913 Regiset
1552 5852 1606 5916 pro
1630 5846 1769 5916 tempore
1790 5837 1992 5898 existentium
2007 5838 2079 5899 Por-

1332 5930 1476 6009 tugalliae
1499 5937 1529 5991 et
1555 5928 1773 6008 Algarbiorum
1794 5929 1915 6009 Regum
1946 5929 1978 5991 in
2004 5930 2077 6012 ipsis
