4798 6978
973 522 1168 567 beneolentis
1190 521 1255 567 XIV.

342 637 518 702 addendum
538 640 680 717 ridetur,
704 640 763 702 nisi
785 641 866 719 quod
888 647 961 704 ante
980 639 1098 702 huius·¹

345 733 427 794 modi
457 733 612 796 Monilum
642 734 783 796 catholici
816 733 957 814 Episcopi
986 733 1087 810 graeci

342 827 508 890 orientales
530 827 561 889 in
584 827 646 890 suis
668 827 804 906 synodis,
827 828 885 888 hoc
906 827 1007 904 ipsum
1028 832 1087 887 sta-

343 929 432 983 tuere
454 935 517 983 non
540 922 728 997 omiserunt;
751 927 782 982 et
798 936 854 982 nos
876 920 932 999 ipsi
955 935 1009 997 pro
1031 919 1087 980 lta-

343 1012 514 1076 lo-Graecis
545 1022 718 1092 opportuna
746 1014 866 1076 decreta
898 1014 989 1076 edere
1020 1029 1084 1075 non

343 1108 616 1196 praetermisimus.
629 1109 720 1170 hnno
731 1109 853 1170 Domini
867 1108 1087 1184 11000110,Ζο-

342 1204 473 1265 mosciae
496 1203 597 1264 habita
624 1201 683 1262 luit
709 1200 852 1279 Synodus
878 1200 1084 1280 provincialis,

342 1298 379 1360 de
400 1296 542 1360 mandato
564 1296 616 1358 lel.
633 1297 750 1357 record.
768 1293 1009 1372 praedecessoris
1030 1309 1085 1354 no·

340 1391 395 1452 stri
419 1390 588 1456 Clementis
611 1390 706 1466 Papae
727 1390 779 1452 ill.
797 1404 830 1450 ac
844 1387 1038 1465 praesidente
1053 1387 1084 1448 in

340 1485 375 1546 ea
389 1484 580 1562 Hieronymo
590 1483 746 1546 Grimaldo
763 1489 836 1544 tunc
851 1480 1085 1559 archiepiscopo

341 1578 494 1639 Edessena
516 1583 547 1638 et
572 1577 764 1656 spostolicae
793 1575 878 1639 Sedis
906 1575 1023 1638 Nuntio
1051 1575 1084 1637 in

339 1687 437 1747 regno
459 1671 615 1746 Poloniae,
631 1673 741 1734 deinde
762 1687 838 1733 uero
852 1687 867 1730 a
883 1669 975 1732 recol.
988 1686 1082 1731 mern.

340 1764 497 1827 decessore
526 1771 633 1826 nostro
665 1766 827 1828 Clemente
855 1765 932 1841 Papa
959 1763 1024 1827 llll.
1048 1763 1083 1825 ad

340 1859 543 1922 cardinalatus
572 1860 721 1922 honorem
744 1867 909 1937 assumpto.
936 1858 968 1918 ln
992 1856 1084 1918 huius

340 1955 444 2033 itaque
464 1953 581 2033 synodi
602 1953 744 2028 decretis,
767 1968 844 2030 quae
866 1953 957 2014 etiam
981 1951 1084 2028 apiae

339 2063 434 2109 mern.
459 2047 625 2126 Benedicto
647 2048 724 2125 Papa
746 2045 822 2109 Xlll.
840 2045 985 2108 similiter
999 2060 1085 2122 prae-

339 2142 496 2203 decessore
518 2150 624 2204 nostro
645 2149 766 2204 maturo
781 2139 948 2218 praemisso
970 2139 1084 2200 exami-

338 2249 379 2296 ne
400 2235 580 2296 confirmata
601 2235 740 2311 luerunt,
763 2233 820 2296 sub
843 2233 933 2295 titulo
955 2233 992 2294 de
1006 2231 1083 2293 Fide

341 2326 508 2392 Catholicd
537 2329 698 2406 mouentia
729 2327 879 2404 leguntur
901 2328 1009 2389 rerba:
1034 2325 1085 2388 ed·

340 2423 407 2484 dem
430 2423 466 2484 de
489 2423 596 2497 caasa,
621 2424 772 2487 nimirum
802 2424 837 2483 ad
860 2424 1081 2486 removendam

338 2532 463 2579 ornnem
485 2519 657 2578 schismatis
677 2519 896 2596 suspicionem,
919 2523 949 2579 ct
971 2517 1012 2580 ad
1034 2517 1083 2579 de·

338 2611 582 2672 monstrandam
602 2612 761 2673 sinceram
782 2611 994 2674 membrorum
1010 2627 1081 2674 cam

339 2704 445 2780 capite
466 2704 741 2777 coniunctionem,
771 2705 896 2767 censuit
925 2705 1023 2768 etlam
1045 2721 1082 2768 ac

337 2796 510 2873 praecepit,
534 2793 592 2858 snb
613 2799 722 2875 poenis
748 2796 887 2860 arbitrio
912 2797 1081 2861 ordinarii

339 2888 536 2968 lappensis,
559 2893 610 2961 nt,
634 2888 824 2969 abicumque
845 2891 880 2953 in
901 2891 1004 2953 sacris
1027 2892 1081 2953 lli-

336 2981 463 3060 ptpcltis
486 2984 740 3046 commemoratio
756 2983 891 3048 Romani
914 2981 1082 3062 Pontifices

337 3075 487 3156 facienda
514 3075 593 3149 erit,
625 3078 815 3154 praesertim
846 3093 917 3140 aem
947 3083 1082 3154 tempore

336 3169 491 3247 sacrificii
513 3171 640 3241 Missae,
664 3169 699 3230 in
727 3169 942 3234 translatione
965 3168 1082 3233 oblato·

337 3277 421 3331 ram,
446 3264 503 3340 p'at
525 3262 624 3324 claras
646 3268 677 3324 et
694 3265 852 3341 cupressis
873 3261 990 3336 verbis,
1013 3265 1082 3341 pai·

337 3349 395 3414 aas
409 3353 493 3415 alter
507 3371 603 3432 paam
614 3354 777 3418 Romanas
792 3355 990 3420 anicersalis
1007 3355 1081 3434 Epi·

335 3459 447 3522 scopas
470 3447 633 3528 desipnari
656 3464 720 3510 reon
740 3449 841 3526 possit
862 3449 874 3526 (
895 3449 918 3528 ).

377 3540 587 3603 Consentiunt
615 3551 715 3620 patres
745 3542 873 3607 concilii
901 3543 1082 3605 Libanensis

336 3649 419 3696 anno
431 3650 630 3696 1100011111.
646 3636 824 3712 congregati
838 3635 896 3698 sub
907 3636 1082 3715 praesiden-

337 3728 375 3789 tia
396 3727 500 3790 dilecti
522 3727 577 3790 filii
591 3727 725 3805 Magistri
747 3728 865 3808 losephi
880 3728 1012 3792 Simonii
1028 3731 1080 3792 ds-

335 3821 454 3882 semani
475 3821 630 3884 Romanae
651 3821 762 3884 Curiae
784 3822 932 3902 praesulis
947 3829 977 3884 et
992 3823 1081 3885 able·

336 3915 398 3990 gati
424 3914 606 3992 Apostolici:
631 3915 664 3976 in
691 3915 924 3995 cuiuspariter
951 3915 1082 3978 Consilii

336 4007 478 4082 decretis,
489 4010 548 4070 sub
563 4008 655 4070 titulo
670 4009 707 4070 de
724 4006 867 4086 Symbola
885 4005 976 4071 Fidei
997 4012 1081 4070 elas·

335 4116 394 4176 pac
414 4100 620 4181 professione,
637 4119 726 4163 num.
747 4105 803 4175 12,
820 4104 893 4166 haec
913 4111 1082 4165 occurrunt

336 4194 441 4255 verba:
458 4193 662 4256 sanctissimi
675 4195 811 4258 Romani
823 4194 990 4274 Pontifices
1001 4211 1080 4257 com·

335 4288 612 4360 memorationem,
637 4295 703 4350 tarra
725 4288 760 4350 in
782 4289 905 4362 Missis,
928 4306 1023 4369 paam
1044 4290 1080 4350 in

336 4379 456 4442 divinis
478 4381 600 4460 officiis,
623 4388 699 4445 ante
720 4380 794 4444 lirini
812 4381 849 4444 ll.
866 4381 1080 4446 Patriarchae

336 4489 462 4548 nomen,
488 4477 540 4537 ati
563 4473 718 4537 hactenns
747 4477 981 4554 consuevimus,
1006 4475 1080 4539 celc-

336 4565 432 4630 bcare
452 4581 516 4629 non
543 4567 731 4629 omittamus
752 4569 807 4647 (2).
837 4570 876 4632 Et
901 4569 958 4631 hoc
986 4569 1078 4631 etiam

336 4660 511 4722 Concilium
523 4667 590 4738 post
608 4662 871 4724 accuratissimum
892 4679 998 4726 rerum
1014 4678 1079 4725 om·

336 4755 425 4815 nium
447 4768 578 4814 examen
599 4754 762 4832 apostolica
784 4757 966 4818 auctoritate
987 4774 1002 4817 a
1024 4772 1078 4818 uo·

336 4845 520 4926 bismetipsis
540 4848 758 4910 confirmatum
779 4849 893 4925 extitit,
917 4858 951 4912 ut
973 4850 1079 4912 ridere

335 4941 407 5004 licet
429 4939 462 5002 in
483 4943 589 5003 nostri
610 4942 847 5018 constitutione,
871 4959 948 5020 quae
969 4943 1078 5022 incipit

336 5033 525 5115 Sinpnlaris
556 5034 611 5115 (3).
642 5035 749 5096 Petrus
781 5035 932 5097 Arcadius
953 5036 994 5106 Ι111
1021 5053 1076 5099 suo

334 5145 428 5207 opere
443 5128 478 5189 de
496 5125 672 5190 Concordia
687 5125 846 5190 Ecclesiae
864 5126 1076 5191 Occidentalis

334 5226 365 5282 et
389 5220 577 5293 orientalis,
605 5217 660 5283 tto.
683 5222 719 5292 2,
747 5237 815 5299 cap.
841 5219 897 5293 39,
920 5221 1076 5284 monitum

332 5318 490 5397 adscripsit
511 5332 567 5396 pro
590 5316 690 5378 latinis
713 5316 868 5394 Episcopis
888 5317 921 5379 iu
942 5330 1076 5395 quorum

375 5569 404 5630 ll)
420 5573 454 5618 De
476 5571 500 5616 h.
522 5583 579 5628 syn.
600 5571 658 5616 ride
679 5582 746 5628 quae
766 5572 951 5618 adnotavimus
973 5573 1021 5618 rol.
1044 5577 1074 5620 11.

332 5637 356 5687 lr.
372 5653 412 5698 op.
427 5652 485 5698 pag.
500 5642 539 5684 336
553 5643 579 5685 et
593 5641 639 5686 385,

372 5709 403 5766 (2)
418 5709 481 5753 Vide
495 5709 520 5754 h.
536 5710 585 5754 rol.
599 5719 658 5768 pag.
672 5711 705 5754 31.

370 5777 670 5834 101010101181110111,
690 5787 757 5834 quiae
778 5776 805 5821 iu
826 5777 914 5822 Monte
935 5776 1032 5822 Libano
1045 5777 1073 5824 in

331 5845 440 5892 aeclesia
455 5848 479 5890 S.
491 5845 589 5890 Mariae
604 5844 757 5891 monasterii
772 5845 803 5890 de
817 5844 909 5892 Loalsa
923 5851 1073 5902 nuncupata

331 5913 435 5960 Ordinis
449 5915 473 5959 S.
489 5913 595 5958 Antonii
609 5913 725 5970 abbatis,
740 5917 817 5971 cong.
829 5914 924 5960 Montis
935 5913 1026 5961 Libani
1035 5925 1064 5960 ce

1143 640 1333 703 dioecesibus
1365 649 1599 704 commorantur
1625 642 1743 719 Graeci,
1773 650 1808 705 ut
1836 659 1887 705 eos

1143 735 1266 810 adigere
1297 733 1441 800 studeant
1473 737 1508 796 ad
1537 735 1707 798 taciendam
1738 737 1770 798 in
1799 735 1887 800 Missa

1142 831 1472 892 commemorationem
1499 830 1629 892 Romani
1657 831 1823 905 Pontificis,
1846 848 1887 894 ne

1142 938 1201 1000 qrra
1222 922 1341 1002 reliqua
1362 923 1401 985 sit
1422 924 1555 1002 suspicio
1575 924 1792 1003 propensionis
1813 941 1885 1001 erga

1141 1016 1288 1080 schisma:
1318 1016 1467 1095 Episcopi
1490 1018 1588 1079 latini
1616 1019 1743 1079 omnies-o
1771 1034 1886 1080 cacare

1142 1107 1264 1183 debent,
1287 1116 1325 1173 at
1348 1101 1412 1174 silei
1433 1108 1559 1174 sudditi
1571 1111 1705 1189 parochi
1723 1111 1828 1191 praeci
1851 1112 1886 1172 in

1141 1203 1260 1266 anione
1291 1204 1451 1268 catholica
1475 1205 1555 1277 sint,
1578 1214 1607 1267 et
1639 1220 1800 1267 summam
1827 1204 1887 1266 Po-

1139 1305 1256 1360 storem
1279 1304 1468 1378 apooscant,
1492 1298 1650 1376 tantaque
1668 1305 1802 1360 veterem
1824 1314 1887 1358 mo-

1141 1407 1206 1452 rem
1237 1408 1295 1470 pro
1324 1391 1380 1454 illo
1408 1394 1592 1456 solemniter
1620 1393 1829 1471 deprecentur
1854 1392 1885 1453 in
1932 1404 2048 1468 samsom
2069 1409 2118 1470 rra-

1139 1486 1288 1548 sacrilicio
1311 1487 1428 1561 Missae,
1444 1486 1482 1550 de
1497 1503 1557 1566 quo
1579 1502 1693 1566 nempe
1713 1502 1750 1548 eo
1773 1487 1804 1548 in
1820 1486 1886 1548 loco
1905 1457 2118 1556 &affilassnfflm

1139 1579 1212 1654 agit.
1237 1579 1451 1642 Consentaneo
1477 1588 1578 1642 autern
1602 1581 1637 1642 ad
1663 1580 1721 1642 hoc
1741 1579 1888 1657 aequissi-

1141 1686 1229 1733 mum
1245 1673 1413 1747 monitum,
1431 1673 1462 1735 in
1478 1673 1582 1735 nostrai
1593 1673 1816 1736 constitutione
1831 1665 1886 1752 pro

1140 1764 1358 1828 italo-Graecis
1389 1767 1546 1842 emanata,
1576 1767 1626 1828 cui
1654 1766 1779 1828 initium
1812 1766 1886 1828 Etsi

1141 1857 1343 1928 Pastoralis,
1377 1875 1516 1938 quaeque
1544 1867 1589 1921 est
1610 1860 1649 1922 57
1678 1859 1712 1920 in
1740 1858 1885 1922 Rullarii

1139 1953 1245 2014 nostri
1276 1959 1349 2015 tom.
1374 1954 1403 2027 1,
1428 1954 1447 2028 5
1468 1952 1498 2027 9,
1523 1969 1610 2014 nam.
1634 1952 1666 2026 4,
1691 1953 1732 2013 ita
1759 1960 1885 2016 mutum

1138 2043 1214 2106 luit:
1239 2045 1350 2108 deinde
1369 2046 1486 2108 sarnarnr¹
1507 2046 1644 2109 Romani
1667 2045 1832 2126 Pontifices
1848 2061 1885 2108 ac

1142 2137 1312 2201 ordinarii
1333 2139 1416 2212 toci,
1447 2140 1481 2200 in
1507 2141 1615 2202 missis
1641 2147 1735 2220 atque
1765 2140 1884 2202 divinis

1139 2231 1261 2311 officiis,
1286 2233 1542 2295 commemoratio
1563 2233 1633 2314 fiat.

1178 2326 1197 2400 5
1221 2324 1266 2387 18.
1292 2323 1439 2406 Sequitur
1460 2342 1530 2405 pars
1550 2327 1645 2390 altera
1663 2327 1801 2390 eiusdem
1822 2326 1885 2405 pri·
1915 2343 2116 2406 secundarum-

1139 2421 1181 2480 ml
1204 2421 1330 2497 Moniti,
1354 2422 1385 2482 in
1408 2438 1481 2499 qua,
1506 2421 1550 2483 uti
1573 2422 1715 2499 superius
1741 2425 1883 2482 notatum
1903 2399 2117 2497 {leffissid‘ffiffi

1138 2511 1209 2588 luit,
1232 2515 1409 2591 iniungitur
1429 2515 1580 2576 sacerdoti
1604 2529 1724 2591 graeco,
1747 2519 1782 2575 ut
1803 2512 1883 2575 inira
1902 2463 2115 2612 flssf'ffif·,2,÷fi¹¹'

1139 2607 1278 2684 Missam,
1305 2616 1469 2687 postquam
1497 2608 1633 2670 oraverit
1657 2623 1713 2686 pro
1735 2607 1884 2672 Pontifice

1137 2700 1289 2776 Romano,
1311 2707 1378 2762 oret
1400 2718 1455 2780 pro
1482 2703 1607 2780 proprio
1629 2701 1792 2780 Episcopo,
1816 2707 1882 2762 oret

1137 2793 1232 2854 etiam
1254 2808 1308 2871 pro
1330 2810 1385 2856 suo
1407 2793 1591 2870 Patriarcha,
1607 2795 1632 2856 si
1656 2802 1759 2857 tamen
1781 2793 1882 2855 catho-

1137 2885 1186 2948 lici
1207 2886 1289 2962 sint3
1313 2902 1383 2949 nam
1405 2887 1429 2947 si
1452 2902 1562 2949 eorum
1584 2886 1663 2948 alter
1683 2887 1734 2948 rel
1748 2893 1884 2966 uterque

1136 2978 1347 3058 schismaticus
1377 2987 1458 3041 esset
1483 2988 1537 3043 aut
1559 2978 1748 3055 haereticus,
1771 2979 1809 3042 de
1830 2979 1883 3040 illo
1908 3011 1911 3017 -

1135 3081 1187 3135 aut
1209 3071 1269 3134 illis
1290 3073 1620 3135 commemorationem
1632 3071 1732 3134 lacere
1753 3089 1816 3136 nou
1831 3074 1883 3136 de·

1135 3163 1254 3226 beret.

1175 3258 1194 3332 ἓ
1218 3257 1264 3320 19.
1290 3260 1323 3322 111
1341 3258 1449 3321 Latini
1471 3259 1603 3320 Ecclesia
1624 3258 1709 3321 nulla
1730 3274 1762 3320 se
1784 3274 1817 3320 se
1838 3257 1881 3319 of·
1916 3273 2020 3338 patinea
2033 3273 2115 3340 pasta·

1135 3349 1216 3412 lerre
1236 3336 1315 3413 'solet
1336 3353 1516 3427 difficultas,
1539 3354 1636 3431 quoad
1659 3367 1883 3416 commemora·
1901 3326 2114 3444 {ffssaffiffflfflssssss

1137 3441 1252 3504 tionem
1274 3444 1445 3506 taciendam
1467 3445 1551 3508 illius
1573 3446 1778 3526 Episcopiin
1794 3447 1881 3509 cuius
1900 3435 2022 3490 mmm·

1134 3535 1264 3598 dioecesi
1284 3539 1422 3601 sacerdos
1437 3539 1598 3602 Missarum
1619 3557 1701 3603 sacra
1715 3539 1796 3602 lacit.
1820 3541 1881 3604 llao

1134 3629 1172 3691 de
1193 3645 1229 3691 re
1249 3645 1305 3692 uos
1326 3632 1382 3710 ipsi
1404 3633 1525 3710 egimus
1546 3634 1580 3694 in
1602 3641 1709 3698 nostro
1730 3649 1823 3712 opere
1845 3634 1880 3697 de

1136 3719 1302 3804 Sacrificio
1324 3724 1451 3798 Missae,
1473 3733 1549 3789 sect.
1576 3730 1604 3802 1,
1630 3744 1718 3790 nam.
1740 3728 1809 3790 220
1834 3729 1881 3792 la·

1135 3817 1224 3878 tinae
1251 3816 1423 3890 editiores,-
1445 3817 1547 3898 ibique
1577 3823 1877 3899 demonstravimus,

1134 3907 1247 3972 debere
1267 3927 1352 3986 eum,
1368 3912 1421 3990 qui
1442 3911 1476 3974 in
1492 3913 1621 3976 dioecesi
1642 3915 1742 3994 aliqua
1756 3916 1878 3980 Missam

1135 4003 1280 4077 celebrat,
1303 4005 1442 4084 Episcopi
1473 4006 1643 4070 dioecesani
1667 4009 1724 4070 loci
1746 4011 1879 4072 mentio·

1135 4113 1209 4159 nem
1239 4098 1354 4174 lacere,
1384 4113 1448 4162 non
1471 4116 1545 4162 vero
1572 4101 1713 4178 alterius,
1736 4103 1769 4164 in
1789 4102 1879 4166 cuius

1134 4193 1264 4255 dioecesi
1285 4192 1350 4271 ipse
1371 4193 1530 4256 ordinatus
1544 4193 1638 4256 luerit
1659 4211 1714 4258 seu
1729 4196 1815 4258 cuius
1829 4213 1879 4259 or·

1134 4287 1271 4350 dinariae
1291 4286 1497 4349 iurisdictioni
1522 4289 1679 4352 subiectus
1700 4290 1754 4366 sit;
1777 4306 1879 4370 neque

1137 4393 1209 4441 uero
1232 4380 1354 4442 licitum
1374 4395 1440 4442 esse
1460 4380 1668 4458 regularibus
1690 4383 1806 4461 proprii
1827 4401 1878 4447 su-

1135 4472 1262 4550 perioris
1277 4473 1440 4549 generalis,
1453 4481 1506 4536 aut
1520 4475 1587 4536 aliis
1602 4476 1810 4539 sacerdotibus
1824 4478 1879 4539 ali·

1134 4565 1183 4626 cui
1195 4565 1329 4643 praelato
1340 4563 1482 4628 inferiori
1497 4568 1692 4630 territorium
1703 4577 1877 4648 separatum

1134 4657 1259 4720 habenti
1280 4660 1436 4735 subiectis,
1453 4660 1631 4724 huiusmodi
1653 4662 1780 4741 praelati
1794 4679 1877 4726 com·

1134 4753 1392 4816 memorationem
1425 4753 1525 4817 lacere
1546 4757 1579 4818 in
1607 4756 1711 4834 Missa3
1734 4759 1878 4835 quomis

1134 4847 1234 4909 honor
1260 4846 1445 4910 deferendus
1472 4850 1688 4912 tantummodo
1716 4851 1756 4912 sit
1777 4852 1805 4912 ei
1826 4869 1877 4914 su-

1132 4941 1246 5020 periori
1267 4957 1322 5002 seu
1344 4942 1487 5020 praesuli,
1510 4943 1563 5022 qui
1586 4943 1748 5023 episcopali
1772 4953 1876 5007 aucto-

1132 5035 1223 5096 ritate
1244 5043 1275 5096 et
1304 5036 1413 5098 ordine
1440 5044 1487 5098 est
1516 5038 1695 5114 insignitus.
1729 5039 1877 5101 suctores

1132 5143 1217 5204 vero,
1239 5129 1294 5206 qui
1316 5128 1514 5191 haecomnia
1537 5130 1663 5199 tradunt
1685 5139 1717 5194 et
1731 5133 1874 5210 probant,

1131 5221 1246 5282 ibidem
1268 5238 1284 5282 a
1304 5221 1391 5283 nobis
1412 5221 1496 5283 allati
1514 5221 1653 5285 luerunt.
1677 5225 1775 5299 Quare
1798 5225 1877 5286 nihil

1130 5315 1213 5378 aliud
1235 5315 1284 5377 hic
1304 5314 1495 5393 adiiciamus,
1514 5317 1573 5379 nisi
1595 5317 1675 5396 quod
1692 5319 1877 5398 praecitatus

1130 5573 1249 5620 lebratae
1261 5583 1304 5620 an.
1318 5585 1482 5620 dcccxxxvi.
1492 5573 1585 5620 diebus
1594 5585 1658 5618 xxx.
1670 5576 1735 5632 sept.
1746 5577 1773 5620 et
1783 5586 1799 5620 1.
1811 5577 1838 5620 et
1847 5587 1874 5621 11.

1130 5641 1252 5698 octobris,
1267 5641 1294 5686 iu
1309 5641 1367 5698 ipsa
1381 5642 1484 5698 synodo
1502 5641 1607 5687 arabice
1628 5642 1785 5700 conscripta,
1802 5651 1827 5688 et
1842 5643 1876 5689 ab

1129 5709 1245 5754 eiusdem
1263 5707 1383 5766 praeside
1397 5713 1415 5754 1.
1431 5708 1548 5754 simonio
1561 5714 1704 5756 assemano
1718 5710 1745 5755 111
1759 5710 1875 5757 malarum
1950 5745 1954 5754 .

1128 5777 1269 5834 translata,
1281 5789 1348 5834 quae
1360 5777 1445 5824 latina
1459 5779 1600 5826 translatio
1610 5779 1666 5825 sola
1676 5781 1775 5825 Romae
1783 5791 1875 5838 appro·

1128 5844 1190 5891 bata
1204 5848 1252 5901 ast,
1268 5845 1325 5890 vide
1339 5845 1367 5890 111
1382 5846 1539 5892 collectione
1559 5845 1667 5893 Laeeusi
1680 5848 1729 5893 rol.
1745 5852 1785 5906 ll,
1800 5860 1823 5905 p.
1839 5853 1873 5895 77.

1168 5915 1198 5971 (3)
1214 5913 1296 5960 liuius
1311 5914 1360 5960 rol.
1375 5925 1433 5972 pag.
1448 5917 1482 5960 81.

1809 505 1868 570 635
1918 507 2107 564 tn.c.1aso
2206 575 2208 580 .
