4820 6980
352 547 407 602 An.
420 547 451 599 c.
473 544 542 598 1157
591 543 651 608 792

573 685 657 750 Hist.
687 681 816 752 Eccles,
847 697 916 760 cap.
940 685 972 752 3,
997 683 1032 742 iu
1065 687 1138 742 tane.
1175 682 1217 742 11
1242 677 1314 740 lier.

573 774 648 840 ital.
666 774 798 854 script,
811 790 882 853 paq.
899 775 990 836 1191
996 821 1003 843 ‚
1017 772 1191 850 liaynaldus
1205 772 1247 834 ud
1262 786 1318 834 an-

573 887 651 936 uum
672 883 870 944 uccuxxxv,
884 883 973 930 uuus.
992 867 1047 932 14.
1062 865 1214 942 llleuryas
1237 867 1260 925 t.
1275 867 1319 926 18

574 964 658 1028 Hist.
684 963 813 1034 nectes,
836 977 908 1041 paq.
931 959 975 1020 37
981 964 1008 1032 1,
1034 967 1063 1021 ct
1087 957 1122 1020 in
1142 959 1212 1020 erite
1236 956 1321 1018 eius·

574 1057 642 1119 dem
659 1055 832 1136 Pontificio,
850 1054 1028 1118 ciacconius
1044 1058 1117 1114 torn.
1134 1052 1169 1120 2,
1187 1065 1215 1126 p.
1238 1048 1318 1116 216,

574 1150 698 1224 Burrus,
714 1148 835 1225 Pagius,
855 1152 928 1209 tour.
945 1147 977 1216 3,
996 1162 1066 1225 paq.
1084 1144 1163 1213 455,
1181 1157 1269 1205 nune.
1286 1140 1318 1209 3,

574 1249 681 1305 auctor
711 1242 792 1303 ritae
818 1241 1003 1303 Pontificum
1032 1240 1133 1316 llagae
1161 1235 1319 1301 comitum

574 1336 686 1413 erlitae,
703 1343 777 1398 tem.
795 1341 827 1406 3,
843 1351 915 1415 paq.
929 1333 1005 1394 289.
1020 1333 1115 1396 Porro
1130 1333 1320 1395 instrumen-

576 1439 604 1496 ta
632 1429 744 1508 quibus
771 1428 806 1491 ad
833 1429 1051 1506 perficiendam
1078 1425 1320 1488 celebrationem

575 1523 736 1598 utebatur,
759 1519 905 1586 desc'ribit
929 1522 961 1583 P.
986 1519 1167 1583 Franciscus
1195 1517 1321 1595 Pipinus

575 1631 614 1678 ex
628 1615 743 1680 Ordine
756 1616 1007 1678 Praedicatcrnm
1022 1613 1053 1674 iu
1070 1610 1233 1684 chronica,
1249 1610 1271 1671 i.
1286 1609 1320 1680 4,

577 1727 645 1789 cap.
665 1714 725 1774 22.-
756 1707 891 1773 Pedibus
919 1714 991 1770 crat
1019 1708 1068 1770 ita
1095 1711 1259 1785 aeqrotus,
1283 1709 1322 1764 ut

576 1821 632 1865 nec
653 1802 837 1876 ambulare,
869 1817 924 1862 uec
945 1809 1033 1864 sture
1064 1805 1182 1877 posset.-
1205 1811 1322 1858 munus

576 1901 684 1960 autent
706 1895 752 1958 sic
767 1900 952 1957 contractus
975 1890 1119 1963 babebat,
1138 1897 1176 1952 ut
1192 1888 1321 1968 diqitos,

577 1989 717 2067 receptis
729 1985 908 2066 pollicibus,
925 2000 1026 2049 unum
1042 1984 1083 2048 ad
1097 1983 1239 2048 alterum
1251 1981 1323 2042 iun·

578 2098 648 2162 pere
670 2097 735 2144 non
763 2085 884 2157 possets
912 2080 1008 2142 immo
1029 2077 1127 2139 etiarn
1155 2091 1251 2137 cerne
1270 2090 1324 2134 su·

576 2179 833 2252 pereecrcscente
848 2176 914 2254 {ere
928 2188 1015 2234 unus
1030 2169 1069 2234 ab
1083 2169 1187 2232 altero
1201 2167 1323 2229 secerni

578 2288 641 2334 nou
662 2271 798 2346 poterat.
819 2267 872 2339 lit,
888 2281 961 2327 curn
983 2262 1167 2332 celebraret,
1191 2257 1324 2338 penede-

580 2371 636 2427 tur
659 2361 781 2440 cerpus
811 2359 940 2422 Domini
962 2359 1050 2420 inter
1077 2357 1161 2433 ipses
1184 2354 1321 2432 pollices,

578 2466 609 2520 et
632 2457 766 2537 quodum
789 2455 1006 2516 instrumento
1028 2451 1142 2530 liques,
1164 2465 1223 2526 qua
1246 2447 1326 2509 iusi-

579 2551 680 2624 dedat,
694 2545 932 2611 adicebaturcd
946 2545 1111 2622 populum.
1129 2540 1235 2604 Videri
1250 2555 1324 2602 cun·

578 2654 625 2710 cta
646 2647 776 2723 possunt
798 2641 853 2714 ο.
873 2637 1074 2700 tom.91ler.
1094 2635 1170 2699 itai.
1190 2633 1321 2711 Script,

579 2755 649 2820 paq.
670 2735 748 2799 ⁷27.

566 2879 568 2882 -
619 2847 720 2894 xxxii.
736 2830 770 2893 ln
783 2826 1021 2894 commentariis
1033 2825 1076 2886 Pii
1085 2825 1119 2886 ll.
1132 2841 1157 2885 a.
1167 2838 1322 2886 acnuam.

579 2925 614 2988 ad
635 2923 852 3004 pontificatum
874 2919 985 2992 evecti,
1002 2924 1069 2997 post
1084 2917 1234 2994 prolixam
1257 2933 1325 2978 nar-

578 3019 733 3081 rationem
756 3015 917 3078 institutae
932 3011 1163 3090 supplicationis
1179 3009 1210 3072 in
1226 3017 1327 3072 trans·

578 3113 691 3175 latione
714 3108 821 3186 capitis
852 3105 881 3168 S.
905 3103 1046 3168 Andreae
1068 3102 1206 3182 Apostoli
1226 3117 1263 3164 ex
1286 3101 1325 3164 Α·

579 3205 664 3271 obaia
687 3203 787 3286 eidem
808 3200 948 3264 Pontifici
971 3199 1052 3260 dono
1074 3197 1171 3271 missi,
1188 3196 1262 3257 haec
1276 3193 1326 3255 ad·

580 3301 720 3363 duntur:
742 3293 799 3357 Die
825 3291 989 3362 sabbatii,
1013 3305 1094 3368 quae
1115 3288 1184 3369 suit
1208 3285 1326 3366 aprilio

581 3409 673 3466 svin,
690 3387 846 3452 celebrate
871 3387 988 3467 prandi
1011 3383 1121 3464 officio,
1144 3399 1216 3444 cum
1239 3381 1327 3444 dene-

581 3485 700 3547 diceret
726 3481 841 3560 populo
867 3478 1023 3557 Pantiseu
1051 3475 1226 3548 Mecinus,
1254 3487 1327 3550 pro·

580 3578 671 3642 misit
694 3573 949 3642 incrastinum,
973 3569 1007 3633 nb
1030 3567 1242 3630 reverentiam
1269 3565 1327 3628 Re-

580 3667 806 3738 surrectionis,
835 3667 870 3728 in
896 3664 1025 3726 eeclesia
1054 3658 1218 3738 Principis
1247 3662 1327 3737 Apo-

581 3764 735 3828 stolorum
768 3775 833 3820 sese
863 3773 928 3818 rera
959 3755 1104 3818 diuinare
1137 3756 1325 3834 pacturum,

581 3861 853 3936 pertuleruntque
867 3865 900 3911 eo
915 3864 1045 3911 sacrum
1055 3847 1201 3912 Andreae
1216 3853 1325 3926 caput,

581 3957 618 4013 ut
641 3949 762 4010 iterun
787 3951 884 4022 utque
904 3943 1024 4004 iterum
1046 3941 1222 4009 videretur,
1247 3940 1327 4019 quod

582 4060 621 4106 ee
643 4040 747 4104 ulturi
775 4037 861 4102 beuti
882 4035 974 4098 Petri
1003 4033 1189 4104 obductum,
1216 4035 1250 4095 in
1271 4049 1326 4111 pa-

582 4137 663 4200 latio
691 4133 865 4196 clauserat.
896 4129 955 4190 fles
984 4144 1078 4200 noua,
1100 4134 1131 4188 et
1160 4127 1327 4204 insperata

583 4229 661 4310 fuit.
680 4229 771 4297 Nam,
790 4229 922 4302 propter
936 4221 1157 4301 eeqritudines
1173 4225 1204 4282 et
1219 4219 1328 4283 absees-

583 4323 663 4384 tiam
687 4317 853 4396 Pontificis
868 4323 945 4379 ante
965 4321 1108 4392 quatuor
1129 4330 1241 4386 annos,
1264 4329 1327 4375 non

581 4414 731 4476 uiderant
754 4409 892 4473 Romani
913 4424 1009 4471 suum
1035 4407 1216 4485 Pontificem
1240 4407 1330 4470 nivi-

582 4521 658 4567 unet
687 4504 831 4567 Hostiam
864 4501 1054 4581 efferentem.
1091 4497 1232 4577 cumque
1258 4499 1327 4560 suis

581 4595 713 4676 pedibus
735 4599 823 4656 stare
844 4591 925 4654 Pius
945 4589 1078 4654 Praesul
1100 4591 1258 4668 nequiret,
1275 4607 1329 4652 eec-

583 4691 726 4771 coqitata
759 4687 890 4767 inqenia
917 4691 1013 4757 sunt,
1037 4688 1076 4746 ut
1097 4683 1190 4760 quasi
1220 4683 1328 4746 sedens

583 4780 767 4844 celebraret.

623 4887 739 4936 xxxin.
764 4871 836 4934 Pius
855 4871 902 4934 lll.
917 4871 950 4933 in
966 4871 1147 4932 Pontificem
1170 4885 1219 4932 an.
1231 4885 1326 4931 uniri.

583 4967 699 5030 electus
730 4963 854 5028 nonnisi
885 4964 1036 5026 Diaconus
1064 4971 1144 5037 erat,
1172 4971 1265 5039 atque
1287 4961 1329 5024 le-

584 5061 658 5123 tbali
680 5059 783 5122 ulcere
805 5056 1043 5136 impediebatur,
1060 5073 1100 5118 ne
1120 5055 1248 5134 pedibus
1263 5072 1331 5135 pos-

584 5162 630 5217 set
652 5154 805 5214 insistere.
830 5151 947 5216 Sedens
968 5150 1073 5228 itaque
1094 5151 1264 5212 sacerdotio
1284 5157 1330 5211 est

584 5247 724 5310 initiatus
739 5263 755 5306 a
771 5244 924 5308 cardinali
946 5245 1041 5306 Tituli
1058 5242 1089 5307 S.
1104 5243 1184 5306 Petri
1207 5243 1239 5304 in
1257 5241 1330 5304 Vin·

584 5339 662 5404 culis
678 5353 754 5398 xxx.
769 5337 964 5416 septembris;
981 5353 1001 5398 1.
1017 5352 1091 5398 vero
1103 5337 1237 5398 octobris
1252 5336 1330 5398 eius·

585 5432 656 5494 dem
685 5431 759 5492 anni
791 5431 956 5509 Episcopus
985 5439 1196 5507 consecratas,
1224 5440 1330 5492 octavo

586 5536 688 5606 postea
711 5526 761 5588 die
780 5525 952 5586 diademato
973 5523 1130 5603 pontificio
1149 5523 1329 5599 insignitus,

585 5619 695 5682 sedens
722 5617 841 5679 Missam
871 5614 1081 5678 Pontificalem
1110 5614 1277 5678 celebrarit
1298 5616 1330 5678 in

586 5711 711 5772 liasilica
737 5708 893 5772 Vaticana.
923 5707 1023 5771 Omne
1045 5707 1074 5770 id
1096 5707 1228 5770 babetur
1253 5708 1332 5771 libro

587 5803 699 5866 ultimo
720 5801 957 5880 ephemeridum
977 5801 1099 5863 loannis
1115 5801 1261 5863 Burcardi
1278 5799 1331 5864 ce

587 5897 798 5958 remoniarum
819 5909 976 5957 sacrarum
998 5894 1151 5970 magistri,
1173 5907 1245 5972 paq.
1270 5895 1330 5965 56,

1095 563 1158 606 ltlit.
1183 561 1272 606 PONT·
1297 561 1337 604 DE
1359 562 1387 606 P·
1412 562 1440 606 F·
1465 561 1548 608 PARS
1569 563 1592 610 Ι.

1375 681 1432 747 58,
1456 686 1487 741 et
1507 677 1563 751 59,
1586 693 1679 757 quem
1702 677 1838 740 codicem
1859 673 2047 738 Bibliotheca
2068 674 2123 737 ba-

1376 770 1464 833 bebat
1476 771 1645 834 cardinalis
1660 769 1750 834 Siluii
1762 767 1901 832 Valentis
1912 768 2009 830 nostri
2022 783 2125 845 qnon-

1375 863 1443 924 dam
1466 871 1565 924 status
1585 861 1753 936 secretarii,
1776 861 1835 924 iam
1858 877 1932 924 reru
1954 866 2041 922 tenet
2063 860 2123 922 lie·

1376 955 1620 1018 verendissimns
1654 953 1830 1017 Ludovicus
1865 951 1989 1015 Valenti
2026 952 2123 1030 ipsius

1377 1046 1492 1125 Nepos:

1630 1167 1743 1246 ANNO,
1757 1169 1862 1231 biblii.

1421 1331 1476 1391 Die
1502 1330 1625 1392 Veneris
1648 1345 1738 1392 xxix.
1762 1327 1949 1408 septembris
1971 1327 2125 1392 ordinavi

1376 1423 1478 1486 sedem
1500 1438 1556 1501 pro
1579 1422 1680 1500 Papa,
1704 1421 1739 1485 in
1760 1439 1823 1500 quc
1839 1423 1946 1485 sedens
1969 1422 2126 1486 cruribus

1377 1516 1518 1577 ruiensis
1535 1516 1748 1579 ordinaretur
1758 1519 1789 1576 et
1800 1513 1983 1590 celebraret,
1998 1524 2028 1578 et
2040 1533 2126 1577 neen-

1377 1625 1445 1670 sem
1467 1607 1593 1688 lonqara
1614 1623 1673 1686 pro
1698 1607 1814 1679 elteri,
1838 1609 1987 1687 nipedes
2008 1606 2126 1672 subtus

1377 1701 1509 1764 enitendi
1528 1708 1666 1780 possent.

1419 1795 1477 1857 Die
1498 1794 1665 1859 sabbatii.
1683 1846 1689 1858 .
1707 1841 1741 1858 ..
1769 1797 1955 1862 cardinalis
1978 1797 2010 1860 S.
2035 1798 2127 1860 Petri

1379 1890 1419 1952 cd
1444 1889 1576 1954 Vincula
1598 1891 1764 1954 ordinauit
1785 1892 2128 1970 Papam....eccessit

1380 1984 1415 2044 in
1438 1983 1573 2046 Planeta
1595 1984 1636 2045 ad
1662 1983 1783 2061 Papam
1805 1984 1840 2046 iu
1863 1984 1923 2047 illa
1943 1985 2013 2048 sede
2041 1983 2128 2046 ordi·

1380 2081 1461 2138 uate
1481 2074 1523 2138 ad
1545 2075 1652 2138 omnio
1673 2076 1830 2138 sedentem
1851 2081 1910 2138 etc.

1419 2166 1478 2232 Die
1496 2169 1656 2231 dominica
1671 2185 1739 2231 vnn
1758 2167 1907 2242 octobris,
1926 2171 1956 2234 S.
1969 2172 2006 2234 D.
2019 2173 2057 2236 Ν.
2077 2174 2130 2236 de-

1381 2265 1469 2326 latus
1485 2261 1605 2323 insede
1626 2263 1667 2326 nd
1681 2260 1738 2322 boc
1753 2263 1918 2335 ordinata,
1935 2265 1972 2326 de
1992 2281 2055 2343 qua
2069 2283 2130 2346 per

1382 2362 1485 2418 toturn
1507 2354 1644 2435 afficirent
1666 2371 1729 2417 uon
1751 2355 1920 2418 descendit.
1954 2355 2013 2420 Sed
2034 2360 2069 2420 in
2090 2377 2130 2424 ea

1380 2454 1450 2526 post
1472 2447 1647 2510 introitum
1669 2446 1816 2510 ecclesiae
1834 2492 1982 2511 .......
2005 2453 2130 2530 accepit

1381 2541 1416 2604 in
1438 2557 1473 2604 ea
1503 2540 1658 2613 Pettium,
1681 2547 1711 2602 et
1732 2545 1886 2619 portatus
1911 2543 1947 2603 in
1968 2559 2004 2605 ea
2032 2560 2132 2620 snper

1380 2633 1508 2707 solium,
1532 2633 1644 2695 deinde
1666 2635 1702 2696 iu
1722 2651 1759 2697 ca
1784 2633 1966 2698 celebrauit.

1421 2837 1530 2883 xxxiv.
1557 2821 1635 2884 llum
1653 2821 1812 2883 Romanus
1828 2821 1967 2884 Pantilex
1982 2822 2133 2885 solemni-

1382 2922 1429 2977 ter
1451 2914 1596 2989 eelebrat,
1628 2919 1748 2992 peracta
1778 2915 1814 2978 ad
1846 2915 1942 2976 altare
1972 2931 2131 2979 consecra·

1383 3009 1484 3084 tione,
1514 3009 1549 3070 ad
1571 3007 1685 3069 solium
1709 3023 1804 3070 saum
1836 3023 1996 3084 reversas,
2020 3010 2132 3086 recipit

1381 3119 1498 3166 sacram
1527 3101 1754 3166 cucharistiam
1775 3100 1833 3163 sab
1854 3101 2014 3180 speciebus
2043 3103 2131 3180 panis

1381 3205 1413 3258 et
1435 3195 1501 3257 vini
1522 3201 1617 3270 stans,
1641 3209 1743 3274 neque
1763 3193 1899 3258 sedendo
1920 3197 2132 3260 communicat

1382 3297 1474 3368 prout
1496 3304 1551 3367 per
1573 3301 1712 3350 errorem
1739 3287 1931 3365 scripserunt
1953 3286 2059 3365 aliqui,
2083 3292 2130 3350 ri·

1381 3383 1510 3462 darique
1542 3382 1573 3444 id
1605 3387 1704 3457 potest
1736 3383 1857 3440 tam.2
1890 3385 1988 3441 tract.
2021 3381 2131 3442 nostri

1382 3477 1418 3538 de
1434 3474 1599 3553 Sacrificio
1613 3473 1740 3542 Missae,
1756 3479 1831 3534 sect.
1852 3476 1883 3556 1,
1901 3488 1969 3550 cap.
1987 3473 2043 3546 20,
2061 3475 2080 3547 ἓ
2098 3475 2127 3539 1,

1381 3569 1458 3632 edit.
1483 3570 1571 3641 itale
1592 3567 1715 3630 latinae
1740 3582 1813 3626 vero
1837 3571 1912 3626 sect.
1939 3570 1970 3636 1,
1995 3585 2026 3628 n.
2048 3565 2127 3626 339.

1383 3663 1416 3725 ln
1437 3659 1654 3725 caeremoniali
1677 3667 1781 3720 autem
1804 3657 1883 3720 libro
1898 3659 2061 3736 cappellae
2072 3661 2130 3720 Pa-

1383 3755 1457 3834 palis
1479 3755 1615 3818 liberum
1641 3761 1687 3814 est
1709 3752 1839 3816 Summo
1867 3752 2008 3816 Pontiiici
2031 3755 2131 3832 porri-

1383 3864 1457 3926 gere
1477 3863 1594 3912 sacram
1626 3845 1886 3911 communionem
1917 3847 2132 3909 cardinalibus

1384 3939 1534 4016 Dinonis,
1550 3941 1681 4018 aliisque
1695 3938 1772 4000 solio
1786 3939 2000 4001 assistentibus
2020 3941 2132 4002 seden-

1383 4034 1437 4112 dn;
1454 4051 1513 4114 qua
1528 4048 1584 4095 nos
1600 4031 1742 4093 libertate
1757 4032 1804 4093 usi
1818 4047 1927 4094 sumus
1943 4047 2131 4112 numquam,

1384 4127 1649 4206 Angustissimum
1669 4123 1907 4188 Sacramentum
1927 4127 2036 4188 stando
2049 4142 2133 4188 sem·

1384 4239 1438 4301 per
1458 4220 1691 4283 distribuentes.
1716 4219 1813 4280 Electi
1833 4219 1990 4281 Pontificis
2012 4220 2044 4281 in
2060 4219 2133 4297 Epi-

1383 4331 1511 4394 scopum
1543 4313 1742 4376 consecrandi
1774 4312 1904 4390 scapulis
1932 4329 1946 4372 a
1977 4313 2133 4376 cardinali

1384 4415 1582 4472 consecrante
1605 4406 1841 4482 evangeliorum
1864 4405 1954 4479 liber,
1976 4405 2133 4485 capitique

1385 4517 1496 4564 manus
1518 4501 1737 4578 imponuntur,
1754 4497 1824 4559 inde
1846 4506 1938 4576 caput
1959 4513 2134 4575 manusque

1383 4610 1468 4658 sacro
1490 4593 1664 4656 cbrismate
1685 4591 1897 4666 inunguntur,
1914 4591 2063 4652 Pontidce
2084 4591 2134 4651 in·

1385 4699 1468 4751 terea
1490 4701 1613 4766 semper
1634 4684 1772 4746 sedente.
1796 4683 1947 4746 Similiter
1968 4683 1993 4743 si
2013 4682 2133 4744 electus

1385 4783 1527 4848 Pontilex
1548 4779 1780 4853 subdiaconatu,
1795 4779 1968 4851 diaconatu,
1988 4783 2041 4837 ant
2063 4791 2133 4852 pre·

1385 4877 1543 4956 sbyterata
1554 4879 1634 4934 esset
1646 4871 1874 4948 insigniendus,
1885 4871 2132 4950 Episcopuscar·

1385 4970 1494 5033 dinalis
1521 4967 1759 5030 subdiaconatus
1784 4965 1926 5028 ordinem
1954 4966 1983 5027 ei
2005 4963 2132 5026 collatu-

1386 5081 1439 5125 rus
1460 5061 1583 5124 sedenti
1605 5061 1735 5124 calicem
1756 5075 1894 5122 vacuum
1920 5075 1994 5121 cum
2014 5066 2134 5136 patene

1386 5162 1416 5217 et
1438 5157 1580 5218 urceolos
1602 5169 1674 5216 curn
1695 5153 1771 5214 eine
1792 5158 1823 5213 et
1844 5167 1947 5230 aqna,
1970 5149 2081 5214 bucule
2100 5159 2133 5212 et

1386 5248 1638 5326 manuterqium,
1654 5245 1832 5321 librumque
1846 5243 2048 5322 epistolarum
2064 5260 2133 5322 por·

1387 5342 1471 5418 rigit.
1502 5341 1536 5402 ln
1561 5337 1726 5400 collatione
1751 5337 1941 5409 diaconatus,
1964 5336 2133 5400 cardinalis

1387 5435 1532 5505 ordinans
1546 5439 1629 5493 stans
1643 5429 1801 5492 Pontificio
1816 5428 1951 5489 sedentis
1966 5429 2053 5507 capiti
2071 5417 2134 5488 mass

1387 5541 1465 5589 num
1476 5525 1640 5602 imponens
1651 5521 1738 5584 dicit:
1754 5520 1868 5597 Accipe
1880 5519 2042 5596 Spiritum
2055 5517 2133 5602 San-

1388 5623 1493 5679 ctum:
1515 5613 1848 5694 sedentiquerontidci
1863 5620 1945 5690 aptat
1957 5618 2133 5690 paramenta

1387 5717 1418 5774 et
1433 5710 1564 5790 porrigit
1579 5709 1697 5771 librum
1718 5705 1972 5783 Evangeliorum.
1997 5705 2133 5767 'landem

1387 5806 1419 5866 in
1432 5803 1596 5866 collatione
1610 5800 1782 5874 sacerdotii,
1793 5800 1904 5862 sedens
1917 5799 2055 5861 Pontifex
2072 5813 2135 5858 ma-

1388 5913 1488 5960 nuum
1509 5891 1831 5975 impositionem,0lei
1851 5893 1960 5967 sancti,
1983 5891 2064 5969 quad
2079 5891 2134 5954 Ca-
