<?xml version="1.0" encoding="UTF-8"?>
<!DOCTYPE html PUBLIC "-//W3C//DTD XHTML 1.0 Transitional//EN"
    "http://www.w3.org/TR/xhtml1/DTD/xhtml1-transitional.dtd">
<html xmlns="http://www.w3.org/1999/xhtml" xml:lang="en" lang="en">
 <head>
  <title>
</title>
<meta http-equiv="Content-Type" content="text/html;charset=utf-8" />
  <meta name='ocr-system' content='tesseract 3.04.00' />
  <meta name='ocr-capabilities' content='ocr_page ocr_carea ocr_par ocr_line ocrx_word'/>
</head>
<body>
  <div class='ocr_page' id='page_1' title='image "./iurispontificii02martgoog_0266.png"; bbox 0 0 4744 6976; ppageno 0'>
   <div class='ocr_carea' id='block_1_1' title="bbox 349 515 648 584">
    <p class='ocr_par' dir='ltr' id='par_1_1' title="bbox 349 515 648 584">
     <span class='ocr_line' id='line_1_1' title="bbox 349 515 648 584; baseline 0.01 -14"><span class='ocrx_word' id='word_1_1' title='bbox 349 519 403 573; x_wconf 81' lang='lat' dir='ltr'><strong>An.</strong></span> <span class='ocrx_word' id='word_1_2' title='bbox 417 519 447 574; x_wconf 80' lang='lat'><strong>0.</strong></span> <span class='ocrx_word' id='word_1_3' title='bbox 470 517 538 573; x_wconf 79' lang='lat'>1746</span> <span class='ocrx_word' id='word_1_4' title='bbox 589 515 648 584; x_wconf 74' lang='lat'><strong>250</strong></span> 
     </span>
    </p>
   </div>
   <div class='ocr_carea' id='block_1_2' title="bbox 568 661 1311 827">
    <p class='ocr_par' dir='ltr' id='par_1_2' title="bbox 568 661 1311 827">
     <span class='ocr_line' id='line_1_2' title="bbox 569 661 1311 743; baseline 0 -18"><span class='ocrx_word' id='word_1_5' title='bbox 569 664 600 726; x_wconf 91' lang='lat' dir='ltr'><strong>id</strong></span> <span class='ocrx_word' id='word_1_6' title='bbox 621 681 637 726; x_wconf 94' lang='lat' dir='ltr'><strong>a</strong></span> <span class='ocrx_word' id='word_1_7' title='bbox 658 664 746 727; x_wconf 91' lang='lat' dir='ltr'><strong>nobis</strong></span> <span class='ocrx_word' id='word_1_8' title='bbox 767 661 894 743; x_wconf 90' lang='lat' dir='ltr'><strong>petitur,</strong></span> <span class='ocrx_word' id='word_1_9' title='bbox 917 661 1066 741; x_wconf 89' lang='lat' dir='ltr'><strong>praesidio</strong></span> <span class='ocrx_word' id='word_1_10' title='bbox 1085 662 1219 726; x_wconf 83' lang='lat' dir='ltr'>libenter</span> <span class='ocrx_word' id='word_1_11' title='bbox 1239 677 1311 726; x_wconf 92' lang='lat' dir='ltr'><strong>con-</strong></span> 
     </span>
     <span class='ocr_line' id='line_1_3' title="bbox 568 764 751 827; baseline -0.016 -1"><span class='ocrx_word' id='word_1_12' title='bbox 568 764 751 827; x_wconf 85' lang='lat' dir='ltr'>stabilimus.</span> 
     </span>
    </p>
   </div>
   <div class='ocr_carea' id='block_1_3' title="bbox 337 861 1311 2346">
    <p class='ocr_par' dir='ltr' id='par_1_3' title="bbox 337 861 1310 964">
     <span class='ocr_line' id='line_1_4' title="bbox 337 861 1310 964; baseline 0.007 -44"><span class='ocrx_word' id='word_1_13' title='bbox 337 861 550 964; x_wconf 52' lang='grc' dir='ltr'>ῃέὥῐὲοτοιιοεῑ·</span> <span class='ocrx_word' id='word_1_14' title='bbox 608 861 676 936; x_wconf 74' lang='lat' dir='ltr'><strong>§b</strong></span> <span class='ocrx_word' id='word_1_15' title='bbox 702 863 779 926; x_wconf 82' lang='lat' dir='ltr'><strong>Cum</strong></span> <span class='ocrx_word' id='word_1_16' title='bbox 808 864 929 944; x_wconf 89' lang='lat' dir='ltr'><strong>itaque,</strong></span> <span class='ocrx_word' id='word_1_17' title='bbox 962 864 1041 928; x_wconf 89' lang='lat' dir='ltr'><strong>sicut</strong></span> <span class='ocrx_word' id='word_1_18' title='bbox 1071 864 1201 928; x_wconf 90' lang='lat' dir='ltr'><strong>dilectus</strong></span> <span class='ocrx_word' id='word_1_19' title='bbox 1229 865 1310 928; x_wconf 84' lang='lat' dir='ltr'><strong>silius</strong></span> 
     </span>
    </p>

    <p class='ocr_par' dir='ltr' id='par_1_4' title="bbox 418 952 1311 2346">
     <span class='ocr_line' id='line_1_5' title="bbox 418 952 1311 1036; baseline 0.002 -18"><span class='ocrx_word' id='word_1_20' title='bbox 418 952 422 962; x_wconf 90' lang='lat'>&#39;</span> <span class='ocrx_word' id='word_1_21' title='bbox 567 956 701 1034; x_wconf 80' lang='lat' dir='ltr'><strong>Raphiel</strong></span> <span class='ocrx_word' id='word_1_22' title='bbox 722 974 737 1018; x_wconf 93' lang='lat' dir='ltr'><strong>a</strong></span> <span class='ocrx_word' id='word_1_23' title='bbox 762 956 964 1035; x_wconf 90' lang='lat' dir='ltr'><strong>Lucagnano,</strong></span> <span class='ocrx_word' id='word_1_24' title='bbox 994 957 1137 1020; x_wconf 76' lang='lat' dir='ltr'><strong>minister</strong></span> <span class='ocrx_word' id='word_1_25' title='bbox 1158 959 1311 1036; x_wconf 91' lang='lat' dir='ltr'><strong>generalis</strong></span> 
     </span>
     <span class='ocr_line' id='line_1_6' title="bbox 567 1049 1311 1116; baseline 0 -2"><span class='ocrx_word' id='word_1_26' title='bbox 567 1049 688 1114; x_wconf 81' lang='lat' dir='ltr'>Ordinis</span> <span class='ocrx_word' id='word_1_27' title='bbox 708 1051 842 1114; x_wconf 77' lang='lat' dir='ltr'><strong>fratrum</strong></span> <span class='ocrx_word' id='word_1_28' title='bbox 863 1053 1022 1115; x_wconf 90' lang='lat' dir='ltr'><strong>llinorum</strong></span> <span class='ocrx_word' id='word_1_29' title='bbox 1044 1052 1075 1115; x_wconf 91' lang='lat' dir='ltr'><strong>S.</strong></span> <span class='ocrx_word' id='word_1_30' title='bbox 1098 1054 1250 1116; x_wconf 89' lang='lat' dir='ltr'><strong>Trancisci</strong></span> <span class='ocrx_word' id='word_1_31' title='bbox 1273 1054 1311 1116; x_wconf 92' lang='lat' dir='ltr'><strong>de</strong></span> 
     </span>
     <span class='ocr_line' id='line_1_7' title="bbox 566 1145 1311 1224; baseline 0 -16"><span class='ocrx_word' id='word_1_32' title='bbox 566 1145 765 1208; x_wconf 78' lang='lat' dir='ltr'><strong>observantia</strong></span> <span class='ocrx_word' id='word_1_33' title='bbox 797 1154 1065 1224; x_wconf 76' lang='lat' dir='ltr'><strong>nuncupatorum,</strong></span> <span class='ocrx_word' id='word_1_34' title='bbox 1094 1147 1182 1208; x_wconf 93' lang='lat' dir='ltr'><strong>nobis</strong></span> <span class='ocrx_word' id='word_1_35' title='bbox 1210 1163 1311 1224; x_wconf 84' lang='lat' dir='ltr'><strong>nuper</strong></span> 
     </span>
     <span class='ocr_line' id='line_1_8' title="bbox 566 1238 1310 1318; baseline 0.003 -19"><span class='ocrx_word' id='word_1_36' title='bbox 566 1239 678 1318; x_wconf 83' lang='lat' dir='ltr'><strong>erponi</strong></span> <span class='ocrx_word' id='word_1_37' title='bbox 699 1238 782 1313; x_wconf 84' lang='lat' dir='ltr'><strong>lecit,</strong></span> <span class='ocrx_word' id='word_1_38' title='bbox 804 1239 869 1317; x_wconf 89' lang='lat' dir='ltr'><strong>ipse</strong></span> <span class='ocrx_word' id='word_1_39' title='bbox 883 1238 921 1302; x_wconf 91' lang='lat' dir='ltr'><strong>de</strong></span> <span class='ocrx_word' id='word_1_40' title='bbox 935 1241 1079 1304; x_wconf 88' lang='lat' dir='ltr'><strong>mandato</strong></span> <span class='ocrx_word' id='word_1_41' title='bbox 1101 1247 1207 1302; x_wconf 91' lang='lat' dir='ltr'><strong>nostro</strong></span> <span class='ocrx_word' id='word_1_42' title='bbox 1222 1239 1250 1301; x_wconf 91' lang='lat' dir='ltr'><strong>ei</strong></span> <span class='ocrx_word' id='word_1_43' title='bbox 1265 1240 1310 1301; x_wconf 93' lang='lat' dir='ltr'><strong>vi-</strong></span> 
     </span>
     <span class='ocr_line' id='line_1_9' title="bbox 565 1332 1310 1412; baseline 0 -18"><span class='ocrx_word' id='word_1_44' title='bbox 565 1348 622 1394; x_wconf 90' lang='lat' dir='ltr'><strong>vae</strong></span> <span class='ocrx_word' id='word_1_45' title='bbox 642 1333 726 1395; x_wconf 85' lang='lat' dir='ltr'><strong>vocis</strong></span> <span class='ocrx_word' id='word_1_46' title='bbox 747 1332 881 1408; x_wconf 88' lang='lat' dir='ltr'><strong>oraculo,</strong></span> <span class='ocrx_word' id='word_1_47' title='bbox 901 1334 1142 1412; x_wconf 84' lang='lat' dir='ltr'><strong>auctoritateque</strong></span> <span class='ocrx_word' id='word_1_48' title='bbox 1164 1334 1310 1397; x_wconf 91' lang='lat' dir='ltr'><strong>attributa</strong></span> 
     </span>
     <span class='ocr_line' id='line_1_10' title="bbox 564 1426 1309 1505; baseline 0.003 -17"><span class='ocrx_word' id='word_1_49' title='bbox 564 1426 817 1505; x_wconf 83' lang='lat' dir='ltr'><strong>compilationem</strong></span> <span class='ocrx_word' id='word_1_50' title='bbox 852 1433 1039 1490; x_wconf 90' lang='lat' dir='ltr'><strong>statutorum</strong></span> <span class='ocrx_word' id='word_1_51' title='bbox 1071 1427 1200 1490; x_wconf 90' lang='lat' dir='ltr'><strong>diversis</strong></span> <span class='ocrx_word' id='word_1_52' title='bbox 1231 1436 1309 1492; x_wconf 90' lang='lat' dir='ltr'><strong>tem-</strong></span> 
     </span>
     <span class='ocr_line' id='line_1_11' title="bbox 566 1518 1311 1598; baseline 0.004 -17"><span class='ocrx_word' id='word_1_53' title='bbox 566 1518 690 1598; x_wconf 87' lang='lat' dir='ltr'><strong>poribus</strong></span> <span class='ocrx_word' id='word_1_54' title='bbox 711 1518 766 1598; x_wconf 89' lang='lat' dir='ltr'><strong>pro</strong></span> <span class='ocrx_word' id='word_1_55' title='bbox 788 1520 866 1582; x_wconf 95' lang='lat' dir='ltr'><strong>bono</strong></span> <span class='ocrx_word' id='word_1_56' title='bbox 887 1520 999 1582; x_wconf 85' lang='lat' dir='ltr'><strong>Terrae</strong></span> <span class='ocrx_word' id='word_1_57' title='bbox 1014 1521 1141 1584; x_wconf 87' lang='lat' dir='ltr'><strong>Sanctae</strong></span> <span class='ocrx_word' id='word_1_58' title='bbox 1158 1521 1311 1598; x_wconf 87' lang='lat' dir='ltr'><strong>regimine</strong></span> 
     </span>
     <span class='ocr_line' id='line_1_12' title="bbox 570 1613 1309 1688; baseline 0.003 -14"><span class='ocrx_word' id='word_1_59' title='bbox 570 1613 724 1675; x_wconf 91' lang='lat' dir='ltr'><strong>editorum</strong></span> <span class='ocrx_word' id='word_1_60' title='bbox 758 1613 887 1688; x_wconf 84' lang='lat' dir='ltr'><strong>confici,</strong></span> <span class='ocrx_word' id='word_1_61' title='bbox 915 1629 1065 1677; x_wconf 87' lang='lat' dir='ltr'><strong>necnon</strong></span> <span class='ocrx_word' id='word_1_62' title='bbox 1095 1614 1247 1677; x_wconf 89' lang='lat' dir='ltr'><strong>nonnulla</strong></span> <span class='ocrx_word' id='word_1_63' title='bbox 1272 1631 1309 1677; x_wconf 88' lang='grc' dir='ltr'><strong>ειι</strong></span> 
     </span>
     <span class='ocr_line' id='line_1_13' title="bbox 566 1705 1310 1786; baseline 0.001 -19"><span class='ocrx_word' id='word_1_64' title='bbox 566 1705 626 1767; x_wconf 92' lang='lat' dir='ltr'><strong>illis</strong></span> <span class='ocrx_word' id='word_1_65' title='bbox 650 1706 808 1783; x_wconf 80' lang='lat' dir='ltr'><strong>explicari,</strong></span> <span class='ocrx_word' id='word_1_66' title='bbox 834 1707 1046 1786; x_wconf 78' lang='lat' dir='ltr'><strong>ampliorique,</strong></span> <span class='ocrx_word' id='word_1_67' title='bbox 1072 1708 1190 1786; x_wconf 89' lang='lat' dir='ltr'><strong>aliaque</strong></span> <span class='ocrx_word' id='word_1_68' title='bbox 1215 1708 1310 1770; x_wconf 88' lang='lat' dir='ltr'><strong>etiam</strong></span> 
     </span>
     <span class='ocr_line' id='line_1_14' title="bbox 566 1800 1309 1880; baseline 0 -18"><span class='ocrx_word' id='word_1_69' title='bbox 566 1802 603 1862; x_wconf 91' lang='lat' dir='ltr'><strong>de</strong></span> <span class='ocrx_word' id='word_1_70' title='bbox 618 1815 699 1862; x_wconf 93' lang='lat' dir='ltr'><strong>novo</strong></span> <span class='ocrx_word' id='word_1_71' title='bbox 713 1801 845 1862; x_wconf 91' lang='lat' dir='ltr'><strong>condere</strong></span> <span class='ocrx_word' id='word_1_72' title='bbox 859 1817 891 1865; x_wconf 91' lang='lat' dir='ltr'><strong>ac</strong></span> <span class='ocrx_word' id='word_1_73' title='bbox 906 1800 1038 1863; x_wconf 88' lang='lat' dir='ltr'><strong>adiicere</strong></span> <span class='ocrx_word' id='word_1_74' title='bbox 1051 1802 1216 1875; x_wconf 83' lang='lat' dir='ltr'><strong>curaverit,</strong></span> <span class='ocrx_word' id='word_1_75' title='bbox 1233 1818 1309 1880; x_wconf 91' lang='lat' dir='ltr'><strong>quae</strong></span> 
     </span>
     <span class='ocr_line' id='line_1_15' title="bbox 566 1892 1310 1972; baseline 0.001 -17"><span class='ocrx_word' id='word_1_76' title='bbox 566 1903 739 1972; x_wconf 88' lang='lat' dir='ltr'><strong>opportuna</strong></span> <span class='ocrx_word' id='word_1_77' title='bbox 760 1892 811 1954; x_wconf 90' lang='lat' dir='ltr'><strong>vel</strong></span> <span class='ocrx_word' id='word_1_78' title='bbox 832 1892 1000 1956; x_wconf 87' lang='lat' dir='ltr'><strong>necessaria</strong></span> <span class='ocrx_word' id='word_1_79' title='bbox 1014 1909 1071 1972; x_wconf 88' lang='lat' dir='ltr'><strong>pro</strong></span> <span class='ocrx_word' id='word_1_80' title='bbox 1090 1895 1310 1972; x_wconf 87' lang='lat' dir='ltr'><strong>componendis</strong></span> 
     </span>
     <span class='ocr_line' id='line_1_16' title="bbox 566 1985 1311 2066; baseline 0.005 -20"><span class='ocrx_word' id='word_1_81' title='bbox 566 1985 832 2064; x_wconf 89' lang='lat' dir='ltr'><strong>terminandisque</strong></span> <span class='ocrx_word' id='word_1_82' title='bbox 861 1985 991 2048; x_wconf 88' lang='lat' dir='ltr'><strong>dissidiis</strong></span> <span class='ocrx_word' id='word_1_83' title='bbox 1021 1987 1218 2066; x_wconf 89' lang='lat' dir='ltr'><strong>partiumque</strong></span> <span class='ocrx_word' id='word_1_84' title='bbox 1246 1995 1311 2050; x_wconf 91' lang='lat' dir='ltr'><strong>stu·</strong></span> 
     </span>
     <span class='ocr_line' id='line_1_17' title="bbox 566 2078 1310 2158; baseline 0.004 -19"><span class='ocrx_word' id='word_1_85' title='bbox 566 2079 623 2140; x_wconf 90' lang='lat' dir='ltr'><strong>diis</strong></span> <span class='ocrx_word' id='word_1_86' title='bbox 648 2095 681 2141; x_wconf 92' lang='lat' dir='ltr'><strong>ac</strong></span> <span class='ocrx_word' id='word_1_87' title='bbox 702 2079 846 2142; x_wconf 84' lang='lat' dir='ltr'><strong>abusibus</strong></span> <span class='ocrx_word' id='word_1_88' title='bbox 868 2079 991 2158; x_wconf 88' lang='lat' dir='ltr'><strong>irreptis</strong></span> <span class='ocrx_word' id='word_1_89' title='bbox 1013 2078 1181 2142; x_wconf 85' lang='lat' dir='ltr'><strong>evellendis</strong></span> <span class='ocrx_word' id='word_1_90' title='bbox 1197 2080 1310 2143; x_wconf 88' lang='lat' dir='ltr'><strong>iudica-</strong></span> 
     </span>
     <span class='ocr_line' id='line_1_18' title="bbox 566 2173 1309 2250; baseline 0.003 -16"><span class='ocrx_word' id='word_1_91' title='bbox 566 2173 661 2250; x_wconf 79' lang='lat' dir='ltr'><strong>verit3</strong></span> <span class='ocrx_word' id='word_1_92' title='bbox 684 2181 775 2234; x_wconf 89' lang='lat' dir='ltr'><strong>tenor</strong></span> <span class='ocrx_word' id='word_1_93' title='bbox 796 2179 900 2234; x_wconf 87' lang='lat' dir='ltr'><strong>autem</strong></span> <span class='ocrx_word' id='word_1_94' title='bbox 921 2179 1110 2236; x_wconf 91' lang='lat' dir='ltr'><strong>statutorum</strong></span> <span class='ocrx_word' id='word_1_95' title='bbox 1130 2173 1309 2238; x_wconf 92' lang='lat' dir='ltr'><strong>huiusmodi</strong></span> 
     </span>
     <span class='ocr_line' id='line_1_19' title="bbox 566 2265 1020 2346; baseline 0.002 -17"><span class='ocrx_word' id='word_1_96' title='bbox 566 2275 612 2329; x_wconf 90' lang='lat' dir='ltr'><strong>est</strong></span> <span class='ocrx_word' id='word_1_97' title='bbox 632 2267 685 2346; x_wconf 94' lang='lat' dir='ltr'><strong>qui</strong></span> <span class='ocrx_word' id='word_1_98' title='bbox 707 2265 838 2344; x_wconf 91' lang='lat' dir='ltr'><strong>seqitur,</strong></span> <span class='ocrx_word' id='word_1_99' title='bbox 861 2265 1020 2330; x_wconf 87' lang='lat' dir='ltr'><strong>videlicet:</strong></span> 
     </span>
    </p>
   </div>
   <div class='ocr_carea' id='block_1_4' title="bbox 659 2455 1209 2724">
    <p class='ocr_par' dir='ltr' id='par_1_5' title="bbox 659 2455 1209 2724">
     <span class='ocr_line' id='line_1_20' title="bbox 875 2455 1000 2518; baseline -0.016 0"><span class='ocrx_word' id='word_1_100' title='bbox 875 2455 953 2518; x_wconf 81' lang='lat' dir='ltr'><strong>Cur.</strong></span> <span class='ocrx_word' id='word_1_101' title='bbox 980 2456 1000 2518; x_wconf 94' lang='lat' dir='ltr'><strong>l.</strong></span> 
     </span>
     <span class='ocr_line' id='line_1_21' title="bbox 659 2631 1209 2724; baseline -0.009 -16"><span class='ocrx_word' id='word_1_102' title='bbox 659 2645 704 2708; x_wconf 85' lang='lat' dir='ltr'><strong>De</strong></span> <span class='ocrx_word' id='word_1_103' title='bbox 727 2642 925 2716; x_wconf 71' lang='lat' dir='ltr'><strong>dicordiam,</strong></span> <span class='ocrx_word' id='word_1_104' title='bbox 951 2642 1077 2722; x_wconf 78' lang='lat' dir='ltr'><strong>citraque</strong></span> <span class='ocrx_word' id='word_1_105' title='bbox 1099 2631 1209 2724; x_wconf 78' lang='lat' dir='ltr'><strong>officio.</strong></span> 
     </span>
    </p>
   </div>
   <div class='ocr_carea' id='block_1_5' title="bbox 336 2831 1312 4502">
    <p class='ocr_par' dir='ltr' id='par_1_6' title="bbox 337 2831 1310 3098">
     <span class='ocr_line' id='line_1_22' title="bbox 350 2831 1310 2896; baseline 0 -3"><span class='ocrx_word' id='word_1_106' title='bbox 350 2845 549 2893; x_wconf 68' lang='lat' dir='ltr'><strong>coarctantem·</strong></span> <span class='ocrx_word' id='word_1_107' title='bbox 608 2851 630 2895; x_wconf 92' lang='grc' dir='ltr'><strong>ι.</strong></span> <span class='ocrx_word' id='word_1_108' title='bbox 654 2832 687 2895; x_wconf 85' lang='grc' dir='ltr'><strong>Ιιι</strong></span> <span class='ocrx_word' id='word_1_109' title='bbox 709 2831 920 2896; x_wconf 85' lang='lat' dir='ltr'><strong>Guardianum</strong></span> <span class='ocrx_word' id='word_1_110' title='bbox 950 2832 981 2896; x_wconf 91' lang='lat' dir='ltr'><strong>S.</strong></span> <span class='ocrx_word' id='word_1_111' title='bbox 1004 2831 1116 2894; x_wconf 83' lang='lat' dir='ltr'><strong>Montis</strong></span> <span class='ocrx_word' id='word_1_112' title='bbox 1142 2832 1216 2896; x_wconf 91' lang='lat' dir='ltr'><strong>Sion</strong></span> <span class='ocrx_word' id='word_1_113' title='bbox 1239 2831 1310 2894; x_wconf 88' lang='lat' dir='ltr'><strong>reli-</strong></span> 
     </span>
     <span class='ocr_line' id='line_1_23' title="bbox 337 2901 1310 3006; baseline -0.002 -15"><span class='ocrx_word' id='word_1_114' title='bbox 337 2902 387 2949; x_wconf 47' lang='grc' dir='ltr'><strong>πω</strong></span> <span class='ocrx_word' id='word_1_115' title='bbox 404 2902 429 2946; x_wconf 56' lang='lat' dir='ltr'><strong>⁰t</strong></span> <span class='ocrx_word' id='word_1_116' title='bbox 442 2901 521 2946; x_wconf 52' lang='lat'>⁶⁰²⁰*</span> <span class='ocrx_word' id='word_1_117' title='bbox 570 2929 673 3006; x_wconf 91' lang='lat' dir='ltr'><strong>giosus</strong></span> <span class='ocrx_word' id='word_1_118' title='bbox 694 2927 820 2990; x_wconf 90' lang='lat' dir='ltr'><strong>nonnisi</strong></span> <span class='ocrx_word' id='word_1_119' title='bbox 852 2932 949 2988; x_wconf 91' lang='lat' dir='ltr'><strong>aetate</strong></span> <span class='ocrx_word' id='word_1_120' title='bbox 978 2925 1097 3002; x_wconf 90' lang='lat' dir='ltr'><strong>gravis,</strong></span> <span class='ocrx_word' id='word_1_121' title='bbox 1120 2925 1259 2988; x_wconf 87' lang='lat' dir='ltr'><strong>doctrina</strong></span> <span class='ocrx_word' id='word_1_122' title='bbox 1279 2935 1310 2989; x_wconf 89' lang='lat' dir='ltr'><strong>et</strong></span> 
     </span>
     <span class='ocr_line' id='line_1_24' title="bbox 569 3019 1310 3098; baseline -0.003 -14"><span class='ocrx_word' id='word_1_123' title='bbox 569 3021 744 3085; x_wconf 91' lang='lat' dir='ltr'><strong>eruditione</strong></span> <span class='ocrx_word' id='word_1_124' title='bbox 766 3019 895 3097; x_wconf 89' lang='lat' dir='ltr'><strong>insignis</strong></span> <span class='ocrx_word' id='word_1_125' title='bbox 910 3025 941 3081; x_wconf 91' lang='lat' dir='ltr'><strong>et</strong></span> <span class='ocrx_word' id='word_1_126' title='bbox 955 3019 1117 3098; x_wconf 89' lang='lat' dir='ltr'><strong>prudentia</strong></span> <span class='ocrx_word' id='word_1_127' title='bbox 1136 3020 1246 3094; x_wconf 91' lang='lat' dir='ltr'><strong>clarus,</strong></span> <span class='ocrx_word' id='word_1_128' title='bbox 1263 3035 1310 3082; x_wconf 92' lang='lat' dir='ltr'><strong>re-</strong></span> 
     </span>
    </p>

    <p class='ocr_par' dir='ltr' id='par_1_7' title="bbox 570 3113 1310 3194">
     <span class='ocr_line' id='line_1_25' title="bbox 570 3113 1310 3194; baseline -0.001 -18"><span class='ocrx_word' id='word_1_129' title='bbox 570 3131 704 3192; x_wconf 85' lang='lat' dir='ltr'><strong>rumque</strong></span> <span class='ocrx_word' id='word_1_130' title='bbox 724 3114 914 3191; x_wconf 90' lang='lat' dir='ltr'><strong>agendarum</strong></span> <span class='ocrx_word' id='word_1_131' title='bbox 943 3129 1000 3174; x_wconf 90' lang='lat' dir='ltr'><strong>usu</strong></span> <span class='ocrx_word' id='word_1_132' title='bbox 1029 3113 1145 3194; x_wconf 86' lang='lat' dir='ltr'><strong>peritus</strong></span> <span class='ocrx_word' id='word_1_133' title='bbox 1173 3121 1204 3174; x_wconf 94' lang='lat' dir='ltr'><strong>et</strong></span> <span class='ocrx_word' id='word_1_134' title='bbox 1229 3115 1310 3175; x_wconf 92' lang='lat' dir='ltr'><strong>vitae</strong></span> 
     </span>
    </p>

    <p class='ocr_par' dir='ltr' id='par_1_8' title="bbox 569 3205 1311 3287">
     <span class='ocr_line' id='line_1_26' title="bbox 569 3205 1311 3287; baseline -0.003 -17"><span class='ocrx_word' id='word_1_135' title='bbox 569 3207 745 3270; x_wconf 89' lang='lat' dir='ltr'><strong>innocentia</strong></span> <span class='ocrx_word' id='word_1_136' title='bbox 756 3205 943 3287; x_wconf 86' lang='lat' dir='ltr'><strong>optimisque</strong></span> <span class='ocrx_word' id='word_1_137' title='bbox 958 3205 1094 3268; x_wconf 91' lang='lat' dir='ltr'><strong>moribus</strong></span> <span class='ocrx_word' id='word_1_138' title='bbox 1105 3206 1311 3285; x_wconf 88' lang='lat' dir='ltr'><strong>undequaque</strong></span> 
     </span>
    </p>

    <p class='ocr_par' dir='ltr' id='par_1_9' title="bbox 568 3299 1309 3383">
     <span class='ocr_line' id='line_1_27' title="bbox 568 3299 1309 3383; baseline -0.003 -21"><span class='ocrx_word' id='word_1_139' title='bbox 568 3301 725 3383; x_wconf 89' lang='lat' dir='ltr'><strong>probatus,</strong></span> <span class='ocrx_word' id='word_1_140' title='bbox 741 3300 774 3363; x_wconf 94' lang='lat' dir='ltr'><strong>in</strong></span> <span class='ocrx_word' id='word_1_141' title='bbox 790 3299 984 3378; x_wconf 80' lang='lat' dir='ltr'><strong>generalibus</strong></span> <span class='ocrx_word' id='word_1_142' title='bbox 999 3299 1133 3362; x_wconf 90' lang='lat' dir='ltr'><strong>comitiis</strong></span> <span class='ocrx_word' id='word_1_143' title='bbox 1153 3301 1309 3362; x_wconf 91' lang='lat' dir='ltr'><strong>communi</strong></span> 
     </span>
    </p>

    <p class='ocr_par' dir='ltr' id='par_1_10' title="bbox 569 3393 1311 3470">
     <span class='ocr_line' id='line_1_28' title="bbox 569 3393 1311 3470; baseline -0.005 -12"><span class='ocrx_word' id='word_1_144' title='bbox 569 3396 625 3458; x_wconf 88' lang='grc' dir='ltr'><strong>ΡΡ.</strong></span> <span class='ocrx_word' id='word_1_145' title='bbox 648 3393 775 3457; x_wconf 90' lang='lat' dir='ltr'><strong>consilio</strong></span> <span class='ocrx_word' id='word_1_146' title='bbox 790 3404 821 3456; x_wconf 93' lang='lat' dir='ltr'><strong>et</strong></span> <span class='ocrx_word' id='word_1_147' title='bbox 835 3409 987 3456; x_wconf 88' lang='lat' dir='ltr'><strong>consensu</strong></span> <span class='ocrx_word' id='word_1_148' title='bbox 1003 3399 1133 3455; x_wconf 81' lang='lat' dir='ltr'><strong>etenira</strong></span> <span class='ocrx_word' id='word_1_149' title='bbox 1156 3393 1311 3470; x_wconf 89' lang='lat' dir='ltr'><strong>generalia</strong></span> 
     </span>
    </p>

    <p class='ocr_par' dir='ltr' id='par_1_11' title="bbox 568 3486 1312 3564">
     <span class='ocr_line' id='line_1_29' title="bbox 568 3486 1312 3564; baseline -0.005 -12"><span class='ocrx_word' id='word_1_150' title='bbox 568 3488 692 3552; x_wconf 90' lang='lat' dir='ltr'><strong>comitia</strong></span> <span class='ocrx_word' id='word_1_151' title='bbox 713 3486 751 3549; x_wconf 91' lang='lat' dir='ltr'><strong>de</strong></span> <span class='ocrx_word' id='word_1_152' title='bbox 770 3486 944 3564; x_wconf 92' lang='lat' dir='ltr'><strong>aliquorum</strong></span> <span class='ocrx_word' id='word_1_153' title='bbox 961 3486 1164 3549; x_wconf 90' lang='lat' dir='ltr'><strong>discretorum</strong></span> <span class='ocrx_word' id='word_1_154' title='bbox 1184 3494 1216 3548; x_wconf 87' lang='lat' dir='ltr'><strong>et</strong></span> <span class='ocrx_word' id='word_1_155' title='bbox 1237 3487 1312 3548; x_wconf 87' lang='lat' dir='ltr'><strong>deli-</strong></span> 
     </span>
    </p>

    <p class='ocr_par' dir='ltr' id='par_1_12' title="bbox 569 3577 1310 3659">
     <span class='ocr_line' id='line_1_30' title="bbox 569 3577 1310 3659; baseline -0.001 -15"><span class='ocrx_word' id='word_1_156' title='bbox 569 3583 711 3645; x_wconf 90' lang='lat' dir='ltr'><strong>nitorum</strong></span> <span class='ocrx_word' id='word_1_157' title='bbox 732 3577 924 3658; x_wconf 81' lang='lat' dir='ltr'><strong>generalium</strong></span> <span class='ocrx_word' id='word_1_158' title='bbox 947 3579 1177 3659; x_wconf 90' lang='lat' dir='ltr'><strong>approbatione,</strong></span> <span class='ocrx_word' id='word_1_159' title='bbox 1194 3595 1247 3659; x_wconf 93' lang='lat' dir='ltr'><strong>per·</strong></span> <span class='ocrx_word' id='word_1_160' title='bbox 1260 3597 1310 3643; x_wconf 91' lang='lat' dir='ltr'><strong>su-</strong></span> 
     </span>
    </p>

    <p class='ocr_par' dir='ltr' id='par_1_13' title="bbox 568 3673 1312 3756">
     <span class='ocr_line' id='line_1_31' title="bbox 568 3673 1312 3756; baseline -0.003 -19"><span class='ocrx_word' id='word_1_161' title='bbox 568 3675 723 3756; x_wconf 91' lang='lat' dir='ltr'><strong>periorem</strong></span> <span class='ocrx_word' id='word_1_162' title='bbox 750 3673 930 3752; x_wconf 82' lang='lat' dir='ltr'><strong>generalem</strong></span> <span class='ocrx_word' id='word_1_163' title='bbox 957 3673 1139 3736; x_wconf 90' lang='lat' dir='ltr'><strong>instituatur</strong></span> <span class='ocrx_word' id='word_1_164' title='bbox 1160 3681 1190 3736; x_wconf 91' lang='lat' dir='ltr'><strong>et</strong></span> <span class='ocrx_word' id='word_1_165' title='bbox 1219 3673 1312 3751; x_wconf 89' lang='lat' dir='ltr'><strong>eliga-</strong></span> 
     </span>
    </p>

    <p class='ocr_par' dir='ltr' id='par_1_14' title="bbox 568 3765 1311 3832">
     <span class='ocr_line' id='line_1_32' title="bbox 568 3765 1311 3832; baseline -0.005 0"><span class='ocrx_word' id='word_1_166' title='bbox 568 3777 630 3832; x_wconf 93' lang='lat' dir='ltr'><strong>tur.</strong></span> <span class='ocrx_word' id='word_1_167' title='bbox 655 3767 694 3830; x_wconf 81' lang='lat' dir='ltr'><strong>m</strong></span> <span class='ocrx_word' id='word_1_168' title='bbox 708 3767 733 3829; x_wconf 93' lang='lat' dir='ltr'><strong>si</strong></span> <span class='ocrx_word' id='word_1_169' title='bbox 749 3767 781 3829; x_wconf 92' lang='lat' dir='ltr'><strong>in</strong></span> <span class='ocrx_word' id='word_1_170' title='bbox 804 3767 915 3829; x_wconf 89' lang='lat' dir='ltr'><strong>Terrae</strong></span> <span class='ocrx_word' id='word_1_171' title='bbox 937 3765 1066 3830; x_wconf 88' lang='lat' dir='ltr'><strong>Sanctae</strong></span> <span class='ocrx_word' id='word_1_172' title='bbox 1087 3767 1223 3831; x_wconf 87' lang='lat' dir='ltr'><strong>custodia</strong></span> <span class='ocrx_word' id='word_1_173' title='bbox 1247 3767 1311 3829; x_wconf 92' lang='lat' dir='ltr'><strong>tali·</strong></span> 
     </span>
    </p>

    <p class='ocr_par' dir='ltr' id='par_1_15' title="bbox 567 3859 1310 3940">
     <span class='ocr_line' id='line_1_33' title="bbox 567 3859 1310 3940; baseline -0.001 -16"><span class='ocrx_word' id='word_1_174' title='bbox 567 3862 624 3924; x_wconf 89' lang='lat' dir='ltr'><strong>bus</strong></span> <span class='ocrx_word' id='word_1_175' title='bbox 645 3859 866 3938; x_wconf 87' lang='lat' dir='ltr'><strong>praerogativis</strong></span> <span class='ocrx_word' id='word_1_176' title='bbox 894 3859 1065 3935; x_wconf 89' lang='lat' dir='ltr'><strong>insignitus</strong></span> <span class='ocrx_word' id='word_1_177' title='bbox 1086 3859 1195 3938; x_wconf 90' lang='lat' dir='ltr'><strong>aliquis</strong></span> <span class='ocrx_word' id='word_1_178' title='bbox 1224 3877 1310 3940; x_wconf 89' lang='lat' dir='ltr'><strong>repe-</strong></span> 
     </span>
    </p>

    <p class='ocr_par' dir='ltr' id='par_1_16' title="bbox 566 3951 1307 4034">
     <span class='ocr_line' id='line_1_34' title="bbox 566 3951 1307 4034; baseline -0.003 -16"><span class='ocrx_word' id='word_1_179' title='bbox 566 3957 675 4029; x_wconf 87' lang='lat' dir='ltr'><strong>riatur,</strong></span> <span class='ocrx_word' id='word_1_180' title='bbox 689 3951 721 4017; x_wconf 94' lang='lat' dir='ltr'><strong>in</strong></span> <span class='ocrx_word' id='word_1_181' title='bbox 736 3953 846 4016; x_wconf 89' lang='lat' dir='ltr'><strong>ceteris</strong></span> <span class='ocrx_word' id='word_1_182' title='bbox 867 3954 1087 4032; x_wconf 85' lang='lat' dir='ltr'><strong>praelectione</strong></span> <span class='ocrx_word' id='word_1_183' title='bbox 1107 3955 1307 4034; x_wconf 79' lang='lat' dir='ltr'><strong>praeferatur.</strong></span> 
     </span>
    </p>

    <p class='ocr_par' dir='ltr' id='par_1_17' title="bbox 336 4046 1309 4316">
     <span class='ocr_line' id='line_1_35' title="bbox 373 4046 1309 4118; baseline -0.005 -2"><span class='ocrx_word' id='word_1_184' title='bbox 373 4069 548 4118; x_wconf 74' lang='lat' dir='ltr'><strong>praesentatio</strong></span> <span class='ocrx_word' id='word_1_185' title='bbox 608 4066 642 4111; x_wconf 91' lang='lat' dir='ltr'><strong>u.</strong></span> <span class='ocrx_word' id='word_1_186' title='bbox 667 4046 782 4111; x_wconf 84' lang='lat' dir='ltr'><strong>Taliter</strong></span> <span class='ocrx_word' id='word_1_187' title='bbox 803 4046 918 4109; x_wconf 89' lang='lat' dir='ltr'><strong>electus</strong></span> <span class='ocrx_word' id='word_1_188' title='bbox 950 4054 1091 4111; x_wconf 91' lang='lat' dir='ltr'><strong>teneatur</strong></span> <span class='ocrx_word' id='word_1_189' title='bbox 1112 4049 1216 4111; x_wconf 89' lang='lat' dir='ltr'><strong>literas</strong></span> <span class='ocrx_word' id='word_1_190' title='bbox 1237 4065 1309 4112; x_wconf 87' lang='lat' dir='ltr'><strong>suae</strong></span> 
     </span>
     <span class='ocr_line' id='line_1_36' title="bbox 336 4123 1309 4225; baseline -0.003 -17"><span class='ocrx_word' id='word_1_191' title='bbox 336 4123 548 4225; x_wconf 52' lang='lat' dir='ltr'><strong>ffigfflffiffiam</strong></span> <span class='ocrx_word' id='word_1_192' title='bbox 567 4143 726 4208; x_wconf 85' lang='lat' dir='ltr'><strong>electionis</strong></span> <span class='ocrx_word' id='word_1_193' title='bbox 756 4141 902 4203; x_wconf 79' lang='lat' dir='ltr'><strong>exhibere</strong></span> <span class='ocrx_word' id='word_1_194' title='bbox 931 4141 1040 4206; x_wconf 89' lang='lat' dir='ltr'><strong>Sacrae</strong></span> <span class='ocrx_word' id='word_1_195' title='bbox 1071 4145 1309 4220; x_wconf 79' lang='lat' dir='ltr'><strong>congregationi</strong></span> 
     </span>
     <span class='ocr_line' id='line_1_37' title="bbox 567 4235 1309 4316; baseline -0.001 -15"><span class='ocrx_word' id='word_1_196' title='bbox 567 4239 605 4301; x_wconf 93' lang='lat' dir='ltr'><strong>de</strong></span> <span class='ocrx_word' id='word_1_197' title='bbox 625 4235 821 4315; x_wconf 89' lang='lat' dir='ltr'><strong>Propaganda</strong></span> <span class='ocrx_word' id='word_1_198' title='bbox 842 4236 932 4311; x_wconf 83' lang='lat' dir='ltr'><strong>Fide3</strong></span> <span class='ocrx_word' id='word_1_199' title='bbox 962 4235 999 4297; x_wconf 88' lang='lat' dir='ltr'><strong>ab</strong></span> <span class='ocrx_word' id='word_1_200' title='bbox 1026 4253 1123 4316; x_wconf 89' lang='lat' dir='ltr'><strong>eaque</strong></span> <span class='ocrx_word' id='word_1_201' title='bbox 1145 4245 1213 4300; x_wconf 90' lang='lat' dir='ltr'><strong>tum</strong></span> <span class='ocrx_word' id='word_1_202' title='bbox 1237 4253 1309 4300; x_wconf 90' lang='lat' dir='ltr'><strong>suae</strong></span> 
     </span>
    </p>

    <p class='ocr_par' dir='ltr' id='par_1_18' title="bbox 567 4329 1309 4410">
     <span class='ocr_line' id='line_1_38' title="bbox 567 4329 1309 4410; baseline 0 -16"><span class='ocrx_word' id='word_1_203' title='bbox 567 4331 726 4394; x_wconf 87' lang='lat' dir='ltr'><strong>electionis</strong></span> <span class='ocrx_word' id='word_1_204' title='bbox 747 4329 1029 4406; x_wconf 87' lang='lat' dir='ltr'><strong>confirmationem,</strong></span> <span class='ocrx_word' id='word_1_205' title='bbox 1046 4337 1114 4393; x_wconf 92' lang='lat' dir='ltr'><strong>tum</strong></span> <span class='ocrx_word' id='word_1_206' title='bbox 1136 4330 1240 4394; x_wconf 86' lang='lat' dir='ltr'><strong>literas</strong></span> <span class='ocrx_word' id='word_1_207' title='bbox 1261 4349 1309 4410; x_wconf 89' lang='lat' dir='ltr'><strong>pa-</strong></span> 
     </span>
    </p>

    <p class='ocr_par' dir='ltr' id='par_1_19' title="bbox 565 4423 1311 4502">
     <span class='ocr_line' id='line_1_39' title="bbox 565 4423 1311 4502; baseline 0 -14"><span class='ocrx_word' id='word_1_208' title='bbox 565 4431 668 4488; x_wconf 90' lang='lat' dir='ltr'><strong>tentes</strong></span> <span class='ocrx_word' id='word_1_209' title='bbox 688 4423 833 4502; x_wconf 88' lang='lat' dir='ltr'><strong>praelecti</strong></span> <span class='ocrx_word' id='word_1_210' title='bbox 855 4424 1064 4486; x_wconf 88' lang='lat' dir='ltr'><strong>missionuma</strong></span> <span class='ocrx_word' id='word_1_211' title='bbox 1079 4427 1215 4490; x_wconf 90' lang='lat' dir='ltr'><strong>custodia</strong></span> <span class='ocrx_word' id='word_1_212' title='bbox 1237 4427 1311 4488; x_wconf 89' lang='lat' dir='ltr'><strong>Ter-</strong></span> 
     </span>
    </p>
   </div>
   <div class='ocr_carea' id='block_1_6' title="bbox 566 4517 1313 4598">
    <p class='ocr_par' dir='ltr' id='par_1_20' title="bbox 566 4517 1313 4598">
     <span class='ocr_line' id='line_1_40' title="bbox 566 4517 1313 4598; baseline 0.005 -18"><span class='ocrx_word' id='word_1_213' title='bbox 566 4536 618 4580; x_wconf 88' lang='lat' dir='ltr'><strong>rae</strong></span> <span class='ocrx_word' id='word_1_214' title='bbox 639 4517 767 4581; x_wconf 85' lang='lat' dir='ltr'><strong>Sanctae</strong></span> <span class='ocrx_word' id='word_1_215' title='bbox 788 4517 1030 4596; x_wconf 88' lang='lat' dir='ltr'><strong>dependentium</strong></span> <span class='ocrx_word' id='word_1_216' title='bbox 1058 4519 1216 4598; x_wconf 86' lang='lat' dir='ltr'><strong>recipere;</strong></span> <span class='ocrx_word' id='word_1_217' title='bbox 1240 4521 1313 4598; x_wconf 65' lang='lat' dir='ltr'><strong>nul·⁴</strong></span> 
     </span>
    </p>
   </div>
   <div class='ocr_carea' id='block_1_7' title="bbox 564 4609 1310 4974">
    <p class='ocr_par' dir='ltr' id='par_1_21' title="bbox 564 4609 1310 4974">
     <span class='ocr_line' id='line_1_41' title="bbox 565 4609 1310 4692; baseline 0.004 -19"><span class='ocrx_word' id='word_1_218' title='bbox 565 4611 689 4692; x_wconf 90' lang='lat' dir='ltr'><strong>lamque</strong></span> <span class='ocrx_word' id='word_1_219' title='bbox 709 4609 954 4674; x_wconf 89' lang='lat' dir='ltr'><strong>iurisdictionem</strong></span> <span class='ocrx_word' id='word_1_220' title='bbox 976 4611 1008 4675; x_wconf 93' lang='lat' dir='ltr'><strong>in</strong></span> <span class='ocrx_word' id='word_1_221' title='bbox 1033 4620 1169 4676; x_wconf 90' lang='lat' dir='ltr'><strong>sanctam</strong></span> <span class='ocrx_word' id='word_1_222' title='bbox 1202 4614 1310 4677; x_wconf 85' lang='lat' dir='ltr'><strong>Custo-</strong></span> 
     </span>
     <span class='ocr_line' id='line_1_42' title="bbox 565 4703 1308 4786; baseline 0.003 -18"><span class='ocrx_word' id='word_1_223' title='bbox 565 4705 647 4768; x_wconf 89' lang='lat' dir='ltr'><strong>diam</strong></span> <span class='ocrx_word' id='word_1_224' title='bbox 668 4719 814 4766; x_wconf 83' lang='grc' dir='ltr'>ειιειεειε</span> <span class='ocrx_word' id='word_1_225' title='bbox 828 4703 938 4781; x_wconf 91' lang='lat' dir='ltr'><strong>valeat,</strong></span> <span class='ocrx_word' id='word_1_226' title='bbox 955 4707 1156 4786; x_wconf 91' lang='lat' dir='ltr'><strong>quoadusque</strong></span> <span class='ocrx_word' id='word_1_227' title='bbox 1169 4715 1308 4786; x_wconf 88' lang='lat' dir='ltr'><strong>patentes</strong></span> 
     </span>
     <span class='ocr_line' id='line_1_43' title="bbox 564 4798 1309 4864; baseline 0.005 -4"><span class='ocrx_word' id='word_1_228' title='bbox 564 4798 673 4862; x_wconf 92' lang='lat' dir='ltr'><strong>literae</strong></span> <span class='ocrx_word' id='word_1_229' title='bbox 694 4798 897 4862; x_wconf 85' lang='lat' dir='ltr'><strong>institutionis</strong></span> <span class='ocrx_word' id='word_1_230' title='bbox 920 4809 952 4862; x_wconf 93' lang='lat' dir='ltr'><strong>et</strong></span> <span class='ocrx_word' id='word_1_231' title='bbox 977 4800 1075 4864; x_wconf 91' lang='lat' dir='ltr'><strong>dictae</strong></span> <span class='ocrx_word' id='word_1_232' title='bbox 1102 4802 1309 4864; x_wconf 79' lang='lat' dir='ltr'><strong>confirmatio·</strong></span> 
     </span>
     <span class='ocr_line' id='line_1_44' title="bbox 565 4893 1107 4974; baseline -0.002 -19"><span class='ocrx_word' id='word_1_233' title='bbox 565 4895 613 4955; x_wconf 89' lang='lat' dir='ltr'><strong>nis</strong></span> <span class='ocrx_word' id='word_1_234' title='bbox 635 4893 710 4956; x_wconf 92' lang='lat' dir='ltr'><strong>inibi</strong></span> <span class='ocrx_word' id='word_1_235' title='bbox 732 4893 874 4957; x_wconf 81' lang='lat' dir='ltr'><strong>formiter</strong></span> <span class='ocrx_word' id='word_1_236' title='bbox 894 4894 1107 4974; x_wconf 88' lang='lat' dir='ltr'><strong>publicentur.</strong></span> 
     </span>
    </p>
   </div>
   <div class='ocr_carea' id='block_1_8' title="bbox 360 4987 1308 5068">
    <p class='ocr_par' dir='ltr' id='par_1_22' title="bbox 360 4987 1308 5068">
     <span class='ocr_line' id='line_1_45' title="bbox 360 4987 1308 5068; baseline 0.006 -21"><span class='ocrx_word' id='word_1_237' title='bbox 360 5001 545 5051; x_wconf 80' lang='lat' dir='ltr'><strong>euaruantru-</strong></span> <span class='ocrx_word' id='word_1_238' title='bbox 604 5003 653 5050; x_wconf 86' lang='grc' dir='ltr'>ιιι.</span> <span class='ocrx_word' id='word_1_239' title='bbox 677 4989 743 5068; x_wconf 82' lang='grc' dir='ltr'>Ιρεε</span> <span class='ocrx_word' id='word_1_240' title='bbox 765 4995 811 5052; x_wconf 91' lang='lat' dir='ltr'><strong>est</strong></span> <span class='ocrx_word' id='word_1_241' title='bbox 831 4996 862 5050; x_wconf 88' lang='lat' dir='ltr'><strong>et</strong></span> <span class='ocrx_word' id='word_1_242' title='bbox 882 4987 1054 5051; x_wconf 85' lang='lat' dir='ltr'><strong>declaratur</strong></span> <span class='ocrx_word' id='word_1_243' title='bbox 1078 5005 1182 5066; x_wconf 90' lang='lat' dir='ltr'><strong>verus,</strong></span> <span class='ocrx_word' id='word_1_244' title='bbox 1199 4991 1308 5054; x_wconf 90' lang='lat' dir='ltr'><strong>imme·</strong></span> 
     </span>
    </p>
   </div>
   <div class='ocr_carea' id='block_1_9' title="bbox 333 5055 1307 5907">
    <p class='ocr_par' dir='ltr' id='par_1_23' title="bbox 333 5055 1307 5907">
     <span class='ocr_line' id='line_1_46' title="bbox 333 5055 1307 5160; baseline 0.002 -15"><span class='ocrx_word' id='word_1_245' title='bbox 333 5055 454 5103; x_wconf 65' lang='lat' dir='ltr'><strong>¹¹⁸d¹⁰²¹⁰&#39;</strong></span> <span class='ocrx_word' id='word_1_246' title='bbox 564 5083 664 5147; x_wconf 84' lang='lat' dir='ltr'><strong>dietus</strong></span> <span class='ocrx_word' id='word_1_247' title='bbox 675 5087 705 5144; x_wconf 92' lang='lat' dir='ltr'><strong>et</strong></span> <span class='ocrx_word' id='word_1_248' title='bbox 721 5082 832 5144; x_wconf 90' lang='lat' dir='ltr'><strong>unicus</strong></span> <span class='ocrx_word' id='word_1_249' title='bbox 847 5082 988 5160; x_wconf 91' lang='lat' dir='ltr'><strong>superior</strong></span> <span class='ocrx_word' id='word_1_250' title='bbox 1001 5083 1095 5145; x_wconf 91' lang='lat' dir='ltr'><strong>totius</strong></span> <span class='ocrx_word' id='word_1_251' title='bbox 1106 5084 1218 5146; x_wconf 84' lang='lat' dir='ltr'><strong>Terrae</strong></span> <span class='ocrx_word' id='word_1_252' title='bbox 1234 5085 1307 5148; x_wconf 89' lang='lat' dir='ltr'><strong>San·</strong></span> 
     </span>
     <span class='ocr_line' id='line_1_47' title="bbox 563 5173 1307 5252; baseline 0.003 -14"><span class='ocrx_word' id='word_1_253' title='bbox 563 5183 630 5239; x_wconf 91' lang='lat' dir='ltr'><strong>ctae</strong></span> <span class='ocrx_word' id='word_1_254' title='bbox 650 5182 682 5236; x_wconf 90' lang='lat' dir='ltr'><strong>et</strong></span> <span class='ocrx_word' id='word_1_255' title='bbox 702 5173 845 5236; x_wconf 91' lang='lat' dir='ltr'><strong>omnium</strong></span> <span class='ocrx_word' id='word_1_256' title='bbox 860 5191 894 5237; x_wconf 91' lang='lat' dir='ltr'><strong>ac</strong></span> <span class='ocrx_word' id='word_1_257' title='bbox 908 5174 1106 5252; x_wconf 88' lang='lat' dir='ltr'><strong>singulorum</strong></span> <span class='ocrx_word' id='word_1_258' title='bbox 1126 5176 1259 5240; x_wconf 86' lang='lat' dir='ltr'><strong>fratrum</strong></span> <span class='ocrx_word' id='word_1_259' title='bbox 1275 5179 1307 5241; x_wconf 90' lang='lat' dir='ltr'><strong>in</strong></span> 
     </span>
     <span class='ocr_line' id='line_1_48' title="bbox 564 5268 1305 5347; baseline 0 -15"><span class='ocrx_word' id='word_1_260' title='bbox 564 5285 597 5332; x_wconf 87' lang='lat' dir='ltr'><strong>ea</strong></span> <span class='ocrx_word' id='word_1_261' title='bbox 619 5268 892 5342; x_wconf 90' lang='lat' dir='ltr'><strong>commorantium,</strong></span> <span class='ocrx_word' id='word_1_262' title='bbox 915 5268 1139 5347; x_wconf 89' lang='lat' dir='ltr'><strong>cuiuscumque</strong></span> <span class='ocrx_word' id='word_1_263' title='bbox 1161 5270 1305 5345; x_wconf 88' lang='lat' dir='ltr'><strong>nationis,</strong></span> 
     </span>
     <span class='ocr_line' id='line_1_49' title="bbox 564 5361 1307 5440; baseline 0.001 -16"><span class='ocrx_word' id='word_1_264' title='bbox 564 5364 675 5440; x_wconf 89' lang='lat' dir='ltr'><strong>gradus</strong></span> <span class='ocrx_word' id='word_1_265' title='bbox 705 5369 736 5424; x_wconf 92' lang='lat' dir='ltr'><strong>et</strong></span> <span class='ocrx_word' id='word_1_266' title='bbox 767 5361 953 5425; x_wconf 89' lang='lat' dir='ltr'><strong>conditionis</strong></span> <span class='ocrx_word' id='word_1_267' title='bbox 985 5363 1164 5438; x_wconf 84' lang='lat' dir='ltr'><strong>extiterint,</strong></span> <span class='ocrx_word' id='word_1_268' title='bbox 1198 5363 1307 5426; x_wconf 90' lang='lat' dir='ltr'><strong>eodem</strong></span> 
     </span>
     <span class='ocr_line' id='line_1_50' title="bbox 564 5456 1306 5535; baseline 0.001 -18"><span class='ocrx_word' id='word_1_269' title='bbox 564 5473 690 5535; x_wconf 92' lang='lat' dir='ltr'><strong>prorsus</strong></span> <span class='ocrx_word' id='word_1_270' title='bbox 711 5457 813 5531; x_wconf 92' lang='lat' dir='ltr'><strong>modo,</strong></span> <span class='ocrx_word' id='word_1_271' title='bbox 836 5472 897 5535; x_wconf 91' lang='lat' dir='ltr'><strong>quo</strong></span> <span class='ocrx_word' id='word_1_272' title='bbox 918 5456 1050 5535; x_wconf 89' lang='lat' dir='ltr'><strong>quisque</strong></span> <span class='ocrx_word' id='word_1_273' title='bbox 1075 5457 1218 5518; x_wconf 90' lang='lat' dir='ltr'><strong>minister</strong></span> <span class='ocrx_word' id='word_1_274' title='bbox 1239 5473 1306 5535; x_wconf 93' lang='lat' dir='ltr'><strong>pro·</strong></span> 
     </span>
     <span class='ocr_line' id='line_1_51' title="bbox 563 5548 1307 5627; baseline 0.005 -18"><span class='ocrx_word' id='word_1_275' title='bbox 563 5548 702 5611; x_wconf 91' lang='lat' dir='ltr'><strong>vincialis</strong></span> <span class='ocrx_word' id='word_1_276' title='bbox 723 5555 769 5612; x_wconf 91' lang='lat' dir='ltr'><strong>est</strong></span> <span class='ocrx_word' id='word_1_277' title='bbox 783 5565 855 5611; x_wconf 89' lang='lat' dir='ltr'><strong>suae</strong></span> <span class='ocrx_word' id='word_1_278' title='bbox 876 5549 1053 5627; x_wconf 90' lang='lat' dir='ltr'><strong>provinciae</strong></span> <span class='ocrx_word' id='word_1_279' title='bbox 1074 5549 1224 5626; x_wconf 89' lang='lat' dir='ltr'><strong>superior:</strong></span> <span class='ocrx_word' id='word_1_280' title='bbox 1248 5565 1307 5613; x_wconf 93' lang='lat' dir='ltr'><strong>un·</strong></span> 
     </span>
     <span class='ocr_line' id='line_1_52' title="bbox 563 5641 1305 5721; baseline 0 -17"><span class='ocrx_word' id='word_1_281' title='bbox 563 5641 601 5704; x_wconf 90' lang='lat' dir='ltr'><strong>de</strong></span> <span class='ocrx_word' id='word_1_282' title='bbox 622 5642 823 5721; x_wconf 86' lang='lat' dir='ltr'><strong>paternaliter</strong></span> <span class='ocrx_word' id='word_1_283' title='bbox 850 5641 1006 5720; x_wconf 87' lang='lat' dir='ltr'><strong>corripere</strong></span> <span class='ocrx_word' id='word_1_284' title='bbox 1025 5651 1056 5704; x_wconf 92' lang='lat' dir='ltr'><strong>et</strong></span> <span class='ocrx_word' id='word_1_285' title='bbox 1083 5642 1196 5720; x_wconf 89' lang='lat' dir='ltr'><strong>punice</strong></span> <span class='ocrx_word' id='word_1_286' title='bbox 1223 5643 1305 5704; x_wconf 91' lang='lat' dir='ltr'><strong>valet</strong></span> 
     </span>
     <span class='ocr_line' id='line_1_53' title="bbox 563 5735 1306 5815; baseline -0.001 -17"><span class='ocrx_word' id='word_1_287' title='bbox 563 5750 671 5798; x_wconf 92' lang='lat' dir='ltr'><strong>omnes</strong></span> <span class='ocrx_word' id='word_1_288' title='bbox 693 5735 868 5812; x_wconf 89' lang='lat' dir='ltr'><strong>religiosos,</strong></span> <span class='ocrx_word' id='word_1_289' title='bbox 890 5735 1113 5815; x_wconf 92' lang='lat' dir='ltr'><strong>cuiuscumque</strong></span> <span class='ocrx_word' id='word_1_290' title='bbox 1133 5736 1306 5812; x_wconf 88' lang='lat' dir='ltr'><strong>graduatio·</strong></span> 
     </span>
     <span class='ocr_line' id='line_1_54' title="bbox 564 5828 1305 5907; baseline 0.003 -17"><span class='ocrx_word' id='word_1_291' title='bbox 564 5829 611 5890; x_wconf 91' lang='lat' dir='ltr'><strong>nis</strong></span> <span class='ocrx_word' id='word_1_292' title='bbox 637 5828 813 5906; x_wconf 80' lang='lat' dir='ltr'><strong>extiterint,</strong></span> <span class='ocrx_word' id='word_1_293' title='bbox 844 5829 938 5891; x_wconf 90' lang='lat' dir='ltr'><strong>etiam</strong></span> <span class='ocrx_word' id='word_1_294' title='bbox 967 5829 1119 5892; x_wconf 90' lang='lat' dir='ltr'><strong>vicarium</strong></span> <span class='ocrx_word' id='word_1_295' title='bbox 1141 5834 1172 5890; x_wconf 93' lang='lat' dir='ltr'><strong>et</strong></span> <span class='ocrx_word' id='word_1_296' title='bbox 1197 5843 1305 5907; x_wconf 89' lang='lat' dir='ltr'><strong>procu·</strong></span> 
     </span>
    </p>
   </div>
   <div class='ocr_carea' id='block_1_10' title="bbox 563 5921 1305 6002">
    <p class='ocr_par' dir='ltr' id='par_1_24' title="bbox 563 5921 1305 6002">
     <span class='ocr_line' id='line_1_55' title="bbox 563 5921 1305 6002; baseline 0 -17"><span class='ocrx_word' id='word_1_297' title='bbox 563 5927 699 5986; x_wconf 79' lang='lat' dir='ltr'><strong>retorem</strong></span> <span class='ocrx_word' id='word_1_298' title='bbox 731 5921 926 6002; x_wconf 89' lang='lat' dir='ltr'><strong>generalem,</strong></span> <span class='ocrx_word' id='word_1_299' title='bbox 955 5923 980 5985; x_wconf 91' lang='lat' dir='ltr'><strong>si</strong></span> <span class='ocrx_word' id='word_1_300' title='bbox 1009 5922 1227 6002; x_wconf 88' lang='lat' dir='ltr'><strong>delinquentes</strong></span> <span class='ocrx_word' id='word_1_301' title='bbox 1255 5937 1305 5985; x_wconf 92' lang='lat' dir='ltr'><strong>eos</strong></span> 
     </span>
    </p>
   </div>
   <div class='ocr_carea' id='block_1_11' title="bbox 1089 539 1584 591">
    <p class='ocr_par' dir='ltr' id='par_1_25' title="bbox 1089 539 1584 591">
     <span class='ocr_line' id='line_1_56' title="bbox 1089 539 1584 591; baseline 0.004 -5"><span class='ocrx_word' id='word_1_302' title='bbox 1089 539 1152 586; x_wconf 81' lang='lat' dir='ltr'><strong>luit.</strong></span> <span class='ocrx_word' id='word_1_303' title='bbox 1176 540 1266 587; x_wconf 85' lang='lat' dir='ltr'><strong>PONT.</strong></span> <span class='ocrx_word' id='word_1_304' title='bbox 1291 541 1331 586; x_wconf 79' lang='lat' dir='ltr'><strong>bu</strong></span> <span class='ocrx_word' id='word_1_305' title='bbox 1353 543 1381 588; x_wconf 87' lang='lat' dir='ltr'><strong>P·</strong></span> <span class='ocrx_word' id='word_1_306' title='bbox 1406 543 1434 589; x_wconf 77' lang='lat' dir='ltr'><strong>F·</strong></span> <span class='ocrx_word' id='word_1_307' title='bbox 1461 547 1541 591; x_wconf 80' lang='lat' dir='ltr'><strong>PARS</strong></span> <span class='ocrx_word' id='word_1_308' title='bbox 1565 547 1584 590; x_wconf 93' lang='lat' dir='ltr'><strong>l.</strong></span> 
     </span>
    </p>
   </div>
   <div class='ocr_carea' id='block_1_12' title="bbox 2144 531 2353 585">
    <p class='ocr_par' dir='ltr' id='par_1_26' title="bbox 2144 507 2366 606">
     <span class='ocr_line' id='line_1_57' title="bbox 2144 531 2353 585; baseline 0.005 -3"><span class='ocrx_word' id='word_1_309' title='bbox 2144 531 2196 585; x_wconf 77' lang='lat' dir='ltr'><strong>nn.</strong></span> <span class='ocrx_word' id='word_1_310' title='bbox 2216 535 2252 584; x_wconf 89' lang='lat' dir='ltr'><strong>c.</strong></span> <span class='ocrx_word' id='word_1_311' title='bbox 2280 531 2353 582; x_wconf 75' lang='grc' dir='ltr'>ιῖιε</span> 
     </span>
    </p>
   </div>
   <div class='ocr_carea' id='block_1_13' title="bbox 1368 667 2114 916">
    <p class='ocr_par' dir='ltr' id='par_1_27' title="bbox 1368 667 2114 916">
     <span class='ocr_line' id='line_1_58' title="bbox 1369 667 2114 752; baseline 0.016 -26"><span class='ocrx_word' id='word_1_312' title='bbox 1369 667 1538 744; x_wconf 88' lang='lat' dir='ltr'><strong>invenerit,</strong></span> <span class='ocrx_word' id='word_1_313' title='bbox 1561 669 1720 732; x_wconf 87' lang='lat' dir='ltr'><strong>certiorate</strong></span> <span class='ocrx_word' id='word_1_314' title='bbox 1743 675 1848 734; x_wconf 90' lang='lat' dir='ltr'><strong>tamen</strong></span> <span class='ocrx_word' id='word_1_315' title='bbox 1872 673 1960 737; x_wconf 90' lang='lat' dir='ltr'><strong>Sacra</strong></span> <span class='ocrx_word' id='word_1_316' title='bbox 1977 675 2114 752; x_wconf 77' lang='lat' dir='ltr'><strong>Congre</strong></span> 
     </span>
     <span class='ocr_line' id='line_1_59' title="bbox 1368 761 2112 846; baseline 0.013 -25"><span class='ocrx_word' id='word_1_317' title='bbox 1368 761 1492 838; x_wconf 89' lang='lat' dir='ltr'><strong>gatione</strong></span> <span class='ocrx_word' id='word_1_318' title='bbox 1513 763 1550 824; x_wconf 93' lang='lat' dir='ltr'><strong>de</strong></span> <span class='ocrx_word' id='word_1_319' title='bbox 1571 763 1764 842; x_wconf 90' lang='lat' dir='ltr'><strong>Propaganda</strong></span> <span class='ocrx_word' id='word_1_320' title='bbox 1779 766 1864 842; x_wconf 83' lang='lat' dir='ltr'><strong>Fide,</strong></span> <span class='ocrx_word' id='word_1_321' title='bbox 1880 769 1977 846; x_wconf 91' lang='lat' dir='ltr'><strong>quoad</strong></span> <span class='ocrx_word' id='word_1_322' title='bbox 1993 768 2112 831; x_wconf 88' lang='lat' dir='ltr'><strong>missio-</strong></span> 
     </span>
     <span class='ocr_line' id='line_1_60' title="bbox 1368 870 1481 916; baseline 0 -1"><span class='ocrx_word' id='word_1_323' title='bbox 1368 870 1481 916; x_wconf 87' lang='lat' dir='ltr'><strong>nanos.</strong></span> 
     </span>
    </p>
   </div>
   <div class='ocr_carea' id='block_1_14' title="bbox 1361 953 2366 5905">
    <p class='ocr_par' dir='ltr' id='par_1_28' title="bbox 1366 953 2366 1859">
     <span class='ocr_line' id='line_1_61' title="bbox 1408 953 2366 1038; baseline -0.001 -24"><span class='ocrx_word' id='word_1_324' title='bbox 1408 968 1450 1014; x_wconf 90' lang='lat' dir='ltr'><strong>rv.</strong></span> <span class='ocrx_word' id='word_1_325' title='bbox 1473 953 1577 1017; x_wconf 90' lang='lat' dir='ltr'><strong>Potest</strong></span> <span class='ocrx_word' id='word_1_326' title='bbox 1598 954 1690 1017; x_wconf 90' lang='lat' dir='ltr'><strong>etiam</strong></span> <span class='ocrx_word' id='word_1_327' title='bbox 1713 954 1840 1018; x_wconf 89' lang='lat' dir='ltr'><strong>iuridice</strong></span> <span class='ocrx_word' id='word_1_328' title='bbox 1861 963 1966 1018; x_wconf 91' lang='lat' dir='ltr'><strong>contra</strong></span> <span class='ocrx_word' id='word_1_329' title='bbox 1988 957 2111 1019; x_wconf 89' lang='lat' dir='ltr'><strong>eosdem</strong></span> <span class='ocrx_word' id='word_1_330' title='bbox 2133 1021 2137 1030; x_wconf 73' lang='grc'>,</span> <span class='ocrx_word' id='word_1_331' title='bbox 2168 970 2262 1032; x_wconf 67' lang='grc' dir='ltr'>ροιιιει</span> <span class='ocrx_word' id='word_1_332' title='bbox 2280 969 2366 1038; x_wconf 50' lang='lat' dir='ltr'><strong>ercam,</strong></span> 
     </span>
     <span class='ocr_line' id='line_1_62' title="bbox 1368 1022 2366 1138; baseline 0.012 -32"><span class='ocrx_word' id='word_1_333' title='bbox 1368 1048 1548 1125; x_wconf 87' lang='lat' dir='ltr'><strong>procedere,</strong></span> <span class='ocrx_word' id='word_1_334' title='bbox 1572 1049 1660 1110; x_wconf 90' lang='lat' dir='ltr'><strong>sicuti</strong></span> <span class='ocrx_word' id='word_1_335' title='bbox 1689 1057 1795 1112; x_wconf 87' lang='lat' dir='ltr'><strong>contra</strong></span> <span class='ocrx_word' id='word_1_336' title='bbox 1822 1051 2021 1113; x_wconf 85' lang='lat' dir='ltr'><strong>definitorem</strong></span> <span class='ocrx_word' id='word_1_337' title='bbox 2042 1067 2113 1130; x_wconf 91' lang='lat' dir='ltr'><strong>pro·</strong></span> <span class='ocrx_word' id='word_1_338' title='bbox 2131 1022 2256 1138; x_wconf 54' lang='lat' dir='ltr'><strong>fflfffia</strong></span> <span class='ocrx_word' id='word_1_339' title='bbox 2276 1033 2366 1136; x_wconf 59' lang='lat' dir='ltr'><strong>ffi‘s&#39;i&#39;i&#39;r&#39;</strong></span> 
     </span>
     <span class='ocr_line' id='line_1_63' title="bbox 1367 1129 2346 1221; baseline 0.007 -21"><span class='ocrx_word' id='word_1_340' title='bbox 1367 1139 1487 1202; x_wconf 89' lang='lat' dir='ltr'><strong>vinciae</strong></span> <span class='ocrx_word' id='word_1_341' title='bbox 1508 1143 1686 1218; x_wconf 90' lang='lat' dir='ltr'><strong>procederet</strong></span> <span class='ocrx_word' id='word_1_342' title='bbox 1706 1144 1914 1221; x_wconf 90' lang='lat' dir='ltr'><strong>provincialis,</strong></span> <span class='ocrx_word' id='word_1_343' title='bbox 1931 1150 1961 1206; x_wconf 91' lang='lat' dir='ltr'><strong>et</strong></span> <span class='ocrx_word' id='word_1_344' title='bbox 1983 1146 2020 1208; x_wconf 90' lang='lat' dir='ltr'><strong>de</strong></span> <span class='ocrx_word' id='word_1_345' title='bbox 2040 1161 2113 1207; x_wconf 89' lang='lat' dir='ltr'><strong>con·</strong></span> <span class='ocrx_word' id='word_1_346' title='bbox 2133 1129 2346 1184; x_wconf 58' lang='lat' dir='ltr'><strong>¹¹¹⁰V¹¹¹⁰¹³¹¹¹¹⁰³</strong></span> 
     </span>
     <span class='ocr_line' id='line_1_64' title="bbox 1367 1231 2110 1302; baseline 0.009 -9"><span class='ocrx_word' id='word_1_347' title='bbox 1367 1231 1436 1294; x_wconf 93' lang='lat' dir='ltr'><strong>silio</strong></span> <span class='ocrx_word' id='word_1_348' title='bbox 1467 1251 1500 1296; x_wconf 91' lang='lat' dir='ltr'><strong>ac</strong></span> <span class='ocrx_word' id='word_1_349' title='bbox 1528 1243 1600 1296; x_wconf 91' lang='lat' dir='ltr'><strong>voto</strong></span> <span class='ocrx_word' id='word_1_350' title='bbox 1632 1235 1836 1300; x_wconf 89' lang='lat' dir='ltr'><strong>discretorum</strong></span> <span class='ocrx_word' id='word_1_351' title='bbox 1868 1247 1932 1300; x_wconf 91' lang='lat' dir='ltr'><strong>tam</strong></span> <span class='ocrx_word' id='word_1_352' title='bbox 1961 1239 2110 1302; x_wconf 89' lang='lat' dir='ltr'><strong>vicarium</strong></span> 
     </span>
     <span class='ocr_line' id='line_1_65' title="bbox 1367 1332 2113 1412; baseline 0.011 -25"><span class='ocrx_word' id='word_1_353' title='bbox 1367 1343 1459 1404; x_wconf 92' lang='lat' dir='ltr'><strong>quam</strong></span> <span class='ocrx_word' id='word_1_354' title='bbox 1483 1337 1713 1405; x_wconf 89' lang='lat' dir='ltr'><strong>procuratorem</strong></span> <span class='ocrx_word' id='word_1_355' title='bbox 1735 1332 1905 1409; x_wconf 90' lang='lat' dir='ltr'><strong>praedictos</strong></span> <span class='ocrx_word' id='word_1_356' title='bbox 1919 1333 2043 1412; x_wconf 89' lang='lat' dir='ltr'><strong>proprio</strong></span> <span class='ocrx_word' id='word_1_357' title='bbox 2064 1349 2113 1394; x_wconf 89' lang='lat' dir='ltr'><strong>re-</strong></span> 
     </span>
     <span class='ocr_line' id='line_1_66' title="bbox 1366 1423 2113 1505; baseline 0.008 -21"><span class='ocrx_word' id='word_1_358' title='bbox 1366 1423 1501 1500; x_wconf 89' lang='lat' dir='ltr'><strong>spective</strong></span> <span class='ocrx_word' id='word_1_359' title='bbox 1524 1423 1623 1486; x_wconf 83' lang='lat' dir='ltr'><strong>officio</strong></span> <span class='ocrx_word' id='word_1_360' title='bbox 1648 1440 1702 1502; x_wconf 92' lang='lat' dir='ltr'><strong>per</strong></span> <span class='ocrx_word' id='word_1_361' title='bbox 1722 1427 1910 1488; x_wconf 89' lang='lat' dir='ltr'><strong>sententiam</strong></span> <span class='ocrx_word' id='word_1_362' title='bbox 1932 1428 2064 1505; x_wconf 89' lang='lat' dir='ltr'><strong>privare,</strong></span> <span class='ocrx_word' id='word_1_363' title='bbox 2081 1436 2113 1490; x_wconf 91' lang='lat' dir='ltr'><strong>et</strong></span> 
     </span>
     <span class='ocr_line' id='line_1_67' title="bbox 1367 1516 2113 1585; baseline 0.012 -9"><span class='ocrx_word' id='word_1_364' title='bbox 1367 1516 1461 1578; x_wconf 85' lang='lat' dir='ltr'><strong>simul</strong></span> <span class='ocrx_word' id='word_1_365' title='bbox 1483 1532 1553 1578; x_wconf 90' lang='lat' dir='ltr'><strong>cum</strong></span> <span class='ocrx_word' id='word_1_366' title='bbox 1575 1517 1683 1580; x_wconf 90' lang='lat' dir='ltr'><strong>eodem</strong></span> <span class='ocrx_word' id='word_1_367' title='bbox 1702 1517 1886 1581; x_wconf 86' lang='lat' dir='ltr'><strong>Discretorio</strong></span> <span class='ocrx_word' id='word_1_368' title='bbox 1908 1520 2003 1584; x_wconf 92' lang='lat' dir='ltr'><strong>aliurn</strong></span> <span class='ocrx_word' id='word_1_369' title='bbox 2025 1524 2113 1585; x_wconf 90' lang='lat' dir='ltr'><strong>insti-</strong></span> 
     </span>
     <span class='ocr_line' id='line_1_68' title="bbox 1369 1611 2112 1695; baseline 0.008 -23"><span class='ocrx_word' id='word_1_370' title='bbox 1369 1615 1457 1673; x_wconf 88' lang='lat' dir='ltr'><strong>tuere</strong></span> <span class='ocrx_word' id='word_1_371' title='bbox 1487 1611 1639 1673; x_wconf 89' lang='lat' dir='ltr'><strong>vicarium</strong></span> <span class='ocrx_word' id='word_1_372' title='bbox 1666 1619 1719 1672; x_wconf 91' lang='lat' dir='ltr'><strong>ant</strong></span> <span class='ocrx_word' id='word_1_373' title='bbox 1740 1621 1982 1690; x_wconf 87' lang='lat' dir='ltr'><strong>procuratorem,</strong></span> <span class='ocrx_word' id='word_1_374' title='bbox 2015 1633 2112 1695; x_wconf 91' lang='lat' dir='ltr'><strong>usque</strong></span> 
     </span>
     <span class='ocr_line' id='line_1_69' title="bbox 1367 1704 2112 1787; baseline 0.009 -23"><span class='ocrx_word' id='word_1_375' title='bbox 1367 1704 1441 1765; x_wconf 92' lang='lat' dir='ltr'><strong>dum</strong></span> <span class='ocrx_word' id='word_1_376' title='bbox 1463 1720 1478 1764; x_wconf 92' lang='lat' dir='ltr'><strong>a</strong></span> <span class='ocrx_word' id='word_1_377' title='bbox 1500 1705 1653 1783; x_wconf 88' lang='lat' dir='ltr'><strong>superiori</strong></span> <span class='ocrx_word' id='word_1_378' title='bbox 1675 1705 1812 1782; x_wconf 89' lang='lat' dir='ltr'><strong>generali</strong></span> <span class='ocrx_word' id='word_1_379' title='bbox 1835 1705 1924 1769; x_wconf 90' lang='lat' dir='ltr'><strong>aliter</strong></span> <span class='ocrx_word' id='word_1_380' title='bbox 1951 1710 2112 1787; x_wconf 89' lang='lat' dir='ltr'><strong>provisum</strong></span> 
     </span>
     <span class='ocr_line' id='line_1_70' title="bbox 1367 1795 1471 1859; baseline -0.019 -1"><span class='ocrx_word' id='word_1_381' title='bbox 1367 1795 1471 1859; x_wconf 90' lang='lat' dir='ltr'><strong>luerit.</strong></span> 
     </span>
    </p>

    <p class='ocr_par' dir='ltr' id='par_1_29' title="bbox 1366 1889 2366 2818">
     <span class='ocr_line' id='line_1_71' title="bbox 1406 1889 2366 1976; baseline 0.003 -23"><span class='ocrx_word' id='word_1_382' title='bbox 1406 1909 1434 1953; x_wconf 95' lang='lat' dir='ltr'><strong>v.</strong></span> <span class='ocrx_word' id='word_1_383' title='bbox 1460 1889 1652 1954; x_wconf 87' lang='lat' dir='ltr'><strong>Guardianus</strong></span> <span class='ocrx_word' id='word_1_384' title='bbox 1680 1891 1792 1955; x_wconf 91' lang='lat' dir='ltr'><strong>Terrae</strong></span> <span class='ocrx_word' id='word_1_385' title='bbox 1821 1893 1949 1957; x_wconf 88' lang='lat' dir='ltr'><strong>Sanctae</strong></span> <span class='ocrx_word' id='word_1_386' title='bbox 1970 1897 2007 1959; x_wconf 92' lang='lat' dir='ltr'><strong>de</strong></span> <span class='ocrx_word' id='word_1_387' title='bbox 2028 1914 2110 1961; x_wconf 93' lang='lat' dir='ltr'><strong>novo</strong></span> <span class='ocrx_word' id='word_1_388' title='bbox 2172 1913 2219 1955; x_wconf 82' lang='lat' dir='ltr'><strong>nst</strong></span> <span class='ocrx_word' id='word_1_389' title='bbox 2235 1910 2366 1976; x_wconf 61' lang='lat' dir='ltr'><strong>castrator</strong></span> 
     </span>
     <span class='ocr_line' id='line_1_72' title="bbox 1367 1963 2359 2066; baseline 0.018 -21"><span class='ocrx_word' id='word_1_390' title='bbox 1367 1985 1539 2060; x_wconf 90' lang='lat' dir='ltr'><strong>institutus,</strong></span> <span class='ocrx_word' id='word_1_391' title='bbox 1550 1999 1589 2046; x_wconf 84' lang='lat' dir='ltr'><strong>cx</strong></span> <span class='ocrx_word' id='word_1_392' title='bbox 1604 1983 1703 2048; x_wconf 82' lang='lat' dir='ltr'><strong>officio</strong></span> <span class='ocrx_word' id='word_1_393' title='bbox 1726 1989 1865 2050; x_wconf 90' lang='lat' dir='ltr'><strong>visitator</strong></span> <span class='ocrx_word' id='word_1_394' title='bbox 1881 1990 2032 2066; x_wconf 90' lang='lat' dir='ltr'><strong>generalis</strong></span> <span class='ocrx_word' id='word_1_395' title='bbox 2048 1993 2110 2054; x_wconf 86' lang='lat' dir='ltr'><strong>eri·</strong></span> <span class='ocrx_word' id='word_1_396' title='bbox 2130 1963 2359 2062; x_wconf 49' lang='grc' dir='ltr'><strong>ῗέιῗιῗῖιῗὲὲτῐὲἶῖξὲ</strong></span> 
     </span>
     <span class='ocr_line' id='line_1_73' title="bbox 1366 2072 2257 2160; baseline 0.006 -18"><span class='ocrx_word' id='word_1_397' title='bbox 1366 2087 1426 2142; x_wconf 89' lang='lat' dir='ltr'><strong>stat</strong></span> <span class='ocrx_word' id='word_1_398' title='bbox 1446 2094 1539 2158; x_wconf 89' lang='lat' dir='ltr'><strong>super</strong></span> <span class='ocrx_word' id='word_1_399' title='bbox 1562 2086 1656 2142; x_wconf 91' lang='lat' dir='ltr'><strong>totam</strong></span> <span class='ocrx_word' id='word_1_400' title='bbox 1678 2079 1825 2144; x_wconf 80' lang='lat' dir='ltr'><strong>familiam</strong></span> <span class='ocrx_word' id='word_1_401' title='bbox 1841 2082 1954 2144; x_wconf 87' lang='lat' dir='ltr'><strong>Terrae</strong></span> <span class='ocrx_word' id='word_1_402' title='bbox 1969 2083 2109 2160; x_wconf 90' lang='lat' dir='ltr'><strong>Sanctae,</strong></span> <span class='ocrx_word' id='word_1_403' title='bbox 2131 2072 2257 2117; x_wconf 69' lang='lat' dir='ltr'><strong>sanctae.</strong></span> 
     </span>
     <span class='ocr_line' id='line_1_74' title="bbox 1367 2173 2110 2255; baseline 0.007 -20"><span class='ocrx_word' id='word_1_404' title='bbox 1367 2189 1497 2252; x_wconf 88' lang='lat' dir='ltr'><strong>eamque</strong></span> <span class='ocrx_word' id='word_1_405' title='bbox 1517 2181 1581 2236; x_wconf 92' lang='lat' dir='ltr'><strong>tam</strong></span> <span class='ocrx_word' id='word_1_406' title='bbox 1602 2175 1634 2239; x_wconf 95' lang='lat' dir='ltr'><strong>in</strong></span> <span class='ocrx_word' id='word_1_407' title='bbox 1663 2173 1761 2255; x_wconf 88' lang='lat' dir='ltr'><strong>capite</strong></span> <span class='ocrx_word' id='word_1_408' title='bbox 1788 2191 1881 2254; x_wconf 90' lang='lat' dir='ltr'><strong>quam</strong></span> <span class='ocrx_word' id='word_1_409' title='bbox 1903 2177 1935 2238; x_wconf 93' lang='lat' dir='ltr'><strong>in</strong></span> <span class='ocrx_word' id='word_1_410' title='bbox 1962 2179 2110 2240; x_wconf 90' lang='lat' dir='ltr'><strong>membris</strong></span> 
     </span>
     <span class='ocr_line' id='line_1_75' title="bbox 1367 2267 2108 2348; baseline 0.009 -22"><span class='ocrx_word' id='word_1_411' title='bbox 1367 2267 1490 2342; x_wconf 88' lang='lat' dir='ltr'><strong>visitet,</strong></span> <span class='ocrx_word' id='word_1_412' title='bbox 1518 2275 1553 2329; x_wconf 91' lang='lat' dir='ltr'><strong>ut</strong></span> <span class='ocrx_word' id='word_1_413' title='bbox 1579 2269 1824 2348; x_wconf 90' lang='lat' dir='ltr'><strong>uniuscuiusque</strong></span> <span class='ocrx_word' id='word_1_414' title='bbox 1852 2271 2038 2333; x_wconf 90' lang='lat' dir='ltr'><strong>meritorum</strong></span> <span class='ocrx_word' id='word_1_415' title='bbox 2060 2272 2108 2334; x_wconf 92' lang='lat' dir='ltr'><strong>vel</strong></span> 
     </span>
     <span class='ocr_line' id='line_1_76' title="bbox 1367 2361 2109 2445; baseline 0.007 -23"><span class='ocrx_word' id='word_1_416' title='bbox 1367 2361 1592 2424; x_wconf 88' lang='lat' dir='ltr'><strong>demeritorum</strong></span> <span class='ocrx_word' id='word_1_417' title='bbox 1613 2363 1761 2426; x_wconf 87' lang='lat' dir='ltr'><strong>habeatur</strong></span> <span class='ocrx_word' id='word_1_418' title='bbox 1782 2364 1999 2427; x_wconf 90' lang='lat' dir='ltr'><strong>testimonium</strong></span> <span class='ocrx_word' id='word_1_419' title='bbox 2020 2381 2109 2445; x_wconf 90' lang='lat' dir='ltr'><strong>supe-</strong></span> 
     </span>
     <span class='ocr_line' id='line_1_77' title="bbox 1367 2455 2111 2537; baseline 0.008 -21"><span class='ocrx_word' id='word_1_420' title='bbox 1367 2455 1443 2517; x_wconf 91' lang='lat' dir='ltr'><strong>riori</strong></span> <span class='ocrx_word' id='word_1_421' title='bbox 1464 2458 1601 2534; x_wconf 87' lang='lat' dir='ltr'><strong>generali</strong></span> <span class='ocrx_word' id='word_1_422' title='bbox 1619 2459 1906 2534; x_wconf 90' lang='lat' dir='ltr'><strong>transmittendum,</strong></span> <span class='ocrx_word' id='word_1_423' title='bbox 1929 2459 1982 2537; x_wconf 91' lang='lat' dir='ltr'><strong>qui</strong></span> <span class='ocrx_word' id='word_1_424' title='bbox 1997 2455 2111 2537; x_wconf 84' lang='lat' dir='ltr'><strong>pariter</strong></span> 
     </span>
     <span class='ocr_line' id='line_1_78' title="bbox 1368 2547 2110 2633; baseline 0.005 -21"><span class='ocrx_word' id='word_1_425' title='bbox 1368 2547 1491 2612; x_wconf 88' lang='lat' dir='ltr'><strong>Sacram</strong></span> <span class='ocrx_word' id='word_1_426' title='bbox 1530 2551 1810 2629; x_wconf 76' lang='lat' dir='ltr'><strong>congregationem</strong></span> <span class='ocrx_word' id='word_1_427' title='bbox 1842 2555 1880 2616; x_wconf 90' lang='lat' dir='ltr'><strong>de</strong></span> <span class='ocrx_word' id='word_1_428' title='bbox 1914 2553 2110 2633; x_wconf 89' lang='lat' dir='ltr'><strong>Propaganda</strong></span> 
     </span>
     <span class='ocr_line' id='line_1_79' title="bbox 1366 2643 2107 2725; baseline 0.005 -19"><span class='ocrx_word' id='word_1_429' title='bbox 1366 2643 1440 2706; x_wconf 85' lang='lat' dir='ltr'><strong>Fide</strong></span> <span class='ocrx_word' id='word_1_430' title='bbox 1463 2645 1639 2707; x_wconf 90' lang='lat' dir='ltr'><strong>certiorabit</strong></span> <span class='ocrx_word' id='word_1_431' title='bbox 1661 2645 1693 2706; x_wconf 92' lang='lat' dir='ltr'><strong>in</strong></span> <span class='ocrx_word' id='word_1_432' title='bbox 1715 2646 1751 2708; x_wconf 92' lang='lat' dir='ltr'><strong>iis</strong></span> <span class='ocrx_word' id='word_1_433' title='bbox 1773 2663 1850 2725; x_wconf 92' lang='lat' dir='ltr'><strong>quae</strong></span> <span class='ocrx_word' id='word_1_434' title='bbox 1872 2647 1908 2709; x_wconf 93' lang='lat' dir='ltr'><strong>ad</strong></span> <span class='ocrx_word' id='word_1_435' title='bbox 1929 2649 2107 2710; x_wconf 88' lang='lat' dir='ltr'><strong>missionem</strong></span> 
     </span>
     <span class='ocr_line' id='line_1_80' title="bbox 1367 2729 2366 2818; baseline 0.006 -20"><span class='ocrx_word' id='word_1_436' title='bbox 1367 2744 1398 2799; x_wconf 88' lang='lat' dir='ltr'><strong>et</strong></span> <span class='ocrx_word' id='word_1_437' title='bbox 1420 2736 1453 2798; x_wconf 93' lang='lat' dir='ltr'><strong>ad</strong></span> <span class='ocrx_word' id='word_1_438' title='bbox 1477 2738 1686 2800; x_wconf 89' lang='lat' dir='ltr'><strong>missionarios</strong></span> <span class='ocrx_word' id='word_1_439' title='bbox 1707 2740 1878 2818; x_wconf 89' lang='lat' dir='ltr'><strong>pertinent.</strong></span> <span class='ocrx_word' id='word_1_440' title='bbox 2128 2729 2130 2734; x_wconf 62' lang='grc'>’</span> <span class='ocrx_word' id='word_1_441' title='bbox 2365 2805 2366 2816; x_wconf 58' lang='grc'>,</span> 
     </span>
    </p>

    <p class='ocr_par' dir='ltr' id='par_1_30' title="bbox 1366 2830 2366 3378">
     <span class='ocr_line' id='line_1_81' title="bbox 1407 2830 2366 2914; baseline 0.002 -24"><span class='ocrx_word' id='word_1_442' title='bbox 1407 2847 1449 2892; x_wconf 90' lang='lat' dir='ltr'><strong>vr.</strong></span> <span class='ocrx_word' id='word_1_443' title='bbox 1474 2830 1583 2894; x_wconf 89' lang='lat' dir='ltr'><strong>Statim</strong></span> <span class='ocrx_word' id='word_1_444' title='bbox 1605 2850 1638 2894; x_wconf 90' lang='lat' dir='ltr'><strong>ac</strong></span> <span class='ocrx_word' id='word_1_445' title='bbox 1659 2834 1694 2895; x_wconf 91' lang='lat' dir='ltr'><strong>ad</strong></span> <span class='ocrx_word' id='word_1_446' title='bbox 1715 2840 1852 2895; x_wconf 89' lang='lat' dir='ltr'><strong>sanctam</strong></span> <span class='ocrx_word' id='word_1_447' title='bbox 1868 2833 2026 2897; x_wconf 89' lang='lat' dir='ltr'><strong>civitatem</strong></span> <span class='ocrx_word' id='word_1_448' title='bbox 2041 2851 2109 2914; x_wconf 91' lang='lat' dir='ltr'><strong>per·</strong></span> <span class='ocrx_word' id='word_1_449' title='bbox 2136 2841 2366 2912; x_wconf 52' lang='lat' dir='ltr'><strong>cassamentum}</strong></span> 
     </span>
     <span class='ocr_line' id='line_1_82' title="bbox 1366 2901 2350 3010; baseline 0.004 -26"><span class='ocrx_word' id='word_1_450' title='bbox 1366 2926 1500 3001; x_wconf 89' lang='lat' dir='ltr'><strong>venerit,</strong></span> <span class='ocrx_word' id='word_1_451' title='bbox 1530 2925 1779 3002; x_wconf 85' lang='lat' dir='ltr'><strong>syndacationem</strong></span> <span class='ocrx_word' id='word_1_452' title='bbox 1810 2928 1965 3002; x_wconf 90' lang='lat' dir='ltr'><strong>instituat,</strong></span> <span class='ocrx_word' id='word_1_453' title='bbox 1989 2944 2022 2990; x_wconf 93' lang='lat' dir='ltr'><strong>ac</strong></span> <span class='ocrx_word' id='word_1_454' title='bbox 2043 2927 2112 2989; x_wconf 91' lang='lat' dir='ltr'><strong>dili·</strong></span> <span class='ocrx_word' id='word_1_455' title='bbox 2129 2901 2350 3010; x_wconf 53' lang='lat' dir='ltr'><strong>ffiqfi‘j&#39;ssfflessffssffs</strong></span> 
     </span>
     <span class='ocr_line' id='line_1_83' title="bbox 1368 3009 2351 3118; baseline 0.004 -40"><span class='ocrx_word' id='word_1_456' title='bbox 1368 3025 1476 3094; x_wconf 90' lang='lat' dir='ltr'><strong>genter</strong></span> <span class='ocrx_word' id='word_1_457' title='bbox 1499 3017 1636 3096; x_wconf 90' lang='lat' dir='ltr'><strong>inquirat</strong></span> <span class='ocrx_word' id='word_1_458' title='bbox 1650 3018 1687 3080; x_wconf 90' lang='lat' dir='ltr'><strong>de</strong></span> <span class='ocrx_word' id='word_1_459' title='bbox 1701 3021 1830 3096; x_wconf 88' lang='lat' dir='ltr'><strong>peractis</strong></span> <span class='ocrx_word' id='word_1_460' title='bbox 1845 3026 1908 3080; x_wconf 92' lang='lat' dir='ltr'><strong>tam</strong></span> <span class='ocrx_word' id='word_1_461' title='bbox 1923 3037 1938 3080; x_wconf 92' lang='lat' dir='ltr'><strong>a</strong></span> <span class='ocrx_word' id='word_1_462' title='bbox 1953 3037 2010 3082; x_wconf 93' lang='lat' dir='ltr'><strong>suo</strong></span> <span class='ocrx_word' id='word_1_463' title='bbox 2025 3037 2111 3098; x_wconf 90' lang='lat' dir='ltr'><strong>prae-</strong></span> <span class='ocrx_word' id='word_1_464' title='bbox 2128 3009 2239 3108; x_wconf 55' lang='grc' dir='ltr'><strong>ξξξξῑξῇξ</strong></span> <span class='ocrx_word' id='word_1_465' title='bbox 2246 3009 2351 3118; x_wconf 49' lang='grc' dir='ltr'><strong>31ξὲξρ</strong></span> 
     </span>
     <span class='ocr_line' id='line_1_84' title="bbox 1367 3111 2238 3192; baseline 0.005 -20"><span class='ocrx_word' id='word_1_466' title='bbox 1367 3112 1541 3186; x_wconf 89' lang='lat' dir='ltr'><strong>decessore,</strong></span> <span class='ocrx_word' id='word_1_467' title='bbox 1566 3127 1658 3189; x_wconf 92' lang='lat' dir='ltr'><strong>quam</strong></span> <span class='ocrx_word' id='word_1_468' title='bbox 1678 3128 1695 3172; x_wconf 92' lang='lat' dir='ltr'><strong>a</strong></span> <span class='ocrx_word' id='word_1_469' title='bbox 1716 3111 1828 3174; x_wconf 92' lang='lat' dir='ltr'><strong>vicario</strong></span> <span class='ocrx_word' id='word_1_470' title='bbox 1848 3120 1880 3174; x_wconf 92' lang='lat' dir='ltr'><strong>et</strong></span> <span class='ocrx_word' id='word_1_471' title='bbox 1902 3121 2109 3192; x_wconf 87' lang='lat' dir='ltr'><strong>procuratore,</strong></span> <span class='ocrx_word' id='word_1_472' title='bbox 2128 3115 2238 3162; x_wconf 69' lang='lat' dir='ltr'><strong>vacario.</strong></span> 
     </span>
     <span class='ocr_line' id='line_1_85' title="bbox 1367 3204 2110 3284; baseline 0.008 -19"><span class='ocrx_word' id='word_1_473' title='bbox 1367 3204 1539 3282; x_wconf 89' lang='lat' dir='ltr'><strong>ceterisque</strong></span> <span class='ocrx_word' id='word_1_474' title='bbox 1553 3204 1711 3280; x_wconf 84' lang='lat' dir='ltr'><strong>iratribus,</strong></span> <span class='ocrx_word' id='word_1_475' title='bbox 1728 3212 1758 3267; x_wconf 91' lang='lat' dir='ltr'><strong>et</strong></span> <span class='ocrx_word' id='word_1_476' title='bbox 1783 3207 1962 3270; x_wconf 89' lang='lat' dir='ltr'><strong>ministrum</strong></span> <span class='ocrx_word' id='word_1_477' title='bbox 1983 3224 2110 3284; x_wconf 90' lang='lat' dir='ltr'><strong>genera·</strong></span> 
     </span>
     <span class='ocr_line' id='line_1_86' title="bbox 1367 3297 2366 3378; baseline 0.005 -18"><span class='ocrx_word' id='word_1_478' title='bbox 1367 3297 1430 3360; x_wconf 90' lang='lat' dir='ltr'><strong>lem</strong></span> <span class='ocrx_word' id='word_1_479' title='bbox 1451 3298 1488 3359; x_wconf 92' lang='lat' dir='ltr'><strong>de</strong></span> <span class='ocrx_word' id='word_1_480' title='bbox 1509 3298 1653 3360; x_wconf 90' lang='lat' dir='ltr'><strong>omnibus</strong></span> <span class='ocrx_word' id='word_1_481' title='bbox 1674 3297 1862 3362; x_wconf 90' lang='lat' dir='ltr'><strong>adamussim</strong></span> <span class='ocrx_word' id='word_1_482' title='bbox 1885 3299 2041 3364; x_wconf 86' lang='lat' dir='ltr'><strong>inlormet.</strong></span> <span class='ocrx_word' id='word_1_483' title='bbox 2365 3351 2366 3378; x_wconf 69' lang='lat'><strong>,</strong></span> 
     </span>
    </p>

    <p class='ocr_par' dir='ltr' id='par_1_31' title="bbox 1365 3391 2366 4786">
     <span class='ocr_line' id='line_1_87' title="bbox 1406 3391 2347 3478; baseline 0.005 -27"><span class='ocrx_word' id='word_1_484' title='bbox 1406 3408 1461 3452; x_wconf 90' lang='lat' dir='ltr'><strong>vu.</strong></span> <span class='ocrx_word' id='word_1_485' title='bbox 1487 3391 1633 3452; x_wconf 81' lang='lat' dir='ltr'><strong>Exactam</strong></span> <span class='ocrx_word' id='word_1_486' title='bbox 1646 3392 1752 3454; x_wconf 90' lang='lat' dir='ltr'><strong>itidem</strong></span> <span class='ocrx_word' id='word_1_487' title='bbox 1764 3401 1888 3470; x_wconf 86' lang='lat' dir='ltr'><strong>peragat</strong></span> <span class='ocrx_word' id='word_1_488' title='bbox 1899 3394 2108 3458; x_wconf 91' lang='lat' dir='ltr'><strong>visitationem</strong></span> <span class='ocrx_word' id='word_1_489' title='bbox 2164 3411 2366 3478; x_wconf 64' lang='lat' dir='ltr'><strong>visitationem</strong></span> 
     </span>
     <span class='ocr_line' id='line_1_88' title="bbox 1367 3468 2366 3578; baseline 0.003 -30"><span class='ocrx_word' id='word_1_490' title='bbox 1367 3487 1510 3548; x_wconf 92' lang='lat' dir='ltr'><strong>omnium</strong></span> <span class='ocrx_word' id='word_1_491' title='bbox 1531 3484 1723 3548; x_wconf 87' lang='lat' dir='ltr'><strong>officinarum</strong></span> <span class='ocrx_word' id='word_1_492' title='bbox 1745 3485 1834 3548; x_wconf 81' lang='lat' dir='ltr'><strong>SSriri</strong></span> <span class='ocrx_word' id='word_1_493' title='bbox 1854 3483 2031 3561; x_wconf 90' lang='lat' dir='ltr'><strong>Salvatoris,</strong></span> <span class='ocrx_word' id='word_1_494' title='bbox 2049 3506 2110 3551; x_wconf 93' lang='lat' dir='ltr'><strong>una</strong></span> <span class='ocrx_word' id='word_1_495' title='bbox 2130 3468 2258 3578; x_wconf 42' lang='lat'>&amp;¹¹³²</span> <span class='ocrx_word' id='word_1_496' title='bbox 2292 3480 2366 3568; x_wconf 37' lang='lat' dir='ltr'><strong>per-q</strong></span> 
     </span>
     <span class='ocr_line' id='line_1_89' title="bbox 1367 3578 2366 3656; baseline 0.003 -13"><span class='ocrx_word' id='word_1_497' title='bbox 1367 3596 1438 3643; x_wconf 93' lang='lat' dir='ltr'><strong>cum</strong></span> <span class='ocrx_word' id='word_1_498' title='bbox 1461 3580 1599 3643; x_wconf 90' lang='lat' dir='ltr'><strong>discretis</strong></span> <span class='ocrx_word' id='word_1_499' title='bbox 1611 3587 1641 3642; x_wconf 92' lang='lat' dir='ltr'><strong>et</strong></span> <span class='ocrx_word' id='word_1_500' title='bbox 1652 3578 1807 3656; x_wconf 89' lang='lat' dir='ltr'><strong>integram</strong></span> <span class='ocrx_word' id='word_1_501' title='bbox 1827 3579 1939 3643; x_wconf 91' lang='lat' dir='ltr'><strong>babere</strong></span> <span class='ocrx_word' id='word_1_502' title='bbox 1954 3591 2041 3644; x_wconf 89' lang='lat' dir='ltr'><strong>curet</strong></span> <span class='ocrx_word' id='word_1_503' title='bbox 2056 3599 2111 3645; x_wconf 93' lang='lat' dir='ltr'><strong>no··</strong></span> <span class='ocrx_word' id='word_1_504' title='bbox 2365 3583 2366 3590; x_wconf 77' lang='grc'>’</span> 
     </span>
     <span class='ocr_line' id='line_1_90' title="bbox 1369 3673 2112 3752; baseline 0 -15"><span class='ocrx_word' id='word_1_505' title='bbox 1369 3675 1468 3737; x_wconf 90' lang='lat' dir='ltr'><strong>titiam</strong></span> <span class='ocrx_word' id='word_1_506' title='bbox 1488 3680 1586 3735; x_wconf 89' lang='lat' dir='ltr'><strong>status</strong></span> <span class='ocrx_word' id='word_1_507' title='bbox 1600 3673 1766 3745; x_wconf 92' lang='lat' dir='ltr'><strong>custodiae,</strong></span> <span class='ocrx_word' id='word_1_508' title='bbox 1784 3673 2051 3752; x_wconf 83' lang='lat' dir='ltr'><strong>eleemosynarum</strong></span> <span class='ocrx_word' id='word_1_509' title='bbox 2066 3677 2112 3737; x_wconf 94' lang='lat' dir='ltr'><strong>vi·</strong></span> 
     </span>
     <span class='ocr_line' id='line_1_91' title="bbox 1367 3767 2110 3848; baseline 0.004 -20"><span class='ocrx_word' id='word_1_510' title='bbox 1367 3767 1477 3832; x_wconf 90' lang='lat' dir='ltr'><strong>delicet</strong></span> <span class='ocrx_word' id='word_1_511' title='bbox 1498 3774 1567 3828; x_wconf 91' lang='lat' dir='ltr'><strong>actu</strong></span> <span class='ocrx_word' id='word_1_512' title='bbox 1589 3767 1793 3829; x_wconf 85' lang='lat' dir='ltr'><strong>existentium</strong></span> <span class='ocrx_word' id='word_1_513' title='bbox 1809 3775 1871 3829; x_wconf 91' lang='lat' dir='ltr'><strong>tam</strong></span> <span class='ocrx_word' id='word_1_514' title='bbox 1886 3767 1918 3830; x_wconf 92' lang='lat' dir='ltr'><strong>in</strong></span> <span class='ocrx_word' id='word_1_515' title='bbox 1933 3768 2027 3830; x_wconf 88' lang='lat' dir='ltr'><strong>variis</strong></span> <span class='ocrx_word' id='word_1_516' title='bbox 2040 3785 2110 3848; x_wconf 92' lang='lat' dir='ltr'><strong>pro·</strong></span> 
     </span>
     <span class='ocr_line' id='line_1_92' title="bbox 1367 3861 2111 3960; baseline 0.001 -37"><span class='ocrx_word' id='word_1_517' title='bbox 1367 3877 1459 3924; x_wconf 90' lang='lat' dir='ltr'><strong>curae</strong></span> <span class='ocrx_word' id='word_1_518' title='bbox 1474 3861 1613 3939; x_wconf 89' lang='lat' dir='ltr'><strong>capsulis,</strong></span> <span class='ocrx_word' id='word_1_519' title='bbox 1630 3877 1721 3960; x_wconf 60' lang='lat' dir='ltr'><strong>qupru</strong></span> <span class='ocrx_word' id='word_1_520' title='bbox 1740 3861 1818 3938; x_wconf 92' lang='lat' dir='ltr'><strong>apud</strong></span> <span class='ocrx_word' id='word_1_521' title='bbox 1840 3862 1983 3938; x_wconf 81' lang='lat' dir='ltr'><strong>syndicos</strong></span> <span class='ocrx_word' id='word_1_522' title='bbox 1998 3869 2028 3925; x_wconf 93' lang='lat' dir='ltr'><strong>et</strong></span> <span class='ocrx_word' id='word_1_523' title='bbox 2042 3879 2111 3942; x_wconf 91' lang='lat' dir='ltr'><strong>pro·</strong></span> 
     </span>
     <span class='ocr_line' id='line_1_93' title="bbox 1367 3954 2110 4032; baseline -0.001 -14"><span class='ocrx_word' id='word_1_524' title='bbox 1367 3963 1523 4018; x_wconf 91' lang='lat' dir='ltr'><strong>curatores</strong></span> <span class='ocrx_word' id='word_1_525' title='bbox 1538 3962 1751 4017; x_wconf 90' lang='lat' dir='ltr'><strong>conventuum</strong></span> <span class='ocrx_word' id='word_1_526' title='bbox 1766 3958 1798 4014; x_wconf 92' lang='lat' dir='ltr'><strong>et</strong></span> <span class='ocrx_word' id='word_1_527' title='bbox 1811 3954 2015 4032; x_wconf 87' lang='lat' dir='ltr'><strong>hospitiorum</strong></span> <span class='ocrx_word' id='word_1_528' title='bbox 2031 3958 2110 4017; x_wconf 90' lang='lat' dir='ltr'><strong>eius-</strong></span> 
     </span>
     <span class='ocr_line' id='line_1_94' title="bbox 1367 4045 2109 4123; baseline 0.001 -13"><span class='ocrx_word' id='word_1_529' title='bbox 1367 4049 1438 4110; x_wconf 91' lang='lat' dir='ltr'><strong>dem</strong></span> <span class='ocrx_word' id='word_1_530' title='bbox 1460 4046 1625 4123; x_wconf 90' lang='lat' dir='ltr'><strong>custodiae,</strong></span> <span class='ocrx_word' id='word_1_531' title='bbox 1642 4054 1672 4108; x_wconf 91' lang='lat' dir='ltr'><strong>et</strong></span> <span class='ocrx_word' id='word_1_532' title='bbox 1686 4045 1831 4108; x_wconf 90' lang='lat' dir='ltr'><strong>similiter</strong></span> <span class='ocrx_word' id='word_1_533' title='bbox 1845 4048 1988 4110; x_wconf 92' lang='lat' dir='ltr'><strong>omnium</strong></span> <span class='ocrx_word' id='word_1_534' title='bbox 2003 4065 2109 4112; x_wconf 91' lang='lat' dir='ltr'><strong>rerum</strong></span> 
     </span>
     <span class='ocr_line' id='line_1_95' title="bbox 1368 4140 2109 4221; baseline 0.004 -17"><span class='ocrx_word' id='word_1_535' title='bbox 1368 4151 1398 4204; x_wconf 91' lang='lat' dir='ltr'><strong>et</strong></span> <span class='ocrx_word' id='word_1_536' title='bbox 1419 4148 1687 4216; x_wconf 88' lang='lat' dir='ltr'><strong>ornamentorum,</strong></span> <span class='ocrx_word' id='word_1_537' title='bbox 1704 4156 1781 4220; x_wconf 92' lang='lat' dir='ltr'><strong>quae</strong></span> <span class='ocrx_word' id='word_1_538' title='bbox 1802 4140 1834 4202; x_wconf 97' lang='lat' dir='ltr'><strong>in</strong></span> <span class='ocrx_word' id='word_1_539' title='bbox 1849 4141 1980 4204; x_wconf 85' lang='lat' dir='ltr'><strong>officinis</strong></span> <span class='ocrx_word' id='word_1_540' title='bbox 2001 4159 2109 4221; x_wconf 91' lang='lat' dir='ltr'><strong>procu·</strong></span> 
     </span>
     <span class='ocr_line' id='line_1_96' title="bbox 1367 4233 2109 4312; baseline 0.001 -16"><span class='ocrx_word' id='word_1_541' title='bbox 1367 4251 1429 4310; x_wconf 90' lang='lat' dir='ltr'><strong>rae,</strong></span> <span class='ocrx_word' id='word_1_542' title='bbox 1452 4233 1586 4309; x_wconf 89' lang='lat' dir='ltr'><strong>sacrarii,</strong></span> <span class='ocrx_word' id='word_1_543' title='bbox 1609 4233 1736 4308; x_wconf 88' lang='lat' dir='ltr'><strong>cellarii,</strong></span> <span class='ocrx_word' id='word_1_544' title='bbox 1754 4234 1901 4312; x_wconf 92' lang='lat' dir='ltr'><strong>coquinae</strong></span> <span class='ocrx_word' id='word_1_545' title='bbox 1923 4241 1954 4296; x_wconf 90' lang='lat' dir='ltr'><strong>et</strong></span> <span class='ocrx_word' id='word_1_546' title='bbox 1974 4251 2109 4298; x_wconf 91' lang='lat' dir='ltr'><strong>conven-</strong></span> 
     </span>
     <span class='ocr_line' id='line_1_97' title="bbox 1367 4325 2109 4403; baseline 0.004 -13"><span class='ocrx_word' id='word_1_547' title='bbox 1367 4335 1456 4392; x_wconf 89' lang='lat' dir='ltr'><strong>tuum</strong></span> <span class='ocrx_word' id='word_1_548' title='bbox 1472 4325 1558 4389; x_wconf 86' lang='lat' dir='ltr'><strong>SSriti</strong></span> <span class='ocrx_word' id='word_1_549' title='bbox 1574 4326 1750 4401; x_wconf 89' lang='lat' dir='ltr'><strong>Salvatoris,</strong></span> <span class='ocrx_word' id='word_1_550' title='bbox 1767 4326 1962 4403; x_wconf 87' lang='lat' dir='ltr'><strong>Bethlehem,</strong></span> <span class='ocrx_word' id='word_1_551' title='bbox 1980 4327 2109 4393; x_wconf 86' lang='lat' dir='ltr'><strong>Nazaret</strong></span> 
     </span>
     <span class='ocr_line' id='line_1_98' title="bbox 1365 4420 2106 4499; baseline 0.001 -16"><span class='ocrx_word' id='word_1_552' title='bbox 1365 4430 1397 4484; x_wconf 90' lang='lat' dir='ltr'><strong>ct</strong></span> <span class='ocrx_word' id='word_1_553' title='bbox 1419 4422 1522 4486; x_wconf 89' lang='lat' dir='ltr'><strong>Sancti</strong></span> <span class='ocrx_word' id='word_1_554' title='bbox 1545 4421 1665 4484; x_wconf 91' lang='lat' dir='ltr'><strong>loannis</strong></span> <span class='ocrx_word' id='word_1_555' title='bbox 1688 4421 1719 4483; x_wconf 92' lang='lat' dir='ltr'><strong>in</strong></span> <span class='ocrx_word' id='word_1_556' title='bbox 1740 4420 1884 4482; x_wconf 87' lang='lat' dir='ltr'><strong>llontana</strong></span> <span class='ocrx_word' id='word_1_557' title='bbox 1900 4430 2106 4499; x_wconf 89' lang='lat' dir='ltr'><strong>asservantur,</strong></span> 
     </span>
     <span class='ocr_line' id='line_1_99' title="bbox 1365 4514 2107 4581; baseline -0.003 -1"><span class='ocrx_word' id='word_1_558' title='bbox 1365 4517 1553 4581; x_wconf 81' lang='lat' dir='ltr'><strong>conterendo</strong></span> <span class='ocrx_word' id='word_1_559' title='bbox 1584 4514 1757 4578; x_wconf 91' lang='lat' dir='ltr'><strong>inventaria</strong></span> <span class='ocrx_word' id='word_1_560' title='bbox 1788 4521 1820 4576; x_wconf 90' lang='lat' dir='ltr'><strong>et</strong></span> <span class='ocrx_word' id='word_1_561' title='bbox 1848 4515 2053 4578; x_wconf 86' lang='lat' dir='ltr'><strong>examinando</strong></span> <span class='ocrx_word' id='word_1_562' title='bbox 2083 4519 2107 4579; x_wconf 88' lang='lat' dir='ltr'><strong>si</strong></span> 
     </span>
     <span class='ocr_line' id='line_1_100' title="bbox 1366 4608 2108 4689; baseline 0 -15"><span class='ocrx_word' id='word_1_563' title='bbox 1366 4622 1476 4676; x_wconf 91' lang='lat' dir='ltr'><strong>cuncta</strong></span> <span class='ocrx_word' id='word_1_564' title='bbox 1506 4609 1595 4672; x_wconf 90' lang='lat' dir='ltr'><strong>dictis</strong></span> <span class='ocrx_word' id='word_1_565' title='bbox 1622 4608 1806 4671; x_wconf 89' lang='lat' dir='ltr'><strong>inventariis</strong></span> <span class='ocrx_word' id='word_1_566' title='bbox 1836 4609 1898 4671; x_wconf 91' lang='lat' dir='ltr'><strong>sint</strong></span> <span class='ocrx_word' id='word_1_567' title='bbox 1928 4626 2108 4689; x_wconf 86' lang='lat' dir='ltr'><strong>correspon-</strong></span> 
     </span>
     <span class='ocr_line' id='line_1_101' title="bbox 1366 4705 2366 4786; baseline -0.006 -16"><span class='ocrx_word' id='word_1_568' title='bbox 1366 4705 1480 4770; x_wconf 82' lang='lat' dir='ltr'><strong>denaia.</strong></span> <span class='ocrx_word' id='word_1_569' title='bbox 2365 4767 2366 4786; x_wconf 20' lang='grc' dir='ltr'>ρ</span> 
     </span>
    </p>

    <p class='ocr_par' dir='ltr' id='par_1_32' title="bbox 1361 4789 2366 5905">
     <span class='ocr_line' id='line_1_102' title="bbox 1406 4789 2366 4880; baseline 0.002 -20"><span class='ocrx_word' id='word_1_570' title='bbox 1406 4815 1474 4861; x_wconf 84' lang='grc' dir='ltr'>ιιιι.</span> <span class='ocrx_word' id='word_1_571' title='bbox 1499 4797 1629 4876; x_wconf 87' lang='lat' dir='ltr'><strong>Singula</strong></span> <span class='ocrx_word' id='word_1_572' title='bbox 1644 4813 1768 4876; x_wconf 91' lang='lat' dir='ltr'><strong>quoque</strong></span> <span class='ocrx_word' id='word_1_573' title='bbox 1782 4813 1865 4860; x_wconf 87' lang='lat' dir='ltr'><strong>anno</strong></span> <span class='ocrx_word' id='word_1_574' title='bbox 1881 4805 2023 4862; x_wconf 90' lang='lat' dir='ltr'><strong>teneatur</strong></span> <span class='ocrx_word' id='word_1_575' title='bbox 2036 4815 2108 4862; x_wconf 88' lang='lat' dir='ltr'><strong>con·</strong></span> <span class='ocrx_word' id='word_1_576' title='bbox 2154 4817 2298 4880; x_wconf 59' lang='lat' dir='ltr'><strong>convenius</strong></span> <span class='ocrx_word' id='word_1_577' title='bbox 2314 4817 2336 4861; x_wconf 80' lang='lat' dir='ltr'><strong>a</strong></span> <span class='ocrx_word' id='word_1_578' title='bbox 2365 4789 2366 4862; x_wconf 70' lang='grc' dir='ltr'>ι</span> 
     </span>
     <span class='ocr_line' id='line_1_103' title="bbox 1365 4867 2333 4972; baseline 0 -16"><span class='ocrx_word' id='word_1_579' title='bbox 1365 4904 1477 4957; x_wconf 91' lang='lat' dir='ltr'><strong>ventus</strong></span> <span class='ocrx_word' id='word_1_580' title='bbox 1499 4902 1530 4956; x_wconf 90' lang='lat' dir='ltr'><strong>et</strong></span> <span class='ocrx_word' id='word_1_581' title='bbox 1557 4892 1689 4970; x_wconf 89' lang='lat' dir='ltr'><strong>bospitla</strong></span> <span class='ocrx_word' id='word_1_582' title='bbox 1717 4890 1754 4952; x_wconf 92' lang='lat' dir='ltr'><strong>ab</strong></span> <span class='ocrx_word' id='word_1_583' title='bbox 1781 4891 1857 4954; x_wconf 93' lang='lat' dir='ltr'><strong>urbe</strong></span> <span class='ocrx_word' id='word_1_584' title='bbox 1888 4893 2107 4972; x_wconf 81' lang='lat' dir='ltr'><strong>Hierosolymis</strong></span> <span class='ocrx_word' id='word_1_585' title='bbox 2127 4867 2333 4927; x_wconf 59' lang='lat' dir='ltr'><strong>”⁰⁸⁹¹‘¹³v¹⁸&#39;¹⁰&#39;&#39;</strong></span> 
     </span>
     <span class='ocr_line' id='line_1_104' title="bbox 1364 4985 2107 5066; baseline 0 -16"><span class='ocrx_word' id='word_1_586' title='bbox 1364 5003 1474 5066; x_wconf 90' lang='lat' dir='ltr'><strong>parum</strong></span> <span class='ocrx_word' id='word_1_587' title='bbox 1496 4987 1599 5048; x_wconf 90' lang='lat' dir='ltr'><strong>dissita</strong></span> <span class='ocrx_word' id='word_1_588' title='bbox 1614 5001 1669 5064; x_wconf 89' lang='lat' dir='ltr'><strong>per</strong></span> <span class='ocrx_word' id='word_1_589' title='bbox 1689 4985 1905 5062; x_wconf 89' lang='lat' dir='ltr'><strong>semetipsum,</strong></span> <span class='ocrx_word' id='word_1_590' title='bbox 1918 4991 2018 5048; x_wconf 87' lang='lat' dir='ltr'><strong>cetera</strong></span> <span class='ocrx_word' id='word_1_591' title='bbox 2034 5003 2107 5050; x_wconf 88' lang='lat' dir='ltr'><strong>vero</strong></span> 
     </span>
     <span class='ocr_line' id='line_1_105' title="bbox 1363 5077 2107 5143; baseline 0 -1"><span class='ocrx_word' id='word_1_592' title='bbox 1363 5081 1400 5142; x_wconf 93' lang='lat' dir='ltr'><strong>ab</strong></span> <span class='ocrx_word' id='word_1_593' title='bbox 1421 5081 1528 5143; x_wconf 91' lang='lat' dir='ltr'><strong>eadem</strong></span> <span class='ocrx_word' id='word_1_594' title='bbox 1542 5086 1645 5141; x_wconf 90' lang='lat' dir='ltr'><strong>sancta</strong></span> <span class='ocrx_word' id='word_1_595' title='bbox 1660 5078 1785 5140; x_wconf 90' lang='lat' dir='ltr'><strong>civitate</strong></span> <span class='ocrx_word' id='word_1_596' title='bbox 1799 5077 1888 5140; x_wconf 89' lang='lat' dir='ltr'><strong>valde</strong></span> <span class='ocrx_word' id='word_1_597' title='bbox 1909 5079 2049 5140; x_wconf 91' lang='lat' dir='ltr'><strong>distantia</strong></span> <span class='ocrx_word' id='word_1_598' title='bbox 2062 5097 2107 5142; x_wconf 91' lang='lat' dir='ltr'><strong>se-</strong></span> 
     </span>
     <span class='ocr_line' id='line_1_106' title="bbox 1364 5171 2108 5250; baseline -0.003 -14"><span class='ocrx_word' id='word_1_599' title='bbox 1364 5173 1427 5236; x_wconf 90' lang='lat' dir='ltr'><strong>mel</strong></span> <span class='ocrx_word' id='word_1_600' title='bbox 1450 5173 1560 5236; x_wconf 89' lang='lat' dir='ltr'><strong>saltem</strong></span> <span class='ocrx_word' id='word_1_601' title='bbox 1581 5172 1614 5232; x_wconf 94' lang='lat' dir='ltr'><strong>in</strong></span> <span class='ocrx_word' id='word_1_602' title='bbox 1635 5171 1772 5233; x_wconf 87' lang='lat' dir='ltr'><strong>triennio</strong></span> <span class='ocrx_word' id='word_1_603' title='bbox 1793 5187 1849 5250; x_wconf 90' lang='lat' dir='ltr'><strong>per</strong></span> <span class='ocrx_word' id='word_1_604' title='bbox 1862 5171 2023 5248; x_wconf 88' lang='lat' dir='ltr'><strong>religiosos</strong></span> <span class='ocrx_word' id='word_1_605' title='bbox 2045 5173 2108 5234; x_wconf 94' lang='lat' dir='ltr'><strong>ido-</strong></span> 
     </span>
     <span class='ocr_line' id='line_1_107' title="bbox 1364 5264 2106 5344; baseline -0.003 -14"><span class='ocrx_word' id='word_1_606' title='bbox 1364 5284 1439 5330; x_wconf 88' lang='lat' dir='ltr'><strong>neos</strong></span> <span class='ocrx_word' id='word_1_607' title='bbox 1459 5267 1601 5337; x_wconf 89' lang='lat' dir='ltr'><strong>visitare,</strong></span> <span class='ocrx_word' id='word_1_608' title='bbox 1625 5265 1899 5344; x_wconf 90' lang='lat' dir='ltr'><strong>visitationemque</strong></span> <span class='ocrx_word' id='word_1_609' title='bbox 1927 5264 2106 5329; x_wconf 88' lang='lat' dir='ltr'><strong>huiusmodi</strong></span> 
     </span>
     <span class='ocr_line' id='line_1_108' title="bbox 1362 5357 2107 5433; baseline -0.003 -10"><span class='ocrx_word' id='word_1_610' title='bbox 1362 5361 1548 5424; x_wconf 90' lang='lat' dir='ltr'><strong>Discretorio</strong></span> <span class='ocrx_word' id='word_1_611' title='bbox 1568 5358 1809 5433; x_wconf 89' lang='lat' dir='ltr'><strong>communicare,</strong></span> <span class='ocrx_word' id='word_1_612' title='bbox 1830 5375 1864 5420; x_wconf 89' lang='lat' dir='ltr'><strong>ac</strong></span> <span class='ocrx_word' id='word_1_613' title='bbox 1885 5375 1920 5420; x_wconf 90' lang='lat' dir='ltr'><strong>ea</strong></span> <span class='ocrx_word' id='word_1_614' title='bbox 1940 5357 2107 5422; x_wconf 89' lang='lat' dir='ltr'><strong>decernere</strong></span> 
     </span>
     <span class='ocr_line' id='line_1_109' title="bbox 1362 5451 2109 5534; baseline -0.003 -18"><span class='ocrx_word' id='word_1_615' title='bbox 1362 5455 1473 5529; x_wconf 87' lang='lat' dir='ltr'><strong>valeat,</strong></span> <span class='ocrx_word' id='word_1_616' title='bbox 1486 5470 1564 5534; x_wconf 89' lang='lat' dir='ltr'><strong>quae</strong></span> <span class='ocrx_word' id='word_1_617' title='bbox 1585 5454 1666 5516; x_wconf 93' lang='lat' dir='ltr'><strong>bono</strong></span> <span class='ocrx_word' id='word_1_618' title='bbox 1687 5460 1718 5514; x_wconf 90' lang='lat' dir='ltr'><strong>et</strong></span> <span class='ocrx_word' id='word_1_619' title='bbox 1740 5451 1866 5514; x_wconf 90' lang='lat' dir='ltr'><strong>utilitati</strong></span> <span class='ocrx_word' id='word_1_620' title='bbox 1887 5453 2041 5516; x_wconf 90' lang='lat' dir='ltr'><strong>custodiae</strong></span> <span class='ocrx_word' id='word_1_621' title='bbox 2055 5469 2109 5514; x_wconf 83' lang='lat' dir='ltr'><strong>er·</strong></span> 
     </span>
     <span class='ocr_line' id='line_1_110' title="bbox 1362 5544 2108 5628; baseline -0.003 -18"><span class='ocrx_word' id='word_1_622' title='bbox 1362 5549 1467 5628; x_wconf 90' lang='lat' dir='ltr'><strong>pedire</strong></span> <span class='ocrx_word' id='word_1_623' title='bbox 1488 5548 1680 5610; x_wconf 90' lang='lat' dir='ltr'><strong>iudicaverit.</strong></span> <span class='ocrx_word' id='word_1_624' title='bbox 1706 5545 1865 5624; x_wconf 91' lang='lat' dir='ltr'><strong>Superiori</strong></span> <span class='ocrx_word' id='word_1_625' title='bbox 1887 5544 2025 5623; x_wconf 90' lang='lat' dir='ltr'><strong>generali</strong></span> <span class='ocrx_word' id='word_1_626' title='bbox 2055 5564 2108 5608; x_wconf 91' lang='lat' dir='ltr'><strong>au·</strong></span> 
     </span>
     <span class='ocr_line' id='line_1_111' title="bbox 1362 5639 2104 5720; baseline -0.001 -17"><span class='ocrx_word' id='word_1_627' title='bbox 1362 5648 1437 5717; x_wconf 87' lang='lat' dir='ltr'><strong>tem,</strong></span> <span class='ocrx_word' id='word_1_628' title='bbox 1470 5641 1678 5720; x_wconf 90' lang='lat' dir='ltr'><strong>quantocitius</strong></span> <span class='ocrx_word' id='word_1_629' title='bbox 1708 5639 1838 5718; x_wconf 89' lang='lat' dir='ltr'><strong>poterit,</strong></span> <span class='ocrx_word' id='word_1_630' title='bbox 1871 5643 2104 5718; x_wconf 89' lang='lat' dir='ltr'><strong>transumptum</strong></span> 
     </span>
     <span class='ocr_line' id='line_1_112' title="bbox 1361 5732 2108 5797; baseline 0 -2"><span class='ocrx_word' id='word_1_631' title='bbox 1361 5735 1575 5797; x_wconf 88' lang='lat' dir='ltr'><strong>authenticum</strong></span> <span class='ocrx_word' id='word_1_632' title='bbox 1598 5734 1785 5795; x_wconf 90' lang='lat' dir='ltr'><strong>transmittat</strong></span> <span class='ocrx_word' id='word_1_633' title='bbox 1801 5732 1982 5794; x_wconf 91' lang='lat' dir='ltr'><strong>earumdem</strong></span> <span class='ocrx_word' id='word_1_634' title='bbox 2003 5733 2108 5795; x_wconf 82' lang='lat' dir='ltr'><strong>risita-</strong></span> 
     </span>
     <span class='ocr_line' id='line_1_113' title="bbox 1361 5826 2105 5905; baseline 0 -17"><span class='ocrx_word' id='word_1_635' title='bbox 1361 5828 1495 5903; x_wconf 90' lang='lat' dir='ltr'><strong>tionum,</strong></span> <span class='ocrx_word' id='word_1_636' title='bbox 1518 5834 1552 5890; x_wconf 92' lang='lat' dir='ltr'><strong>ut</strong></span> <span class='ocrx_word' id='word_1_637' title='bbox 1573 5827 1746 5890; x_wconf 90' lang='lat' dir='ltr'><strong>innotescat</strong></span> <span class='ocrx_word' id='word_1_638' title='bbox 1761 5843 1822 5905; x_wconf 91' lang='lat' dir='ltr'><strong>quo</strong></span> <span class='ocrx_word' id='word_1_639' title='bbox 1836 5832 1923 5904; x_wconf 91' lang='lat' dir='ltr'><strong>pacto</strong></span> <span class='ocrx_word' id='word_1_640' title='bbox 1941 5826 2105 5890; x_wconf 78' lang='lat' dir='ltr'><strong>seruitium</strong></span> 
     </span>
    </p>
   </div>
   <div class='ocr_carea' id='block_1_15' title="bbox 1362 5919 2013 6000">
    <p class='ocr_par' dir='ltr' id='par_1_33' title="bbox 1362 5919 2013 6000">
     <span class='ocr_line' id='line_1_114' title="bbox 1362 5919 2013 6000; baseline -0.008 -16"><span class='ocrx_word' id='word_1_641' title='bbox 1362 5923 1473 5984; x_wconf 90' lang='lat' dir='ltr'><strong>Terrae</strong></span> <span class='ocrx_word' id='word_1_642' title='bbox 1495 5919 1624 5984; x_wconf 88' lang='lat' dir='ltr'><strong>Sanctae</strong></span> <span class='ocrx_word' id='word_1_643' title='bbox 1645 5919 1758 5981; x_wconf 88' lang='lat' dir='ltr'><strong>melius</strong></span> <span class='ocrx_word' id='word_1_644' title='bbox 1780 5935 1888 5981; x_wconf 90' lang='lat' dir='ltr'><strong>curare</strong></span> <span class='ocrx_word' id='word_1_645' title='bbox 1908 5920 2013 6000; x_wconf 90' lang='lat' dir='ltr'><strong>possit.</strong></span> 
     </span>
    </p>
   </div>
   <div class='ocr_carea' id='block_1_16' title="bbox 0 0 2376 6976">
    <p class='ocr_par' dir='ltr' id='par_1_34' title="bbox 0 0 2376 6976">
     <span class='ocr_line' id='line_1_115' title="bbox 0 0 2376 6976; baseline 0 2"><span class='ocrx_word' id='word_1_646' title='bbox 0 0 2376 6976; x_wconf 95' lang='lat' dir='ltr'><strong> </strong></span> 
     </span>
    </p>
   </div>
  </div>
 </body>
</html>
