4838 6982
853 593 858 605 “
962 615 1158 664 assumeres
1182 617 1244 663 xxv.

369 736 413 798 sit
437 736 568 799 illorum
590 737 760 817 coemptae,-
776 737 908 815 irrsuper
929 739 1005 816 qnid
1027 737 1074 801 olt-

368 831 560 893 seroundum
573 832 675 912 quood
687 847 795 894 eornm
808 849 988 904 racemorum,
1000 851 1076 912 quo·

370 923 492 998 litotes,
510 925 649 1003 ceptmen
666 926 844 996 internam,
861 931 891 986 et
909 926 1076 1006 lodulpcn-

371 1020 434 1080 tius
461 1021 514 1080 stol
546 1019 695 1094 ordiatu-
727 1020 863 1082 l'icorlt‘e
884 1020 1074 1098 Apmtottcts

369 1128 482 1174 corono
509 1120 538 1174 et
562 1113 768 1175 directionem
793 1113 1074 1177 misslouortorum

368 1205 586 1269 saecularium
608 1206 805 1269 commendat
827 1207 882 1286 (l).

330 1391 560 1460 venerabilibus
581 1392 738 1472 tratribus,
762 1391 923 1476 Episcopie
947 1391 1074 1461 llioarlte

369 1485 561 1571 apostolius,
584 1491 617 1553 et
637 1485 756 1553 otiosus
773 1484 847 1553 liliis
862 1486 1074 1554 sacerdotibus

368 1587 427 1648 tam
451 1579 662 1648 saecularibus
686 1596 772 1664 quen
799 1579 933 1648 euluevte
956 1577 1073 1647 Ordinis

368 1680 401 1741 et
424 1675 560 1754 instituti,
582 1675 672 1741 eliam
695 1671 865 1742 societatis
887 1674 964 1753 lesu,
987 1689 1074 1756 repu-

369 1767 491 1848 laribue,
515 1769 714 1836 missionariie
735 1767 912 1852 apostolicis
936 1767 1073 1850 trutina-

369 1880 470 1931 narun
492 1864 674 1943 missionum,

498 1995 742 2066 BENEDlGTUS
760 1997 818 2066 PP.
835 1997 904 2066 llll.

423 2133 622 2202 venerabiles
644 2133 772 2214 tratres,
793 2132 895 2201 dilecti
917 2132 980 2214 tilii,

362 2241 490 2310 salutem
513 2246 545 2309 et
566 2239 765 2326 apostolicam
791 2239 1040 2309 benedictionem.

103 2443 236 2504 ‚maturae
253 2441 311 2504 qna·
368 2431 576 2511 apostolicum
596 2431 818 2508 ministerium,
841 2433 921 2511 quod
941 2447 1006 2506 vos,
1023 2446 1074 2490 re·

86 2495 311 2606 {ffiffilffllssffl
330 2525 482 2587 uerabiles
511 2524 636 2599 iratres,
666 2524 768 2588 dilecti
799 2524 1074 2599 siliquastrum

86 2601 150 2698 {ffffn
179 2603 310 2702 Ἒῗξξξξζζ
329 2617 484 2679 alacritate
498 2617 686 2696 suscepistis
701 2619 772 2681 satis
793 2633 950 2696 superque
972 2618 1075 2678 admo·

87 2709 170 2752 ¹¹⁰¹¹¹=
329 2726 404 2772 uere
425 2726 479 2771 vos
494 2717 524 2772 et
539 2711 658 2772 assidue
674 2711 705 2771 in
721 2711 904 2772 memoriam
928 2725 1074 2770 revocare

328 2819 391 2865 uon
413 2802 601 2878 dubitamus,
615 2812 813 2882 praeceptum
829 2804 1074 2881 mandatumque

327 2898 465 2974 supremi
491 2905 648 2975 pastorum
683 2897 833 2974 Principis
862 2897 929 2958 lesu
958 2895 1073 2958 Christi

327 2990 487 3069 Apostolos
508 3007 579 3053 suos
602 2991 769 3066 edocentis,
793 2990 880 3052 cuius
905 2989 1010 3051 divina
1032 2989 1074 3052 lo·

327 3085 451 3160 gatione
473 3086 505 3147 iu
528 3085 718 3165 procuranda
738 3084 861 3147 aeterna
884 3084 1074 3147 christifide-

328 3178 405 3240 lium
420 3178 519 3241 salute
535 3178 707 3256 fungimini
729 3185 958 3256 cooperatores,
982 3178 1074 3240 nimi-

326 3287 398 3333 rum
420 3280 467 3348 ut,
497 3275 605 3334 mutua
633 3271 813 3350 vosmetipsi
842 3271 977 3333 invicem
998 3273 1073 3334 cari-

329 3373 391 3426 tate
414 3365 592 3442 diligentes,
609 3381 685 3444 opus
700 3365 786 3426 vobis
809 3365 986 3426 iniunctum
1002 3381 1074 3426 con-

325 3474 449 3520 sumare
474 3459 636 3535 satagatis,
666 3474 728 3537 quo
756 3457 892 3520 debitam
919 3457 1073 3521 laboribus

327 3551 436 3612 vestris
457 3549 636 3612 mercedem
657 3550 690 3612 in
719 3551 809 3612 caelis
830 3567 845 3610 a
868 3551 947 3612 iusto
970 3566 1073 3613 remu·

327 3651 471 3703 neratore
486 3641 548 3703 Deo
565 3642 705 3721 recipere
719 3641 855 3704 valeatis.
880 3642 973 3704 Nobis
987 3657 1071 3717 sane,

326 3735 379 3812 qui
402 3735 598 3812 gravissimas
618 3736 801 3797 sacrosancti
816 3735 1000 3814 apostolatus
1022 3753 1072 3798 cu-

328 3845 376 3890 ras
396 3834 426 3890 et
447 3829 589 3891 omnium
619 3828 814 3890 ecclesiarum
842 3828 1073 3891 solicitudinem

326 3929 470 3997 gerentes
486 3937 565 3999 pene
580 3922 754 3995 deficimus,
772 3921 851 3982 nibil
872 3920 1007 3984 accidere
1021 3938 1072 4001 po·

327 4021 386 4075 test
406 4013 580 4090 molestius,
604 4031 696 4094 quam
718 4031 789 4076 cum
813 4015 978 4094 accipimus
999 4017 1072 4078 seis·

325 4123 411 4168 suras
432 4123 498 4170 esse
520 4107 604 4168 inter
625 4123 697 4183 vos,
721 4115 847 4185 propter
869 4124 944 4186 quas
966 4125 1073 4187 propa·

327 4200 407 4277 gatio
429 4200 595 4262 catholicae
617 4201 688 4262 fidei
702 4209 734 4263 et
750 4200 1006 4265 Christisrdelium
1027 4218 1071 4263 sa-

138 4308 307 4370 uxssrnroruqn
326 4293 373 4356 lus
394 4295 579 4356 retardatur.
606 4295 786 4373 Eapropter,
803 4303 838 4356 ut
860 4302 1071 4374 opportunum

92 4371 308 4463 ῧῖῗεῗιζῃῗῖᾞξ
326 4395 634 4466 consentaneumque
656 4387 905 4466 praescindendis
927 4397 957 4450 et
976 4404 1072 4450 eme-

91 4468 307 4576 {ssggffffldecssssj
326 4480 377 4542 dio
398 4479 575 4542 auferendis
606 4480 753 4555 dissidiis,
780 4497 858 4559 quae
889 4481 1069 4544 iamdudum

92 4571 307 4683 flffifffflffisslt*
326 4573 408 4636 inter
428 4590 484 4636 vos
509 4581 616 4636 exorta
643 4590 732 4651 saepe
760 4573 878 4652 saepius
911 4589 1072 4653 emergere

91 4687 120 4727 ux
139 4683 211 4727 intra.
300 4662 358 4730 ’ac
380 4668 476 4745 magis
499 4667 688 4730 invalescere
714 4667 894 4746 plenissime
918 4669 997 4730 docti
1020 4685 1072 4730 ve·

325 4761 490 4822 trementer
511 4758 661 4836 dolemus
678 4767 709 4822 et
724 4761 873 4839 pristinae
894 4761 1071 4824 animorum

324 4853 503 4916 concordiae
531 4852 739 4916 conciliandae
759 4864 790 4917 et
821 4854 853 4915 iu
882 4861 1070 4933 perpetuum

324 4947 553 5010 confirmandae
580 4947 754 5010 remedium
782 4946 979 5025 aberremus,
1009 4951 1070 5027 pri-

325 5056 412 5104 mum
441 5041 567 5119 quidem
598 5056 663 5102 non
690 5039 792 5103 solum
819 5041 953 5102 exhibita
984 5043 1070 5105 nobis

325 5138 488 5217 utriusque
519 5137 613 5215 partis
644 5137 800 5198 rationum
829 5143 985 5198 momenta
1015 5151 1071 5214 per

325 5231 484 5309 nosipsos
511 5235 650 5292 accurate
675 5227 891 5308 expendimus,
918 5230 969 5291 sed
993 5244 1070 5291 non-

325 5323 422 5386 nullis
434 5325 527 5386 etiam
542 5339 636 5385 venn.
655 5321 799 5384 tratribus
815 5322 929 5384 nostris
945 5323 975 5386 S.
986 5322 1067 5384 itit.

325 5418 537 5481 Cardinalibus
549 5419 683 5497 negotiis
694 5419 949 5496 congregationis
961 5419 1069 5499 Propa-

325 5513 441 5589 gaudae
458 5513 543 5575 Fidei
562 5513 741 5592 praepositis
760 5513 961 5575 examinanda
981 5530 1068 5576 man·

324 5604 483 5682 davimus3
506 5605 616 5669 deinde
630 5621 717 5681 veru,
731 5606 839 5669 iisdem
856 5605 1068 5669 cardinalibus

324 5703 361 5765 ad
382 5718 437 5764 uos
459 5701 572 5778 cecilie,
588 5703 772 5764 eorumdem
785 5700 975 5763 sententiam
996 5715 1068 5762 con·

324 5795 491 5875 siliumque
528 5795 757 5874 requisivimus.
795 5795 876 5870 Quos
906 5800 1069 5874 postquam

1798 599 1857 666 529
1908 605 1961 658 An.
1976 607 2006 658 G.
2028 601 2096 659 1753

1133 737 1292 800 nobiscum
1315 739 1486 802 convenire
1506 747 1538 801 et
1559 741 1732 804 consentire
1755 757 1876 819 compe-

1133 831 1242 908 rimus,
1265 834 1355 908 baec,
1379 849 1457 911 quae
1484 841 1673 913 sequuntur,
1695 837 1874 911 statuimus,

1132 928 1326 992 decrevimus
1354 937 1421 992 eta
1450 928 1535 990 vobis
1565 929 1699 991 districte
1726 931 1875 992 servanda

1132 1023 1334 1101 proponimus
1355 1030 1386 1084 et
1407 1019 1600 1086 mandamns.

1171 1117 1189 1192 ἓ
1212 1118 1239 1181 l.
1265 1118 1344 1180 Cum
1365 1118 1402 1179 ab
1423 1135 1504 1180 anno
1519 1133 1741 1182 nuexxxxvnr.
1766 1121 1876 1184 «consti-
1935 1130 2051 1190 quatuor
2071 1129 2109 1174 ti·

1133 1222 1235 1278 tutum
1258 1216 1363 1291 luerit,
1379 1221 1414 1276 ut
1427 1213 1532 1276 missio
1545 1215 1712 1292 anglicana
1734 1231 1788 1294 per
1803 1232 1876 1294 qua·
1895 1181 2109 1281 ldlldddbl

1133 1317 1203 1372 tuor
1234 1307 1422 1390 apostolicos
1454 1309 1590 1373 Vicarios
1621 1310 1874 1386 administretur,
1895 1293 2109 1396 kangrlpcganaaenssiasx

1131 1404 1184 1482 qui
1216 1403 1356 1482 Episcopi
1388 1405 1419 1465 in
1450 1403 1588 1481 partibus
1617 1404 1792 1467 infidelium
1813 1405 1874 1468 exi·
1895 1395 2109 1495 gitngisoaumrm-

1131 1503 1227 1570 stant3
1251 1513 1385 1576 cumque
1399 1498 1446 1560 sui
1461 1496 1575 1559 limites
1591 1505 1622 1560 et
1636 1497 1769 1560 corrflnia
1790 1515 1875 1577 prae·
1989 1484 1994 1494 ’

1130 1591 1240 1667 scripta
1261 1590 1334 1666 siut,
1350 1592 1380 1653 ln
1396 1591 1507 1670 quibus
1529 1591 1666 1670 ipsorum
1688 1593 1875 1668 singulisne

1133 1699 1263 1748 urunere
1283 1685 1527 1763 perlongantur,
1558 1686 1638 1748 nibil
1667 1687 1797 1750 omniuo
1820 1687 1876 1749 im-

1132 1785 1271 1841 mutetur
1294 1779 1326 1840 in
1349 1779 1385 1842 iis
1400 1779 1555 1855 omnibus,
1573 1795 1651 1857 quae
1666 1780 1825 1858 pertinent
1840 1783 1875 1843 ad

1131 1872 1255 1934 eosdem
1277 1871 1412 1934 Vlcarios
1427 1873 1546 1949 apost,
1564 1888 1735 1951 eorumque
1749 1873 1876 1952 deputa·

1133 1963 1248 2026 tionem
1272 1973 1302 2027 et
1320 1964 1446 2040 limites,
1463 1982 1539 2044 quos
1554 1968 1644 2028 modo
1661 1967 1873 2030 indicavimus.

1172 2058 1239 2132 §2
1265 2059 1343 2121 Cum
1371 2056 1522 2121 nonnulla
1547 2060 1710 2120 seminaria
1732 2068 1762 2121 et
1783 2061 1877 2123 colle·
1932 2064 2041 2121 collecta
2058 2076 2108 2112 ere·

1132 2152 1178 2228 giu
1211 2151 1350 2213 instituta
1382 2153 1462 2226 sint,
1490 2151 1661 2230 exquibus
1689 2153 1874 2215 missionarii
1896 2118 2107 2234 ῧὲἷῗξτῗῖἶὶἷῖῗῖ

1131 2245 1205 2306 cleri
1220 2243 1365 2306 secularis
1382 2245 1412 2304 in
1430 2243 1574 2320 angliam
1590 2245 1773 2320 mittuntur,
1791 2246 1874 2308 nulla
1895 2225 2107 2333 ssffi'⁵,¹1¹¹,¹ffi{,⁰,⁰,¹]

1131 2337 1291 2412 diligentia
1306 2343 1335 2397 et
1350 2353 1423 2398 cura
1438 2338 1714 2415 praetermittatur,
1731 2347 1766 2400 ut
1776 2339 1875 2403 alum·
1894 2331 2107 2431 fllgglfflsssslffl

1131 2431 1164 2492 ni
1184 2431 1218 2491 ad
1240 2447 1338 2493 sacras
1360 2430 1522 2492 missiones
1542 2430 1699 2492 obeundas
1720 2433 1874 2509 destinati,
1896 2477 1901 2491 ,
2032 2421 2036 2429 ’

1131 2524 1265 2603 optimis
1276 2523 1565 2601 moribus,'pietate,
1581 2522 1720 2600 ingenio,
1737 2525 1875 2589 doctrine

1131 2625 1335 2691 exornentur,
1350 2625 1380 2679 et
1395 2623 1430 2676 ut
1452 2616 1542 2694 periti
1564 2617 1626 2678 sint
1648 2617 1680 2678 in
1696 2619 1875 2682 exercendis

1132 2708 1342 2771 iunctiouibus
1363 2708 1573 2770 ecclesiasticis
1595 2721 1625 2770 et
1647 2717 1738 2771 cantu
1759 2711 1874 2788 Grego-

1132 2802 1228 2876 riauo,
1251 2810 1404 2882 quantum
1419 2801 1485 2863 lieri
1501 2802 1626 2880 poterit,
1644 2803 1766 2864 imbuti.
1787 2804 1874 2866 Prae-

1129 2911 1178 2956 ses
1200 2893 1327 2972 Collegii
1348 2893 1513 2956 Duacensis
1528 2895 1561 2955 iu
1576 2893 1692 2971 Belgio,
1717 2895 1814 2958 literis
1825 2897 1874 2958 da·

1132 2991 1169 3051 tis
1191 2989 1240 3050 dle
1268 3005 1319 3052 xv.
1349 2987 1497 3064 ianuarii,
1528 2990 1811 3065 congregationem
1837 2992 1874 3053 de

1131 3084 1323 3164 Propagandi
1338 3083 1411 3146 Fide
1425 3083 1546 3146 sincere
1566 3083 1731 3145 certiorem
1753 3084 1825 3146 fecit
1838 3087 1875 3148 de

1130 3181 1260 3255 ratione,
1283 3195 1342 3257 qua
1364 3177 1482 3238 alumni
1505 3177 1536 3238 in
1559 3177 1715 3255 praedicto
1737 3177 1876 3255 Collegio

1131 3275 1351 3336 instituuntur.
1379 3273 1467 3335 Hisce
1489 3271 1618 3350 proinde
1647 3273 1744 3334 literis
1765 3278 1874 3351 perbo-

1130 3371 1294 3432 aurificum
1321 3383 1505 3446 responsum
1535 3365 1693 3430 redditum
1719 3366 1789 3429 luit.
1817 3367 1876 3430 Ro-

1130 3478 1198 3523 mae
1209 3460 1313 3523 existit
1323 3459 1497 3538 Collegium
1509 3459 1714 3536 anglicanum
1727 3477 1742 3520 a
1755 3459 1786 3523 S.
1797 3460 1874 3522 Tbe-

1130 3572 1179 3617 ma
1202 3561 1436 3632 nuncupatum,
1458 3569 1549 3615 curae
1570 3569 1604 3614 ac
1626 3553 1803 3632 discipliuae
1825 3569 1874 3630 pa·

1130 3655 1215 3710 trum
1236 3645 1396 3710 Societatis
1417 3647 1485 3708 lesu
1500 3647 1711 3720 commissum,
1727 3647 1815 3708 cuius
1830 3648 1876 3709 vi-

1129 3743 1305 3805 sitationem
1317 3747 1519 3820 susceperunt
1535 3740 1620 3802 iussu
1635 3739 1875 3819 praedecessoris

1130 3837 1227 3897 nostri
1250 3835 1419 3898 Clementis
1440 3833 1505 3898 Xll.
1532 3835 1594 3896 duo
1615 3831 1791 3896 Cardinales
1812 3833 1874 3894 vitai

1131 3930 1190 3990 iam
1211 3926 1322 4004 iuncti,
1339 3927 1430 3988 Davia
1452 3926 1567 3989 scilicet
1589 3935 1619 3987 et
1634 3925 1768 4000 lliviera,
1784 3925 1876 3988 susti·

1130 4023 1262 4100 uultque
1276 4021 1439 4086 Secretarii
1462 4035 1577 4082 munus
1594 4018 1761 4082 cardinalis
1777 4019 1874 4081 blouti

1129 4117 1225 4177 vitam
1246 4116 1344 4178 adbuc
1365 4131 1471 4192 agens,
1499 4114 1553 4193 qui
1579 4112 1608 4174 id
1637 4112 1783 4190 temporis
1805 4128 1874 4175 xnu-

1130 4227 1215 4272 nusa
1232 4210 1364 4274 secretis
1380 4207 1637 4285 congregationis
1651 4209 1689 4270 de
1703 4208 1875 4285 Propagan-

1129 4307 1164 4368 du
1190 4305 1263 4367 Fide
1295 4302 1431 4381 gerebat.
1465 4303 1571 4381 ltaque
1596 4301 1730 4379 plurima
1761 4307 1873 4364 statuta

1128 4398 1227 4473 luere,
1250 4397 1398 4477 peculiari
1425 4399 1547 4460 decreto
1572 4397 1687 4459 summi
1721 4396 1874 4459 Pontificis

1127 4493 1328 4566 confirmata,
1362 4489 1443 4570 quod
1469 4488 1519 4550 die
1546 4505 1660 4552 xxvur.
1689 4490 1873 4568 septembris

1128 4602 1211 4650 anno
1227 4601 1428 4648 xucexxxxx.
1445 4583 1480 4646 'in
1497 4585 1598 4647 lucem
1613 4585 1780 4647 emanavit.
1798 4582 1873 4646 San-

1128 4681 1225 4743 citum
1245 4680 1279 4742 in
1302 4680 1409 4760 primis
1430 4687 1486 4754 est,
1509 4688 1545 4740 ut
1565 4678 1674 4741 eodem
1688 4678 1720 4739 in
1736 4679 1873 4756 collegio

1128 4775 1188 4836 duo
1210 4780 1422 4852 praeceptores
1444 4773 1476 4834 in
1498 4779 1656 4851 posterum
1678 4787 1872 4834 commoren-

1129 4874 1191 4942 tur,
1215 4882 1350 4946 quorum
1372 4883 1453 4929 unus
1482 4866 1701 4929 controversiis
1729 4875 1759 4929 et
1779 4867 1871 4929 sacris

1127 4957 1293 5039 Scripturis
1305 4960 1514 5040 explanandis,
1531 4960 1608 5022 alter
1621 4960 1790 5037 theologiae
1806 4976 1871 5021 mo-

1128 5054 1183 5116 rali
1205 5053 1369 5117 tradendae
1395 5054 1609 5128 incumberet,
1634 5069 1808 5132 eorumque
1830 5053 1871 5115 le-

1126 5147 1244 5210 ctiones
1259 5146 1446 5224 anglicanae
1461 5147 1615 5209 missionis
1629 5145 1754 5209 utilitati
1770 5146 1872 5208 iurent

1127 5248 1260 5310 maxime
1271 5249 1525 5309 accommodatae.
1535 5245 1740 5321 Quamobrem
1748 5260 1872 5325 operam

1126 5357 1214 5404 suam
1235 5342 1396 5420 impendet
1418 5339 1599 5415 cardinatis,
1616 5339 1703 5402 cuius
1718 5339 1751 5400 in
1767 5337 1828 5400 lide
1842 5345 1872 5400 et

1126 5435 1295 5514 patrocinio
1306 5432 1481 5511 Collegium
1491 5449 1548 5512 pro
1565 5439 1701 5509 tempore
1711 5431 1870 5510 recipitur,

1127 5536 1161 5591 ut
1182 5528 1359 5590 executioni
1385 5528 1576 5589 mandentur
1603 5541 1682 5604 quae
1708 5525 1871 5589 eidemin

1129 5622 1305 5684 visitatione
1325 5619 1490 5682 salubriter
1511 5621 1632 5682 decreta
1657 5619 1756 5696 luere,
1779 5628 1873 5697 atque

1127 5715 1203 5777 illud
1225 5715 1257 5777 in
1274 5713 1393 5794 primis,
1407 5715 1487 5792 quod
1503 5713 1593 5791 paulo
1608 5721 1680 5776 ante
1695 5711 1870 5786 innuimus,

1125 5808 1237 5887 quippe
1249 5808 1329 5886 quod
1342 5806 1379 5868 ad
1391 5808 1484 5868 duem
1497 5806 1689 5886 propositum
1701 5806 1793 5868 unice
1804 5820 1873 5868 con·

364 6025 395 6084 (t)
411 6027 474 6074 vide
488 6025 564 6082 iutra,
580 6033 628 6076 suo
643 6025 707 6083 loeo,
722 6035 789 6082 quae
803 6033 851 6082 pro
865 6025 960 6083 anglia
972 6023 1034 6070 Pius
1048 6025 1089 6070 IX.
1106 6023 1210 6072 statuit.

430 6151 480 6196 tur.
500 6152 569 6198 Pom.
585 6150 615 6197 de
634 6152 706 6211 l’rop.
721 6151 784 6198 Fide
798 6151 879 6198 Partis
895 6153 913 6198 1.
929 6152 982 6196 vol.
998 6153 1040 6198 lli.
