4732 7014
345 547 399 600 An.
414 549 443 602 O.
465 545 531 598 1741
583 547 621 610 34

369 3128 488 3184 congreg.
505 3137 543 3174 re·

331 3189 414 3237 spons.

603 702 625 746 1.
643 681 694 746 Aa
705 691 824 750 constet
840 687 875 750 dc
890 687 1096 766 legitimitate
1108 687 1214 750 diotae
1226 685 1304 764 Spa-

564 779 640 842 odil

603 890 638 936 ιι.
663 874 712 938 Arc
724 891 825 937 canon
838 875 940 954 quoad
956 873 1224 939 cohabitationem
1235 890 1305 953 pro·

563 967 701 1030 bibitam
732 969 923 1031 monialium
949 987 1003 1032 seu
1029 970 1204 1032 mulierum
1233 985 1304 1031 rum

562 1060 726 1122 inonacbis
747 1064 966 1133 sustineatur,
998 1063 1044 1124 ecl
1067 1062 1216 1140 quamodo
1243 1078 1304 1124 mo-

562 1152 743 1216 derortdusl

601 1265 649 1310 ιιι.
674 1247 724 1311 An
756 1265 858 1312 conon
889 1247 1057 1327 prohibens
1092 1249 1305 1313 Patriarchae

561 1357 790 1420 quamcumque
811 1345 1008 1406 coactionem
1023 1343 1058 1404 in
1074 1340 1305 1406 distributione

490 1433 495 1446 '
565 1433 631 1496 ΟιιιΙ
646 1437 752 1498 sancti
764 1435 910 1513 parrochie
924 1437 1131 1499 sustineatur
1141 1442 1172 1499 et
1187 1453 1304 1500 merua·

563 1535 620 1590 tur
641 1529 934 1607 confirmationem?

602 1639 643 1682 ιν.
668 1621 718 1682 An
744 1639 845 1684 canon
867 1624 970 1700 quoad
998 1625 1207 1688 residentiam
1230 1623 1306 1702 lipi-

561 1731 726 1792 scoporum
750 1715 991 1780 Maronitarum
1008 1718 1043 1780 iu
1061 1719 1200 1796 propriis
1224 1720 1304 1781 titn-

563 1808 602 1868 lis
634 1809 840 1870 ecclesiarum
869 1810 1095 1886 episcopalium
1123 1813 1167 1872 sit
1193 1827 1305 1888 appro-

562 1898 703 1974 bandns;
724 1908 754 1961 ct
777 1901 854 1978 quid
875 1903 978 1979 quoad
1001 1904 1202 1980 apperrdioem
1227 1907 1304 1982 Spu-

562 1991 612 2054 odi
641 2009 708 2070 rap.
740 2010 823 2065 xia,
852 1995 887 2055 in
916 2011 976 2073 quo
1001 1997 1090 2058 adest
1119 1997 1233 2059 divisio
1259 2015 1305 2060 sc-

562 2087 650 2148 dinm
680 2087 906 2165 episcopalium
932 2105 1005 2150 cum
1034 2090 1195 2153 limitibus
1224 2091 1305 2154 diae-

561 2195 665 2241 cesum
705 2181 945 2244 Maroroitarum
980 2199 1036 2260 pro
1072 2182 1304 2248 distributione

561 2273 736 2336 dioecesum
758 2275 793 2336 in
820 2281 865 2337 lot
899 2273 1079 2354 Episcopis,
1103 2278 1151 2340 ito
1180 2285 1218 2340 nt
1241 2295 1301 2340 non

559 2368 682 2443 possint
705 2369 844 2430 amoueri
867 2387 886 2432 a
909 2369 1126 2432 Patriarchdl

599 2479 628 2520 v.
652 2461 702 2523 An
716 2462 760 2523 sit
777 2463 1005 2524 consulendum
1021 2463 1231 2526 Sartctissimo
1246 2481 1303 2542 pro

560 2553 787 2632 approbatione
820 2556 925 2618 dictae
962 2557 1080 2632 Spnodi
1117 2559 1215 2620 etiam
1249 2573 1304 2634 per

560 2651 656 2711 Brooc
677 2649 912 2725 apostottcnnt
939 2649 983 2711 bd
1006 2667 1084 2728 quae
1105 2667 1178 2712 sane
1199 2651 1301 2726 dubia,

560 2741 704 2804 omnibus
725 2743 830 2804 sedula
852 2743 1007 2821 expensis,
1024 2759 1078 2822 per
1093 2743 1218 2806 eosdem
1235 2747 1303 2808 Car-

560 2834 675 2895 dinales
696 2851 880 2913 responsum
903 2835 974 2897 luit.

601 2928 645 2990 Ad
668 2945 689 2987 ι.
717 2925 871 2990 Constare
886 2927 921 2988 dc
937 2929 1146 3007 legitimitate
1170 2929 1302 3006 Synodi,

562 3017 707 3082 omnibus
729 3019 999 3100 sullropantibus.

601 3115 645 3176 bd
668 3131 703 3176 ιι.
727 3112 790 3174 Pro
811 3111 1039 3204 approbatione
1061 3117 1303 3188 cainoniscitea

562 3215 668 3272 tanton
688 3204 949 3285 approbationem
970 3210 1250 3271 monasteriorum.

601 3301 645 3363 bd
668 3318 716 3361 ιιι.
741 3297 1007 3376 approbandam.-
1035 3308 1064 3362 ct
1086 3301 1127 3364 ced
1162 3302 1306 3365 Soractis·

560 3396 689 3465 sintum,
714 3395 768 3470 qui
786 3393 940 3472 dipnctur
955 3393 1020 3455 alio
1036 3393 1124 3456 miodo
1139 3395 1304 3472 procidere

560 3489 686 3550 clornino
708 3485 932 3548 Patriarchae.

599 3583 643 3644 Ad
665 3599 708 3642 ιιι.
733 3579 796 3640 Pro
827 3578 1056 3656 approbatione
1091 3584 1222 3644 castoriis
1254 3582 1303 3644 de·

558 3675 746 3738 rnarsdnntis
768 3673 978 3735 residentiam
1005 3673 1250 3752 Episcoporum:
1273 3685 1301 3738 ct

558 3769 599 3830 ad
622 3767 870 3830 Satoctissimum
893 3767 997 3845 quood
1019 3775 1169 3831 corrtenla
1191 3771 1226 3830 in
1243 3767 1303 3846 Ap·

558 3861 686 3938 perdice
702 3875 769 3937 cop.
787 3875 850 3922 ιιιι.
869 3861 903 3921 in
916 3878 977 3939 quo
997 3869 1227 3938 proponuntur
1243 3864 1304 3926 Mc·

559 3953 789 4030 tropolitorum
811 3961 840 4016 et
870 3951 1098 4030 Episcoporum
1124 3955 1303 4018 Marortitu·

558 4061 632 4107 rum
652 4045 737 4106 sedes
759 4053 788 4108 et
808 4047 938 4108 limitas.

597 4141 642 4201 Ad
663 4157 692 4199 v.
716 4137 766 4199 Ad
780 4138 1049 4212 'sanctissimum
1073 4140 1127 4218 qui
1150 4141 1303 4220 dignetur

557 4230 732 4310 approbare
760 4233 923 4310 Spnodum
951 4251 1022 4294 enm
1055 4235 1149 4296 Brevi
1172 4233 1304 4312 Aposto-

558 4327 629 4389 lico.

367 4447 493 4514 renierus,
507 4449 539 4496 d,
597 4419 665 4496 gb.
691 4421 768 4482 Hinc
790 4421 938 4500 estquod
961 4438 1028 4497 nos,
1045 4421 1098 4500 qui
1120 4422 1152 4484 in
1175 4421 1301 4483 sublimi

326 4499 538 4615 *sbffgdgffiffi'giffg
556 4516 739 4576 sacrosancti
761 4513 956 4593 Apostolatus
970 4515 1091 4593 speculi
1109 4533 1164 4593 per
1178 4516 1302 4577 divinae

344 4608 417 4709 bbnbssb
436 4615 460 4657 el
480 4621 538 4658 eon·
557 4607 705 4669 bonitatis
727 4607 949 4670 abundantiam
971 4608 1132 4670 constituti
1149 4609 1227 4670 nihil
1251 4623 1303 4686 op

557 4708 658 4763 tamus
680 4701 861 4778 impensius,
883 4717 974 4782 quam
991 4707 1026 4762 ut
1041 4717 1096 4780 per
1117 4703 1300 4764 universum

555 4793 742 4856 catholicum
770 4793 875 4855 orbem
899 4793 1151 4870 evangelizemus
1177 4804 1208 4856 et
1229 4795 1301 4871 dog-

556 4898 635 4948 mata
658 4887 845 4948 orthodoxae
867 4888 937 4950 srdei
959 4903 1068 4949 omnes
1089 4887 1301 4950 christifideles

554 4981 748 5056 edoceamus,
758 4989 788 5042 ιι
799 4981 1208 5059 ecclesiastieaedisciplinae
1217 4997 1302 5059 prae-

554 5073 1299 5150 ceptaintactasanctissirneservandacuremus3

555 5175 715 5244 eapropter
730 5168 874 5229 omnibus
887 5177 917 5228 et
932 5168 1065 5244 siugulis
1075 5167 1217 5242 dissidiis
1230 5184 1300 5230 con-

557 5261 726 5332 troversiis,
740 5261 979 5322 dissensionibus
991 5262 1164 5339 ceterisque
1175 5259 1300 5338 quibus-

554 5368 700 5432 cumque,
724 5369 800 5430 quae
822 5355 856 5416 ad
879 5353 958 5416 hauc
981 5371 1076 5434 usque
1098 5353 1182 5414 diem
1207 5369 1300 5431 super

554 5446 728 5523 praemissis
756 5447 903 5509 omnibus
931 5461 1126 5526 quocumque
1156 5454 1243 5524 paeto
1268 5453 1300 5506 et

553 5540 784 5615 quomodolibet
806 5541 935 5603 excitata
957 5541 1096 5615 luerunt,
1113 5546 1300 5617 perpetuum

552 5631 714 5694 silentium
737 5627 944 5712 imponentem
968 5650 1089 5696 necnon
1111 5633 1253 5694 omnium
1268 5639 1299 5693 ιι

554 5727 752 5801 singulorum
776 5745 866 5807 supra
896 5738 1140 5789 memoratorum
1167 5726 1298 5788 Patriar-

554 5819 638 5893 chae,
663 5821 814 5897 ablegati,
838 5820 1160 5900 archiepiscoporum,
1178 5821 1298 5900 Episco-

553 5927 666 5996 porum
677 5921 915 5992 ceterorumque
927 5914 1061 5976 nationis
1076 5914 1295 5978 Maronitarum

1082 569 1145 615 tun.
1170 567 1261 614 PONT.
1285 567 1324 610 DF.
1346 567 1374 610 P.
1399 568 1428 612 1².
1454 569 1535 614 PARS
1558 568 1578 612 Ι.

2144 549 2199 602 An.
2213 553 2242 603 O.
2263 557 2319 608 1741
2342 515 2343 578 b

1361 684 1525 748 hominum
1538 687 1617 749 votis
1631 687 1686 748 huo
1702 686 1732 749 in
1745 696 1954 768 sequentum
1969 705 2040 753 cum
2049 691 2112 752 Du-

1362 779 1448 842 mino
1469 796 1643 859 possumus,
1666 780 1875 845 favorabiliter
1896 800 2035 846 annuere
2056 802 2110 848 eo·

1362 889 1493 950 rumque
1515 874 1689 951 singulares
1711 891 1855 954 personas
1870 877 2079 955 specialibusi
2097 913 2112 926 -

1361 967 1487 1028 veribus
1508 975 1538 1029 et
1560 968 1666 1044 gratiis
1688 969 1830 1047 prosequi
1846 971 1998 1045 volentes,
2015 980 2111 1050 atque

1360 1060 1533 1137 apostolicis
1546 1061 2026 1137 laudibuscommeudanles,eta
2041 1064 2111 1144 qui-

1361 1153 1464 1216 busvis
1483 1155 1824 1230 excommunicationis,
1846 1157 2055 1235 suspensionis
2077 1167 2110 1220 et

1361 1245 1527 1319 interdicti,
1550 1245 1677 1324 aliisque
1700 1245 1910 1309 ecclmiasticis
1931 1249 2108 1324 sententiis

1360 1338 1497 1400 censuris
1519 1345 1551 1400 et
1571 1339 1689 1416 poenis,
1710 1355 1726 1400 a
1748 1340 1815 1402 inre
1837 1340 1887 1401 vel
1908 1341 1946 1402 ab
1966 1342 2108 1417 bomine,

1361 1432 1467 1509 quavis
1499 1433 1657 1496 occasione
1683 1433 1734 1495 vel
1761 1434 1848 1496 causa
1880 1433 1964 1510 latis,
1993 1436 2019 1496 si
2040 1437 2110 1515 qui-

1361 1525 1416 1588 bus
1431 1526 1662 1604 quomodolibet
1677 1526 1842 1588 innodatae
1856 1528 2004 1603 esistunt,
2017 1529 2051 1589 ad
2064 1529 2109 1590 ei·

1359 1605 1477 1682 ie'ctnm
1499 1619 1708 1698 praesentium
1735 1619 1895 1682 dumtaxat
1916 1636 2108 1698 consequen-

1360 1713 1447 1786 dum,
1469 1713 1579 1774 barum
1601 1713 1680 1774 serie
1701 1712 1893 1774 absolventes
1909 1720 1939 1773 et
1955 1714 2109 1778 absolutas

1360 1803 1426 1866 iore
1443 1813 1616 1879 censentes,
1629 1804 1903 1885 supplicationibus
1924 1809 2106 1870 eorumdem

1361 1898 1488 1960 nomine
1502 1897 1590 1960 nobis
1604 1915 1697 1976 super
1711 1898 1769 1960 hoc
1782 1898 1946 1961 humiliter
1960 1902 2109 1977 porrectis

1362 1990 1510 2064 inclinati,
1527 1991 1565 2053 de
1586 1994 1768 2053 eorumdem
1791 2007 1886 2053 venn.
1905 1991 2036 2080 fratrum
2052 2011 2107 2055 no-

1360 2091 1497 2148 strorum
1509 2085 1540 2147 S.
1552 2086 1587 2148 n.
1599 2087 1633 2148 E.
1649 2085 1859 2149 cardinalium
1874 2086 2014 2162 oonsilio,
2027 2087 2106 2165 Syn·

1360 2178 1453 2239 odum
1484 2178 1658 2240 nnisrsmodi
1682 2178 1849 2257 omniaque
1873 2187 1904 2240 et
1924 2180 2045 2256 singula
2071 2181 2105 2242 in

1361 2273 1406 2345 ιι,
1429 2280 1463 2334 ut
1486 2273 1705 2349 praemittitur,
1729 2274 1808 2334 edita
1830 2281 1953 2348 statuta,
1971 2276 2104 2349 decreta,

1360 2366 1569 2427 ordinationes
1595 2375 1626 2428 et
1653 2382 1805 2440 canonae,
1833 2368 2012 2429 auctoritate
2036 2384 2109 2446 apo·

1359 2458 1474 2532 stolich,
1492 2466 1601 2521 tenore
1614 2459 1823 2537 praesentium
1838 2461 2060 2522 confirmamus
2075 2473 2110 2524 et

1360 2553 1573 2632 approbamus,
1601 2552 1723 2630 illisque
1751 2552 1938 2615 inviolabilis
1965 2556 2108 2632 apostoli-

1360 2663 1411 2708 cae
1432 2647 1587 2708 firmitatis
1609 2646 1704 2708 robur
1725 2647 1900 2722 adiicimus3
1924 2647 1963 2709 ita
1988 2655 2104 2727 tumen,

1360 2739 1440 2817 quud
1463 2757 1517 2818 per
1539 2748 1677 2801 nostram
1704 2740 1872 2818 praedictae
1895 2741 2010 2817 Synodi
2032 2759 2105 2804 con·

1360 2834 1569 2894 firmationem
1592 2833 1669 2893 nibil
1693 2833 1874 2908 derogatum
1898 2849 1962 2894 esse
1983 2851 2105 2896 censea-

1362 2935 1411 2988 tur
1433 2926 1706 2989 constitutionibus
1734 2917 1944 2988 Romanorum
1974 2928 2104 2990 Pontih-
2152 2949 2328 3012 saisiscant-

1359 3036 1431 3081 cum
1453 3017 1720 3098 praedecessorum
1748 3026 1927 3082 nostrorum
1950 3027 1979 3081 et
2002 3021 2104 3084 deors·
2125 3003 2274 3102 ιξξζῗξῖξξξξ
2293 3015 2327 3100 ⁵¹³¹?

1360 3113 1399 3174 tis
1427 3113 1629 3174 conciliorum
1658 3114 1852 3189 generalium
1880 3131 1973 3192 super
1995 3067 2141 3179 ritibusF

1360 3214 1533 3267 oeternum
1558 3220 1828 3283 quarumcumque
1853 3205 2017 3282 nationum
2038 3209 2104 3271 sive

1359 3298 1530 3377 specialiter
1557 3299 1623 3360 sive
1656 3298 1841 3374 generaliter
1873 3299 1974 3375 iactis,
2007 3317 2103 3378 quae,

1360 3391 1585 3452 nonobstante
1613 3391 1791 3453 huiusmodi
1814 3393 2059 3469 confirmatione,
2071 3397 2103 3457 in
2197 3415 2206 3435 ·

1359 3499 1414 3546 ιιι
1440 3484 1547 3546 robore
1578 3500 1760 3562 permanere
1785 3486 1933 3562 debeant,
1961 3505 1993 3549 ac
2022 3489 2104 3552 salva

1359 3592 1480 3654 semper
1495 3578 1526 3638 in
1540 3577 1712 3654 praemissis
1724 3579 1905 3640 auctoritate
1916 3581 2013 3643 dictae
2024 3582 2105 3645 Con·
2181 3603 2210 3646 ιιι
2228 3598 2321 3646 rasuru-

1360 3671 1548 3747 gregationis
1576 3671 1790 3748 Propagandae
1818 3671 1914 3747 Fidei,
1939 3672 2033 3736 Nobis
2063 3686 2103 3736 ιι-
2124 3653 2323 3764 megrana

1358 3779 1432 3824 men
1454 3781 1486 3826 ac
1507 3765 1732 3826 successoribus
1747 3766 1859 3826 nostris
1870 3766 2016 3828 Romanis
2027 3769 2105 3831 Pon-

1359 3858 1504 3933 lisicibus,
1530 3859 1619 3920 toties
1640 3859 1760 3938 quoties
1785 3876 1861 3938 opus
1882 3859 1987 3936 fuerit,
2011 3879 2104 3941 super

1358 3952 1531 4029 praemissis
1553 3951 1696 4015 omnibus
1718 3952 1803 4030 prius
1821 3952 1981 4016 consultis.

1398 4045 1416 4118 ἓ
1440 4044 1487 4106 rb.
1505 4045 1722 4118 DecerneuteS,
1742 4045 1863 4106 easdem
1880 4055 2055 4124 praesentes
2068 4049 2102 4109 li·
2141 4069 2274 4116 crassulae
2287 4079 2326 4124 pro

1360 4145 1438 4198 teras
1459 4155 1493 4198 ao
1514 4137 1685 4215 Synodum,
1703 4137 1734 4198 in
1758 4137 1853 4216 eisque
1875 4139 1955 4200 edita
1975 4147 2101 4217 statuta,
2122 4121 2328 4230 ssffbssfsslssfffissssl

1358 4231 1579 4305 ordinationes,
1597 4232 1718 4292 decreta
1734 4238 1764 4292 et
1778 4247 1909 4292 canones
1927 4233 2102 4298 huiusmodi
2124 4231 2181 4278 ¹³¹³
2194 4237 2239 4276 ⁰¹⁶·

1357 4339 1479 4402 semper
1506 4324 1606 4398 firma,
1635 4321 1733 4385 valida
1758 4331 1789 4386 et
1814 4323 1945 4387 efficacia
1971 4326 2103 4390 existere

1358 4423 1389 4477 ιι
1413 4416 1488 4491 iore,
1515 4433 1649 4495 suosque
1673 4417 1825 4495 plenarios
1845 4427 1876 4480 et
1901 4419 2038 4496 integrus
2061 4421 2105 4482 ei-

1358 4507 1454 4573 iectus
1475 4510 1579 4571 sortiri
1601 4517 1633 4572 ct
1657 4511 1816 4586 obtinere,
1846 4529 1880 4573 ιι
1900 4512 1937 4574 ab
1958 4513 2102 4576 omnibus

1358 4611 1389 4664 et
1409 4602 1540 4680 siugulis
1561 4605 1685 4681 adquos
1706 4611 1822 4683 spectat
1837 4611 1867 4666 et
1889 4621 1944 4683 pro
1965 4613 2104 4685 tempure

1358 4695 1615 4775 quandocumque
1630 4697 1789 4775 spectabit,
1803 4698 1834 4760 in
1847 4700 1991 4761 omnibus
2007 4707 2038 4760 et
2048 4716 2104 4778 per

1357 4792 1459 4853 omnia
1472 4792 1691 4854 inviolabiliter
1702 4801 1733 4854 ιι
1745 4793 2101 4870 inconcusseobservuri;

1356 4886 1461 4964 sicque
1482 4887 1514 4948 in
1530 4886 1703 4966 praemissis
1719 4904 1773 4966 per
1787 4903 1999 4966 quoscumque
2024 4886 2103 4949 iudi·

1357 4995 1404 5040 oes
1426 4978 1596 5042 ordinarios
1612 4988 1643 5041 et
1654 4979 1820 5056 delegatos
1833 4980 1928 5042 etiam
1942 4997 2103 5042 causarum

1357 5071 1459 5149 palatii
1480 5072 1636 5150 apostolici
1657 5072 1823 5147 auditores,
1847 5073 1972 5135 iudicari
1995 5079 2025 5133 et
2051 5073 2104 5134 de·

1357 5165 1442 5226 finiri
1462 5173 1556 5244 atque
1576 5166 1776 5244 interpretari
1791 5165 1914 5241 debere,
1930 5183 1963 5228 ac
1978 5166 2103 5228 irritum

1356 5265 1387 5320 et
1400 5259 1502 5334 inane,
1513 5261 1538 5320 si
1552 5275 1639 5322 secus
1650 5276 1744 5337 snper
1760 5259 1808 5321 bis
1825 5276 1841 5320 ι
1856 5275 2024 5338 quoquam,
2037 5259 2103 5321 sive

1356 5352 2102 5433 Patriarchi,archiepiscopisetEpisoopisNatio·

1356 5445 1403 5506 nis
1414 5445 1648 5520 Maronitarum,
1662 5455 1725 5508 tam
1739 5445 1918 5521 singulatim
1932 5461 2025 5523 quam
2040 5462 2100 5507 iona

1356 5539 2101 5618 insimulconvenientibus,siveapostolicisope·

1356 5632 1454 5706 rariis,
1467 5633 1520 5709 qui
1535 5633 1572 5694 ab
1583 5633 1689 5694 eadem
1701 5632 1950 5708 congregatione
1962 5633 1998 5694 ad
2013 5648 2101 5709 quas·

1354 5740 1489 5803 cumque
1508 5726 1592 5788 urbis
1614 5735 1769 5788 terrarum
1795 5731 1896 5803 partes
1916 5725 2099 5800 mittuntur,

1354 5819 1462 5894 quavis
1474 5820 1666 5893 auctoritate,
1678 5818 1772 5880 etiam
1788 5833 1842 5897 per
1857 5821 1935 5880 bane
1947 5817 1978 5880 S.
1989 5817 2099 5881 Sedem

1354 5914 1510 5990 concessi,
1526 5913 1586 5975 nisi
1597 5927 1737 5991 expressa
1752 5912 1850 5990 quoad
1866 5910 2027 5990 Synodum
2044 5913 2100 5974 bu-

2137 3120 2221 3156 turum
2255 3111 2328 3154 natio-

2126 3173 2190 3209 num
2204 3164 2282 3208 editis.
