4820 6980
518 535 577 598 808

557 669 682 731 nonnisi
704 684 759 746 per
778 668 910 730 abusum
926 666 962 728 ab
978 665 1122 727 Armenis
1137 664 1249 726 Liber·

558 777 601 822 ne
622 761 654 828 in
677 768 769 840 portu
784 758 1047 822 commorantibus
1064 766 1246 836 usurpatum

556 854 651 916 luisse
672 855 770 916 docel.
792 853 863 915 eae.

499 945 659 1011 CLXXlV.
684 945 803 1008 Noram
823 944 1005 1020 Oucbotegii
1021 945 1121 1020 graeci
1138 943 1246 1006 editio-

557 1055 632 1102 nem
647 1055 702 1118 per
716 1039 747 1104 S.
763 1039 1050 1116 Congregatieuem
1065 1037 1145 1114 typis
1161 1053 1250 1097 man·

557 1134 660 1196 datam
688 1133 903 1195 commendat:
933 1130 993 1192 late
1020 1130 1152 1208 explicat
1173 1146 1246 1208 qua·

558 1235 628 1289 tuor
643 1226 767 1287 monito
783 1226 816 1287 in
831 1225 967 1288 editione
979 1224 1143 1302 proposita:
1160 1238 1246 1298 grae-

557 1320 583 1382 ci
605 1321 684 1382 ritus
709 1319 882 1383 Orientales
903 1334 937 1378 ea
959 1326 1080 1380 tantum
1108 1317 1153 1380 uti
1175 1317 1246 1378 bor·

557 1423 650 1476 tatur.
674 1413 742 1476 666.

500 1506 644 1572 CLXXV.
669 1507 784 1570 llesmit
807 1522 885 1584 quae
900 1505 939 1566 sit
954 1503 1119 1566 auctoritas
1133 1502 1247 1564 Proto-

557 1601 825 1662 Xrobimandritae
840 1597 977 1660 Rutbeni
992 1595 1115 1660 Ordinis
1136 1595 1168 1658 S.
1193 1596 1246 1656 Ba-

558 1695 617 1756 silii
640 1693 679 1756 M.
704 1695 735 1755 in
759 1691 923 1754 Litbuanii
944 1698 974 1753 et
996 1689 1120 1751 Pelonii
1143 1689 1175 1750 in
1192 1690 1246 1749 br-

557 1787 788 1860 cbimandritas,
811 1793 841 1846 et
865 1785 896 1846 in
924 1783 1037 1861 quibus
1070 1783 1100 1842 bi
1122 1783 1247 1844 subesse

558 1882 690 1944 debeant
711 1879 959 1958 Metropolitum,
976 1886 1006 1940 et
1028 1877 1094 1939 sive
1110 1877 1164 1954 ipsi
1180 1877 1247 1938 sive

557 1977 608 2038 alii
630 1974 775 2036 monacbi
796 1973 831 2034 ad
854 1988 928 2034 eum
943 1973 1096 2051 appellare
1112 1973 1245 2049 pessint3

558 2071 685 2150 pariter,
717 2084 796 2146 quae
823 2071 862 2128 sit
890 2067 1056 2128 auctoritas
1085 2065 1247 2143 Episcopo-

557 2180 627 2226 rum
651 2163 683 2224 in
701 2161 866 2223 monachos
881 2159 934 2238 qui
950 2175 1056 2221 curam
1070 2160 1245 2220 animarum

558 2263 716 2329 exercent,
734 2255 782 2315 vel
802 2254 979 2316 inserviunt
995 2252 1130 2314 ecelesiis
1145 2257 1247 2315 calbe-

557 2349 710 2424 dralibus3
728 2349 853 2410 tandem
868 2345 1130 2410 contendentibus
1145 2354 1247 2422 patro-

558 2452 669 2507 natum
692 2443 723 2504 in
740 2441 990 2505 nrcbimandrias
1006 2440 1147 2502 eiusdem
1161 2439 1247 2502 Ordi-

559 2538 619 2610 nis,
636 2537 756 2614 aliaque
770 2535 847 2596 circa
865 2535 942 2611 ipsas
960 2534 1151 2613 petentibus,
1170 2533 1247 2594 indi-

558 2631 599 2692 cit
621 2639 655 2692 ιιι
678 2629 743 2692 iura
767 2629 888 2707 propria
911 2643 966 2704 per
988 2627 1144 2689 Nunnium
1168 2625 1247 2704 dpe-

558 2723 703 2786 stelicum
732 2722 763 2784 S.
787 2719 858 2785 Sedi
886 2713 1148 2798 exhibeantque
1173 2721 1248 2782 baec

558 2817 748 2878 sententiam
769 2831 857 2878 suam
879 2815 1019 2893 prolerre
1048 2815 1152 2894 possit.
1175 2816 1245 2878 658.

500 2911 661 2975 CLXXlll.
688 2911 720 2972 ln
743 2908 877 2970 ecclesiis
900 2917 930 2969 et
958 2909 1142 2970 nosocomiis
1162 2909 1249 2972 Ordi-

559 3007 606 3067 nis
635 3005 768 3066 lratrum
800 3003 1076 3064 Betbelemitarum
1108 3006 1247 3065 concedit

559 3115 658 3161 unum
680 3098 775 3158 altare
791 3095 1035 3174 privilegiatum,
1053 3111 1107 3172 per
1121 3097 1248 3158 Ordina-

559 3194 619 3252 rios
641 3192 780 3253 locorum
803 3189 1040 3266 designandum.
1065 3188 1134 3251 etti.

502 3283 676 3352 CLXXVM.
701 3283 872 3346 Confirmat
893 3283 1058 3343 lieet-etum
1073 3281 1248 3358 Cortgrega-

561 3379 654 3441 tionis
682 3376 918 3450 consistorialis,
942 3393 1003 3454 quo
1031 3375 1089 3436 tuit
1117 3375 1248 3437 deelara-

560 3481 640 3546 tum,
660 3472 717 3532 sub
738 3471 896 3532 constitut.
917 3470 1091 3532 innocentii
1107 3463 1162 3530 PP.
1182 3470 1247 3532 Xll.

559 3581 653 3642 super
668 3563 940 3642 capitulationibus
951 3561 1028 3625 Sede
1042 3562 1175 3624 Vacante
1192 3564 1248 3624 ini-

561 3660 598 3720 tis
610 3655 937 3736 comprelrendietiam
950 3657 1135 3718 monasteria
1147 3666 1177 3717 et
1188 3657 1249 3718 col-

560 3751 640 3828 legia
668 3751 829 3828 utriusque
856 3765 964 3824 sexus,
993 3766 1115 3811 necnon
1142 3750 1249 3810 eadem

560 3845 783 3908 constitutione
804 3843 958 3921 prohiberi
973 3859 1185 3923 quascumque
1200 3859 1250 3921 pa·

560 3939 678 4000 ctiones
700 3944 731 3999 et
753 3937 997 4015 capitulationes,
1025 3937 1118 3998 otiam
1141 3953 1196 4014 per
1217 3953 1250 3999 se

561 4033 704 4093 bonestas
726 4038 755 4092 et
779 4029 886 4092 licitas.
910 4029 979 4092 eda.

501 4124 691 4189 CLXXVlll.
716 4125 843 4201 lesepbe
858 4121 887 4185 S.
906 4123 940 4184 ll.
960 4125 997 4186 E.
1014 4123 1167 4187 Cardinali
1185 4123 1250 4202 Spi-

562 4218 636 4279 nelli
667 4217 844 4279 facultatem
874 4218 957 4293 lacit,
985 4217 1198 4280 subscribendi
1221 4228 1251 4280 et

561 4311 686 4388 proprio
706 4311 809 4386 sigillo
832 4312 995 4372 muniendi
1017 4312 1184 4388 scripturas
1198 4329 1250 4373 ou-

562 4404 670 4482 iusque
695 4404 831 4480 generis,
865 4405 1005 4466 mandata
1029 4413 1089 4466 ete.
1117 4406 1152 4465 ad
1178 4421 1251 4490 con-

562 4504 677 4560 tractus
708 4504 737 4558 et
771 4497 894 4572 negotia
925 4499 1052 4574 quaevis
1082 4499 1249 4575 spectantia

561 4607 639 4669 quae
665 4591 740 4652 stant
768 4606 806 4652 ex
833 4592 863 4654 S.
892 4593 1076 4668 congregat.
1104 4593 1251 4669 praeseri-

563 4691 625 4761 pto.
648 4683 718 4747 666.

504 4776 665 4840 ccxxix.
690 4777 882 4839 Patriarcbac
899 4777 1198 4842 Graeco-Melcbitae
1212 4782 1251 4840 si-

562 4870 688 4945 gniticat
709 4871 961 4948 approbationem
988 4872 1250 4934 constitutionum

562 4962 798 5037 Menaenorum,
810 4972 845 5025 ut
859 4980 966 5044 supra;
983 4965 1021 5024 ab
1036 4980 1133 5042 eoque
1147 4975 1250 5043 postu-

564 5056 604 5118 lat
620 5063 653 5117 ut
668 5065 756 5118 curet
772 5072 812 5118 ne
826 5074 861 5118 ea
875 5057 1082 5134 congregatio
1098 5058 1252 5136 abaliquo

563 5158 705 5224 vexetur,
721 5151 773 5212 sed
792 5155 824 5211 ut
845 5150 1012 5228 tranquille
1028 5152 1113 5212 iusta
1128 5153 1251 5214 easdem

563 5242 801 5304 constitutiones
822 5243 885 5304 ileo
907 5242 1086 5305 famuletur.
1110 5244 1180 5307 667.

505 5335 651 5399 CLXXX.
670 5335 867 5398 Missionariis
879 5335 1001 5399 Ordinis
1014 5337 1252 5400 Carmelitarum

563 5429 596 5490 in
617 5429 730 5490 insulis
751 5429 942 5492 Americanis
964 5430 1155 5492 Francorum
1175 5430 1251 5507 Regi

562 5521 709 5584 subiectis
731 5521 916 5598 degentibus
937 5522 1115 5583 facultatem
1137 5525 1173 5586 ad
1195 5539 1249 5583 ιιι.

563 5629 661 5676 annos
682 5614 822 5677 concedit
843 5613 1038 5692 dispensandi
1058 5615 1165 5691 nigros
1179 5631 1252 5677 nee-

565 5707 676 5786 pbytos
699 5708 731 5770 in
753 5707 898 5783 gradibus
923 5709 1200 5784 consanguinitatis
1222 5717 1251 5771 et

565 5799 733 5876 allinitatis,
749 5800 880 5878 illosque
902 5801 1080 5862 absolvendi
1096 5802 1149 5880 qui
1169 5801 1201 5863 in
1217 5803 1252 5862 iis

566 5895 711 5970 gradibus
733 5895 792 5955 iam
815 5895 1039 5958 contraxerint.
1062 5893 1130 5956 668.

1108 548 1204 594 tubex
1227 549 1439 595 bdontcnndtt

1303 665 1464 728 CLXXXl.
1479 665 1644 741 Privilegia
1656 681 1671 724 a
1684 663 1970 743 praedecessoribus
1981 683 2056 728 con·

1363 775 1445 820 cessa
1473 757 1606 819 alumnis
1632 759 1811 820 sinensibus
1837 758 1958 834 collegii
1985 775 2056 836 ape·

1362 851 1461 913 stelici
1486 851 1664 914 sinensium
1685 851 1811 930 Neapoli
1827 853 2001 928 existentis,
2017 852 2054 913 ad

1362 945 1503 1007 alumnos
1526 945 1558 1005 in
1582 944 1751 1022 provinciis
1767 946 1939 1008 Turcarum
1955 947 2055 1008 domi·

1363 1037 1415 1099 nio
1438 1038 1595 1113 ingenitos
1617 1045 1648 1099 ct
1670 1038 1701 1100 in
1724 1038 1854 1116 collegio
1869 1047 2009 1118 receptos
2024 1045 2057 1100 et

1364 1139 1543 1206 recepturos
1564 1129 1718 1193 extendit.
1741 1131 1811 1194 668.

1304 1223 1480 1286 GLXXXM.
1499 1225 1697 1286 tteuttrmatts
1712 1227 1983 1302 praedecessorum
1995 1226 2055 1288 dis·

1362 1317 1567 1394 positionibus
1589 1318 1666 1379 circa
1699 1331 1858 1395 processus
1880 1319 2055 1397 inquisitio-

1362 1411 1411 1472 nis
1434 1411 1464 1474 in
1487 1411 1652 1488 qualitates
1681 1427 1803 1487 eorum,
1827 1413 1880 1491 qui
1907 1413 2057 1476 consisto·

1363 1505 1481 1566 rialiter
1513 1505 1717 1582 promovendi
1749 1513 1824 1567 sunt
1852 1506 1887 1568 ad
1911 1507 2054 1583 regimen

1362 1597 1598 1672 cathedralium,
1611 1599 1719 1659 statuit
1733 1599 1869 1676 quaesita
1882 1615 1937 1676 pro
1953 1601 2055 1662 diver·

1362 1690 1403 1750 sis
1425 1690 1561 1752 ecclesiis
1578 1691 1615 1752 ad
1630 1706 1809 1766 processum
1825 1691 2055 1756 ebermandum
2083 1767 2089 1779 ¹

1362 1800 1455 1862 super
1477 1799 1540 1858 eos,
1563 1787 1617 1862 qui
1639 1801 1654 1844 a
1678 1785 1775 1861 dung.
1801 1787 1839 1846 de
1860 1786 1891 1846 P.
1911 1787 1945 1848 ll.
1968 1803 2055 1864 pree·

1363 1877 1486 1938 delendi
1517 1887 1591 1940 sunt
1619 1879 1756 1940 ecclesiis
1777 1879 1814 1940 ab
1843 1880 1908 1942 eius
1930 1881 2058 1943 iurisdi³

1364 1970 1467 2030 ctione
1488 1971 1745 2046 dependentibus.
1770 1973 1839 2036 676.

1304 2062 1490 2127 CLXXXlll.
1513 2065 1685 2127 Corrbrmat
1700 2068 1858 2130 decretum
1877 2071 2053 2146 Congrege-

1365 2159 1457 2218 tionis
1489 2159 1659 2237 Supremae
1690 2161 1900 2238 inquisitionis
1927 2179 2056 2240 respen-

1363 2251 1466 2311 dentis
1487 2254 1522 2312 ad
1538 2252 1626 2330 plura
1642 2254 1731 2316 dubia
1748 2257 1901 2332 proposita
1918 2258 1997 2318 circa
2012 2257 2057 2318 ia-

1365 2345 1494 2406 cultates
1527 2347 1770 2409 matrimoniales
1801 2365 1973 2427 earumque
2002 2367 2054 2411 eu-

1364 2439 1538 2501 tensionem
1560 2447 1593 2501 et
1614 2457 1706 2502 usum
1733 2457 1787 2520 per
1815 2444 2055 2506 constitutiones

1364 2531 1539 2608 apostolicas
1561 2549 1717 2596 concessas
1743 2538 1931 2614 presbyteris
1953 2539 2056 2602 Socie-

1365 2627 1433 2686 tetis
1456 2627 1522 2688 lesu
1546 2626 1577 2688 in
1600 2626 1695 2688 indiis
1720 2630 1929 2693 Orientalibus
1950 2641 1981 2694 et
2001 2633 2058 2696 Oo-

1364 2719 1578 2782 cidentalibus.
1603 2723 1672 2784 675.

1306 2812 1495 2875 CLXXXll'.
1511 2816 1666 2891 Approbat
1676 2815 1809 2894 Regulas
1821 2817 1987 2880 seminarii
2000 2821 2053 2882 lta-

1365 2905 1521 2968 lo-Graecl
1544 2907 1687 2970 Panormi
1710 2910 1845 2972 instituti
1868 2921 1935 2973 turn
1954 2915 1989 2973 ad
2006 2931 2056 2975 co-

1368 3001 1472 3061 lendos
1496 3001 1600 3062 fideles
1623 3018 1747 3078 graecos
1771 3005 1801 3066 in
1823 3002 1926 3066 Sicilia
1942 3008 2056 3085 degen-

1367 3105 1423 3167 tes,
1448 3102 1513 3156 tum
1536 3095 1572 3154 ad
1596 3097 1757 3158 missiones
1773 3099 1855 3161 iussu
1873 3099 1904 3163 S.
1918 3101 2057 3178 Congre-

1366 3189 1498 3260 gatienis
1522 3188 1553 3250 in
1575 3189 1703 3252 Oriente
1725 3195 1922 3254 exercendas.
1943 3194 2011 3257 686.

1307 3279 1482 3345 CLXXXV.
1508 3280 1714 3344 Patriarcbam
1737 3283 1872 3346 electum
1890 3289 2054 3349 Antioche-

1367 3394 1423 3439 nae
1439 3377 1574 3439 nationis
1591 3379 1767 3440 Maronitar.
1786 3381 1959 3443 cuntirrnat.
1983 3382 2052 3444 686.

1307 3471 1494 3536 CLXXXVI.
1521 3471 1652 3534 Pallinm
1678 3473 1868 3535 Patriarcltae
1893 3476 2056 3538 butiecbe-

1367 3583 1407 3626 no
1428 3565 1563 3626 nationis
1577 3565 1796 3628 Maronitarum
1814 3569 1926 3630 Tobiae
1941 3570 2055 3632 Gazeni

1365 3658 1515 3720 coneedit.
1539 3659 1607 3722 683.

1308 3750 1507 3816 CLXXXVM.
1526 3753 1645 3815 Mindat
1658 3755 1848 3818 Patriarcltae
1861 3758 2055 3820 bntiocbeno

1367 3845 1588 3908 Maronitarum
1611 3855 1645 3909 ut
1667 3849 1788 3925 proprii
1809 3855 1840 3911 et
1854 3847 1884 3911 S.
1903 3850 1989 3914 Sedis
2004 3870 2056 3916 au-

1366 3940 1519 4012 ctoritate,
1543 3940 1651 4002 delatis
1675 3943 1749 4003 actis
1772 3944 1903 4020 Capituli
1929 3961 2056 4020 genera-

1368 4032 1404 4093 lis
1420 4049 1434 4091 a
1452 4034 1704 4110 Gongregatione
1718 4035 1882 4098 Libanensi
1895 4038 2058 4100 Monacbe-

1368 4143 1437 4187 rum
1461 4143 1510 4187 an.
1536 4145 1686 4190 nncoctv.
1722 4131 1879 4204 celebrati,
1911 4132 2056 4210 impediat

1367 4222 1553 4283 divisionem
1575 4223 1714 4284 eiusdem
1745 4225 2003 4299 Congregaueuts
2024 4226 2056 4286 in

1367 4315 1548 4392 bleppinam
1572 4326 1602 4378 et
1624 4317 1848 4395 libanensem3
1871 4332 1988 4380 nevum
2011 4319 2058 4380 in-

1366 4423 1461 4486 super
1479 4409 1648 4485 capitulum
1666 4411 1812 4484 celebret,
1828 4412 1878 4472 cui
1895 4413 1957 4488 ipse
1973 4430 2056 4492 prae·

1366 4501 1473 4577 sideat,
1497 4501 1643 4563 absolutis
1671 4505 1830 4566 monacbis
1854 4505 2058 4569 inobedienti·

1369 4595 1434 4670 bus,
1468 4596 1529 4670 vel,
1552 4595 1576 4656 si
1600 4596 1777 4675 Capitulum
1808 4600 1876 4676 (cogi
1908 4609 2055 4676 nequeat,

1368 4691 1432 4768 ipse
1453 4687 1546 4764 eligat
1569 4689 1718 4751 nutarem
1741 4692 1920 4766 generalem
1938 4701 1969 4753 et
1984 4694 2058 4754 deb-

1367 4783 1496 4854 nitores,
1512 4799 1527 4842 a
1542 4785 1654 4861 quibus
1670 4783 1780 4862 reliqui
1796 4785 1927 4846 ubbates
1942 4785 2057 4862 eligan-

1370 4885 1432 4950 tur,
1456 4875 1577 4937 indictis
1600 4878 1706 4954 poenis
1728 4878 1759 4938 in
1781 4887 1961 4940 renuentes.
1986 4879 2054 4942 686.

1291 4968 1526 5051 6666106616.
1551 4970 1714 5031 Menacbes
1736 4969 1901 5032 Maronitas
1922 4973 2059 5048 Congre-

1368 5063 1501 5138 gatiouis
1534 5063 1715 5126 Libanensis
1745 5065 1781 5126 ad
1809 5064 2005 5127 concordiam
2027 5073 2057 5128 et

1369 5156 1522 5218 unitatem
1555 5167 1689 5230 revocat,
1712 5173 1826 5236 eosque
1858 5161 2001 5220 bortatur
2022 5161 2057 5222 ad

1368 5250 1541 5326 parendum
1573 5249 1765 5312 Patriarcbae
1788 5253 1818 5312 in
1841 5251 1878 5312 iis
1899 5269 1979 5330 quae
2001 5253 2058 5330 ipsi

1368 5341 1509 5402 mandata
1544 5349 1619 5404 sunt
1651 5357 1706 5420 per
1739 5346 1958 5407 antecedentes
1990 5345 2059 5407 lite-

1369 5451 1427 5495 ras.
1450 5434 1520 5496 688.

1310 5526 1499 5591 CLXXXlX.
1524 5529 1644 5592 Missam
1673 5530 1877 5606 celebrantes,
1899 5539 1952 5594 aut
1982 5533 2055 5594 side·
2090 5603 2092 5606 .

1369 5618 1447 5680 lium
1475 5620 1684 5682 confessiones
1706 5621 1907 5699 excipientes,
1933 5624 1968 5685 ad
1991 5639 2059 5702 pre-

1368 5711 1542 5789 seperatus
1554 5715 1696 5775 ordinem
1712 5731 1774 5775 non
1787 5717 1932 5792 premoti,
1945 5717 2058 5794 quibus

1369 5805 1476 5882 poenis
1503 5820 1543 5865 eu
1568 5822 1727 5869 sacrorum
1756 5823 1914 5870 canonum
1935 5817 1967 5869 et
1988 5823 2056 5886 apo-

1368 5896 1547 5958 stolicarum
1578 5897 1839 5960 constitutionum
1870 5901 2058 5979 praescripto
