4764 6972
34 359 36 402 l

34 449 36 482 1

34 629 35 632 ,
91 587 128 638 13.
138 581 161 632 C.
178 573 239 626 1744

34 635 36 708 F
265 706 351 768 nobis
373 707 541 770 reddidisse
566 707 819 783 benevolentiae,
842 708 1011 772 solicitudi-

264 799 324 873 nis,
345 799 559 876 benignitatis,
592 817 651 878 qua
679 801 787 878 utique
809 808 936 878 gentem
958 817 1009 864 ve-

34 1283 36 1314 Ι

263 899 359 954 stram
380 893 627 972 complectimur.

116 991 245 1046 13333333
303 985 378 1060 §S
408 985 500 1050 Sacro
530 994 672 1064 praetere
701 986 798 1048 Pallio
828 987 1010 1050 donavimus

85 1045 246 1144 ⁹⁰⁰⁶*⁶¹¹¹¹'⁹{¹0'
264 1081 365 1158 ipsum
377 1080 582 1142 Patriarcbam
597 1088 738 1142 vestrum
754 1079 916 1143 Simonem
931 1081 1010 1142 Evo-

159 1103 172 1147 3

84 1111 245 1262 ffifgffi'
263 1173 362 1248 diurn,
385 1181 561 1236 annuentes
583 1175 695 1235 vestris
709 1174 864 1252 precibus,
887 1190 962 1252 quas
980 1180 1010 1235 et

34 1279 35 1282 ’
263 1266 316 1328 1113
338 1283 393 1344 per
419 1272 651 1345 procuratorem
678 1283 771 1330 suum
798 1268 947 1330 dilectum
975 1267 1010 1326 n-

262 1360 340 1422 lium
349 1359 513 1436 losepbum
522 1358 698 1422 Simonium
708 1363 914 1423 assemanum
927 1376 1010 1438 prae·

34 1459 35 1472 ³
262 1453 362 1514 latum
374 1461 519 1514 nostrum
534 1451 739 1515 domesticum
755 1453 842 1514 nobis
857 1452 1008 1514 exhibuit.

34 1503 36 1580 7
261 1545 459 1608 Fabultatem
470 1544 564 1606 simul
580 1545 607 1608 ei
624 1546 815 1608 contulimus
831 1545 1012 1624 impertien-

262 1639 293 1701 di
314 1653 371 1717 per
392 1653 436 1712 se,
457 1645 510 1699 aut
531 1653 587 1716 per
608 1638 704 1701 alium
725 1639 890 1716 episcopali
911 1637 1010 1712 digni-

262 1737 325 1793 tate
345 1730 534 1807 lulgentem,
548 1731 659 1792 dilecto
681 1731 764 1792 clero
779 1740 809 1792 et
824 1731 937 1810 populo
951 1730 1010 1792 Ma·

261 1825 452 1899 rouitarum,
465 1839 639 1902 eorumque
653 1823 806 1897 domibus,
819 1824 912 1899 agris,
925 1839 1010 1901 prae-

34 1951 36 1990 1
261 1916 321 1979 diis
337 1925 375 1979 et
395 1917 485 1978 bonis
512 1917 762 1994 quibuscumque
786 1916 920 1978 solemni
946 1918 1009 1978 ritu

34 2019 36 2114 1
260 2009 361 2072 semel
389 2009 657 2091 benedictionem
681 2009 716 2070 iis
744 2025 819 2071 vero
845 2011 1011 2088 utriusque

34 2115 36 2122 '
260 2121 367 2178 sexus,
383 2105 451 2182 qui,
466 2119 520 2183 per
540 2103 753 2165 Poenitentiae
774 2100 1010 2165 Sacramentum

34 2129 36 2280 Ι
261 2215 278 2258 a
300 2199 432 2276 peccatis
458 2198 569 2274 expiati
592 2204 623 2258 et
650 2196 841 2259 sanctissima
865 2197 1010 2258 Euchari-

34 2281 36 2370 l
260 2291 320 2352 stia
341 2291 462 2366 reiecti,
485 2290 693 2352 benedictioni
720 2289 899 2351 huiusmodi
924 2306 1010 2368 prae·

260 2395 367 2448 sentes
389 2383 604 2460 interfuerint,
621 2391 656 2445 ut
678 2383 846 2462 plenariam
868 2384 1010 2444 omnium

34 2467 36 2522 ῗ
261 2489 462 2558 peccatorum
493 2494 622 2540 suorum
643 2477 873 2553 indulgentiam
903 2478 1010 2538 eadem

261 2572 426 2651 apostolica
445 2571 628 2632 auctoritate
639 2578 744 2632 nostra
756 2569 861 2646 largiri
873 2571 966 2648 possit
977 2587 1011 2632 ao

262 2664 375 2726 valeat.
389 2665 531 2728 Caeteros
542 2671 698 2741 praeterea
711 2662 921 2740 indulgentias
935 2664 1011 2724 iam-

261 2757 386 2836 pridem
408 2755 526 2819 nationi
542 2762 660 2816 vestrae
677 2755 815 2831 legitima
829 2757 1010 2818 auctoritate

261 2867 422 2916 concessas
444 2849 631 2912 nominatim
653 2849 918 2910 confirmavimus.

34 2981 35 3008 l
90 2956 242 3018 1133331313
302 2947 323 3022 ς
343 2947 375 3008 3.
398 2943 521 3005 Habetis
542 2941 639 3018 igitur
651 2951 797 3019 paternae
811 2942 945 3004 caritatis
956 2959 1012 3004 no-

82 3017 244 3120 {1⁰{i‘2¹⁵¹⁰‘¹⁰²¹‘
260 3048 344 3101 strae
367 3043 554 3116 perpetuum
570 3044 831 3110 monumentnm3
854 3035 903 3097 cui
919 3037 1011 3098 decus

260 3149 295 3195 33
317 3131 530 3194 celebritatem
551 3127 645 3201 addit,
660 3126 741 3203 quod
764 3127 838 3189 11333
858 3127 963 3188 313313
978 3129 1010 3189 13

261 3224 448 3289 consistorio
468 3221 569 3300 palam
590 3220 781 3299 peregimus,
804 3221 891 3298 plura
913 3220 1012 3283 ibide

261 3325 367 3381 vestra
388 3318 421 3377 in
444 3313 651 3393 Apostolioam
678 3309 791 3374 Sedem
817 3309 1011 3376 observa'ntia

34 3405 36 3466 ἰ
89 3429 242 3477 1333333333
262 3411 438 3474 honorilice
460 3407 591 3486 loquuti.
617 3405 763 3468 Vestrum
785 3406 877 3468 modo
898 3408 948 3482 sit,
962 3405 1012 3468 be·

34 3479 36 3586 ξ
81 3485 243 3584 ffiffiff‘*
261 3505 412 3568 nedcium
435 3508 580 3564 nostrum
601 3500 694 3574 tueri,
708 3499 813 3578 positis
834 3500 1012 3562 animorum

34 3589 36 3624 ¹
261 3596 437 3670 discordiis,
452 3593 661 3671 catholicaque
671 3591 837 3668 religione,
850 3595 930 3671 quod
942 3593 1011 3655 1133-

260 3699 357 3752 tenus
378 3696 517 3750 accurate
538 3686 665 3760 lecistis,
684 3685 890 3761 integerrime
913 3695 1012 3748 custo-

260 3783 336 3846 dita.
361 3783 447 3857 Quod
469 3788 505 3842 ut
525 3779 656 3842 alacrius
676 3779 846 3857 peragatis,
870 3780 1012 3857 apostoli-

261 3893 330 3940 cam
350 3872 603 3937 benedictionem
624 3871 723 3947 vobis,
743 3872 938 3934 venerabiles
953 3873 1012 3934 lra-

261 3978 339 4044 tres,
362 3966 539 4043 vestrisque
561 3965 707 4041 gregibus
734 3975 934 4044 peramanter
954 3966 1013 4028 im·

261 4063 431 4142 pertimur.

303 4159 417 4218 batum
440 4152 572 4226 Romae,
601 4153 680 4230 apud
705 4152 736 4216 S.
765 4152 892 4215 Mariam
920 4153 1012 4216 Maio-

223 4247 228 4254 '
260 4264 343 4322 rem,
365 4247 423 4308 sub
444 4245 560 4307 annulo
581 4245 754 4320 Piscatoris,
777 4245 826 4308 die
853 4261 1011 4323 133333-

260 4344 303 4404 sti
325 4355 513 4411 xmrrcmm,
536 4337 729 4417 pontificatus
751 4339 947 4401 3331113333
967 4357 1010 4400 xv.

606 4619 668 4682 Ltl.

265 4809 490 4888 Indulgentiae
500 4808 667 4886 plenariae
681 4807 838 4867 concessio
858 4811 1012 4882 perpetua

304 4902 341 4961 in
364 4898 511 4962 omn-ibes
533 4900 673 4960 ecclesiis
696 4900 842 4961 nationis
870 4899 1014 4962 Maroni·

306 4999 429 5064 torem,
454 4994 487 5058 in
509 4995 590 5073 festo
606 4991 637 5055 S.
654 4991 798 5057 Maronis
820 4989 947 5054 obbatis
962 4991 1013 5053 die

305 5084 615 5168 mmmmm

439 5251 684 5322 senioretus
700 5253 843 5322 ΡΡ.11111.

407 5377 445 5445 ad
466 5377 597 5445 13131311
620 5377 664 5444 131
687 5377 869 5446 memorien.

96 5565 163 5615 33133
175 5573 245 5620 raro
305 5553 423 5631 Inclyta
450 5553 673 5616 Maronitarum
700 5555 737 5616 de
763 5553 932 5615 orthodoxa
953 5552 1014 5614 fide

86 5618 165 5669 ”mm
264 5655 297 5708 et
317 5647 493 5709 obedientia
515 5646 705 5724 spostolicae
725 5646 798 5708 huic
820 5643 949 5707 Sanctae
961 5642 1014 5707 Se-

265 5738 298 5800 di
317 5739 418 5802 debita
438 5754 562 5818 semper
588 5747 751 5816 tantopere
777 5738 887 5799 merita
914 5737 1011 5812 natio,

895 591 1093 637 beneolentis
1114 589 1179 636 xtv.

1741 578 1797 656 159
1848 578 1902 630 nn.
1917 579 1947 630 o.
1970 579 2039 632 1744

1067 709 1124 770 etsi
1140 709 1291 786 praeclara
1305 709 1392 770 omni
1409 716 1550 789 tempore
1561 729 1633 774 suae
1645 728 1717 789 erga
1733 729 1815 775 eam-

1066 800 1138 862 dem
1150 801 1355 879 Apostolicam
1367 800 1478 865 Sedem
1495 807 1689 868 reverentiae
1710 821 1818 868 exem·

1067 893 1114 969 pla
1130 894 1293 972 praestitit,
1311 896 1395 957 unde
1411 898 1559 959 maiorem
1576 899 1633 960 sibi
1647 917 1663 960 a
1679 901 1816 962 romanis

1067 986 1264 1062 pontificibus
1292 989 1576 1066 praedecessoribus
1605 992 1718 1055 nostris
1747 1009 1815 1070 gra·

1067 1080 1182 1140 tiarum
1204 1080 1320 1158 copiam
1338 1083 1545 1160 comparavit3
1564 1083 1638 1146 adeo
1651 1093 1754 1148 tamen
1767 1087 1816 1150 in-

1068 1173 1158 1248 signe
1172 1181 1218 1235 est
1233 1173 1332 1236 tidelis
1360 1177 1594 1254 constantisque
1620 1178 1814 1243 obedientiae

1065 1281 1138 1325 3333
1169 1273 1410 1350 argumentum,
1433 1268 1513 1346 quod
1526 1273 1637 1347 ‘nuper
1657 1273 1813 1348 supremis

1067 1360 1181 1420 nostris
1209 1359 1360 1422 mandatis
1389 1359 1632 1439 obtemperando
1657 1365 1812 1438 exhibuit,

1067 1459 1101 1514 ut
1123 1452 1347 1515 luculentiores
1358 1454 1539 1531 apostolicae
1560 1457 1752 1519 auctoritatis
1763 1457 1815 1519 be·

1067 1545 1292 1622 nigritatisque
1313 1555 1437 1608 nostrae
1461 1544 1583 1610 lavares
1605 1549 1673 1611 iure
1694 1565 1727 1612 ae
1748 1566 1813 1612 me-

1067 1637 1127 1698 rito
1149 1638 1323 1714 promereri
1345 1639 1498 1702 videatur.

1104 1732 1124 1806 ς
1147 1731 1173 1792 1.
1200 1732 1279 1794 Cum
1294 1733 1398 1811 itaque
1412 1749 1483 1795 ven.
1498 1734 1594 1798 lrater
1608 1734 1716 1799 Simon
1731 1741 1813 1801 eius·
1852 1755 2045 1820 1333133331-

1067 1826 1137 1888 dem
1159 1825 1294 1886 nationis
1315 1826 1488 1889 Patriaroba
1506 1829 1708 1892 antiochenus
1724 1834 1812 1895 nobis
1831 1809 1941 1918 ξζῖἰῗξέε
1953 1821 2045 1910 13ιὲξῖ

1066 1917 1228 1980 humiliter
1253 1918 1425 1997 supplicare
1452 1919 1572 1995 iecerit,
1599 1930 1634 1984 ut
1661 1924 1812 2003 plenarias
1831 1916 2044 1972 ⁸¹⁰⁹¹⁶¹¹³¹¹ffl⁵¹¹·

1831 1967 1980 2025 dulgentiam
1992 1971 2045 2017 iem

1067 2009 1289 2088 indulgentias,
1323 2021 1518 2088 peecatorum
1547 2014 1756 2093 remissiones,
1780 2035 1811 2080 ac
1830 2032 1962 2068 concessae
1983 2023 2045 2069 visi-

1066 2105 1333 2181 poenitentiarum
1355 2103 1571 2180 relaxationes,
1594 2125 1669 2186 quas
1691 2125 1746 2188 per
1768 2112 1814 2173 bi·
1831 2075 2045 2185 339ὴῆἶῖῗὲξῖ
2121 2128 2132 2148 ·

1066 2213 1120 2258 333
1141 2196 1212 2258 31133
1240 2196 1418 2274 apostolicas
1440 2198 1472 2259 in
1499 2200 1594 2261 simili
1615 2200 1712 2268 torma
1741 2205 1812 2266 Bre-
1829 2181 2045 2284 fflfflrnffgfiffl

1068 2291 1113 2350 vis
1136 2289 1239 2351 literas
1260 2298 1329 2351 turn
1351 2290 1401 2352 die
1422 2306 1474 2352 xv.
1496 2293 1612 2354 mensis
1633 2297 1738 2371 aprilis
1759 2315 1830 2360 ans

1067 2398 1108 2444 no
1129 2397 1344 2457 uneexxxrv.,
1367 2391 1436 2446 tum
1456 2385 1507 2446 die
1533 2387 1682 2462 vigesima
1713 2391 1812 2468 prima

1068 2475 1185 2538 mensis
1205 2477 1337 2538 ianuarii
1360 2493 1442 2539 anno
1469 2493 1607 2540 1133313.
1638 2481 1733 2557 datas,
1756 2485 1810 2547 tel.

1067 2567 1186 2630 record.
1220 2568 1365 2632 Clemens
1391 2570 1468 2648 Papa
1499 2570 1564 2633 1111.
1597 2577 1813 2650 praedecessor

1068 2669 1174 2722 noster
1194 2661 1341 2724 omnibus
1363 2661 1526 2740 utriusque
1554 2681 1646 2728 sexus
1667 2667 1812 2731 christili-

1067 2753 1187 2816 delibus
1209 2770 1284 2816 vere
1306 2755 1539 2833 poenitentibus
1560 2766 1592 2820 et
1612 2759 1759 2823 confessis
1779 2781 1813 2826 33

1066 2864 1149 2908 saera
1171 2847 1368 2910 Comunione
1390 2849 1522 2924 relectis,
1539 2850 1592 2928 qui
1613 2852 1746 2928 singulis
1760 2871 1815 2917 33-

1068 2941 1127 3015 313,
1151 2941 1200 3002 die
1222 2956 1266 3000 rx.
1291 2941 1407 3003 mensis
1433 2941 1598 3017 februarii,
1622 2945 1655 3006 in
1683 2947 1812 3024 quadie

1068 3035 1146 3111 apud
1158 3032 1323 3095 Maronitas
1338 3034 1453 3096 testum
1469 3034 1572 3099 Sancti
1583 3037 1716 3100 Maronis
1728 3057 1814 3118 prae-

1068 3127 1150 3203 cipui
1173 3127 1293 3204 patroni
1315 3126 1455 3188 eiusdem
1476 3129 1611 3192 nationis
1624 3132 1812 3210 celebratur,

1068 3235 1084 3279 a
1105 3219 1213 3296 primis
1235 3219 1372 3296 vesperis
1393 3236 1493 3299 usque
1514 3223 1550 3284 ad
1571 3239 1712 3286 occasum
1741 3226 1813 3289 solis

1068 3312 1128 3373 diei
1151 3311 1340 3389 huiusmodi,
1368 3313 1508 3375 ecclesias
1536 3319 1761 3380 monachorum
1782 3329 1814 3382 et

1069 3404 1254 3467 monialium
1275 3405 1398 3467 Ordinis
1420 3406 1525 3470 Sancti
1546 3411 1676 3472 Antonii
1697 3413 1813 3474 abbatis

1069 3498 1356 3575 Congregationum
1380 3510 1446 3562 tum
1466 3502 1579 3562 Montis
1601 3503 1720 3579 Libani,
1746 3514 1812 3568 tum

1069 3590 1100 3653 S.
1125 3591 1217 3652 isaiae
1239 3591 1404 3666 dictarum,
1432 3592 1544 3656 devote
1572 3595 1759 3673 visitassent,
1782 3606 1814 3661 et

1069 3686 1112 3747 ibi
1133 3701 1187 3763 pro
1214 3685 1456 3747 christianorum
1480 3687 1658 3767 principum
1686 3707 1815 3753 concor-

1069 3778 1128 3853 dia,
1152 3779 1315 3839 haeresum
1335 3779 1543 3856 extirpatione
1564 3789 1596 3842 et
1610 3781 1739 3844 Sanctae
1754 3783 1815 3845 Ma-

1070 3871 1124 3932 tris
1147 3870 1298 3932 Ecclesiae
1309 3871 1497 3934 exaltatione
1511 3873 1573 3951 pias
1588 3877 1623 3936 ad
1637 3875 1816 3955 1133311113-

1068 3980 1117 4026 ces
1138 3964 1332 4039 effudissent,
1353 3967 1509 4042 perpetuis
1530 3966 1645 4028 tuturis
1668 3972 1815 4048 tempori·

1069 4057 1125 4119 bus
1147 4057 1293 4119 valituras
1314 4065 1518 4134 concesserat,
1536 4068 1567 4122 et
1581 4077 1654 4139 quas
1671 4078 1727 4123 nos
1739 4080 1815 4141 quo·

1069 4165 1129 4227 que
1150 4165 1207 4228 pro
1234 4150 1428 4227 patriarchali
1455 4151 1580 4213 ecclesia
1606 4157 1814 4218 concessimus

1069 4251 1100 4304 et
1131 4243 1363 4321 ampliavimus,
1399 4245 1434 4306 ad
1471 4259 1580 4306 omnes
1615 4256 1646 4308 et
1673 4247 1814 4324 singulos

1069 4335 1234 4413 utriusque
1256 4336 1331 4398 cleri
1352 4337 1516 4399 saecularis
1538 4347 1569 4400 et
1590 4340 1742 4416 regularis
1762 4359 1816 4404 na·

1070 4429 1163 4490 tionis
1193 4429 1417 4491 Maronitarum
1448 4440 1563 4493 erectas
1591 4442 1623 4494 et
1653 4434 1815 4510 erigendas

1068 4522 1209 4586 ecclesias
1230 4523 1378 4601 ampliare
1393 4525 1431 4586 de
1445 4525 1637 4602 benignitate
1652 4528 1815 4607 apostolica

1069 4617 1288 4692 dignaremur:

1108 4709 1176 4785 §2-
1200 4707 1262 4770 Nos
1294 4709 1392 4786 igitur
1418 4711 1477 4789 piis
1508 4711 1646 4774 eiusdem
1678 4712 1815 4778 Simonis

1069 4802 1258 4882 patriarchae
1279 4803 1360 4864 votis
1382 4803 1437 4864 bac
1457 4804 1489 4866 in
1511 4821 1556 4880 re,
1572 4815 1728 4883 quantum
1742 4823 1814 4870 cum

1069 4897 1200 4957 Domino
1227 4911 1407 4974 possumus,
1431 4898 1567 4974 benigne
1593 4915 1735 4962 annuere
1761 4917 1816 4962 vo-

1859 4734 2000 4781 concessio.

1069 4991 1182 5064 lentes,
1213 5004 1350 5068 eumque
1371 5008 1386 5051 a
1411 4991 1572 5070 quibusvis
1600 4994 1818 5055 excommuni-

1069 5083 1208 5156 cationis,
1232 5084 1443 5161 suspensionis
1454 5093 1485 5145 et
1500 5085 1669 5160 interdicti,
1685 5085 1816 5164 aliisquo

1069 5175 1280 5237 ecclesiasticis
1301 5177 1478 5251 sententiis,
1495 5179 1634 5240 censuris
1656 5186 1686 5239 et
1708 5178 1815 5256 poenis

1070 5285 1086 5330 a
1107 5269 1176 5330 iure
1196 5261 1247 5330 ‘vel
1268 5267 1305 5329 ab
1319 5268 1445 5330 bomine
1467 5270 1575 5348 quavis
1590 5271 1750 5331 occasione
1765 5271 1817 5334 vel

1070 5377 1157 5423 causa
1180 5362 1258 5438 latis,
1280 5363 1439 5441 siquibus
1467 5362 1699 5440 quomodolibet
1726 5365 1816 5425 inno·

1070 5455 1158 5517 datus
1179 5455 1295 5529 existit,
1311 5457 1347 5517 ad
1363 5455 1507 5516 ellectum
1522 5457 1734 5532 praesentium
1750 5466 1816 5520 tan·

1071 5556 1140 5609 tum
1174 5548 1444 5626 consequendum,
1474 5549 1586 5611 barum
1617 5551 1698 5612 serie
1718 5551 1816 5613 absol-

1070 5649 1180 5703 ventes
1201 5651 1231 5702 et
1256 5641 1434 5702 absolutum
1456 5640 1520 5702 lore
1546 5651 1723 5719 censentes,
1746 5661 1817 5723 sup-

1071 5733 1286 5812 plicationibus
1308 5734 1373 5796 eius
1396 5734 1523 5795 nomine
1544 5736 1633 5797 nobis
1652 5739 1818 5816 superbae

307 5950 338 6008 (1)
352 5952 390 5997 lix
403 5955 466 6009 xpp.
480 5949 514 5998 ad
527 5949 592 5997 Bull.
607 5953 681 5997 Pont.
696 5953 753 5997 Sao.
767 5953 860 6007 congr.
875 5949 907 5996 de
920 5952 995 6007 Prop.
1011 5949 1081 5995 Fide.
1096 5952 1168 5998 Tem.
1183 5952 1223 6004 11..
1237 5959 1295 6006 pag.
1312 5948 1358 5993 106.
