4708 6978
874 561 1071 612 nnubntcnus
1093 563 1159 612 ΚΝ.

583 681 646 748 XC.

241 869 393 934 nectarco
406 878 436 932 et
449 861 753 936 deceroto'tudaeum
765 871 806 933 cd
814 869 906 949 fidem
917 885 989 932 can·

282 979 410 1026 aersnni
430 980 519 1042 posse
548 979 644 1026 suum
671 965 833 1041 infantem
854 963 901 1025 ael
931 963 988 1024 im-

281 1055 430 1134 puberem
458 1057 608 1138 reii'pioni
628 1057 829 1120 christianae
850 1057 988 1120 initian·

280 1153 356 1214 dum
378 1151 500 1230 offerre,
517 1152 592 1214 licet
613 1156 717 1214 mater
732 1151 849 1214 iudaea
869 1151 987 1213 dissen-

282 1243 364 1316 tiat,·
385 1245 526 1324 idipsum
548 1245 716 1308 dicendum
731 1245 767 1306 de
782 1253 898 1318 niatre,
925 1245 987 1306 dis·

279 1340 437 1402 sentiente
458 1341 578 1402 merito
601 1339 714 1402 iudaea
736 1339 791 1419 (l).

264 1523 437 1596 teneiibttt
459 1525 548 1594 tratri
571 1525 806 1610 trohiepisoopo
829 1520 958 1592 tarsen.

500 1618 727 1704 ttioesperenti,

399 1805 643 1878 eeueotctus
668 1807 728 1875 ΡΡ.
752 1807 823 1878 titt.

454 1995 644 2066 Venerabilis
665 1997 774 2077 trater,

272 2092 402 2160 satutem
425 2097 456 2160 et
477 2091 676 2176 apostolicam
702 2091 951 2160 benedictionem.

26 2279 28 2356 l
60 2287 220 2386 ifflgmldpun
279 2284 300 2359 5
322 2284 350 2345 l.
363 2283 521 2346 Postremo
533 2299 641 2346 mense
651 2283 818 2362 superioris
829 2282 903 2344 anui
914 2296 985 2344 cum

26 2399 28 2438 i
59 2399 221 2456 sicinnistas
238 2379 277 2440 de
300 2393 388 2440 more
408 2375 443 2438 ad
473 2393 529 2440 nos
557 2378 743 2450 accessisses,
767 2377 987 2453 retulissesque

60 2453 221 2556 ξξξξξῖῑῡὲὲζῗὲῗ
240 2471 416 2532 Antonium
431 2470 596 2549 quemdam
608 2471 777 2534 vivianum
792 2471 823 2533 in
836 2471 987 2534 llehraeo·

60 2561 166 2653 ffill‘lffl
186 2564 220 2598 '⁰‘
239 2579 312 2624 rum
334 2563 403 2626 rico
432 2564 560 2625 domum
586 2563 692 2626 Perlae
713 2563 822 2626 Miseni
850 2561 987 2625 Hebreae

238 2655 416 2732 ingressum
431 2671 508 2732 osse,
524 2655 628 2735 ibique
643 2673 715 2718 cum
731 2665 792 2719 tres
808 2655 874 2718 eius
896 2655 985 2730 silias,

238 2747 428 2826 quibuscum
449 2766 526 2828 puer
553 2749 712 2812 dumtaxat
738 2751 855 2826 aderat,
879 2764 985 2812 earum

237 2839 347 2916 irater,
370 2857 469 2905 annas
490 2849 581 2904 uatus
603 2842 778 2918 duodecim,
803 2843 984 2916 invenisset,

237 2949 320 3010 eam,
343 2950 423 3013 quae
444 2951 565 2998 nouum
586 2952 705 2998 aunum
734 2936 852 3012 agebat,
876 2935 986 3015 baptis-

237 3036 323 3091 mate
343 3028 493 3104 abluisse,
516 3029 697 3094 sacramenti
727 3029 829 3092 verbis
858 3029 916 3092 rite
937 3045 986 3091 eo·

236 3125 310 3187 dem
335 3132 475 3202 tempore
489 3118 789 3202 pronunciansque
803 3129 894 3202 caput
908 3139 985 3202 aqua

240 3216 400 3292 lustravit,
424 3218 567 3296 idemque
589 3217 733 3296 deinceps
754 3231 826 3280 oum
858 3217 985 3296 reliquis

236 3311 356 3372 duabus
381 3310 539 3372 sororibus
568 3312 687 3389 primae
712 3310 811 3373 adhuc
835 3311 985 3374 aetatulae

237 3404 411 3481 peregisse,
441 3419 561 3490 marem
584 3413 688 3466 autem
711 3419 774 3466 non
804 3404 983 3481 baptizasse,

235 3497 320 3572 quod
342 3511 453 3574 aquam
475 3497 532 3558 silii
554 3496 659 3558 deesse
674 3497 797 3559 viderit.
822 3497 909 3559 'luuc
931 3513 985 3559 no·

236 3589 283 3652 his
304 3605 430 3668 quoque
451 3591 761 3678 significavisti,quid
782 3592 817 3654 ad
834 3589 986 3654 mulctan-

236 3681 308 3744 dam
330 3680 457 3745 Viviani
477 3684 634 3750 audaciam
664 3675 827 3759 statueras,¹
849 3684 985 3762 quidque

236 3777 274 3838 de
287 3776 400 3854 puellis
414 3793 498 3839 sacro
510 3777 696 3856 baptismate
711 3777 840 3841 initiatis
850 3785 985 3840 statuere

236 3870 269 3932 iii
291 3870 398 3932 auimo
410 3870 554 3932 habebas:
579 3871 608 3932 id
632 3886 723 3949 porro
745 3887 760 3931 a
783 3871 871 3934 nohis
885 3871 986 3934 omni·

27 4017 28 4032 2
237 3977 278 4023 no
301 3963 468 4041 probatum
490 3962 559 4026 luit.

27 4035 29 4082 l
83 4063 220 4124 neustrios·
276 4055 348 4130 52.
373 4055 601 4134 sedquoniam
623 4055 698 4120 lacta
727 4058 904 4120 huiusmodi
926 4057 986 4120 ire-

27 4197 28 4204 ,
64 4117 220 4218 billffliiiii
237 4157 373 4227 quenter
400 4148 516 4210 Romae
542 4163 575 4210 ei
595 4149 667 4212 alibi
695 4150 883 4228 audiuntur,
910 4167 986 4230 qua

27 4271 29 4320 t
64 4233 220 4330 llgssjfflssffi
238 4244 435 4320 theseumque
451 4259 524 4303 vero
540 4243 569 4306 id
590 4243 709 4319 accidit,
726 4244 843 4306 multae
864 4243 913 4308 hio
927 4252 986 4306 sta·

27 4329 28 4418 j
66 4333 142 4374 aonio.
239 4335 295 4398 tim
319 4337 492 4414 opiniones,
505 4337 702 4416 maximeque
717 4335 866 4413 diversae,
884 4339 986 4418 perin-

27 4421 28 4426 ’
238 4430 502 4509 dequodtuucid
519 4430 983 4520 primoevenerineimitautnr,

237 4523 320 4600 quod
347 4539 421 4586 sane
445 4524 517 4586 iude
546 4523 665 4598 oritur,
692 4525 763 4604 quia
787 4525 868 4588 bene
894 4525 985 4588 multi

238 4625 358 4679 temere
379 4616 603 4696 obloquuntur,
626 4633 699 4680 cum
720 4620 776 4681 hac
796 4619 835 4682 de
859 4637 893 4681 re
912 4619 986 4682 scri·

237 4717 307 4788 ptos
329 4725 431 4790 neque
452 4711 665 4789 expenderent
688 4712 793 4788 libros,
807 4729 908 4792 neque
931 4729 986 4775 no·

238 4804 359 4880 verint3
382 4802 433 4864 alii
455 4819 541 4880 vero,
564 4805 618 4882 qui
638 4805 804 4884 scriptores
829 4807 1005 4883 legerunt·

238 4913 310 4959 cum
332 4895 457 4960 eosdem
478 4913 542 4960 non
563 4898 661 4960 semel
679 4898 804 4962 videant
824 4899 882 4962 sibi
905 4901 986 4964 iuri-

238 5006 305 5054 cem
328 4991 541 5067 adversantes,
563 5007 627 5054 nou
652 4993 725 5055 satis
746 4993 866 5071 ingenii
892 5001 923 5056 et
945 4994 986 5057 la·

81 5085 222 5138 suessioni
239 5085 362 5148 cultatis
384 5086 498 5149 habent
520 5087 770 5150 adiudicandum
791 5089 859 5167 quis
875 5105 985 5152 eorum

69 5147 223 5265 {ffisiib'bbb‘
240 5179 412 5258 prudenter
425 5179 568 5256 senserit,
585 5181 653 5260 quis
669 5197 743 5244 vero
754 5197 857 5259 secus3
870 5183 921 5244 alii
935 5183 987 5246 de-

28 5325 29 5330 ,
70 5252 223 5354 bilbili&
240 5286 328 5334 mum
349 5281 402 5335 aut
428 5289 590 5352 uunquam
620 5274 825 5338 tribunalium
855 5275 986 5339 iudicata

28 5371 29 5374 ¹
72 5351 104 5397 ¹⁰1⁸·
239 5375 468 5442 cognorerunt,
490 5375 544 5428 aut
565 5382 675 5430 eorum
704 5377 788 5430 certe
809 5384 873 5433 non
894 5370 986 5432 remi-

29 5461 31 5544 j
241 5461 420 5537 niscantur;
444 5461 513 5526 ideo
534 5463 809 5542 operaepretium
831 5463 985 5526 existima·

240 5553 343 5618 rimus
353 5555 515 5634 epistolam
530 5555 609 5618 hanc
623 5555 770 5631 scribare,
783 5557 986 5634 eamdemque

240 5650 318 5728 typis
340 5649 523 5728 impressam
543 5649 577 5712 in
603 5649 706 5712 lucem
727 5651 838 5726 edere,
861 5665 939 5729 quae
960 5651 984 5712 si

1712 543 1769 615 321
1821 539 2009 602 sn.c.1rit

1047 683 1101 748 tibi
1123 684 1194 748 usui
1215 700 1279 748 non
1301 685 1373 762 erit,
1396 686 1468 765 quia
1491 685 1587 766 probe
1613 686 1676 750 iam
1708 686 1790 752 nosti

1045 778 1161 854 omnia,
1184 795 1263 858 quae
1284 779 1334 842 hic
1354 781 1568 856 continentur,
1595 796 1658 844 non
1680 797 1790 861 parum

1045 872 1155 950 opinor
1177 873 1213 936 iis
1234 873 1362 936 tortasse
1382 875 1531 953 proderit,
1559 876 1612 954 qui
1634 876 1666 938 iu
1682 877 1790 938 eodem

1044 964 1271 1044 Vicesgerentis
1300 984 1433 1032 niuuere
1455 969 1511 1032 tibi
1538 970 1717 1046 succedent,
1739 969 1789 1032 vel

1045 1061 1111 1123 aliis
1126 1071 1210 1126 extra
1222 1063 1351 1126 Romam
1368 1065 1563 1140 degentibus,
1579 1065 1615 1126 ad
1631 1079 1707 1142 quos
1722 1079 1791 1142 per·

1046 1156 1136 1232 tinet,
1170 1159 1431 1235 quemadmodum
1468 1160 1504 1220 ail
1536 1157 1788 1234 Viceegerentem

1044 1251 1159 1312 Eumae
1187 1259 1318 1330 spectat,
1343 1253 1519 1316 huiusmodi
1541 1252 1659 1314 casibus
1686 1251 1789 1330 provi-

1044 1345 1128 1418 dere,
1151 1351 1204 1406 aut
1226 1360 1290 1408 nan
1312 1346 1440 1409 omniuo
1469 1347 1616 1422 diversis,
1643 1355 1697 1410 aut
1717 1347 1789 1410 huic

1044 1437 1134 1514 plane
1154 1438 1319 1514 similibus,
1336 1439 1388 1518 qui
1404 1439 1571 1502 novissime
1592 1441 1624 1506 iu
1647 1441 1728 1504 Urbe
1743 1457 1790 1504 ac·

1043 1531 1127 1606 cidit,
1151 1533 1284 1609 quique,
1309 1542 1343 1596 ut
1365 1534 1459 1611 vulgo
1489 1533 1612 1611 dicitur,
1635 1535 1692 1598 dat
1714 1551 1789 1597 cau·

1042 1639 1111 1684 sam
1134 1624 1259 1688 Edicto.

1082 1717 1101 1792 5
1122 1717 1151 1778 3.
1176 1720 1277 1798 htque
1300 1729 1333 1782 ut
1348 1721 1462 1796 omnis,
1478 1723 1577 1800 quoad
1594 1721 1661 1784 beri
1677 1727 1787 1800 potest,
1852 1727 1946 1827 divulsio
1956 1737 2021 1826 dma-

1043 1810 1183 1874 conlusio
1214 1813 1366 1888 evitetur,
1399 1814 1561 1876 materiam
1588 1815 1733 1880 duximus
1755 1815 1786 1877 in
1808 1782 1900 1934 Hibites.
1919 1792 2022 1881 ”siffis

1043 1905 1117 1967 duas
1139 1913 1239 1982 partes
1260 1906 1516 1970 distribuendam.
1540 1909 1574 1970 ln
1590 1907 1687 1986 prima
1702 1907 1785 1972 enim
1807 1888 2023 1988 ,ὧῗξξξῖἓξξὲξί

1043 1996 1080 2059 de
1101 1997 1312 2060 Hebraeorum
1334 1999 1516 2064 tutantium:
1540 2001 1572 2063 iu
1594 2003 1728 2064 secunda
1751 2003 1788 2063 de
1807 1995 2021 2095 ggglfssmfflm

1042 2091 1220 2154 adultorum
1251 2092 1432 2171 baptismate
1458 2093 1653 2157 disseremus.
1687 2094 1788 2159 Prima
1905 2083 1910 2094 '

1042 2193 1147 2246 autem
1169 2201 1238 2264 pars
1266 2186 1467 2250 multifariam
1497 2187 1656 2250 dividitur.
1684 2187 1788 2252 Prima
1821 2193 2021 2252 suuoiiisiopri-

1043 2278 1129 2340 enim
1150 2279 1359 2358 expendetur,
1383 2289 1490 2343 utrum
1519 2281 1626 2345 invitis
1655 2282 1789 2360 parenti-
1809 2260 1872 2296 ⁰¹³⁰·

1043 2372 1110 2448 hus,
1134 2387 1167 2436 nc
1188 2373 1425 2449 reluctantibus,
1445 2373 1568 2438 hebraei
1591 2375 1724 2438 infantes
1739 2376 1789 2438 ba-

1043 2465 1151 2543 ptizari
1167 2466 1250 2530 licite
1262 2468 1393 2546 possint:
1418 2465 1571 2544 Secundo,
1593 2470 1618 2530 si
1633 2471 1691 2534 hac
1705 2470 1790 2534 nolas

1043 2573 1108 2620 esse
1129 2559 1299 2622 dixerimus
1314 2575 1352 2622 an
1368 2577 1454 2624 casus
1469 2577 1607 2640 uuquam
1629 2563 1790 2640 contingat

1042 2651 1164 2731 aliquis,
1187 2654 1220 2715 in
1243 2669 1304 2732 quo
1327 2654 1354 2716 td
1384 2653 1452 2716 lieri
1474 2670 1537 2717 uon
1567 2657 1657 2717 mado
1683 2657 1789 2733 possit,

1042 2747 1095 2808 sed
1117 2747 1210 2808 etiam
1233 2745 1334 2823 liceat,
1351 2747 1506 2826 planeque
1526 2747 1647 2811 deceat:
1672 2747 1787 2825 Tertio,

1042 2837 1230 2916 baptismum
1245 2840 1384 2902 hebraeis
1399 2840 1570 2903 inlautibus
1585 2848 1662 2904 tunc
1676 2844 1790 2922 imper-

1045 2933 1148 3006 titum,
1172 2948 1243 2994 cum
1266 2933 1308 2994 las
1330 2950 1394 2996 non
1417 2935 1468 3010 sit,
1482 2943 1583 3000 ratam
1606 2951 1658 3010 ue,
1681 2951 1720 3000 an
1737 2953 1789 3000 re·

1043 3041 1077 3088 ro
1099 3026 1223 3088 irritum
1246 3027 1351 3090 haberi
1372 3027 1495 3090 debeat:
1519 3029 1644 3106 Quarta,
1661 3029 1734 3108 quid
1750 3030 1790 3093 sit

1042 3119 1228 3198 laciendum,
1241 3139 1339 3204 quum
1362 3123 1495 3192 inientes
1511 3124 1635 3186 hebraei
1656 3123 1792 3188 adierun-

1044 3223 1105 3290 tar,
1121 3223 1156 3278 ut
1178 3217 1387 3295 baptizentur,
1403 3222 1456 3279 aut
1471 3226 1667 3296 compertum
1682 3219 1722 3280 sit
1738 3235 1789 3282 eos

1043 3307 1102 3370 iam
1115 3308 1208 3370 luisse
1219 3311 1493 3390 sacrohaptismate
1507 3310 1653 3388 initiatos,
1662 3312 1789 3374 demum

1042 3404 1195 3480 quomodo
1217 3403 1340 3481 probari
1366 3405 1470 3482 possit,
1493 3407 1617 3467 eosdem
1637 3406 1724 3484 aquis
1744 3423 1789 3469 sa·

1043 3496 1194 3558 luteribus
1216 3497 1277 3558 iam
1300 3497 1444 3560 lustratos
1464 3497 1571 3560 luisse.

1082 3589 1150 3665 §lc
1175 3589 1218 3693 De
1245 3591 1345 3670 primo
1375 3592 1494 3671 primae
1521 3591 1615 3695 partis
1645 3593 1744 3698 capite
1763 3593 1789 3654 si
1808 3602 2020 3702 diffigffibdnig

1042 3699 1144 3744 sermo
1175 3691 1229 3760 sit,
1261 3693 1368 3746 utrum
1395 3698 1507 3764 nempe
1535 3687 1789 3750 dissentientibus
1808 3709 1960 3808 Forensibus
1979 3709 2021 3754 in-

1042 3777 1220 3856 parentibus
1240 3778 1367 3840 hebraei
1390 3777 1524 3841 infantes
1554 3780 1701 3859 baptizari
1722 3797 1790 3859 pos·
1809 3762 2020 3874 ,bnssggq'lssl'nffl'

1042 3872 1116 3947 sint,
1139 3880 1242 3951 aperte
1271 3873 1456 3950 asserimus,
1478 3871 1536 3936 hoc
1557 3874 1619 3938 iam
1639 3891 1655 3935 a
1677 3873 1789 3938 Sancto

1042 3955 1158 4030 Thema
1190 3966 1289 4028 trihus
1318 3967 1351 4030 in
1380 3966 1452 4030 locis
1479 3966 1646 4032 definitum
1677 3968 1788 4045 luisse,

1043 4073 1155 4136 nempe
1177 4059 1209 4120 iu
1230 4057 1379 4137 quolibet.
1401 4060 1437 4131 2,
1453 4065 1520 4124 art.
1538 4061 1573 4132 7,
1590 4061 1625 4124 in
1637 4060 1661 4120 2
1675 4093 1693 4106 -
1706 4061 1738 4136 2,
1753 4062 1790 4128 i'n

1043 4157 1163 4228 quaest.
1189 4152 1243 4223 10,
1266 4158 1331 4216 nrt.
1349 4152 1404 4226 12,
1424 4154 1478 4216 uhi
1499 4157 1535 4218 ad
1550 4171 1678 4218 examen
1701 4173 1790 4219 revo-

1042 4261 1114 4306 caus
1125 4247 1579 4327 quaestioneminqucdlibetis
1590 4251 1788 4328 propositam:

1047 4337 1161 4400 Utrum
1181 4339 1276 4416 pueri
1297 4340 1489 4403 iudaeorum
1509 4349 1541 4404 et
1556 4341 1697 4404 alioruin
1718 4343 1789 4423 infi-

1042 4429 1161 4494 delium
1171 4433 1240 4494 sint
1255 4432 1371 4494 inuitis
1378 4431 1571 4512 parentibus
1586 4433 1788 4514 baptizandi,

1041 4525 1083 4586 ita
1103 4525 1285 4606 respondet:
1309 4526 1489 4606 Respondes
1510 4529 1691 4603 dicendum,
1708 4531 1790 4610 qoinil

1042 4618 1222 4682 monimum
1246 4617 1340 4682 habet
1368 4621 1599 4684 auctoritatem
1630 4623 1790 4688 Ecclesiae

1043 4711 1250 4785 consuetudo,
1273 4729 1353 4792 quae
1376 4730 1497 4793 semper
1517 4724 1564 4778 est
1586 4717 1622 4778 iu
1643 4715 1789 4781 omnibus

1042 4805 1236 4870 aemulanda
1251 4815 1310 4870 cta.
1335 4809 1399 4870 Hoc
1412 4813 1522 4872 autem
1534 4807 1695 4876 Ecclesiae
1710 4829 1789 4874 usus

1043 4915 1207 4978 nunquam
1239 4898 1365 4976 habuit,
1400 4902 1482 4980 quod
1509 4903 1700 4966 iudaeorum
1727 4905 1790 4985 filii

1043 4991 1158 5056 inuitis
1178 4991 1369 5072 parentibus
1395 4992 1659 5074 baptizarentur,
1682 5014 1790 5074 quoin·

1042 5087 1091 5148 uis
1112 5087 1240 5167 suerint
1269 5089 1442 5152 retroactis
1474 5088 1669 5168 temporibus
1691 5093 1789 5154 multi

1042 5178 1193 5242 catholici
1217 5180 1382 5260 Principes
1402 5184 1631 5261 potentissimi,
1648 5189 1687 5246 ut
1712 5185 1789 5248 Cau·

1041 5273 1223 5346 staatinus,
1252 5273 1453 5350 Theodosius,
1471 5275 1586 5356 quibus
1607 5278 1789 5358 [omitteres

1042 5369 1179 5448 suerunt
1203 5368 1408 5431 sanctissimi
1434 5369 1597 5450 Episcopi,
1623 5378 1661 5433 ut
1684 5371 1788 5450 sptue-

1041 5466 1108 5522 ster
1132 5458 1387 5526 comoouituoet
1402 5461 1588 5527 Ambrosius
1609 5464 1786 5538 Theodosio,

1042 5554 1097 5632 qui
1126 5555 1215 5618 nullo
1247 5557 1336 5619 modo
1361 5557 1655 5635 praetermisissent
1683 5557 1723 5622 ub
1743 5558 1790 5620 eis

1042 5651 1228 5727 impetrare,
1244 5651 1273 5712 si
1294 5650 1351 5714 hoc
1365 5659 1443 5716 esset
1460 5668 1631 5715 consonuin
1646 5652 1787 5718 rationis

279 5893 308 5950 tt)
323 5892 388 5938 vide
406 5891 664 5950 incomprehensae
685 5897 709 5937 te
722 5897 874 5939 mantntsse
891 5897 1068 5945 arbitramur,
1092 5901 1119 5941 at
1134 5897 1208 5954 epist.
1228 5897 1387 5953 encyclicam
1408 5901 1495 5950 Aqiic
1512 5901 1644 5950 priimum,
1662 5897 1788 5943 coustitu-

240 5960 389 6018 tionemque
403 5965 543 6014 Stupiiturt
557 5965 632 6006 orabis
645 5967 828 6008 consatati'aut.

346 6089 398 6135 tur.
415 6089 483 6134 bont.
500 6088 530 6134 de
546 6089 620 6148 l’rcp.
636 6088 698 6135 Fide
712 6089 794 6136 Partis
810 6091 825 6134 t.
842 6087 896 6135 Vol.
913 6091 954 6136 tlt.

1656 6061 1784 6134 ii'
