4732 7014
264 581 318 635 An.
332 583 362 635 (l.
383 582 452 634 1740

291 730 371 775 Datur
385 729 463 775 tacul-

251 783 463 830 tascontessarils

251 837 365 894 legitime
374 847 463 936 appro-

252 891 319 936 batis
330 892 391 936 abso
405 902 463 935 van·

250 944 463 990 mmmmm

251 998 462 1096 llffirentesapue-

268 2229 389 2272 Hortatur
405 2224 462 2271 ilde·

251 2279 286 2326 les
300 2282 332 2326 ad
343 2279 462 2342 obedien-

253 2335 314 2378 tiam
334 2338 360 2379 et
376 2343 462 2388 puem-

251 2389 367 2434 tentiam.

255 4578 458 4626 Fidesadhiben·

247 4635 287 4734 {ii}
306 4639 457 4689 transump-

502 579 521 642 d
1006 591 1072 639 tun.
1096 589 1186 640 conr.
1210 591 1250 638 ua
1273 589 1302 638 1³.
1326 593 1356 639 r.
1380 593 1463 641 raus
1484 593 1506 640 t.

483 716 571 778 irrita
584 713 719 777 habeatis
734 731 767 776 ac
784 713 923 776 teneatis.
938 713 1110 789 Praeterea,
1121 715 1147 774 si
1159 714 1227 792 quis

481 817 634 880 vestrum,
651 807 785 870 consiliis
808 808 1023 884 mandatisque
1046 807 1229 869 eurumdem

482 911 659 964 vestrorum
680 899 866 962 antistitum
886 900 1088 977 obsequutus,
1105 902 1229 962 noverit

481 1013 514 1056 se
529 996 562 1057 in
578 1010 808 1072 quamcumque
820 993 1052 1056 ecclesiasticam
1065 1009 1227 1062 censuram

480 1105 513 1150 ac
535 1085 669 1166 poenam
691 1087 867 1160 iucurrisse,
891 1087 953 1147 imo
972 1089 1064 1150 etiam
1079 1087 1228 1164 irregula-

480 1185 603 1244 ritatem
619 1182 657 1242 oh
672 1196 902 1259 quamcumque
917 1181 973 1242 hac
988 1175 1145 1243 occasione
1160 1200 1230 1244 cau·

480 1292 545 1336 sam
566 1291 599 1337 se
620 1275 819 1349 contraxisse,
836 1275 923 1336 vobis
945 1276 1154 1352 significamus
1173 1293 1229 1336 nos

480 1377 606 1448 paterna
619 1369 813 1446 benignitate
827 1379 858 1431 et
869 1369 1031 1448 apostolica
1047 1369 1228 1432 auctoritate

482 1463 625 1524 tribuisse
653 1469 683 1524 et
710 1462 854 1538 elargitus
887 1478 951 1524 esse
981 1463 1229 1542 quibuscumque

481 1556 685 1631 confessariis,
708 1557 744 1618 ad
764 1556 1001 1618 sacramentales
1021 1556 1229 1619 confessiones

481 1651 676 1728 excipiendas
697 1666 753 1728 per
781 1650 1028 1728 uniuscuiusque
1051 1650 1227 1726 legitimum

482 1761 544 1806 non
562 1745 719 1806 intrusum
731 1743 926 1807 Ordiuarium
939 1744 1121 1822 approbatis,
1135 1746 1228 1808 lacul-

480 1845 588 1913 tatem,
620 1839 650 1900 in
672 1847 742 1900 actu
769 1839 998 1900 sacramentalis
1026 1839 1228 1902 contessicnis

483 1941 616 2008 tantum,
633 1950 646 1992 a
669 1933 919 2010 quibuscumque
933 1933 1141 1995 ecclesiasticis
1158 1951 1228 1996 cen·

480 2028 560 2089 suris
582 2035 613 2088 et
635 2027 741 2104 poenis
758 2026 948 2101 absolvendi,
964 2033 1057 2104 atque
1071 2028 1162 2088 etiarn
1178 2046 1228 2090 su-

481 2138 535 2200 per
556 2135 751 2198 quacumque
766 2119 994 2194 irregularitate
1010 2121 1048 2186 ob
1063 2121 1227 2198 praemissa

480 2213 712 2296 quomodolibet
724 2220 879 2274 contracta
891 2213 1096 2292 dispensandi.
1111 2215 1226 2292 ltaque,

480 2307 584 2372 dilecti
605 2307 673 2380 uhi,
696 2321 772 2383 quos
794 2312 922 2384 paterna
936 2306 1062 2368 caritate
1077 2308 1228 2384 complec-

481 2402 588 2474 timur,
613 2401 775 2461 hortamur
798 2415 863 2474 vus,
886 2406 921 2460 ut
942 2400 1157 2478 unusquisque
1178 2401 1227 2462 sui

480 2494 570 2556 olllcii
591 2502 622 2554 et
644 2492 763 2556 debitae
791 2507 863 2568 erga
891 2508 985 2554 suum
1005 2493 1225 2568 Patriarcbam,

479 2588 533 2652 llei
555 2591 586 2648 et
608 2586 790 2664 apostolicae
805 2579 898 2646 huiu's
914 2585 1042 2648 Sanctae
1058 2586 1144 2648 Sedis
1159 2603 1226 2662 gra-

481 2683 520 2744 tia
548 2681 635 2743 vobis
663 2681 787 2752 datum,
817 2678 1011 2740 obedientiae
1039 2696 1162 2742 memor
1189 2681 1224 2742 ad

480 2777 567 2837 hasce
590 2780 722 2846 nostras,
745 2773 796 2850 qui
820 2781 976 2850 tamquam
996 2773 1225 2836 amantissimus

479 2876 602 2947 patera
628 2882 776 2944 supremo
805 2873 964 2944 pasturum
991 2867 1130 2944 principe
1157 2866 1225 2927 lesu

479 2963 602 3024 dhristo
628 2959 788 3022 constituti
814 2973 939 3032 sumus,
967 2961 1171 3020 admonemus
1194 2966 1225 3020 et

478 3070 623 3131 rogamus
645 3069 699 3114 vos
721 3052 820 3113 veluti
842 3068 859 3113 e
879 3068 990 3112 somno
1013 3052 1172 3126 excitatos,
1190 3059 1225 3113 ut

478 3147 513 3210 ad
535 3165 588 3209 cur
608 3147 710 3208 redire
731 3145 855 3206 lestinet
875 3145 1100 3224 unusquisque,
1119 3151 1222 3224 atque,

478 3241 563 3303 nulla
585 3239 767 3317 interposita
789 3254 885 3312 mora,
902 3253 966 3299 non
981 3237 1083 3300 sulum
1098 3238 1224 3299 salutari

475 3327 669 3414 ⁴poenitentia
684 3333 813 3407 malum,
826 3331 907 3410 quud
922 3331 1048 3394 tortasse
1063 3333 1224 3394 commise-

478 3429 530 3503 rit,
553 3428 675 3505 expiare
697 3427 829 3500 studeat,
851 3427 903 3486 sed
926 3425 1028 3486 debita
1044 3426 1137 3488 etiam
1152 3442 1222 3487 curn

477 3521 680 3583 veneratione
701 3527 731 3581 et
753 3518 926 3580 obedientia
947 3535 1040 3580 suurn
1054 3535 1224 3596 agnoscens

477 3614 696 3688 Patriarcbam,
727 3612 828 3674 eidem
859 3627 925 3674 sese
955 3613 1109 3688 subiiciat,
1133 3620 1225 3691 atque

477 3709 572 3787 ipsius
600 3707 680 3769 edita
709 3707 850 3767 mandata
879 3714 910 3768 et
941 3713 1101 3786 praecepta
1132 3705 1224 3768 alacri

477 3809 682 3881 promptoque
704 3798 808 3860 animo
829 3799 942 3876 exequi
964 3805 1061 3860 curet.
1080 3800 1124 3860 lta
1140 3799 1224 3861 enim

477 3905 508 3958 et
529 3903 666 3956 nostram
687 3901 780 3971 atque
801 3893 894 3954 huius
910 3891 1038 3955 Sanctae
1052 3891 1139 3956 Sedis
1155 3909 1225 3970 gra-

476 3989 553 4051 tiam
566 4004 600 4049 ac
615 3985 867 4048 benevolentiam
883 3986 980 4062 magis
996 3987 1157 4065 magisque
1171 4001 1225 4047 vu·

476 4083 521 4144 bis
543 4081 694 4161 polliceri,
717 4088 747 4142 et
769 4080 948 4142 uberiorem
969 4080 1225 4142 amisericordia-

476 4193 548 4241 rum
571 4182 656 4255 patre
677 4183 708 4236 et
729 4175 824 4236 totius
845 4173 1062 4235 consolationis
1080 4175 1142 4234 lleu
1157 4189 1223 4235 cae-

476 4271 602 4332 lestium
624 4283 794 4330 munorum
815 4267 933 4346 copiam
948 4267 1035 4328 vobis
1050 4267 1223 4348 promereri

476 4363 613 4442 potestis.
636 4363 757 4424 interea
779 4361 813 4421 ad
836 4360 975 4438 prosperi
996 4375 1154 4422 successus
1170 4377 1223 4421 au-

476 4457 606 4536 spicium
628 4454 726 4529 vobis,
749 4453 851 4516 dilecti
874 4454 941 4526 dlii,
958 4453 1154 4531 apostolicam
1171 4453 1221 4516 be-

476 4551 687 4613 nedictionem
709 4555 906 4625 peramanter
927 4547 1140 4625 impertimur.
1163 4546 1221 4608 Vu-

476 4645 581 4707 lumus
609 4649 713 4703 autem
741 4648 775 4702 ut
803 4641 983 4702 earumdem
1012 4641 1220 4718 praesentium

476 4739 637 4801 literarum
654 4735 868 4812 transumptis,
880 4749 935 4795 seu
950 4735 1112 4814 exemplis,
1126 4750 1220 4796 manu

474 4831 602 4894 alicuius
618 4828 728 4891 notarii
743 4827 857 4907 publici
871 4827 1061 4906 subscriptis,
1073 4837 1104 4889 et
1118 4829 1221 4905 sigillo

475 4941 625 5006 personae
645 4923 678 4984 in
703 4922 853 4998 dignitate
881 4921 1080 4984 ecclesiastica
1109 4922 1221 4983 cunsti-

475 5029 559 5084 tutae
575 5016 715 5090 munitiS,
728 5016 834 5077 eadem
849 5031 975 5093 prorsus
990 5015 1065 5078 sides
1080 5015 1220 5078 adhihea-

475 5121 539 5188 tur,
555 5128 634 5190 quae
648 5110 846 5173 adhiberetur
865 5109 981 5170 eisdem
996 5109 1219 5186 praesentibus,

474 5208 500 5268 si
521 5207 625 5268 lorent
646 5201 798 5266 exhibitae
819 5201 870 5263 vel
891 5209 1039 5264 ostensae.

518 5300 630 5362 ilatum
658 5297 790 5370 Romae,
817 5296 897 5374 apud
921 5294 951 5358 S.
975 5296 1100 5358 llariam
1130 5297 1221 5359 llaio-

478 5409 557 5466 rem,
580 5391 636 5453 sub
657 5389 776 5451 annulo
798 5389 968 5463 Piscatoris,
992 5389 1040 5451 die
1061 5405 1116 5450 xx.
1140 5399 1216 5468 sept.

476 5503 629 5560 dcccxc,
652 5482 848 5564 pontificatus
869 5483 968 5544 nostri
989 5499 1070 5544 anno
1092 5501 1113 5544 1.

727 5639 965 5654 nnn—nm

514 5985 543 6044 tl)
559 5987 594 6028 Ex
610 5989 675 6058 App.¹
686 5983 751 6028 Bull.
768 5983 799 6027 de
814 5983 886 6040 Prup.
903 5981 965 6028 uiue
979 5983 1028 6028 vol.
1044 5985 1083 6040 ll.,
1098 5993 1155 6040 pag.
1171 5985 1203 6028 82.

1639 713 1673 778 ll.

1286 901 1481 966 Borbutticus
1506 905 1632 966 lassulus
1654 905 1852 969 Puttsicust's
1870 906 2035 984 Archiepi-

1325 998 1422 1073 scopi,
1437 997 1605 1072 perdecem
1620 1013 1733 1069 casuue,
1745 999 1940 1077 vigilantiae
1954 1015 2035 1060 cout-

1325 1091 1449 1160 utute·
1475 1091 1739 1170 Conprcqutiuut's
1762 1093 1924 1155 illusionis
1941 1109 2037 1154 cuon-

1325 1183 1439 1262 pelicus
1469 1183 1630 1259 operarios
1652 1183 1697 1247 t'bt'
1723 1186 1931 1262 repudiendcs
1953 1201 2032 1246 com-

1325 1276 1454 1338 mendat
1477 1275 1533 1355 (l).

1286 1458 1456 1528 Venerabili
1485 1460 1575 1528 tratri
1597 1460 1834 1545 archiepiscopo
1858 1462 2034 1543 Parisieusi,

1444 1607 1688 1677 cruentatus
1718 1609 1778 1676 ΡΡ.
1804 1609 1874 1678 tttt.

1498 1742 1687 1811 Venerabilis
1709 1745 1821 1824 trater,

1318 1840 1446 1907 satutem
1469 1844 1501 1905 et
1522 1838 1720 1922 apostolicam
1748 1839 1999 1908 benedictionem.

1324 2030 1404 2092 Cum
1425 2045 1481 2106 pru
1500 2029 1642 2108 imposita
1657 2029 1801 2092 tenuitati
1818 2038 1939 2092 nostrae
1954 2030 2033 2108 Apo-

1283 2124 1381 2184 stolici
1396 2123 1560 2184 ministerii
1575 2122 1726 2184 servitute
1738 2122 1967 2201 providendum
1981 2125 2033 2199 sit,

1285 2231 1324 2278 ne
1346 2217 1379 2277 in
1401 2216 1491 2277 domu
1520 2214 1665 2294 Supremi
1692 2215 1919 2277 Patristamilias
1945 2217 2034 2295 queri

1284 2327 1317 2372 ac
1338 2310 1503 2371 lamentari
1535 2309 1699 2388 quisquam
1729 2309 1833 2388 possit,
1863 2325 1895 2370 se
1922 2325 2032 2386 panem

1283 2403 1419 2482 petiisse,
1434 2419 1490 2464 nec
1501 2401 1594 2464 luisse
1610 2410 1782 2480 repertum,
1795 2403 1849 2478 qui
1864 2419 1938 2464 eurn
1949 2403 2032 2465 tran-

1284 2502 1382 2572 geret,
1406 2511 1477 2558 cura
1500 2495 1588 2556 nobis
1609 2495 1800 2573 suscipienda
1827 2503 1873 2556 est
1894 2495 2032 2557 habitau-

1284 2589 1361 2650 tium
1384 2587 1416 2648 in
1439 2587 1601 2648 Burbuniis
1622 2586 1697 2648 olim
1716 2587 1930 2664 Mascaregniis
1946 2587 2033 2651 lusu·

1283 2680 1330 2754 lis,
1355 2681 1407 2742 ubi
1427 2680 1495 2742 sine
1515 2687 1600 2742 certo
1620 2679 1807 2758 proprioque
1835 2681 1959 2743 Pastore
1981 2698 2033 2742 va-

1282 2781 1397 2849 gantur
1418 2790 1508 2850 uves;
1535 2781 1566 2834 et
1588 2781 1691 2834 metus
1716 2775 1811 2848 adest,
1835 2791 1876 2836 ne
1899 2775 2030 2837 incusto-

1281 2866 1362 2929 ditae
1391 2868 1422 2928 in
1453 2883 1595 2946 praeceps
1627 2874 1729 2928 ruant.
1755 2869 1798 2930 lle
1830 2869 1902 2945 ipsis
1934 2868 2031 2944 igitur

1280 2960 1464 3036 diligentius
1491 2960 1526 3021 ad
1558 2967 1716 3022 aeternam
1746 2960 1926 3023 felicitatem
1957 2961 2031 3023 diri·

1281 3054 1400 3129 gendis,
1423 3062 1585 3132 postquam
1613 3053 1852 3116 deliberavimus
1882 3071 1954 3118 cum
1976 3056 2031 3117 hac

1282 3146 1312 3208 S.
1336 3147 1586 3224 Congregatione
1612 3149 1648 3209 ad
1676 3147 1748 3209 fidei
1776 3150 2028 3226 propagationem

1281 3241 1434 3313 instituta,
1456 3257 1490 3301 ea
1512 3240 1635 3303 tandem
1658 3240 1747 3301 nobis
1762 3241 1867 3302 verior
1882 3243 1945 3302 visa
1960 3256 2029 3302 sen-

1281 3333 1376 3394 tentia
1399 3343 1455 3408 est,
1479 3342 1513 3396 ut
1535 3335 1713 3410 vigilantiae
1734 3341 1804 3396 tuae
1819 3335 2029 3401 committere-

1280 3443 1350 3488 mus
1370 3428 1553 3490 eorumdem
1577 3427 1749 3490 incolarum
1764 3428 2026 3506 procurationem.
2054 3451 2058 3457 ·

1279 3521 1470 3599 Quamquam
1485 3522 1570 3582 enim
1585 3521 1622 3582 ab
1637 3521 1672 3582 iis
1685 3522 1808 3598 longius
1825 3521 1929 3598 distas,
1944 3539 2028 3600 prae-

1279 3631 1350 3678 sens
1372 3624 1475 3677 tamen
1496 3616 1599 3676 adesse
1620 3621 1705 3693 putes
1734 3616 1780 3677 tui
1801 3615 1920 3676 consilii
1943 3633 2027 3694 prae-

1279 3710 1407 3785 stantia,
1438 3708 1483 3770 tui
1513 3709 1649 3770 numinis
1678 3709 1873 3785 auctoritate,
1902 3710 1950 3771 tui
1971 3711 2027 3773 ltr-

1280 3805 1520 3881 chiepiscopatus
1542 3803 1752 3864 veneratione.
1777 3803 1839 3866 Nec
1858 3803 1913 3865 tibi
1928 3820 2028 3866 novus

1279 3897 1338 3957 iste
1358 3895 1604 3958 reformidandus
1632 3903 1679 3956 est
1707 3896 1807 3973 labur3
1838 3897 1952 3976 quippe
1973 3899 2027 3976 qui

1280 3987 1459 4052 moderandi
1481 3990 1584 4066 gregis
1615 3989 1739 4067 pietate,
1763 3996 1855 4068 atque
1877 3990 2028 4053 industria

1279 4082 1387 4160 polles,
1410 4089 1450 4150 ut,
1467 4081 1639 4144 istiusmodi
1669 4099 1801 4144 munere
1823 4083 1878 4144 tibi
1899 4099 1963 4145 non
1984 4084 2027 4145 la-

1280 4177 1417 4238 cessendi
1439 4177 1595 4251 materies,
1611 4175 1662 4238 sed
1682 4184 1733 4239 tua
1748 4176 1779 4236 in
1796 4175 2026 4239 sanctissimam

1278 4269 1473 4345 Religionem
1494 4269 1629 4346 augendi
1644 4270 1753 4331 merita
1767 4269 1908 4346 praeberi
1923 4269 2025 4332 ridea-

1278 4373 1340 4424 tur.
1365 4363 1462 4438 lgitur
1483 4363 1658 4440 perdecem
1673 4362 1830 4440 proximos
1845 4379 1943 4426 anuos
1958 4379 2026 4426 rem

1277 4457 1340 4519 illic
1361 4472 1487 4530 sacram,
1510 4463 1541 4518 et
1563 4456 1710 4534 quidquid
1732 4457 1767 4519 ad
1789 4456 2026 4518 ecclesiasticam

1277 4549 1480 4628 disciplinam,
1494 4553 1528 4612 ad
1541 4551 1716 4612 animarum
1730 4550 1863 4612 salutem
1874 4549 2024 4628 pertinet,

1277 4645 1384 4704 damus
1414 4643 1468 4704 tibi
1496 4643 1583 4706 Sedis
1611 4643 1802 4722 Apostolicae
1828 4643 1957 4705 nomine
1975 4645 2025 4706 ad-

1277 4737 1523 4811 ministrandam,
1548 4744 1705 4816 totamque
1734 4735 1820 4798 illam
1840 4736 2023 4809 dioecesim,

1277 4837 1311 4892 ut
1333 4830 1361 4891 ei
1382 4845 1455 4891 cum
1476 4830 1608 4908 imperio
1629 4829 1772 4908 pastorali
1788 4829 1913 4906 praesis,
1929 4829 2024 4890 intui

1277 4923 1405 4986 tutelam
1420 4922 1595 4985 tribuimus.
1607 4923 1672 4997 Quo
1684 4937 1756 4984 cum
1767 4922 1941 4999 plurimum
1952 4937 2024 4982 con-

1275 5015 1357 5079 lerre
1384 5016 1501 5094 possint
1533 5015 1789 5091 Evangelicurum
1819 5013 2021 5076 llissionario·

2068 583 2122 636 An.
2137 586 2167 639 (l.
2189 583 2262 638 1740

1275 5126 1347 5171 rum
1367 5109 1512 5188 probitas,
1534 5107 1754 5186 sedulitasque‚
1778 5123 1839 5182 eus,
1862 5106 1915 5184 qui
1937 5121 2022 5167 nunc
2089 5105 2091 5110 '

1275 5203 1316 5265 ibi
1338 5203 1469 5280 degunt,
1492 5210 1522 5264 et
1544 5203 1741 5281 postmodum
1755 5199 1920 5262 adventuri
1934 5211 2020 5273 sunt,

1274 5296 1439 5375 praecipuo
1459 5295 1560 5358 studio
1580 5295 1632 5357 abs
1653 5303 1683 5356 te
1699 5293 1914 5370 gubernandos
1929 5292 2020 5354 iuris-

1275 5389 1402 5451 dictioni
1425 5395 1495 5451 tuae
1515 5405 1570 5466 per
1591 5389 1674 5451 idem
1691 5396 1811 5467 tempus
1825 5385 2019 5460 subiicimus,

1275 5499 1336 5562 quo
1359 5485 1439 5545 istud
1454 5482 1614 5560 suscepisti
1629 5480 1801 5560 gerendum
1817 5495 1942 5541 munus.
1961 5479 2021 5541 llos

1276 5585 1380 5639 autem
1401 5575 1564 5652 Evangelii
1578 5589 1742 5653 praecones
1756 5575 1811 5636 tibi
1825 5573 2022 5651 suppeditare

1275 5671 1365 5732 dehet
1386 5670 1556 5747 Supremus
1576 5669 1847 5746 congregationis,
1869 5665 1906 5728 ad
1928 5667 2021 5730 Sanc·
2075 5713 2077 5718 .

1277 5772 1343 5828 tum
1364 5765 1454 5826 isthic
1467 5763 1619 5826 Lazarum
1633 5764 1829 5839 constitutae,
1844 5761 1941 5840 vulgo
1953 5761 2021 5824 llis·
