4708 6978
54 615 94 662 Su.
106 608 132 658 d.
153 600 217 654 1746

245 738 429 816 charissimi,
452 741 564 820 spiritu
585 743 642 806 sihi
664 735 794 808 caelitus
809 745 922 808 elluso:
946 745 994 809 in·

246 831 282 892 de
310 833 347 894 ad
376 835 561 912 pastoralem
592 837 823 902 solicitudinem
853 836 991 903 nostram

246 927 463 1006 respicientes,
485 931 565 993 votis
588 933 727 1004 eiusdem
758 932 881 996 loannis
912 937 993 1013 regis

244 1021 390 1084 catholica
413 1024 524 1101 pietate
546 1025 647 1103 dignis
669 1028 758 1089 nobis
778 1028 920 1106 superius
942 1045 993 1091 er-

246 1115 352 1191 positis
380 1119 563 1196 propensius
591 1137 625 1182 ac
647 1120 791 1184 celeriter
811 1125 991 1185 annuimus.

51 1215 226 1316 partitgeicsesltffi
285 1209 383 1285 Quare
407 1209 438 1272 in
460 1213 646 1290 praemissis,
660 1221 694 1276 ut
715 1215 901 1293 praefertur,
924 1233 992 1296 pro-

52 1284 228 1432 bid'tinrgirtrgg·
247 1303 353 1365 videre
374 1304 528 1380 volentes,
545 1315 632 1369 motu
655 1309 778 1386 proprio
800 1314 830 1371 et
852 1327 888 1373 ex
911 1318 992 1373 certa

54 1395 83 1441 W
218 1398 225 1406 “

54 1449 78 1482 ld

243 1401 382 1477 scientia,
406 1407 590 1480 maturaque
616 1401 836 1465 deliberatione
865 1405 991 1482 nostris,

244 1497 345 1574 deque
364 1495 546 1575 apostolicae
566 1499 725 1577 potestatis
740 1496 936 1576 plenitudine
956 1500 990 1562 ad

244 1588 475 1668 Onrnipotentis
503 1591 557 1653 Dei
585 1591 708 1654 laudem
729 1600 760 1655 et
789 1592 935 1670 gloriam,
959 1608 992 1654 ac

245 1682 396 1758 gloriosae
416 1684 484 1746 eius
505 1685 668 1748 Genitricis
689 1685 811 1762 Mariae,
834 1686 991 1763 totiusque

244 1777 347 1839 curiae
374 1777 518 1839 coelestis
549 1779 712 1854 honorem,
737 1787 768 1842 et
790 1780 885 1860 ipsius
906 1777 991 1840 Fidei

245 1869 420 1932 Catholicae
440 1871 662 1934 exaltationem
691 1871 804 1935 dictam
824 1872 990 1934 dioecesim

244 1961 399 2024 Fluminis
420 1963 554 2026 ianuarii
577 1964 609 2027 in
632 1965 771 2046 quinque
792 1974 894 2045 partes
915 1966 991 2028 divi·

241 2055 357 2118 dimus.
452 2096 453 2099 =

285 2151 327 2211 hc
348 2165 444 2211 uuam
466 2151 594 2230 antiquo
624 2151 810 2230 episcopatui
839 2151 992 2214 Fluminis

245 2242 388 2305 lanuarii'
399 2243 620 2323 relinquimus,
642 2261 721 2325 quae
742 2245 779 2308 ab
800 2244 991 2323 infrascripta

243 2337 374 2400 dioecesi
396 2337 500 2400 Sancti
522 2340 607 2403 Pauli
630 2356 738 2403 versus
763 2343 914 2403 Austrum
936 2356 991 2418 per

244 2429 357 2491 limites
372 2430 639 2508 praefecturarum
652 2433 859 2497 saecularium
873 2433 990 2495 Flumi-

242 2523 292 2584 nis
312 2521 460 2593 lanuarii,
477 2533 509 2587 et
524 2525 627 2588 Sancti
648 2526 734 2588 Pauli
756 2542 855 2605 usque
875 2528 912 2589 ad
932 2526 992 2587 llu-

241 2615 330 2678 vium
345 2615 504 2680 Paraibam
519 2627 695 2696 separetur;
719 2619 791 2682 inde
805 2635 860 2698 per
881 2621 990 2681 istum-

240 2716 306 2770 met
338 2709 471 2772 fluvium
499 2727 597 2790 usque
624 2714 661 2776 ad
689 2721 868 2776 cataractam
897 2713 989 2774 maio·

239 2817 321 2876 rem,
344 2819 403 2880 que
424 2818 479 2880 per
500 2815 622 2868 montes
643 2807 679 2867 ad
700 2807 882 2885 campestria
903 2805 989 2868 Goai-

242 2896 368 2958 tacasim
396 2897 476 2960 dicta
505 2899 658 2978 erumpit;
681 2916 697 2959 a
719 2899 785 2962 loco
807 2917 882 2962 vero
905 2901 989 2964 Cata-

239 2996 340 3050 ractae
372 2989 523 3068 praelatae
551 3008 605 3071 per
637 3008 775 3056 summos
807 2992 988 3056 eorumdem

240 3083 398 3145 montium
425 3085 556 3146 vertices
587 3085 830 3149 aMariaunensi
858 3087 989 3150 dioecesi

240 3174 437 3256 infrascripta
459 3177 670 3241 disterminata
699 3190 869 3260 remaneat,
892 3181 990 3244 donec

238 3270 516 3348 archiepiscopatus
545 3269 649 3334 Sancti
678 3273 844 3338 Salvatoris
867 3275 991 3338 territo·

239 3365 324 3427 rium
347 3365 490 3442 attingat,
513 3381 585 3428 cum
607 3383 668 3445 quo
690 3369 770 3430 idem
792 3379 896 3442 servet
918 3387 989 3432 con-

241 3460 356 3522 finium
377 3458 477 3522 dictus
502 3460 693 3541 episcopatus
706 3463 861 3527 Fluminis
882 3466 990 3530 lanua-

240 3553 292 3630 rli,
315 3555 396 3633 quod
419 3555 567 3616 hactenus
588 3555 705 3618 habuit.

73 3655 168 3718 ‚segne
181 3664 220 3700 so-
282 3648 325 3710 hc
346 3647 436 3708 aliam
458 3647 646 3727 episcopatui
667 3650 772 3715 Sancti
786 3654 884 3730 Pauli,
901 3656 988 3718 cuius

50 3713 144 3826 ffcffire
163 3719 221 3810 'riceii
240 3759 311 3804 cum
333 3742 390 3803 alia
412 3743 565 3804 Fluminis
592 3744 723 3806 ianuarii
751 3764 849 3825 usque
877 3749 913 3810 ad
937 3749 989 3810 Pa·

50 3818 103 3863 *²³¹¹*
240 3835 356 3897 raibam
378 3851 471 3914 supra
495 3835 619 3899 indicati
641 3847 714 3900 sunt
737 3840 868 3916 limites,
896 3859 988 3922 quae-

240 3945 351 4006 queen·
368 3929 419 3990 illo
435 3929 530 3992 liuvio
546 3946 643 4010 usque
659 3935 694 3994 ad
711 3934 807 3996 alium
824 3952 986 4012 magnum,

238 4023 307 4084 sive
327 4022 552 4085 Parauaensem
580 4036 797 4105 nuncupatum
818 4046 833 4088 e
857 4030 987 4092 dioecesi

239 4116 449 4180 blariannensi
465 4115 657 4198 infrascripta
673 4137 727 4198 per
741 4123 891 4185 terminos
907 4125 989 4186 inter

239 4210 447 4288 praelecturas
476 4211 577 4274 Sancti
611 4214 695 4275 Pauli
719 4223 749 4276 et
771 4216 924 4278 Fluminis
945 4219 988 4279 la-

239 4303 355 4375 nuarii,
371 4321 404 4365 ac
425 4303 679 4369 hurilodinarum
701 4309 894 4384 generalium
917 4326 987 4373 con-

240 4397 366 4460 stitutos
388 4398 617 4477 distinguatur3
640 4401 712 4463 inde
731 4418 785 4480 per
806 4404 909 4481 ipsum
931 4405 989 4466 llu-

241 4494 330 4556 vium
346 4508 507 4570 magnum,
520 4509 734 4574 quaecumque
749 4495 901 4559 ditionem
916 4497 987 4561 Por·

242 4587 390 4664 tugalliae
404 4587 496 4664 Regis
518 4589 714 4663 interfluit,a
737 4591 910 4667 praelatura
931 4593 989 4657 Go-

241 4682 379 4757 iaslensi,
401 4688 435 4744 ut
458 4681 548 4756 inlra,
570 4681 718 4758 erigenda
740 4683 945 4763 disiungatur.

57 4777 159 4875 ,J‘lllm
170 4778 223 4877 E‹gvi-
281 4779 324 4837 hc
345 4774 437 4835 aliam
459 4775 644 4854 episcopatui
666 4775 886 4854 illariannensi,
910 4797 987 4858 quae

57 4841 155 4930 ulicis.
192 4843 222 4878 ‘²'
242 4871 278 4929 ab
298 4868 365 4929 aliis
387 4868 610 4945 episcopatibus
627 4868 779 4932 Fluminis
800 4871 933 4950 ianuarii
956 4884 986 4937 et

242 4957 343 5023 Sancti
364 4959 463 5034 Pauli,
481 4969 514 5022 ut
536 4977 639 5039 supra,
656 4961 752 5026 divisa
774 4967 812 5027 de
832 4975 954 5029 caetero
971 4985 987 5029 a

241 5054 413 5132 praelatura
445 5053 631 5131 Golasiensi,
655 5065 690 5119 ut
711 5057 809 5134 inira,
839 5062 986 5138 erigenda

240 5163 296 5225 per
318 5147 470 5208 terminos
490 5146 755 5225 praefecturarum
782 5153 985 5217 saecularium

242 5242 345 5306 Sancti
369 5241 453 5303 Pauli
469 5251 500 5304 et
514 5242 768 5306 Aurilodinarum
792 5249 986 5323 generalium

242 5341 377 5414 separata
399 5343 568 5410 remaneat,
590 5353 623 5398 ac
645 5353 716 5414 erga
747 5340 919 5418 praelatum
940 5360 986 5404 ar-

242 5429 504 5508 chiepiscopatum
532 5429 636 5493 Sancti
662 5427 838 5510 Salvatoris,
861 5443 892 5498 et
923 5439 987 5517 epi·

241 5531 400 5603 scopatum
420 5522 723 5587 Pernambucensem
734 5528 879 5606 antiquos
899 5546 987 5608 prae·

243 5614 294 5677 lati
316 5617 509 5696 episcopatus
537 5617 691 5679 Fluminis
712 5619 845 5682 ianuarii
873 5623 986 5686 limites

242 5711 385 5772 retineat.
420 5731 423 5740 ·

282 5806 325 5866 hc
345 5803 436 5865 aliam
458 5804 651 5883 praelaturae
671 5806 850 5886 Golasiensi,
873 5826 952 5889 quae
970 5829 986 5872 a

244 5896 384 5976 praelatis
406 5881 630 5977 episcopatibus
653 5897 756 5963 Sancti
774 5901 858 5965 Pauli
879 5911 910 5965 et
926 5905 987 5968 hia·

244 5991 413 6065 riannensi,
426 5999 462 6054 ut
481 6009 584 6070 supra,
601 5994 698 6056 divisa
719 5997 834 6058 eisdem
855 5997 986 6060 circum·

70 2161 134 2216 tinam
156 2155 225 2200 anti·

46 2219 225 2320 barthi·

66 5804 151 5854 themu
160 5809 227 5854 Prae·

61 5853 128 5920 hithe
157 5863 226 5908 Gola-

60 5917 116 5957 turn.

350 6140 400 6184 lttr.
419 6141 486 6186 l'out.
502 6140 533 6186 dc
550 6141 621 6202 l’rop.
639 6141 699 6186 Fide
715 6143 795 6188 l‘artis
811 6146 828 6189 l.
845 6145 896 6189 Vol.
914 6148 953 6190 111,

877 621 1074 672 hunbhtcrtls
1097 620 1160 671 XIV.

1717 599 1776 670 305
1828 603 1882 660 An.
1897 605 1927 660 (l.
1948 605 2016 660 1746

1049 749 1132 823 septa
1154 743 1306 807 limitibus
1320 759 1392 822 erga
1407 742 1721 822 Pernambucensem,
1737 745 1798 808 lliu-

1049 854 1280 916 ragnonensem
1295 847 1326 902 et
1341 840 1523 904 Paraensem
1538 841 1728 920 episcopatus
1748 854 1797 902 re·

1050 944 1184 1008 maneat,
1208 949 1284 1012 quos
1307 950 1392 998 nunc
1418 933 1527 996 habeat
1552 933 1687 1012 praelata
1713 933 1797 996 dioe-

1049 1028 1125 1090 cesis
1146 1028 1299 1090 Fluminis
1320 1027 1463 1090 ianuarii.

1089 1122 1131 1184 hc
1146 1122 1297 1201 reliquam
1313 1123 1463 1200 praelatae
1481 1123 1627 1188 dioecesis
1642 1121 1795 1186 Fluminis
1858 1133 1888 1176 ttt
1908 1131 2027 1187 quintam

1049 1216 1179 1279 ianuarii
1195 1215 1312 1278 divisae
1328 1215 1503 1280 huiusmodi
1522 1225 1622 1295 partes
1644 1217 1796 1296 praelatu·
1813 1185 2028 1286 pfficspraccu-

1049 1327 1101 1372 rae
1121 1309 1315 1385 Cuiabaensi,
1332 1318 1367 1372 ut
1381 1310 1474 1382 inlra,
1487 1311 1657 1388 respective
1673 1311 1795 1387 erigen-

1049 1405 1105 1479 dis,
1128 1421 1207 1483 quae
1228 1422 1243 1465 a
1265 1403 1397 1482 praelata
1425 1405 1598 1482 praelatura
1626 1403 1795 1466 Golasiensi

1049 1514 1104 1576 per
1125 1499 1276 1560 terminos
1297 1498 1382 1560 inter
1395 1499 1597 1573 audientiam,
1614 1497 1708 1574 vulgo
1733 1499 1795 1560 Ott-

1048 1589 1191 1664 ot'doric,
1222 1591 1444 1655 Guiahaensem
1467 1599 1496 1654 et
1519 1592 1592 1654 duas
1614 1591 1686 1653 alias
1707 1591 1795 1654 Gola-

1047 1685 1183 1746 siensem
1205 1694 1235 1747 et
1257 1684 1360 1748 Sancti
1381 1684 1467 1747 Pauli
1494 1685 1678 1746 constitutos
1709 1699 1794 1762 sepa-

1048 1786 1111 1839 rata
1132 1783 1303 1851 remaneat,
1328 1778 1497 1856 respective
1519 1778 1721 1854 assignemus.

1086 1871 1211 1950 illisque
1232 1873 1274 1934 sic
1289 1872 1395 1934 divisis
1410 1880 1440 1934 et
1452 1873 1613 1950 assignatis
1637 1874 1668 1936 in
1685 1889 1792 1936 earum
1830 1883 1915 1944 ,Nove
1932 1884 2025 1930 erectio

1047 1968 1178 2029 secunda
1200 1966 1357 2028 civitatem
1376 1964 1478 2030 Sancti
1495 1966 1581 2029 Pauli
1597 1983 1667 2030 cum
1688 1985 1744 2030 suo
1760 1968 1792 2029 in
1811 1934 2025 2047 ‘,¹,¹,⁰,‘,⁰l,¹,¹ffi„3332

1048 2074 1147 2121 unum
1169 2059 1272 2123 Sancti
1294 2058 1391 2134 Pauli,
1408 2067 1439 2122 et
1461 2061 1493 2122 in
1516 2076 1624 2122 earum
1645 2061 1738 2124 tertia
1752 2060 1792 2122 ci·
1811 2044 2025 2145 sslffiffiffiffj

1048 2152 1175 2214 vitatem
1198 2153 1447 2216 blariannensem
1462 2169 1535 2216 cum
1550 2171 1606 2216 suo
1621 2153 1793 2232 respective
1811 2147 1929 2195 aratrum.

1048 2247 1212 2308 territoriis
1225 2248 1369 2325 praelatis
1385 2249 1416 2310 in
1432 2249 1565 2312 alterum
1581 2250 1791 2327 episcopatum

1048 2337 1293 2402 Mariandensem
1317 2342 1488 2421 respective
1508 2343 1744 2420 nuncupandos,
1760 2357 1793 2402 ac

1048 2432 1078 2490 in
1101 2431 1233 2510 praelata
1254 2433 1381 2496 civitate
1404 2433 1507 2497 Sancti
1530 2434 1615 2496 Pauli
1638 2435 1794 2512 parochia-

1046 2525 1107 2588 lem
1129 2524 1289 2588 ecclesiam
1310 2527 1448 2589 eiusdem
1464 2527 1568 2590 Sancti
1588 2525 1675 2588 Pauli
1697 2527 1730 2588 ln
1745 2543 1792 2588 ca·

1048 2617 1218 2680 thedralem
1246 2619 1406 2681 ecclesiam
1434 2620 1493 2682 sub
1520 2620 1718 2682 invocatione
1738 2620 1793 2681 hs-

1046 2712 1232 2789 sumptionls
1253 2713 1363 2774 Beatae
1382 2712 1494 2774 hieriae
1515 2721 1545 2774 et
1567 2712 1672 2775 Sancti
1693 2712 1790 2789 Pauli,

1047 2821 1101 2882 pro
1123 2822 1187 2867 uno
1209 2803 1312 2868 Sancti
1334 2805 1434 2884 Paull3
1458 2812 1489 2868 et
1510 2807 1543 2868 in
1568 2808 1646 2869 dicta
1667 2807 1792 2868 civitate

1046 2899 1253 2962 Mariandensi
1274 2900 1480 2978 parochialem
1502 2900 1661 2962 ecclesiam
1683 2901 1792 2962 Beatae

1045 2993 1156 3054 Mariae
1177 2994 1214 3056 de
1236 2993 1379 3056 carmelo
1399 3002 1588 3074 nuncupata,
1612 2993 1718 3056 relicta
1740 2993 1790 3054 de-

1047 3087 1261 3150 nominatione
1292 3088 1490 3163 huiusmodi,
1518 3089 1550 3150 in
1582 3086 1790 3150 cathedralem

1046 3182 1160 3260 pariter
1180 3181 1339 3245 ecclesiam
1358 3182 1415 3243 sub
1434 3183 1631 3245 invocatione
1652 3183 1791 3247 eiusdem

1048 3276 1273 3354 hssumptionis
1295 3276 1511 3339 Sanctissimae
1527 3277 1664 3354 Virginis
1681 3293 1736 3357 pro
1750 3277 1792 3338 al-

1047 3377 1111 3432 tero
1127 3369 1284 3448 Episcopis
1299 3371 1507 3434 Mariannensi
1523 3371 1694 3449 respective
1709 3387 1791 3433 nuu-

1044 3464 1202 3543 cupandis,
1226 3464 1279 3542 qui
1302 3464 1362 3526 illis
1388 3465 1559 3542 respective
1587 3464 1735 3543 praesint,
1758 3481 1791 3526 ac

1045 3571 1095 3618 eas
1116 3558 1154 3619 ad
1175 3557 1307 3619 lormam
1335 3555 1557 3620 cathedralium
1585 3556 1789 3620 ecclesiarum

1046 3650 1143 3726 redigi
1164 3651 1335 3727 respective
1362 3651 1490 3722 iaciant,
1514 3665 1572 3712 nec
1601 3666 1664 3712 non
1694 3651 1726 3712 in
1748 3651 1791 3712 eis

1045 3745 1323 3806 archidiaconatum
1337 3754 1402 3822 post
1418 3744 1625 3822 pontificalem
1642 3745 1792 3806 maiorem

1045 3846 1075 3900 et
1095 3838 1429 3917 archipresbyteratum
1447 3838 1624 3914 secundam,
1641 3847 1673 3901 et
1687 3847 1790 3901 canto-

1046 3939 1147 3993 ratum
1164 3931 1296 4006 tertiam,
1309 3939 1340 3994 et
1358 3932 1579 3995 thesauriatum
1591 3940 1733 4012 quartam
1748 3932 1791 3994 di-

1045 4023 1188 4100 gnitates,
1212 4039 1334 4087 necnon
1360 4024 1465 4086 decem
1487 4025 1694 4099 canonicatus,
1723 4025 1792 4088 toti-

1044 4115 1176 4194 demque
1199 4117 1398 4195 praehendas,
1422 4121 1504 4182 inter
1518 4135 1593 4199 quas
1610 4118 1791 4197 theologalls

1045 4218 1074 4272 et
1105 4210 1343 4286 poenitentiaria
1375 4223 1569 4292 nuncupatae
1599 4214 1790 4293 praebendae

1045 4303 1215 4386 respective
1230 4304 1374 4380 existant,
1387 4321 1457 4368 cum
1474 4314 1648 4385 opportuno
1664 4317 1694 4370 et
1709 4325 1790 4372 com-

1046 4396 1163 4474 petenti
1195 4397 1444 4475 cappellanorum
1476 4398 1670 4479 allorumque
1698 4403 1790 4465 mini-

1043 4496 1180 4552 strorum
1203 4505 1347 4566 numero,
1360 4509 1435 4571 quas
1456 4500 1487 4554 et
1507 4509 1585 4571 quos
1605 4495 1638 4556 in
1654 4511 1790 4576 unaqua-

1044 4599 1104 4660 que
1125 4599 1233 4646 earum
1255 4584 1408 4662 praelatus
1429 4586 1557 4650 loannes
1578 4588 1643 4650 Rea
1665 4605 1702 4650 er
1726 4590 1790 4652 suis

1044 4675 1136 4752 regiis
1149 4677 1319 4740 redditibus
1331 4693 1469 4756 congrue
1480 4683 1649 4760 respective
1660 4682 1790 4745 fundare

1043 4769 1195 4846 destinat,
1219 4788 1275 4832 nec
1298 4788 1360 4833 non
1381 4773 1415 4835 in
1438 4774 1481 4835 eis
1500 4783 1531 4836 et
1550 4775 1638 4837 dictis
1659 4777 1790 4840 civitati-

1045 4864 1098 4925 bus
1120 4864 1224 4928 Sancti
1247 4866 1332 4927 Pauli
1353 4867 1611 4946 ethlariennensi,
1628 4877 1791 4932 elearum·
1887 4937 1889 4944 ,

1043 4959 1112 5020 dem
1135 4958 1333 5020 ecclesiarum
1356 4961 1545 5024 dioecesibus
1563 4962 1619 5025 alia
1642 4964 1789 5028 beneficia

1042 5050 1242 5113 ecclesiastica
1264 5068 1337 5113 cum
1367 5069 1438 5114 cura
1461 5063 1491 5116 et
1511 5055 1579 5117 sine
1604 5072 1689 5133 cura,
1712 5071 1789 5137 quae

1045 5144 1120 5206 inibi
1141 5144 1247 5207 divino
1268 5144 1409 5209 cultuiet
1423 5148 1574 5212 dictarum
1594 5151 1789 5216 ecclesiastici

1042 5238 1115 5300 cleri
1130 5242 1232 5302 decori
1252 5241 1310 5301 sibi
1326 5243 1497 5320 respective
1512 5245 1701 5307 videbuntur
1716 5263 1789 5308 con·

1045 5333 1164 5409 venire,
1180 5333 1217 5394 de
1233 5333 1358 5411 praelati
1379 5335 1513 5411 loannis,
1530 5345 1561 5398 et
1579 5353 1633 5416 pro
1650 5347 1789 5417 tempore

1043 5427 1202 5488 existentis
1223 5426 1427 5504 Portugalliae
1449 5438 1479 5491 et
1500 5430 1718 5508 higarbiorum
1732 5432 1790 5494 lle·

1043 5521 1089 5596 gis
1110 5520 1237 5582 consilio
1252 5529 1283 5582 et
1298 5537 1434 5599 assensu,
1450 5539 1484 5587 ac
1499 5526 1621 5602 praevia
1635 5541 1743 5590 earum
1758 5533 1789 5588 et

1042 5629 1151 5676 eorum
1166 5629 1301 5691 congrua
1318 5617 1489 5694 respective
1499 5618 1667 5692 dotatione,
1680 5635 1789 5697 quam-

1043 5708 1181 5786 primum
1202 5708 1270 5769 fieri
1293 5709 1416 5788 poterit,
1432 5713 1604 5790 respective
1618 5715 1740 5790 erigant
1757 5721 1788 5776 et

1042 5802 1224 5878 instituant,
1245 5818 1368 5864 necnon
1383 5805 1586 5882 episcopalem
1603 5807 1787 5871 iurisdictio-

1043 5911 1127 5970 nem,
1150 5896 1364 5958 auctoritatem
1379 5905 1410 5958 et
1430 5906 1614 5976 potestatem
1629 5915 1786 5980 exercere,

1042 5991 1218 6068 omniaque,
1242 5998 1273 6052 et
1294 5992 1427 6068 singula,
1444 6009 1523 6070 quae
1544 5993 1674 6072 ordinis,
1696 6014 1788 6076 quae-

1657 6158 1682 6198 39
