4798 6978
368 557 557 619 Am0.rM7
607 555 665 627 fflffl

527 740 532 750 -
587 701 702 766 inserta
723 701 820 764 forma
836 699 992 764 fidelitatis
1007 701 1126 764 debitae
1139 700 1267 763 solitum
1285 717 1331 763 re-

587 796 703 874 cipiant
723 812 779 858 seu
805 795 933 873 recipiat
963 796 1188 858 iuramentum.
1213 795 1260 856 Tu
1281 811 1333 856 au-

588 896 652 951 tem
674 887 769 950 Pallio
791 889 900 951 eodem
917 887 995 950 infra
1013 888 1127 950 dictam
1149 887 1333 967 patriarcha-

587 984 649 1044 lem
672 981 837 1045 Ecclesiam
849 981 1076 1044 Antiochenam
1099 981 1233 1044 nationis
1247 996 1332 1060 prae-

587 1075 665 1138 fatae
686 1074 746 1136 illis
767 1074 874 1138 diebus
896 1075 1054 1136 dumtaxat
1076 1075 1184 1149 utaris,
1207 1074 1258 1153 qui
1281 1089 1333 1133 er-

586 1169 682 1247 pressi
706 1169 736 1230 in
759 1167 854 1246 ipsius
876 1168 1022 1230 ecciesiae
1044 1167 1215 1246 privilegiis
1236 1167 1332 1229 conti-

587 1272 715 1326 nentur.
749 1262 790 1325 Ut
812 1261 908 1340 igitur
935 1263 1062 1340 signum
1085 1277 1149 1324 nou
1179 1261 1332 1340 discrepet

587 1375 602 1418 a
624 1360 755 1436 signato,
779 1358 830 1421 sed
853 1360 934 1437 quod
951 1359 1032 1436 geris
1046 1358 1183 1420 exterius
1200 1357 1332 1420 interius

586 1469 691 1514 serves
713 1453 745 1514 in
774 1458 891 1529 mente,
912 1452 1140 1515 fraternitatem
1161 1455 1243 1513 tuam
1267 1467 1332 1512 mo·

588 1563 699 1608 tremus
720 1556 751 1608 et
772 1547 935 1608 hortamur
955 1555 1085 1621 attente,
1102 1553 1255 1623 quatenus
1275 1545 1334 1606 hu-

588 1639 750 1702 militatem
772 1647 806 1702 et
834 1639 982 1702 iustitiam
1010 1639 1103 1700 dante
1125 1638 1257 1700 Domino
1279 1639 1332 1715 qui

588 1735 638 1795 dat
653 1734 785 1810 praemia
805 1742 835 1796 et
850 1749 982 1796 munera
1003 1732 1155 1808 elargitur
1169 1732 1333 1793 observare

586 1831 719 1904 studeas,
736 1844 815 1906 quae
836 1842 926 1890 suum
949 1835 1074 1888 servant
1095 1835 1126 1890 et
1147 1833 1332 1904 promovent

587 1933 791 1998 servatorem,
807 1941 839 1986 ac
859 1922 1001 1986 eamdem
1020 1922 1254 2002 patriarchalem
1277 1921 1332 1983 Ec-

587 2019 712 2081 clesiam
727 2019 953 2083 Antiochenam
974 2019 1073 2082 dictae
1094 2018 1229 2080 nationis
1242 2033 1333 2094 spou-

586 2128 651 2174 sam
675 2120 759 2174 tuam
780 2129 870 2175 cures
897 2113 1015 2176 solicite
1042 2112 1172 2174 authore
1199 2110 1333 2172 Domino

586 2206 791 2283 spiritualiter
811 2214 842 2268 et
865 2206 1078 2284 temporaliter
1094 2211 1331 2282 augumentare.

586 2300 730 2374 Quocirca
753 2299 895 2378 praefatis
923 2299 1167 2377 archiepiscopis
1192 2297 1242 2358 vel
1264 2297 1333 2376 Epi·

587 2396 685 2473 scopis
715 2411 770 2473 per
798 2393 962 2474 apostolica
990 2396 1100 2471 scripta
1130 2393 1331 2466 mandamus,

588 2499 740 2568 quatenus
763 2489 819 2568 ipsi
841 2488 891 2550 rel
913 2489 974 2550 duo
995 2488 1045 2550 vel
1067 2488 1145 2549 alter
1160 2501 1268 2548 eorum
1289 2485 1334 2546 di-

530 2640 535 2648 .
587 2593 671 2646 ctum
688 2583 819 2646 Pallium
835 2584 919 2645 iusta
934 2579 1076 2644 eamdem
1090 2580 1333 2657 subsequentem

587 2677 720 2740 formam
733 2677 788 2740 tibi
800 2685 913 2739 curent
924 2693 979 2738 seu
994 2681 1081 2738 curet
1096 2674 1263 2748 assignare,
1275 2680 1332 2733 eta

588 2779 618 2832 te
633 2779 738 2833 nostro
750 2779 780 2832 et
792 2770 929 2832 eiusdem
941 2769 1097 2831 Romanae
1111 2766 1261 2830 Ecclesiae
1278 2781 1331 2828 no·

588 2865 674 2927 mine
694 2865 752 2927 sub
771 2864 888 2943 reliqua
902 2863 998 2926 forma
1016 2863 1191 2925 huiusmodi
1205 2860 1334 2922 fidelita-

589 2959 626 3021 tis
641 2958 761 3022 debitae
771 2957 898 3021 soiitum
911 2959 1061 3036 recipiant
1071 2956 1122 3020 vel
1135 2973 1243 3018 eorum
1255 2955 1333 3016 aiter

588 3053 714 3132 recipiat
737 3053 961 3125 iuramentum,
983 3052 1183 3130 eiusdemque
1201 3052 1244 3112 sic
1265 3065 1279 3108 a
1303 3057 1333 3110 te

587 3147 725 3225 praestiti
747 3143 915 3207 iuramenti
937 3143 1069 3206 formam
1097 3145 1184 3206 nobis
1206 3145 1243 3206 de
1265 3159 1333 3205 ver·

589 3239 626 3301 bo
648 3241 683 3302 ad
712 3238 844 3300 verbum
873 3254 927 3317 per
956 3244 1022 3299 tuas
1049 3241 1187 3316 patentes
1215 3237 1332 3299 litteras

588 3339 642 3396 tuo
662 3331 764 3410 sigillo
779 3333 915 3394 munitas
929 3346 985 3409 per
1000 3331 1160 3409 proprium
1176 3329 1334 3392 Nuncium

588 3425 797 3505 quantocitius
811 3425 966 3488 destinare
982 3440 1138 3503 procures.
1155 3423 1266 3486 Forma
1281 3440 1334 3485 au-

588 3526 649 3580 tem
666 3533 725 3598 qua
740 3517 867 3596 praefati
882 3516 1111 3595 archiepiscopi
1127 3516 1176 3578 rel
1192 3516 1333 3596 Episcopi

588 3614 620 3676 in
643 3611 827 3690 assiguando
848 3611 902 3674 tibi
925 3611 1050 3690 proprio
1074 3611 1169 3672 Pallio
1192 3620 1332 3686 utentur,

589 3709 662 3770 haec
683 3713 745 3768 est:
769 3705 847 3768 «Aa
868 3705 1021 3766 honorem
1035 3703 1264 3782 omnipotentis
1280 3704 1333 3766 Dei

588 3809 618 3862 et
633 3801 742 3862 Beatae
757 3798 868 3862 Mariae
879 3797 1015 3874 Virginis
1030 3815 1063 3858 ac
1078 3797 1238 3859 beatorum
1254 3800 1333 3874 hpo·

587 3895 737 3956 stolorum
760 3893 842 3955 Petri
863 3899 894 3954 et
921 3891 1006 3954 Pauli
1027 3900 1059 3953 et
1080 3891 1204 3954 Domini
1230 3888 1332 3952 Nostri

588 3988 712 4050 Domini
733 3987 892 4050 Benedicti
915 3987 1011 4064 Papae
1029 3984 1108 4048 xlv.
1126 3994 1157 4047 et
1180 3985 1210 4049 S.
1234 3984 1269 4046 li.
1295 3983 1330 4046 E.

588 4096 710 4143 necnon
727 4080 937 4158 patriarchalis
953 4079 1106 4142 Ecclesiae
1121 4080 1334 4141 antiochenae

589 4174 724 4236 nationis
751 4173 973 4236 Maronitarum
996 4173 1051 4235 tibi
1072 4174 1254 4235 commissae
1276 4181 1334 4234 tra·

588 4267 691 4328 dimus
714 4266 770 4329 tibi
791 4265 921 4328 Pallium
943 4267 980 4328 de
1002 4268 1138 4344 Corpore
1150 4266 1230 4327 beati
1251 4265 1333 4326 Petri

588 4360 727 4440 Apostoli
749 4369 921 4437 sumptum,
937 4360 1167 4437 plenitudinem
1190 4358 1333 4421 videlicet

589 4453 774 4533 pontificalis
795 4453 899 4528 oflicii,
921 4460 957 4513 ut
979 4453 1075 4515 utaris
1089 4467 1126 4514 eo
1142 4453 1223 4514 iutra
1238 4451 1333 4514 eccle-

587 4549 664 4611 siam
680 4556 767 4612 tuam
780 4548 871 4610 certis
885 4549 992 4611 diebus
1004 4549 1057 4628 qui
1067 4548 1289 4626 exprimuntur
1299 4547 1332 4609 in

588 4642 761 4721 privilegiis
775 4641 804 4702 ei
815 4635 1036 4720 ab'hpostolica
1048 4641 1127 4705 Sede
1141 4642 1301 4702 concessis.
1315 4659 1333 4702 tt

589 4736 700 4797 Forma
730 4743 834 4798 autem
863 4735 1030 4797 iuramenti
1051 4736 1133 4814 quod
1155 4735 1333 4813 praestabis,

589 4827 657 4889 talis
679 4836 741 4890 est:
769 4827 868 4904 «Ego
897 4827 1004 4890 'lobias
1034 4828 1147 4892 Gazeni
1175 4827 1334 4905 hrchiepi-

590 5047 632 5091 tro
650 5043 804 5090 patriarcha
822 5045 983 5090 Antiocheno
1003 5043 1120 5090 eiusdem
1142 5045 1334 5090 Maronitarum

589 5113 705 5159 nationis
714 5113 747 5158 ad
757 5113 932 5168 apostoticam
943 5113 1009 5157 banc
1018 5115 1041 5156 S.
1054 5112 1144 5156 sedem
1157 5123 1254 5168 uosque
1265 5113 1335 5170 ipsos

588 5180 684 5226 factam
700 5192 747 5238 pro
760 5179 904 5237 apostolici
918 5179 1010 5224 nostra
1021 5179 1104 5235 ipsius
1114 5179 1142 5222 in
1152 5179 1334 5224 Patriarcham

589 5248 666 5294 electi
680 5251 706 5292 et
720 5246 859 5292 constituti
872 5245 1080 5291 confirmatione.
1100 5246 1228 5296 Quoniam
1243 5251 1333 5292 autem

589 5314 727 5358 laudatum
742 5312 847 5358 'lobiam
862 5315 969 5358 Petrum
981 5312 1163 5358 Patriarcbam
1174 5322 1249 5357 sacro
1258 5312 1336 5356 eccle·

589 5381 786 5438 siasticopallio
795 5380 944 5436 decerpere
955 5383 978 5423 S.
990 5379 1060 5424 Petri
1071 5378 1254 5436 Apostolorum
1265 5378 1336 5424 Prin·

589 5449 655 5506 cipis
675 5453 780 5507 sumpto
800 5449 924 5494 decorare
942 5447 1087 5494 statuimus
1107 5458 1179 5493 more
1194 5447 1334 5504 maiorum,

590 5527 620 5562 ac
633 5516 798 5564 fraternitati
814 5523 882 5571 tuae,
897 5519 927 5562 ut
942 5516 974 5562 ad
989 5515 1075 5574 ipsum
1098 5517 1280 5562 patriarcham
1295 5517 1336 5561 de

590 5587 667 5642 feras,
681 5585 887 5642 consignandum
905 5583 1096 5638 mandavimus,
1112 5587 1138 5628 te
1152 5595 1262 5640 quoque,
1278 5595 1334 5629 ven.

590 5653 680 5708 frater,
694 5651 841 5708 seligimus,
856 5655 886 5696 ut
900 5655 991 5697 nostro
1005 5651 1111 5696 nomine
1130 5649 1236 5695 usitatis
1250 5661 1336 5696 caere

591 5719 686 5764 moniis
707 5719 792 5764 eidem
811 5719 908 5764 tradas.
930 5718 1056 5763 volumus
1077 5719 1167 5762 tamen
1186 5722 1212 5762 et
1231 5717 1336 5762 manda·

591 5797 659 5841 mus,
673 5789 702 5832 ut
717 5791 859 5842 antequam
881 5785 946 5830 illud
968 5785 1100 5840 tradatur,
1115 5787 1278 5830 memoratus
1292 5787 1336 5830 Pa·

591 5853 709 5898 triarcba
722 5863 811 5898 coram
826 5851 992 5898 fraternitate
1007 5852 1053 5897 tuti
1068 5851 1145 5896 edere
1160 5854 1283 5898 teneatur
1297 5863 1336 5898 ca·

592 5920 703 5966 thelicae
719 5920 778 5965 fidei
800 5921 986 5977 professionem
1008 5919 1083 5964 iuxta
1103 5919 1245 5965 formulam
1264 5930 1336 5976 prae·

592 5986 718 6044 scriptam
732 5998 749 6033 a
763 5986 803 6034 fel.
820 5998 870 6032 rec.
890 5987 994 6034 Urbano
1008 5987 1072 6031 Vlll.
1086 5985 1223 6032 decessore
1237 5989 1335 6040 nostro,

1106 575 1169 627 itta.
1194 578 1285 628 bour.
1309 577 1349 625 DE
1371 573 1399 626 Ρ.
1424 577 1453 626 ii·
1478 575 1560 628 bans
1583 575 1603 626 f.

1386 715 1494 779 scopus
1515 716 1617 779 nuper
1639 700 1732 779 Cypri
1752 699 2006 782 inPatriarcham
2027 703 2136 767 hutic-

1386 793 1520 854 chenum
1543 795 1678 856 nationis
1708 795 1928 858 Maronitarum
1960 797 2078 860 electus
2099 799 2138 861 ab

1386 885 1442 947 hac
1464 889 1538 949 hora
1561 887 1591 948 in
1614 897 1704 950 antea
1727 888 1824 952 fidelis
1846 891 2117 954 uehemens...»

1426 979 1538 1040 Datum
1560 980 1692 1056 Romae,
1723 984 1802 1061 apud
1835 983 1867 1046 S.
1891 984 2018 1047 Mariam
2043 987 2138 1047 Maio-

1387 1089 1466 1149 rem,
1482 1075 1539 1136 sub
1554 1077 1670 1139 annulo
1687 1077 1859 1154 Piscatoris,
1872 1079 1920 1141 die
1936 1096 2014 1141 xxx.
2031 1081 2138 1160 aprilis

1387 1185 1564 1264 succurra,
1588 1171 1785 1248 pontificatus
1806 1173 1904 1236 nostri
1927 1191 2010 1237 anno
2034 1192 2116 1237 xrrr.

1636 1375 1886 1386 ...n—*—

1658 1549 1861 1617 ctxttxvu.

1389 1731 1524 1796 Mandat
1546 1735 1761 1802 Patriarcltae
1779 1743 1975 1806 Antiocheno
1991 1743 2138 1808 Maroui-

1429 1831 1538 1890 tarum
1561 1837 1599 1892 ut
1620 1833 1755 1912 proprid
1776 1843 1805 1898 et
1829 1837 1860 1899 S.
1880 1837 1968 1899 Sedis
1990 1841 2139 1902 auctori-

1429 1929 1508 1996 tate,
1532 1923 1648 1988 delatis
1670 1929 1754 1991 actis
1771 1931 1918 2011 Capituli
1939 1936 2139 2014 praesalisa

1424 2015 1683 2098 'Conpreqatt'oae
1704 2021 1878 2088 Libaaeosi
1904 2029 2139 2094 Monncltorum

1428 2127 1482 2172 aa.
1507 2128 1657 2174 unocurt.
1689 2115 1852 2192 calcitrutt',
1877 2121 2033 2200 impediat
2054 2125 2140 2187 dioi-

1428 2205 1547 2266 siouera
1575 2208 1715 2270 eiusdem
1745 2212 2011 2293 Conpreqatioais
2036 2219 2073 2279 irt
2096 2217 2139 2280 A·

1429 2296 1588 2375 loppiuara
1610 2308 1641 2364 et
1663 2301 1886 2380 Libaneuseut;
1908 2325 2024 2372 uocatu
2045 2311 2140 2374 insa-

1428 2408 1483 2468 per
1504 2394 1686 2472 capitulum
1702 2397 1845 2472 celebret,
1863 2403 1919 2464 cui
1933 2404 2000 2482 ipse
2014 2407 2140 2483 praesi-

1428 2486 1510 2558 deat,
1521 2485 1678 2551 absolutis
1690 2491 1854 2554 monacbis
1865 2494 2138 2572 inobedientibus,

1427 2579 1485 2650 nel,
1502 2581 1531 2642 si
1549 2582 1738 2660 Capitulum
1754 2589 1822 2665 copi
1838 2597 1982 2666 nequeat,
2001 2592 2066 2670 ipse
2081 2593 2139 2655 eli-

1428 2677 1485 2750 qat
1507 2669 1657 2738 Abbatem
1686 2679 1864 2758 pastoralem
1886 2689 1917 2743 et
1938 2684 2137 2762 definitores,

1427 2763 1577 2842 aquibus
1600 2769 1719 2848 reliqui
1739 2769 1873 2835 Abbutcs
1888 2776 2069 2855 eliquatur,
2088 2781 2138 2840 irt-

1428 2856 1526 2918 diotis
1547 2863 1657 2937 positis
1678 2863 1715 2924 iu
1737 2875 1907 2929 reuocatas
1928 2868 1985 2950 (l).

1388 3043 1559 3112 venerabli
1580 3047 1668 3114 tratri
1691 3046 1803 3117 labiae
1827 3050 1918 3123 Petro
1935 3053 2137 3126 Patriarchae

1542 3141 1731 3212 antiocheno
1754 3143 1976 3230 Maronitarum,

1559 3326 1804 3399 etueotcttts
1820 3333 1879 3402 ΡΡ.
1892 3335 1962 3405 titt.

1600 3516 1792 3589 Venerabilis
1812 3523 1921 3605 frater,

1421 3611 1604 3681 salutemet
1627 3617 1824 3698 apostolicam
1847 3620 2100 3688 benedictionem.
2148 3624 2157 3644 ·

1428 3801 1618 3882 Supremum
1640 3808 1922 3889 gravissimumque
1947 3813 2137 3876 sacrosancti

1388 3895 1583 3973 apostolatus
1611 3900 1825 3965 ministerium
1852 3904 2058 3970 imbecillitati
2081 3923 2137 3969 no·

1387 3994 1468 4050 strae
1497 4007 1513 4052 a
1543 3992 1673 4054 Summo
1705 4004 1865 4072 pastorum
1895 3999 2037 4080 Principe
2067 4001 2137 4064 lesu

1390 4082 1511 4144 Christo
1533 4083 1754 4150 demandatum
1777 4089 1844 4150 iure
1866 4107 1899 4152 ac
1916 4094 2029 4155 merito
2050 4111 2137 4157 ano·

1390 4175 1434 4236 bis
1456 4178 1552 4254 exigit
1567 4187 1598 4240 et
1613 4181 1754 4258 requirit,
1771 4189 1807 4243 ut
1822 4185 1908 4245 omni
1929 4188 2002 4248 cura
2023 4203 2057 4249 ac
2069 4197 2137 4250 stu·

1389 4269 1439 4330 dio
1467 4272 1502 4332 ad
1529 4287 1564 4333 ea
1592 4273 1708 4350 iugiter
1728 4275 1946 4353 intendamus,
1975 4295 2030 4358 per
2056 4297 2136 4360 quae

1389 4363 1646 4428 christifidelium
1657 4367 2004 4448 subsuavipraesertim
2016 4374 2138 4450 religio

1390 4456 1437 4518 nis
1459 4457 1531 4534 iugo
1553 4459 1798 4538 mancipatorum
1820 4465 1917 4541 quieti
1941 4472 1971 4526 et
1986 4468 2137 4546 tranquil·

1389 4549 1467 4612 litati
1482 4551 1666 4628 consulitur,
1680 4563 1721 4629 et,
1734 4571 1812 4634 quae
1827 4557 2009 4633 religiosum
2025 4576 2135 4623 eorum

1390 4644 1580 4722 propositum
1594 4644 1719 4708 turbare
1739 4656 1880 4727 possunt,
1895 4650 2019 4714 solicite
2036 4668 2137 4716 remo-

1391 4751 1529 4812 veamus,
1548 4745 1592 4813 ut,
1610 4739 1697 4800 nulla
1712 4757 1745 4802 re
1762 4743 1931 4820 praepediti
1954 4741 1988 4806 ac
2009 4746 2135 4808 sublatis

1390 4829 1569 4892 animorum
1590 4831 1721 4895 dissidiis
1743 4841 1774 4896 et
1796 4821 2066 4916 aemulationibus,
2089 4840 2135 4904 iu·

1389 5049 1415 5090 et
1429 5045 1601 5092 iureiurando
1614 5047 1684 5104 apud
1699 5051 1725 5093 te
1740 5049 1841 5105 pariter
1857 5050 2025 5107 profiteatur,
2039 5063 2067 5098 se
2081 5063 2136 5109 per·

1389 5116 1467 5170 petuo
1489 5118 1657 5160 servaturum
1679 5119 1823 5172 supremae
1844 5119 1978 5164 Romanae
1999 5119 2059 5164 sedi
2080 5119 2136 5165 obe-

1388 5179 1516 5226 dientiam
1531 5191 1561 5226 ac
1576 5181 1738 5226 fidelitatem.
1750 5185 1834 5228 'ruurn
1851 5183 1935 5240 igitur
1947 5185 2000 5229 erit
2012 5184 2136 5242 imposito

1389 5245 1435 5292 isti
1450 5246 1598 5292 ministerio
1612 5248 1664 5292 rite
1685 5246 1879 5306 diligenterque
1899 5251 2029 5308 perfungi,
2046 5251 2136 5308 reique

1388 5314 1453 5359 bene
1463 5321 1553 5371 gestae
1562 5315 1746 5361 authenticum
1757 5315 1943 5362 documentum
1954 5319 1987 5362 ad
1996 5329 2043 5363 nos
2053 5323 2137 5363 trans

1389 5383 1504 5428 mittere.
1526 5381 1636 5427 interim
1654 5383 1688 5427 ad
1706 5383 1811 5429 itineris
1831 5383 2060 5440 navigationisque
2074 5389 2135 5430 tuae

1389 5449 1594 5506 prosperitatem
1618 5453 1744 5506 tuamque
1766 5450 1977 5498 incolumitatem
1999 5457 2026 5497 et
2046 5458 2135 5498 rerum

2165 567 2216 623 An.
2228 575 2257 626 fl.
2275 574 2329 632 rtet

1389 5517 1508 5562 omniunt
1528 5515 1629 5562 felicem
1648 5529 1798 5562 successum
1812 5522 1839 5562 et
1852 5518 2000 5577 auspicium
2015 5517 2135 5576 apostoli·
2194 5513 2197 5520 '

1388 5584 1665 5660 cambenedictionem
1678 5584 1734 5639 tibi,
1745 5595 1801 5630 ven.
1810 5586 1901 5641 frater,
1911 5589 2080 5643 peramanter
2090 5587 2136 5632 im-

1390 5657 1528 5762 pertiitliuurii
1545 5720 1652 5774 Romae,
1666 5718 1736 5775 apud
1759 5721 1781 5762 S.
1805 5719 1915 5764 Mariam
1938 5721 2072 5776 Maiorem,
2087 5721 2135 5767 sub

1389 5782 1488 5829 annulo
1506 5783 1656 5839 Piscatoris,
1671 5783 1713 5828 die
1733 5795 1796 5828 xxx.
1813 5784 1905 5841 aprilis
1920 5797 2062 5842 unccuvu,
2077 5799 2135 5845 pon·

1390 5850 1507 5896 tidcatus
1522 5851 1606 5897 nostri
1620 5863 1689 5897 anno
1705 5862 1768 5896 xvir.

1431 5917 1461 5974 (1)
1477 5921 1514 5963 Ex
1528 5917 1603 5962 arch.
1619 5921 1642 5962 S.
1659 5921 1752 5975 congr.
1771 5917 1829 5962 coll.
1845 5929 1905 5964 cunt
1926 5921 1988 5976 Reg.
2004 5922 2060 5966 vat.
