4838 6982
944 564 1139 609 nnnnnlcrt's
1161 564 1225 608 XlV.

314 683 403 746 habet
414 683 572 748 decretum
584 684 749 762 vulgatum
763 684 814 746 die
828 698 893 744 ιιιι.
907 681 1055 744 februarii

313 777 535 840 sumnonem:
551 777 769 842 Missionariis
780 782 901 848 autern,
914 776 978 839 sice
989 791 1056 837 sue-

314 873 418 934 cutur.
442 873 508 934 sinc
530 872 686 952 reparer,
700 873 798 935 ettam
825 871 995 936 Societctis
1013 870 1054 932 lc-

312 983 361 1040 sn,
386 982 449 1028 non
471 966 568 1030 liceat
589 968 687 1030 etiarn
709 966 815 1045 cipere
835 979 969 1026 suorum
990 963 1053 1040 pri·

312 1059 502 1139 cileqiorntn
522 1066 725 1122 sacramento
748 1059 981 1122 administrare
995 1061 1055 1120 out

312 1151 379 1214 olio
400 1155 514 1214 munio
536 1153 736 1230 parocbicliu
760 1151 857 1224 obire,
881 1150 946 1213 nisi
968 1151 1004 1213 de
1019 1151 1055 1212 ii-

313 1245 420 1308 centici
451 1249 677 1327 praefatorum
711 1245 960 1309 ordinariorum
990 1243 1056 1306 siue

316 1340 518 1401 ficariorum
549 1339 820 1416 Apostolicorum,
854 1340 888 1400 ia
920 1354 1055 1416 quorum

313 1435 480 1512 respectioe
500 1433 675 1512 prouinciis
691 1437 751 1496 out
767 1429 959 1496 dioecesibus
972 1434 1056 1494 cius-

312 1526 380 1588 dent
402 1525 625 1588 atissionurics
652 1528 842 1590 comorocuri
868 1526 1053 1605 contigerit.

312 1620 390 1680 llaec
411 1619 548 1697 profecto
569 1620 744 1683 luculenter
765 1620 1055 1694 ostenduntnulla-

315 1720 404 1776 tenus
432 1729 498 1776 esse
527 1714 757 1792 provocandum
783 1716 818 1777 ad
851 1714 1055 1777 immunitatis

313 1807 472 1886 privilegia
495 1807 672 1884 Anglicanis
688 1809 887 1870 missionariis
902 1824 1054 1882 concessa,

312 1909 477 1980 antequam
494 1902 524 1962 in
541 1901 650 1978 Anglii
668 1901 783 1963 bicarii
805 1901 969 1980 Apostolici
985 1917 1055 1964 con·

312 1994 531 2057 stituerentur.
559 1995 653 2074 quue
678 1997 849 2058 discussum
876 1998 968 2058 etiam
998 1995 1055 2057 fait

312 2086 343 2148 in
366 2087 513 2165 peculiari
535 2088 782 2164 congregatione
802 2090 839 2150 de
854 2090 901 2150 bis
923 2091 1056 2166 negotiis

311 2179 412 2242 nabitu
428 2181 476 2244 die
489 2197 531 2242 ιι.
547 2182 679 2244 octobris
696 2198 777 2242 anno
793 2198 948 2258 necnec,
968 2183 1055 2245 cuius

311 2272 429 2336 decreta
452 2274 653 2337 innocentius
675 2275 739 2339 llll.
765 2275 850 2338 brevi
870 2273 938 2336 dato
960 2277 1008 2338 die
1023 2293 1052 2336 v.

311 2366 443 2428 octobris
472 2383 553 2430 anno
583 2383 737 2431 nncxcvr.
766 2371 975 2433 confirmavit.
1000 2371 1055 2434 Αε-

311 2460 391 2520 εειιιι
412 2461 572 2524 decretum
588 2463 737 2523 emissum
758 2462 795 2523 ab
816 2462 961 2524 universa
978 2464 1056 2525 Con·

311 2553 491 2630 gregatione
521 2553 559 2614 de
590 2552 785 2631 Propagandi
816 2554 890 2617 Fide
918 2555 967 2618 die
989 2570 1053 2618 xr1.

314 2645 436 2721 augusti
454 2661 537 2708 anno
557 2661 716 2708 unccxnv.
739 2648 818 2724 quod
842 2656 948 2709 nostro
964 2647 1054 2710 Brevi

310 2737 368 2798 sub
388 2737 437 2800 die
459 2756 488 2798 ι.
511 2737 697 2817 septembris
718 2754 799 2800 anno
820 2755 980 2804 nnccntr.
1004 2742 1056 2803 ιιι-

310 2838 428 2894 matum
450 2830 520 2894 fuit.

83 2932 291 2996 raeartarqsqro
350 2925 438 3000 §ll
465 2926 544 2988 Cum
565 2924 602 2987 ab
623 2925 678 2988 hac
707 2923 736 2986 S.
761 2923 837 2987 Sede
860 2926 1056 2990 animadver-

71 2987 292 3104 br'bgbbaffit'bssb‘s
308 3035 379 3081 sum
399 3019 451 3093 sit,
473 3017 607 3096 plurima
629 3034 719 3097 saepe
747 3020 930 3096 contingere
951 3020 983 3082 in
1005 3037 1052 3082 re

71 3105 116 3190 ’,Ἓξ
132 3093 291 3202 ῗέῌξῗξζ
309 3110 453 3188 gionibns
476 3110 568 3188 longe
590 3110 713 3186 dissitiS,
731 3112 843 3190 quibus
865 3120 898 3173 ιιι
912 3111 1054 3174 consula-

71 3200 289 3300 gffllssgsslgolffl
310 3212 373 3278 tur,
385 3203 554 3282 peculiares
576 3205 819 3282 dispensationes
834 3211 864 3265 et
879 3203 1052 3283 privilegia,

70 3311 120 3352 tur.
135 3308 241 3353 assecta
255 3309 290 3353 ra·
308 3298 493 3375 quandoque
515 3306 687 3376 opportuna
702 3299 887 3376 quandoque
909 3297 1001 3358 etiam
1017 3297 1052 3358 ad

69 3361 289 3468 qqqqqtgi'suoue-
308 3391 483 3452 animarum
512 3391 654 3466 regimen
683 3391 863 3465 necessaria,
885 3390 1054 3469 requirun-

310 3491 373 3560 tur,
395 3485 430 3547 ad
454 3501 532 3563 cquae
551 3483 718 3546 obtinenda
732 3484 856 3547 difficile
866 3492 912 3545 est
923 3483 1053 3545 Romam

306 3577 486 3654 coningere,
502 3576 607 3640 eadem
625 3575 655 3638 S.
673 3577 766 3640 Sedes
782 3579 813 3638 in
830 3593 917 3640 more
934 3579 1051 3654 habuit,

306 3671 460 3750 habetque
483 3674 516 3733 in
537 3672 702 3750 praesenti,
721 3671 876 3751 Episcopis
900 3672 930 3732 in
953 3687 1054 3732 remo·

306 3775 437 3838 rioribus
450 3775 616 3854 provinciis
630 3775 893 3838 commorantibus
905 3775 1051 3853 quasdam

306 3871 466 3934 facultates
488 3871 654 3949 impertiri,
671 3872 784 3950 quibus
806 3872 852 3930 utf
868 3869 987 3947 possint
1001 3867 1050 3929 rel

307 3966 485 4028 immediate
507 3965 558 4026 vel
579 3982 634 4043 per
655 3967 817 4029 inferiores
841 3967 1014 4029 sacerdotes
1035 3984 1051 4026 a

305 4076 339 4121 se
360 4060 549 4136 designatos:
574 4068 665 4139 atque
687 4062 767 4122 idern
780 4061 870 4140 plane
891 4077 963 4122 cum
981 4061 1051 4122 mis·

305 4155 431 4216 stonum
457 4153 619 4230 praefectis
640 4162 732 4233 atque
761 4154 942 4234 Apostolfcis
964 4151 1050 4218 Vica-

306 4248 359 4308 riis
381 4247 481 4310 facere
508 4249 681 4310 consuevit.
716 4248 955 4325 Verumtamen,
978 4267 1049 4312 cum

307 4359 364 4404 nec
386 4343 538 4423 Episcopi,
562 4359 620 4407 nec
639 4345 825 4408 missionum
850 4345 994 4424 praefecti
1016 4346 1048 4406 in

305 4435 418 4512 anglia
438 4437 496 4499 hoc
517 4445 655 4515 tempore
679 4447 856 4513 versentur,
869 4454 1050 4517 supervaca-

307 4545 402 4590 neum
430 4538 493 4605 εει,
515 4530 674 4593 facrrltates
707 4548 879 4607 recensere,
903 4549 981 4611 qnae
1002 4533 1049 4593 his

306 4622 355 4683 rel
378 4621 438 4684 illis
458 4624 651 4687 deferuntur.
677 4623 787 4688 Sedem
802 4626 917 4688 babent
939 4627 971 4689 in
987 4627 1049 4689 An·

307 4717 366 4792 gliat
389 4717 502 4780 vicarii
524 4719 702 4796 Apostolici,
725 4719 777 4798 qui
800 4719 856 4782 sibi
878 4721 1049 4782 commissis

305 4809 473 4888 provinciis
485 4819 643 4889 praesunt,
656 4821 746 4891 atque
760 4813 799 4874 iis
810 4813 968 4876 dumtaxat
983 4816 1049 4892 for-

305 4903 411 4964 mulae
429 4904 585 4966 secundae
599 4904 755 4968 facultates
772 4907 966 4985 tribuuntur3
980 4923 1047 4986 pro·

306 4995 439 5075 indeque
451 4997 747 5075 regularesnngltae
759 5001 1049 5062 missionariiiisso·

304 5089 369 5152 lum
383 5090 578 5155 facultatibus
590 5091 806 5169 perfruuntur,
819 5110 893 5172 quas
904 5095 1047 5158 obtinent

304 5183 340 5244 ab
362 5184 543 5262 Apostolicis
565 5184 703 5260 Vicariis,
725 5187 777 5264 qui
800 5204 873 5249 sane
895 5205 944 5249 eas
965 5205 1046 5250 com-

304 5277 464 5340 municare
485 5279 553 5346 aliis
574 5287 714 5357 possunt,
728 5281 773 5341 nti
795 5297 833 5342 ex
848 5280 1048 5362 [oraautctsc-

304 5369 410 5433 candci
432 5371 631 5434 manifestum
654 5380 714 5434 est:
739 5373 921 5450 praedictos
944 5376 1047 5452 fucul-

304 5469 386 5526 tatcs
418 5464 692 5536 communicandi,
726 5481 788 5526 aon
820 5474 926 5530 tornea
958 5467 1043 5542 illos,

303 5571 383 5633 quac
404 5556 575 5635 requirunt
598 5557 741 5619 ordinem
769 5559 975 5638 episcopalem
999 5562 1046 5623 uel

304 5665 367 5710 aon
380 5649 449 5710 siae
470 5665 637 5712 sacrorum
660 5650 800 5712 oleorum
822 5669 885 5713 usu
901 5670 1047 5716 ccccccccc-

305 5746 371 5813 tur,
384 5739 603 5804 sacerdotibus
620 5742 752 5814 idoneis,
766 5744 822 5822 quai
837 5743 871 5805 in
883 5745 953 5806 eius
964 5746 1047 5808 dioe-

82 5833 284 5880 uincentesun-
303 5835 366 5895 cesi
388 5833 591 5898 luborabunt.
625 5837 658 5899 ln
687 5839 846 5900 recensitis
874 5847 980 5901 notatu
1003 5841 1046 5903 di-

69 5885 284 5941 detegationem
427 5929 432 5940 .
510 5930 559 5941 ..
879 5934 884 5945 .
988 5935 992 5945 .

68 5939 248 5986 mrsstonarros
262 5951 285 5987 ι-
304 5944 402 6007 gnum
425 5945 577 6009 rmprrmrs
598 5939 644 5994 est
672 5932 855 5996 vocabulum
877 5933 954 5995 allud
983 5935 1048 5998 rdo-

1778 543 1835 606 533
1887 533 1940 585 Διι.
1955 537 1984 587 c.
2007 536 2075 589 1753

1113 682 1192 753 ucis,
1208 697 1269 761 quo
1284 681 1420 760 cognitio
1442 682 1607 756 indicatur,
1619 696 1711 760 quam
1727 679 1855 756 largitor
1874 681 2087 792 bibi‘nffgub'ffi}

1113 773 1290 838 facultatum
1314 774 1427 838 habere
1455 776 1545 838 debet
1566 777 1603 837 de
1625 775 1677 838 illo
1701 774 1754 852 qui
1776 775 1855 852 ipsas
1874 769 2011 834 facultates
2034 801 2086 836 ms-

1112 869 1323 946 nonsequitur,
1340 885 1379 932 an
1395 869 1538 932 videlicet
1560 869 1689 932 idoneus
1700 867 1855 930 existime—
1874 841 1975 952 {13pr
1992 853 2089 943 02¹3?ssss

1113 969 1174 1022 tur.
1199 962 1276 1025 Hinc
1297 970 1328 1026 et
1345 963 1509 1026 arbitrium
1525 962 1676 1026 examinis
1689 962 1727 1023 de
1741 960 1794 1022 illc
1809 961 1855 1022 in·
1874 951 2088 1050 {ssrafflgfflm’

1083 1126 1085 1139 Ι
1112 1055 1260 1117 stituendi
1282 1056 1494 1135 subsequitur,
1511 1057 1632 1136 quoties
1646 1057 1713 1118 eius
1727 1055 1855 1118 scientia

1111 1149 1147 1210 ad
1170 1148 1346 1212 facultatem
1368 1152 1552 1213 exrcendam
1577 1149 1702 1211 aliunde
1724 1165 1786 1210 non
1810 1149 1855 1209 in-

1114 1248 1259 1303 notescat.
1277 1241 1531 1306 Observationem
1548 1243 1622 1306 illud
1639 1244 1730 1306 etiam
1748 1243 1854 1321 exigit,

1111 1334 1193 1411 quod
1215 1335 1378 1398 necessitas
1399 1352 1462 1399 non
1485 1337 1620 1400 infertur
1640 1336 1760 1399 Vicario
1778 1337 1857 1415 alpo-

1111 1428 1218 1490 stolico
1233 1436 1268 1490 nt
1283 1430 1411 1492 omnino
1424 1430 1589 1508 praedictas
1601 1429 1759 1494 facultates
1775 1448 1856 1494 com·

1112 1523 1266 1598 municet3
1289 1522 1341 1584 sed
1364 1523 1461 1586 veluti
1483 1523 1682 1586 commodum,
1702 1523 1854 1603 quoddam

1112 1614 1287 1676 huiusmodi
1309 1624 1440 1694 potestas
1461 1617 1506 1680 illi
1528 1618 1626 1681 delata
1647 1627 1692 1681 est
1714 1635 1771 1697 pro
1791 1618 1855 1680 ani-

1112 1724 1235 1772 marum
1259 1711 1405 1774 utilitate:
1438 1715 1518 1790 quod
1541 1713 1667 1791 quidem
1694 1728 1854 1792 nunquam

1113 1818 1177 1864 non
1204 1812 1434 1882 opportunum,
1458 1809 1578 1885 saepius
1604 1807 1697 1870 ettam
1720 1821 1857 1868 necessa-

1112 1897 1194 1959 rium
1217 1905 1274 1972 est,
1290 1914 1362 1962 cum
1376 1901 1519 1980 superior
1530 1902 1634 1963 omnia
1656 1917 1755 1978 perse
1771 1917 1855 1978 prae-

1111 1999 1192 2053 stare
1224 1994 1353 2056 minime
1378 1995 1487 2056 valeat.
1521 1994 1555 2058 ln
1584 1997 1710 2058 arbitrio
1742 1997 1854 2060 bicarii

1113 2085 1276 2163 apostolici
1299 2088 1432 2164 positum
1449 2105 1572 2166 quoque
1588 2099 1634 2151 est
1647 2091 1698 2152 vel
1714 2094 1854 2155 omnium

1111 2196 1237 2241 suarum
1261 2180 1439 2244 facultatum
1461 2185 1653 2245 sacerdotem
1675 2184 1853 2264 participem

1111 2271 1220 2348 facere,
1244 2273 1294 2335 vel
1315 2274 1430 2353 aliquas
1453 2279 1667 2340 tantammodo
1682 2281 1856 2354 communi-

1112 2381 1190 2426 care.
1216 2365 1293 2428 Nam
1316 2366 1453 2432 Vicarius
1472 2371 1664 2449 apostolicus
1686 2373 1718 2434 in
1736 2373 1793 2436 hoc
1815 2375 1855 2435 fa-

1112 2459 1262 2521 cultatum
1285 2476 1401 2538 genere
1416 2463 1552 2540 specialis
1567 2459 1601 2526 s:
1616 2463 1703 2527 Sedis
1724 2467 1853 2544 delegati

1112 2567 1274 2630 personam
1296 2555 1397 2630 gerit,
1419 2556 1469 2618 cui
1492 2555 1625 2619 liberum
1649 2568 1695 2619 est
1716 2560 1856 2623 subdele-

1112 2659 1200 2720 gare,
1232 2644 1348 2707 nedum
1374 2665 1412 2709 ειι
1444 2651 1604 2712 communi
1632 2651 1716 2728 inre,
1744 2669 1855 2715 rerum

1111 2737 1205 2798 etiarn
1226 2753 1264 2798 ειι
1284 2739 1437 2818 singulari
1463 2743 1645 2807 auctoritate
1667 2744 1710 2806 illi
1732 2746 1856 2807 demun-

1111 2827 1193 2891 data:
1217 2847 1351 2911 cumque
1373 2833 1405 2894 in
1427 2834 1597 2912 delegantis
1618 2845 1767 2915 potestate
1781 2855 1854 2900 con-

1110 2923 1256 2985 stitutum
1277 2926 1317 2986 sit
1337 2929 1536 3006 suspendere,
1554 2929 1603 2991 rel
1619 2931 1746 2994 omnino
1761 2933 1852 2994 etiam

1110 3013 1232 3076 auferre
1253 3015 1363 3079 factam
1377 3019 1517 3096 delegato
1537 3023 1799 3100 procurationem,
1816 3041 1852 3085 ει

1110 3105 1158 3168 his
1179 3110 1323 3171 omnibus
1345 3111 1420 3174 illud
1445 3117 1664 3194 consequitur,
1688 3117 1720 3177 in
1743 3117 1852 3194 Anglii

1109 3199 1235 3275 scilicet,
1258 3204 1339 3279 quod
1360 3205 1421 3266 iam
1442 3208 1559 3269 dictum
1581 3219 1638 3282 est,
1661 3226 1710 3270 eas
1732 3216 1852 3272 tantum

1109 3291 1269 3356 facultates
1284 3313 1338 3375 per
1354 3297 1510 3364 vicarium
1532 3302 1742 3380 Apostolicum
1764 3303 1853 3366 colla·

1111 3394 1154 3448 tas
1178 3405 1194 3447 a
1220 3390 1418 3454 missionariis
1446 3396 1582 3457 exerceri
1605 3411 1701 3475 posse.
1736 3397 1790 3460 llle
1814 3398 1852 3459 si-

1109 3480 1234 3558 quidem
1263 3501 1334 3548 cum
1363 3489 1546 3566 apostolicus
1578 3489 1780 3568 depositarius
1806 3511 1851 3556 ea·

1108 3579 1254 3641 rumdem
1275 3582 1403 3658 existat,
1427 3599 1609 3647 communes
1638 3605 1686 3650 eas
1717 3589 1853 3652 facturus

1108 3691 1180 3737 cum
1200 3681 1407 3746 sacerdotibus
1428 3686 1633 3749 saecularibus
1654 3699 1706 3752 aut
1731 3691 1852 3766 regula-

1109 3776 1213 3852 ribus,
1235 3777 1284 3839 ius
1305 3779 1420 3840 retinet
1452 3777 1550 3860 (quod
1579 3791 1721 3861 repetere
1747 3802 1852 3864 super-

1108 3888 1278 3935 vacaneum
1307 3890 1369 3936 non
1392 3874 1470 3953 erit)
1494 3876 1711 3954 dignoscendi,
1738 3897 1775 3941 an
1804 3899 1853 3942 re·

1108 3979 1178 4026 vera
1201 3966 1304 4052 idonei
1319 3969 1394 4044 sint,
1411 3969 1527 4049 aliquas
1543 3975 1770 4047 tantummodo,
1786 3990 1849 4036 non

1108 4078 1217 4127 ornnes
1238 4068 1498 4143 communicandi,
1519 4084 1552 4129 ac
1572 4068 1707 4147 denique
1722 4087 1771 4132 eas
1786 4085 1853 4131 sus-

1108 4160 1261 4238 pendendi
1296 4161 1461 4239 penitusue
1498 4162 1668 4224 auferendi.
1705 4162 1849 4227 Attamen

1107 4269 1306 4333 summopere
1340 4258 1575 4319 commendatur
1611 4259 1786 4322 humanitas
1818 4261 1849 4322 in

1108 4349 1250 4410 examine
1266 4350 1457 4426 peragendo,
1475 4351 1601 4428 insuper
1615 4352 1712 4414 debita
1734 4362 1766 4414 et
1781 4371 1851 4433 pru·

1107 4441 1182 4504 dens
1203 4444 1303 4504 cautio
1320 4443 1351 4506 in
1372 4447 1594 4524 suspendendis
1609 4447 1658 4508 vel
1680 4447 1851 4512 adimendis

1107 4535 1301 4600 facultatibus
1326 4555 1404 4616 quae
1425 4539 1521 4601 semel
1543 4557 1683 4604 concessa
1711 4542 1848 4606 fuerunt.

1106 4629 1169 4693 Nec
1191 4647 1265 4708 opus
1287 4638 1348 4707 est,
1372 4641 1406 4695 ut
1435 4633 1592 4696 facultates
1621 4637 1849 4714 exprimantur,

1106 4741 1180 4802 quas
1202 4724 1341 4786 vicarius
1362 4726 1417 4788 sibi
1442 4741 1615 4804 reservare,
1637 4737 1689 4791 aut
1710 4747 1784 4808 quas
1805 4750 1851 4794 sa-

1105 4819 1279 4880 cerdotibus
1290 4821 1495 4883 saecularibus
1506 4823 1555 4883 rel
1568 4823 1761 4901 regularibus
1772 4826 1848 4888 elar-

1106 4912 1165 4988 giri
1186 4913 1287 4985 debet,
1311 4929 1428 4992 quaeve
1451 4915 1507 4976 nni
1530 4916 1739 4995 potiusquam
1761 4919 1847 4981 alteri

1104 5006 1167 5067 sint
1188 5007 1427 5084 impertiendae:
1453 5008 1481 5070 id
1503 5009 1588 5070 enim
1609 5011 1734 5073 arbitrio
1756 5013 1851 5076 relin-

1105 5099 1212 5177 quitur
1234 5099 1346 5162 Vicarii
1367 5099 1615 5180 apostatarant
1636 5121 1708 5166 cum
1730 5106 1761 5166 in
1785 5106 1849 5169 loco

1105 5193 1260 5267 consistat,
1282 5199 1313 5254 ει
1335 5209 1479 5272 personas
1500 5196 1656 5271 dignoscat
1676 5197 1787 5276 quibus
1808 5199 1849 5261 fa-

1104 5285 1233 5348 cultates
1254 5287 1479 5362 conceduntur,
1492 5289 1666 5351 animarum
1689 5293 1849 5354 necessita-

1105 5385 1149 5439 tes
1171 5379 1394 5442 animadvertat
1420 5387 1450 5442 ot
1472 5397 1598 5442 casuum
1626 5382 1847 5462 frequentiam,

1104 5471 1271 5536 decernere
1293 5471 1411 5536 facilins
1434 5482 1549 5554 potest,
1573 5491 1651 5553 quae
1679 5478 1776 5554 magis
1797 5495 1850 5558 op-

1103 5571 1234 5642 portuna
1257 5572 1287 5625 ει
1308 5564 1451 5627 salutaria
1473 5564 1648 5630 videantur.
1680 5569 1764 5631 lnter
1784 5589 1848 5634 cae-
1906 5575 2025 5640 F³⁰¹¹¹le⁵
2040 5577 2079 5624 Νι

1105 5664 1184 5717 teras
1207 5656 1257 5717 illa
1279 5657 1502 5721 adnumeratur
1525 5659 1661 5736 facultas,
1678 5678 1734 5740 per
1755 5681 1845 5741 quam
1866 5628 2080 5746 bbbbb‘bbqfsb‘r’a
2155 5697 2159 5706 ·

1103 5749 1185 5827 copia
1215 5749 1248 5809 bt
1278 5751 1425 5812 sacerdoti
1456 5752 1499 5814 bis
1526 5769 1648 5816 sacrum
1679 5757 1846 5835 peragendi
1867 5739 2079 5845 335?⁸,⁵3{,{{{⁸,331

1103 5858 1167 5903 uno
1188 5844 1298 5904 cortem
1314 5844 1373 5917 die,
1391 5844 1461 5907 licet
1476 5846 1503 5906 id
1521 5861 1665 5923 expresse
1688 5849 1842 5927 prohibea-
1866 5842 1918 5888 ⁰⁰⁰¹
1934 5843 2016 5890 deba·

1105 5943 1233 6014 turcap.
1249 5935 1452 6000 consuluisti
1465 5937 1500 6000 de
1512 5935 1722 6003 celebratione
1734 5943 1846 6006 Missa·
