4856 6984
109 567 214 620 Aac.
238 567 305 620 1752

335 699 396 762 tlcii
418 705 448 762 et
468 699 714 776 sustentationis,
731 697 783 762 vel
804 699 972 778 denegatae
992 696 1079 759 sibia

336 793 517 869 magistratu
545 792 690 867 iustitiae,
718 791 904 856 delensiouis
935 793 1080 854 innoxiae

335 886 439 962 titulo,
455 903 488 948 ea
511 887 604 950 licere
626 888 843 966 pronunciant.
867 886 963 950 Laxas
984 894 1016 949 et
1030 903 1081 966 pe·

334 980 425 1044 riculi
446 980 552 1059 plenas
574 983 735 1060 opiniones
755 982 945 1058 huiusmodi,
959 999 995 1044 ex
1012 981 1079 1044 vol-

335 1074 412 1152 gatis
434 1089 541 1138 eorum
566 1075 651 1138 libris
671 1078 707 1139 ad
729 1091 785 1138 nos
806 1076 931 1151 delatas,
945 1078 996 1140 ubi
1018 1076 1080 1156 pri·

335 1185 422 1232 mum
443 1170 626 1249 accepimus,
643 1185 750 1232 earum
772 1185 903 1233 examen
919 1171 1079 1233 nonnullis

335 1279 372 1323 ex
393 1262 621 1324 venerabilibus
642 1262 788 1326 iratribus
810 1263 924 1326 nostris
939 1263 970 1326 S.
988 1263 1023 1325 R.
1041 1264 1076 1325 E.

336 1354 547 1420 Cardinalibus
562 1365 593 1418 et
607 1356 791 1434 quibusdam
812 1355 931 1419 dilectis
953 1356 1079 1420 tiliissa·

334 1467 402 1514 crae
423 1449 607 1526 theologiae
629 1450 797 1526 magistris,
811 1450 984 1528 specialiter
999 1452 1034 1514 ad
1050 1453 1078 1514 id

333 1560 389 1623 per
400 1560 456 1606 nos
471 1543 635 1622 deputatis,
648 1544 876 1606 commisimus:
891 1544 954 1623 qui,
967 1560 1001 1606 re
1017 1560 1078 1606 ma-

336 1647 404 1700 ture
424 1637 568 1713 discussa,
592 1637 658 1700 latis
679 1653 782 1700 coram
805 1637 892 1700 nobis
914 1644 982 1701 tum
1004 1654 1079 1701 voce

334 1739 400 1793 tum
421 1731 535 1810 scripto
556 1730 722 1808 suffragiis,
742 1730 948 1810 infrascriptos
968 1747 1078 1811 propo-

333 1823 460 1886 sitiones
491 1838 621 1886 censura
653 1831 684 1885 et
716 1824 939 1903 proscriptione
971 1827 1078 1904 dignas

333 1916 568 1980 existimarunt:

516 2092 635 2170 nutura
656 2105 888 2172 puorosrvro.

335 2295 388 2356 l'ir
402 2294 569 2367 militaris,
587 2296 654 2372 qni,
667 2293 732 2358 nisi
748 2295 861 2376 offerat
874 2297 922 2360 <vel
937 2302 1076 2375 acceptet

371 2388 523 2460 duellam,
550 2394 713 2469 tanlquam
734 2390 974 2469 formidolosas,
992 2392 1080 2454 tiani-

372 2483 449 2555 cias,
482 2482 626 2547 abiectas
654 2493 683 2546 et
712 2485 753 2548 ad
783 2487 883 2564 officia
913 2485 1076 2549 militaria

372 2575 501 2654 ineptae
523 2575 706 2650 baberetur,
732 2578 864 2656 indeque
886 2579 994 2660 officio,
1018 2596 1076 2658 qao

370 2685 402 2730 se
422 2687 556 2748 suasque
587 2679 770 2742 sustentat,
801 2672 1003 2750 privaretur,
1031 2672 1076 2733 uel

371 2763 582 2840 promotionis
604 2763 687 2826 alias
709 2761 772 2826 sibi
799 2763 922 2845 debitae
943 2783 980 2828 ac
1005 2781 1077 2843 pro-

370 2856 506 2918 meritae
535 2872 587 2934 epe
615 2863 767 2934 perpetuo
797 2875 905 2920 curere
934 2855 1075 2931 deberet,

370 2948 466 3027 calpa
487 2956 517 3011 ct
538 2965 637 3026 poena
669 2956 815 3024 vacaret,
852 2951 919 3012 sive
948 2951 1074 3031 offerat,

369 3041 435 3104 ciue
456 3051 596 3121 acceptet
619 3043 771 3106 duellam.

685 3231 720 3294 ll.

333 3417 498 3480 Eaaneari
519 3425 652 3496 parentat
675 3419 785 3492 etiam,
812 3419 941 3482 bonoria
966 3420 1076 3482 tuendi

370 3511 417 3571 cel
440 3509 580 3574 inmane
602 3510 821 3590 vilipensionis
837 3513 991 3576 vitandae
1005 3530 1077 3593 prn-

373 3603 432 3674 tin‚
456 3604 599 3666 inclinar
626 3610 826 3682 acceptantes
847 3607 895 3668 acl
922 3607 964 3670 aa
994 3607 1077 3669 itanu

371 3703 596 3773 provocantes,
620 3699 745 3777 qnando
773 3704 859 3760 certo
887 3701 997 3762 scinnt
1019 3715 1076 3778 pa-

371 3805 466 3871 pnarn
495 3808 558 3853 non
585 3808 650 3853 esce
679 3797 877 3864 secuturam,
906 3797 1017 3870 utpote
1038 3792 1076 3857 ab

369 3885 447 3949 aliis
469 3885 709 3964 impediendam.

679 4073 729 4137 ill.

330 4261 400 4324 Non
423 4263 568 4323 incurrit
590 4262 821 4325 ecclesiasticas
835 4277 951 4340 peenas
966 4259 1005 4324 ab
1019 4262 1076 4323 Ec·

368 4355 465 4418 etesia
488 4361 600 4423 contra
622 4353 801 4418 avellentes
824 4355 910 4418 ictas
938 4355 1007 4418 dnn
1028 4357 1075 4416 cel

369 4447 513 4529 officialis
543 4448 684 4512 militiae
714 4455 882 4525 acceptans
914 4448 1073 4521 dneilnrn,

368 4559 408 4605 cn
429 4543 523 4623 praui
544 4547 631 4604 nera
653 4543 836 4606 amissionis
856 4542 1006 4621 (anneot
1030 4544 1075 4623 os-

367 4637 444 4715 ficii.

676 4769 727 4832 lV.

327 4919 471 4983 licitam
493 4927 550 4991 est,
574 4920 610 4981 in
630 4926 724 4982 stata
746 4919 884 4982 bominis
907 4921 1072 4993 natarali,

367 5019 532 5092 acceptare
555 5020 584 5075 et
607 5013 719 5092 offerro
749 5013 909 5084 daelianr,
940 5013 981 5076 ad
1009 5029 1074 5074 ser-

367 5108 488 5171 vandos
511 5124 583 5169 anan
610 5107 727 5168 bonore
749 5108 919 5185 sorianus,
947 5107 1072 5185 qnando

366 5200 432 5264 aiio
454 5200 588 5262 remedio
610 5215 719 5262 eoram
740 5199 870 5262 iactare
885 5198 1072 5277 propulsari

368 5293 489 5373 nequit.

679 5427 716 5490 V.

326 5580 458 5642 Asserta
481 5577 614 5640 licentio
635 5580 805 5655 praetuta
828 5577 995 5648 natarali,
1017 5592 1072 5654 ap·

366 5671 484 5750 plicari
517 5673 616 5734 etiam
647 5673 749 5749 potest
782 5672 889 5733 statni
924 5671 1071 5733 ciuitatis

367 5766 449 5828 male
479 5766 659 5836 ordinatae,
685 5765 719 5826 in
741 5781 804 5842 qna
830 5763 1000 5835 nimirum,
1024 5764 1071 5825 cel

367 5857 562 5939 negligentia
577 5857 625 5919 ael
639 5858 769 5920 matitia
784 5857 1010 5937 magistratus,
1021 5858 1071 5920 in·

365 5951 462 6015 stitia
484 5957 591 6030 aparte
612 5949 800 6031 denegatur.

965 577 1161 622 nssuubtct‘tts
1183 577 1247 622 xlv.

1802 555 1861 619 alt
1912 555 1964 609 An.
1979 559 2009 611 0.
2032 560 2100 613 1752

1176 698 1195 772 ἓ
1216 699 1244 761 6.
1262 699 1383 762 Auditis
1398 698 1513 780 itaque,
1525 715 1618 778 super
1632 711 1817 776 unaquaque
1832 715 1880 760 ea·
1938 707 2110 772 brunantun

1137 811 1208 858 rum
1224 795 1481 874 propositionum,
1498 793 1652 857 dictorum
1669 793 1877 858 cardinalium
1898 759 2112 871 ‹iteffif‘r'r'igiiff

1135 897 1168 952 et
1182 888 1397 952 consultorum
1412 888 1543 962 iudiciis,
1556 894 1647 966 atque
1662 887 1806 950 omnibus
1821 886 1880 947 rite
1900 866 2002 922 mm*

1137 988 1167 1044 et
1189 991 1309 1044 mature
1329 981 1538 1058 consideratis,
1555 997 1611 1043 nos
1634 981 1721 1059 ipsas,
1738 993 1880 1058 praesen·

1137 1077 1218 1138 tium
1239 1075 1401 1138 literarum
1424 1081 1531 1138 tenore
1548 1081 1580 1136 et
1594 1073 1756 1152 apostolica
1777 1080 1878 1136 aucto-

1137 1169 1237 1244 ritate,
1255 1177 1412 1248 tamquam
1432 1167 1532 1243 lalsas,
1548 1167 1736 1230 scandalosas
1757 1183 1790 1228 ac
1812 1181 1879 1244 per-

1136 1263 1266 1325 niciosas
1287 1262 1456 1338 reiicimus,
1479 1263 1661 1326 damnamus
1685 1278 1718 1323 ac
1739 1260 1881 1340 probibe-

1136 1372 1218 1432 mus,
1235 1359 1311 1420 itaut
1326 1356 1514 1435 quicumque
1529 1355 1594 1418 illas
1616 1363 1669 1418 aut
1688 1354 1880 1418 coniunctim

1136 1459 1188 1512 aut
1209 1451 1332 1512 divisim
1353 1450 1504 1534 docuerit,
1530 1451 1715 1525 detenderit,
1737 1449 1879 1524 ediderit,

1135 1551 1188 1606 aut
1202 1543 1240 1606 de
1258 1545 1306 1619 iis,
1330 1546 1422 1608 etiam
1438 1543 1612 1622 disputandi
1635 1545 1742 1622 gratia,
1760 1542 1880 1621 publice

1135 1647 1189 1701 aut
1210 1639 1356 1718 privatim
1377 1640 1565 1715 tractaverit,
1582 1639 1640 1702 nisi
1655 1639 1758 1700 iorsan
1780 1638 1881 1716 impu-

1135 1732 1270 1809 gnando,
1286 1731 1351 1810 ipso
1373 1731 1450 1794 iacto
1473 1732 1588 1796 incidat
1610 1732 1643 1794 in
1666 1731 1881 1793 excommuni-

1135 1826 1300 1900 cationem,
1325 1843 1340 1886 a
1362 1843 1421 1904 qua
1443 1841 1507 1890 non
1530 1825 1623 1903 possit
1644 1824 1879 1905 (praeterquam

1136 1921 1166 1980 in
1195 1922 1303 1982 mortis
1334 1920 1488 1999 articulo)
1516 1920 1554 1982 ab
1579 1918 1653 1996 alio,
1682 1935 1878 1998 quacumque

1136 2014 1229 2074 etiam
1250 2013 1401 2090 dignitate
1422 2013 1577 2091 fulgente,
1594 2013 1654 2074 nisi
1676 2013 1713 2075 ab
1726 2013 1880 2074 existente

1135 2123 1190 2186 pro
1212 2114 1354 2185 tempore
1375 2105 1512 2169 Romano
1535 2107 1683 2170 Pontidca
1703 2106 1830 2168 absolvi.

1175 2202 1194 2276 5
1216 2202 1243 2263 7.
1269 2203 1397 2282 insuper
1425 2203 1543 2278 stricte,
1565 2202 1598 2263 in
1622 2201 1738 2264 virtute
1759 2209 1879 2264 sanctae
1907 2216 2111 2280 vaoponrnpra-

1135 2295 1326 2358 obedientiae
1348 2303 1378 2357 et
1404 2296 1461 2358 sub
1493 2295 1750 2358 interminatione
1781 2293 1878 2356 divini
1898 2281 1950 2316 ³¹⁰¹
1965 2270 2060 2316 ¹⁰⁶¹¹⁰¹¹

1134 2389 1251 2464 iudicii,
1275 2389 1474 2468 prohibemus
1501 2390 1645 2452 omnibus
1667 2389 1879 2454 christifideli-

1135 2482 1190 2544 bus
1211 2482 1434 2561 cuiuscumque
1445 2483 1644 2557 conditionis,
1667 2483 1826 2559 dignitatis
1848 2488 1878 2544 et

1133 2582 1242 2650 status,
1261 2575 1354 2636 etiam
1375 2576 1498 2653 speciali
1518 2583 1549 2637 et
1570 2575 1785 2654 specialissima
1807 2583 1878 2638 nota

1134 2667 1249 2744 dignis,
1261 2683 1301 2729 ne
1316 2669 1484 2746 praedictas
1495 2669 1667 2748 opiniones,
1677 2677 1729 2730 aut.
1744 2667 1878 2747 aliquam

1134 2761 1281 2838 ipsarum,
1301 2762 1336 2822 ad
1359 2762 1480 2838 praxim
1502 2763 1664 2826 deducant.

1173 2855 1192 2928 5
1213 2852 1243 2913 8.
1267 2853 1328 2915 lam
1350 2869 1437 2928 vero,
1461 2861 1496 2916 ut
1517 2855 1679 2916 exitiosam
1701 2855 1875 2918 duellorum
1944 2873 2110 2920 consurano-

1134 2946 1303 3022 licentiam,
1326 2946 1359 3008 iu
1380 2947 1556 3021 christiana,
1572 2964 1605 3010 ac
1620 2949 1800 3026 praesertim
1822 2949 1878 3009 mi·
1898 2927 2111 3026 ssgssugffissflffiffil

1134 3041 1215 3103 litari
1236 3039 1410 3120 republica,
1434 3057 1497 3103 uon
1524 3042 1716 3112 obstantibus
1743 3041 1879 3120 providis
1898 3045 1956 3080 Μ
1972 3033 2004 3079 ‘¹⁰
2017 3031 2110 3080 ⁶⁰⁰¹¹¹⁸

1135 3135 1280 3210 legibusa
1294 3134 1451 3212 plerisque
1466 3133 1559 3196 etiam
1573 3135 1780 3197 saecularibus
1795 3133 1878 3214 prin·
1898 3089 2089 3134 concreantur.

1113 3228 1252 3306 cipibus
1272 3235 1304 3288 ct
1327 3226 1528 3306 potestatibus
1548 3226 1584 3288 ud
1613 3226 1753 3290 eamdem
1785 3227 1879 3289 extir-

1133 3323 1266 3399 pandum
1288 3320 1482 3383 laudabiliter
1505 3321 1605 3396 editis,
1629 3322 1727 3384 adbuc
1749 3320 1878 3398 gliscen-

1134 3423 1208 3490 tem,
1231 3413 1381 3476 validiore
1402 3429 1497 3476 manu
1526 3429 1735 3490 coerceamus
1765 3414 1879 3490 gravis·

1133 3509 1312 3586 simumque
1340 3508 1440 3570 scelos
1470 3505 1652 3585 apostolicae
1679 3507 1878 3570 districtionis

1134 3602 1234 3678 gladio
1256 3603 1354 3680 magis
1369 3604 1529 3682 magisque
1544 3603 1757 3681 insequamur,
1770 3615 1878 3663 omnes

1133 3701 1164 3759 et
1185 3695 1323 3773 singulas
1344 3699 1498 3762 dictorum
1519 3699 1729 3763 Romanorum
1751 3699 1877 3761 Pontifi-

1133 3807 1205 3852 cum
1231 3793 1498 3870 praedecessorum
1524 3800 1702 3856 nostrorum
1727 3797 1878 3858 constitu-

1135 3885 1233 3948 tiones
1245 3887 1386 3964 superius
1397 3889 1587 3962 enunciatas,
1597 3905 1730 3966 quarum
1743 3897 1876 3965 tenores,

1133 3995 1166 4040 ac
1187 3979 1213 4039 si
1233 3982 1447 4058 praesentibus
1465 3983 1502 4044 de
1518 3985 1613 4046 verbo
1634 3985 1667 4046 ad
1685 3985 1816 4048 verbum
1832 3985 1878 4047 in-

1133 4080 1231 4136 sertae
1253 4073 1365 4150 ioreut,
1383 4093 1438 4155 pro
1453 4077 1643 4141 sufficienter
1658 4079 1810 4157 expressis
1825 4078 1877 4138 ba·

1133 4165 1197 4226 beri
1213 4168 1369 4240 volumus,
1386 4170 1547 4248 apostolica
1562 4173 1744 4234 auctoritate
1765 4172 1879 4234 constr·

1133 4271 1253 4322 mantes
1267 4269 1297 4323 et
1313 4263 1511 4339 innovantes,
1524 4265 1558 4325 ad
1576 4266 1633 4328 lroc
1655 4273 1689 4328 ut
1704 4281 1878 4345 poenarum

1132 4356 1265 4430 gravitas
1287 4365 1317 4418 et
1338 4357 1484 4419 severitas
1505 4360 1653 4420 maiorem
1676 4359 1802 4437 perditis
1825 4362 1878 4420 iro-

1132 4448 1270 4511 minibus
1292 4450 1413 4528 ingerat
1441 4455 1584 4531 peccandi
1606 4465 1742 4530 metum,
1770 4464 1878 4518 nostro

1132 4549 1220 4604 motu
1239 4545 1375 4622 proprio,
1392 4561 1425 4607 ac
1440 4548 1477 4609 de
1493 4547 1673 4625 apostolicae
1688 4549 1877 4611 auctoritatis

1132 4634 1337 4712 plenitudine,
1355 4640 1536 4702 earumdem
1552 4641 1763 4718 praesentium
1776 4642 1878 4703 litera-

1132 4742 1203 4789 rum
1218 4729 1308 4805 serie,
1320 4731 1486 4794 statuimus
1507 4741 1600 4811 atque
1621 4733 1828 4808 decernimus,
1842 4743 1877 4798 ut

1131 4819 1155 4882 si
1172 4822 1241 4898 quis
1253 4823 1285 4884 in
1297 4823 1413 4902 duello,
1426 4825 1493 4888 sive
1504 4826 1637 4906 publice,
1650 4826 1716 4889 sive
1731 4828 1876 4905 privatim

1132 4914 1259 4990 indicto,
1281 4917 1620 5006 bominemocciderit,
1636 4921 1702 4982 sive
1724 4921 1773 4984 liic
1795 4937 1877 4983 mor·

1131 5015 1203 5070 tuus
1231 5008 1327 5071 luerit
1351 5012 1383 5073 in
1410 5012 1476 5076 loco
1501 5017 1673 5092 condictus,
1702 5015 1766 5077 sive
1788 5023 1874 5074 extra
1924 5024 2044 5084 ¹lvsvver
2059 5033 2107 5121 pv·

1131 5103 1220 5166 illum
1236 5119 1273 5164 ex
1296 5104 1427 5167 vulnere
1450 5107 1480 5169 in
1497 5109 1601 5171 duello
1622 5117 1756 5188 accepto,
1770 5105 1875 5170 buius·
1895 5074 2108 5191 gillibet?

1131 5195 1213 5258 modi
1235 5196 1397 5272 homicida,
1416 5207 1572 5280 tamquam
1594 5204 1785 5267 interficiens
1807 5220 1876 5283 pro·
1895 5183 2107 5294 Qiffiffiffsffl

1130 5290 1252 5352 ximum
1273 5307 1366 5354 suum
1387 5295 1492 5356 animo
1503 5301 1725 5375 praemeditato
1747 5318 1779 5363 ac
1800 5301 1875 5364 deli·
1895 5295 1975 5335 vatur.

1129 5383 1254 5460 beruto,
1285 5384 1321 5446 ad
1345 5386 1478 5451 lormam
1511 5392 1748 5455 constitutionis
1779 5393 1875 5457 felicis

1129 5478 1350 5542 recordationis
1365 5481 1604 5560 praedecessoris
1625 5487 1724 5548 nostri
1747 5487 1876 5551 Benedi-

1129 5572 1169 5634 cti
1190 5572 1287 5651 Papae
1315 5575 1409 5649 xiil,
1437 5591 1516 5654 quae
1538 5578 1643 5658 incipit
1673 5582 1724 5642 lla
1746 5597 1805 5658 qao
1827 5581 1876 5644 ar·-

1129 5665 1223 5737 uina,
1258 5667 1325 5729 data
1352 5685 1393 5730 vr.
1425 5669 1496 5731 ldus
1527 5669 1607 5732 iuuii
1638 5689 1720 5735 anuo
1749 5675 1873 5737 Domini

1128 5773 1305 5836 mcccxxv,
1318 5762 1355 5824 ab
1369 5763 1588 5827 ecclesiasticae
1605 5765 1813 5830 immunitatis
1825 5769 1875 5830 be·

1129 5853 1238 5915 neticio
1267 5857 1408 5918 exclusus
1431 5865 1462 5920 et
1482 5859 1626 5936 repulsus
1654 5861 1783 5924 omnino
1804 5879 1875 5924 cen-

1128 5955 1248 6025 seatnr;
1272 5949 1312 6010 ita
1333 5961 1397 6014 uta
1415 5952 1638 6034 cuiuscumque
1659 5955 1736 6018 sacri
1756 5963 1810 6020 aut
1825 5971 1872 6019 re·
