<?xml version="1.0" encoding="UTF-8"?>
<!DOCTYPE html PUBLIC "-//W3C//DTD XHTML 1.0 Transitional//EN"
    "http://www.w3.org/TR/xhtml1/DTD/xhtml1-transitional.dtd">
<html xmlns="http://www.w3.org/1999/xhtml" xml:lang="en" lang="en">
 <head>
  <title>
</title>
<meta http-equiv="Content-Type" content="text/html;charset=utf-8" />
  <meta name='ocr-system' content='tesseract 3.04.00' />
  <meta name='ocr-capabilities' content='ocr_page ocr_carea ocr_par ocr_line ocrx_word'/>
</head>
<body>
  <div class='ocr_page' id='page_1' title='image "./iurispontificii02martgoog_0135.png"; bbox 0 0 4764 6972; ppageno 0'>
   <div class='ocr_carea' id='block_1_1' title="bbox 887 591 1173 638">
    <p class='ocr_par' dir='ltr' id='par_1_1' title="bbox 887 591 1173 638">
     <span class='ocr_line' id='line_1_1' title="bbox 887 591 1173 638; baseline 0 -2"><span class='ocrx_word' id='word_1_1' title='bbox 887 591 1086 638; x_wconf 75' lang='lat' dir='ltr'>Bnndotexus</span> <span class='ocrx_word' id='word_1_2' title='bbox 1109 591 1173 638; x_wconf 85' lang='lat' dir='ltr'>xlv.</span> 
     </span>
    </p>
   </div>
   <div class='ocr_carea' id='block_1_2' title="bbox 252 709 1003 2661">
    <p class='ocr_par' dir='ltr' id='par_1_2' title="bbox 252 709 1003 2661">
     <span class='ocr_line' id='line_1_2' title="bbox 259 709 1002 792; baseline -0.004 -18"><span class='ocrx_word' id='word_1_3' title='bbox 259 710 454 792; x_wconf 87' lang='lat' dir='ltr'>Propaganda</span> <span class='ocrx_word' id='word_1_4' title='bbox 474 711 548 774; x_wconf 82' lang='lat' dir='ltr'>Fide</span> <span class='ocrx_word' id='word_1_5' title='bbox 572 711 815 790; x_wconf 91' lang='lat' dir='ltr'>praepositorum</span> <span class='ocrx_word' id='word_1_6' title='bbox 838 709 1002 788; x_wconf 77' lang='lat' dir='ltr'>dependet,</span> 
     </span>
     <span class='ocr_line' id='line_1_3' title="bbox 259 802 1002 868; baseline -0.005 0"><span class='ocrx_word' id='word_1_7' title='bbox 259 811 288 868; x_wconf 89' lang='lat' dir='ltr'>et</span> <span class='ocrx_word' id='word_1_8' title='bbox 307 805 366 867; x_wconf 91' lang='lat' dir='ltr'>sub</span> <span class='ocrx_word' id='word_1_9' title='bbox 386 821 459 868; x_wconf 91' lang='lat' dir='ltr'>cura</span> <span class='ocrx_word' id='word_1_10' title='bbox 481 812 512 866; x_wconf 92' lang='lat' dir='ltr'>et</span> <span class='ocrx_word' id='word_1_11' title='bbox 533 805 704 867; x_wconf 79' lang='lat' dir='ltr'>directione</span> <span class='ocrx_word' id='word_1_12' title='bbox 725 804 828 866; x_wconf 91' lang='lat' dir='ltr'>dilecti</span> <span class='ocrx_word' id='word_1_13' title='bbox 852 802 908 864; x_wconf 88' lang='lat' dir='ltr'>lilii</span> <span class='ocrx_word' id='word_1_14' title='bbox 929 804 1002 865; x_wconf 87' lang='lat' dir='ltr'>blat-</span> 
     </span>
     <span class='ocr_line' id='line_1_4' title="bbox 258 897 1003 975; baseline -0.003 -15"><span class='ocrx_word' id='word_1_15' title='bbox 258 898 338 960; x_wconf 89' lang='lat' dir='ltr'>tbaei</span> <span class='ocrx_word' id='word_1_16' title='bbox 359 898 435 975; x_wconf 87' lang='lat' dir='ltr'>ilipa</span> <span class='ocrx_word' id='word_1_17' title='bbox 461 898 605 960; x_wconf 90' lang='lat' dir='ltr'>moderni</span> <span class='ocrx_word' id='word_1_18' title='bbox 632 898 770 959; x_wconf 91' lang='lat' dir='ltr'>eiusdem</span> <span class='ocrx_word' id='word_1_19' title='bbox 796 897 918 973; x_wconf 88' lang='lat' dir='ltr'>collegii</span> <span class='ocrx_word' id='word_1_20' title='bbox 940 913 1003 958; x_wconf 89' lang='lat' dir='ltr'>rec·</span> 
     </span>
     <span class='ocr_line' id='line_1_5' title="bbox 258 990 1003 1070; baseline 0 -17"><span class='ocrx_word' id='word_1_21' title='bbox 258 993 332 1054; x_wconf 91' lang='lat' dir='ltr'>toris</span> <span class='ocrx_word' id='word_1_22' title='bbox 354 993 492 1070; x_wconf 90' lang='lat' dir='ltr'>deputati</span> <span class='ocrx_word' id='word_1_23' title='bbox 513 993 680 1070; x_wconf 89' lang='lat' dir='ltr'>reperitur,</span> <span class='ocrx_word' id='word_1_24' title='bbox 694 993 823 1067; x_wconf 90' lang='lat' dir='ltr'>exiguos</span> <span class='ocrx_word' id='word_1_25' title='bbox 837 992 880 1052; x_wconf 91' lang='lat' dir='ltr'>sic</span> <span class='ocrx_word' id='word_1_26' title='bbox 894 990 1003 1053; x_wconf 90' lang='lat' dir='ltr'>babeat</span> 
     </span>
     <span class='ocr_line' id='line_1_6' title="bbox 257 1084 1002 1163; baseline 0 -16"><span class='ocrx_word' id='word_1_27' title='bbox 257 1085 413 1161; x_wconf 82' lang='lat' dir='ltr'>redditus,</span> <span class='ocrx_word' id='word_1_28' title='bbox 443 1093 478 1148; x_wconf 94' lang='lat' dir='ltr'>ut</span> <span class='ocrx_word' id='word_1_29' title='bbox 505 1084 744 1148; x_wconf 90' lang='lat' dir='ltr'>substentationi</span> <span class='ocrx_word' id='word_1_30' title='bbox 777 1101 944 1163; x_wconf 90' lang='lat' dir='ltr'>puerorum</span> <span class='ocrx_word' id='word_1_31' title='bbox 971 1092 1002 1147; x_wconf 92' lang='lat' dir='ltr'>et</span> 
     </span>
     <span class='ocr_line' id='line_1_7' title="bbox 256 1178 1003 1257; baseline 0 -19"><span class='ocrx_word' id='word_1_32' title='bbox 256 1178 500 1241; x_wconf 86' lang='lat' dir='ltr'>adolescentium</span> <span class='ocrx_word' id='word_1_33' title='bbox 512 1180 750 1257; x_wconf 90' lang='lat' dir='ltr'>praedictorum,</span> <span class='ocrx_word' id='word_1_34' title='bbox 767 1193 888 1240; x_wconf 85' lang='lat' dir='ltr'>necnon</span> <span class='ocrx_word' id='word_1_35' title='bbox 911 1178 1003 1241; x_wconf 91' lang='lat' dir='ltr'>mini-</span> 
     </span>
     <span class='ocr_line' id='line_1_8' title="bbox 255 1270 1002 1350; baseline -0.004 -16"><span class='ocrx_word' id='word_1_36' title='bbox 255 1279 393 1334; x_wconf 89' lang='lat' dir='ltr'>strorum</span> <span class='ocrx_word' id='word_1_37' title='bbox 414 1273 551 1334; x_wconf 88' lang='lat' dir='ltr'>servitiis</span> <span class='ocrx_word' id='word_1_38' title='bbox 566 1277 598 1333; x_wconf 92' lang='lat' dir='ltr'>et</span> <span class='ocrx_word' id='word_1_39' title='bbox 619 1271 771 1349; x_wconf 81' lang='lat' dir='ltr'>gubernio</span> <span class='ocrx_word' id='word_1_40' title='bbox 793 1273 921 1350; x_wconf 92' lang='lat' dir='ltr'>eiusque</span> <span class='ocrx_word' id='word_1_41' title='bbox 942 1270 1002 1333; x_wconf 89' lang='lat' dir='ltr'>col-</span> 
     </span>
     <span class='ocr_line' id='line_1_9' title="bbox 256 1367 1001 1443; baseline -0.005 -15"><span class='ocrx_word' id='word_1_42' title='bbox 256 1367 329 1442; x_wconf 87' lang='lat' dir='ltr'>legii</span> <span class='ocrx_word' id='word_1_43' title='bbox 351 1367 565 1428; x_wconf 83' lang='lat' dir='ltr'>insistentium</span> <span class='ocrx_word' id='word_1_44' title='bbox 588 1368 718 1443; x_wconf 91' lang='lat' dir='ltr'>impares</span> <span class='ocrx_word' id='word_1_45' title='bbox 735 1381 802 1427; x_wconf 91' lang='lat' dir='ltr'>esse</span> <span class='ocrx_word' id='word_1_46' title='bbox 816 1367 1001 1442; x_wconf 90' lang='lat' dir='ltr'>dignoscun-</span> 
     </span>
     <span class='ocr_line' id='line_1_10' title="bbox 257 1460 1002 1538; baseline -0.005 -16"><span class='ocrx_word' id='word_1_47' title='bbox 257 1469 319 1534; x_wconf 87' lang='lat' dir='ltr'>tur,</span> <span class='ocrx_word' id='word_1_48' title='bbox 343 1477 400 1522; x_wconf 92' lang='lat' dir='ltr'>nos</span> <span class='ocrx_word' id='word_1_49' title='bbox 415 1468 534 1524; x_wconf 89' lang='lat' dir='ltr'>attente</span> <span class='ocrx_word' id='word_1_50' title='bbox 550 1460 771 1538; x_wconf 88' lang='lat' dir='ltr'>prospicientes</span> <span class='ocrx_word' id='word_1_51' title='bbox 786 1460 879 1537; x_wconf 93' lang='lat' dir='ltr'>quod,</span> <span class='ocrx_word' id='word_1_52' title='bbox 896 1460 920 1519; x_wconf 93' lang='lat' dir='ltr'>si</span> <span class='ocrx_word' id='word_1_53' title='bbox 936 1474 1002 1520; x_wconf 84' lang='grc'>111-</span> 
     </span>
     <span class='ocr_line' id='line_1_11' title="bbox 255 1552 1000 1631; baseline -0.005 -15"><span class='ocrx_word' id='word_1_54' title='bbox 255 1555 427 1618; x_wconf 84' lang='grc'>1111111111</span> <span class='ocrx_word' id='word_1_55' title='bbox 448 1555 563 1616; x_wconf 91' lang='lat' dir='ltr'>abbatia</span> <span class='ocrx_word' id='word_1_56' title='bbox 585 1561 801 1631; x_wconf 91' lang='lat' dir='ltr'>nuncupatum</span> <span class='ocrx_word' id='word_1_57' title='bbox 818 1553 848 1616; x_wconf 89' lang='lat' dir='ltr'>S.</span> <span class='ocrx_word' id='word_1_58' title='bbox 866 1553 947 1615; x_wconf 90' lang='lat' dir='ltr'>Petri</span> <span class='ocrx_word' id='word_1_59' title='bbox 963 1552 1000 1613; x_wconf 93' lang='lat' dir='ltr'>de</span> 
     </span>
     <span class='ocr_line' id='line_1_12' title="bbox 255 1646 1001 1724; baseline -0.003 -14"><span class='ocrx_word' id='word_1_60' title='bbox 255 1648 413 1722; x_wconf 88' lang='lat' dir='ltr'>Ebumb0,</span> <span class='ocrx_word' id='word_1_61' title='bbox 436 1665 492 1710; x_wconf 91' lang='lat' dir='ltr'>seu</span> <span class='ocrx_word' id='word_1_62' title='bbox 521 1648 621 1724; x_wconf 89' lang='lat' dir='ltr'>Eboli,</span> <span class='ocrx_word' id='word_1_63' title='bbox 643 1647 766 1711; x_wconf 86' lang='lat' dir='ltr'>Ordinis</span> <span class='ocrx_word' id='word_1_64' title='bbox 789 1648 819 1711; x_wconf 90' lang='lat' dir='ltr'>S.</span> <span class='ocrx_word' id='word_1_65' title='bbox 843 1646 1001 1709; x_wconf 81' lang='lat' dir='ltr'>Benedicti</span> 
     </span>
     <span class='ocr_line' id='line_1_13' title="bbox 254 1740 999 1820; baseline -0.001 -18"><span class='ocrx_word' id='word_1_66' title='bbox 254 1741 457 1803; x_wconf 80' lang='lat' dir='ltr'>salernitanae</span> <span class='ocrx_word' id='word_1_67' title='bbox 479 1740 636 1816; x_wconf 92' lang='lat' dir='ltr'>dioecesis,</span> <span class='ocrx_word' id='word_1_68' title='bbox 653 1741 732 1820; x_wconf 93' lang='lat' dir='ltr'>quod</span> <span class='ocrx_word' id='word_1_69' title='bbox 755 1740 885 1802; x_wconf 92' lang='lat' dir='ltr'>dilectus</span> <span class='ocrx_word' id='word_1_70' title='bbox 906 1741 999 1802; x_wconf 88' lang='lat' dir='ltr'>etiam</span> 
     </span>
     <span class='ocr_line' id='line_1_14' title="bbox 255 1834 998 1913; baseline -0.003 -15"><span class='ocrx_word' id='word_1_71' title='bbox 255 1836 338 1899; x_wconf 88' lang='lat' dir='ltr'>lilius</span> <span class='ocrx_word' id='word_1_72' title='bbox 353 1836 500 1913; x_wconf 80' lang='lat' dir='ltr'>Magister</span> <span class='ocrx_word' id='word_1_73' title='bbox 514 1834 626 1897; x_wconf 86' lang='lat' dir='ltr'>Marius</span> <span class='ocrx_word' id='word_1_74' title='bbox 642 1834 763 1909; x_wconf 89' lang='lat' dir='ltr'>ilillini,</span> <span class='ocrx_word' id='word_1_75' title='bbox 781 1851 862 1896; x_wconf 89' lang='lat' dir='ltr'>unus</span> <span class='ocrx_word' id='word_1_76' title='bbox 877 1851 914 1896; x_wconf 89' lang='lat' dir='ltr'>ex</span> <span class='ocrx_word' id='word_1_77' title='bbox 930 1851 998 1896; x_wconf 91' lang='lat' dir='ltr'>cau-</span> 
     </span>
     <span class='ocr_line' id='line_1_15' title="bbox 254 1927 999 2008; baseline -0.005 -16"><span class='ocrx_word' id='word_1_78' title='bbox 254 1945 358 1992; x_wconf 87' lang='lat' dir='ltr'>sarum</span> <span class='ocrx_word' id='word_1_79' title='bbox 380 1929 481 2008; x_wconf 91' lang='lat' dir='ltr'>palatii</span> <span class='ocrx_word' id='word_1_80' title='bbox 503 1929 601 1990; x_wconf 91' lang='lat' dir='ltr'>nostri</span> <span class='ocrx_word' id='word_1_81' title='bbox 629 1929 787 2005; x_wconf 91' lang='lat' dir='ltr'>apostolici</span> <span class='ocrx_word' id='word_1_82' title='bbox 809 1927 999 1990; x_wconf 89' lang='lat' dir='ltr'>auditoribus</span> 
     </span>
     <span class='ocr_line' id='line_1_16' title="bbox 253 2021 997 2102; baseline -0.004 -17"><span class='ocrx_word' id='word_1_83' title='bbox 253 2030 285 2085; x_wconf 92' lang='lat' dir='ltr'>et</span> <span class='ocrx_word' id='word_1_84' title='bbox 306 2023 504 2102; x_wconf 83' lang='lat' dir='ltr'>cappellanus</span> <span class='ocrx_word' id='word_1_85' title='bbox 525 2032 646 2097; x_wconf 89' lang='lat' dir='ltr'>noster,</span> <span class='ocrx_word' id='word_1_86' title='bbox 670 2023 702 2082; x_wconf 92' lang='lat' dir='ltr'>in</span> <span class='ocrx_word' id='word_1_87' title='bbox 726 2022 940 2084; x_wconf 87' lang='lat' dir='ltr'>commendam</span> <span class='ocrx_word' id='word_1_88' title='bbox 963 2021 997 2082; x_wconf 90' lang='lat' dir='ltr'>ad</span> 
     </span>
     <span class='ocr_line' id='line_1_17' title="bbox 253 2115 999 2193; baseline -0.004 -16"><span class='ocrx_word' id='word_1_89' title='bbox 253 2117 303 2178; x_wconf 89' lang='lat' dir='ltr'>sui</span> <span class='ocrx_word' id='word_1_90' title='bbox 317 2117 415 2178; x_wconf 91' lang='lat' dir='ltr'>vitam</span> <span class='ocrx_word' id='word_1_91' title='bbox 426 2132 464 2176; x_wconf 88' lang='lat' dir='ltr'>ex</span> <span class='ocrx_word' id='word_1_92' title='bbox 479 2115 675 2177; x_wconf 89' lang='lat' dir='ltr'>concessione</span> <span class='ocrx_word' id='word_1_93' title='bbox 689 2115 850 2193; x_wconf 89' lang='lat' dir='ltr'>apostolica</span> <span class='ocrx_word' id='word_1_94' title='bbox 862 2115 897 2174; x_wconf 94' lang='lat' dir='ltr'>ad</span> <span class='ocrx_word' id='word_1_95' title='bbox 913 2129 999 2192; x_wconf 91' lang='lat' dir='ltr'>prae-</span> 
     </span>
     <span class='ocr_line' id='line_1_18' title="bbox 252 2207 1000 2289; baseline -0.004 -18"><span class='ocrx_word' id='word_1_96' title='bbox 252 2226 324 2272; x_wconf 89' lang='lat' dir='ltr'>sens</span> <span class='ocrx_word' id='word_1_97' title='bbox 338 2211 471 2286; x_wconf 91' lang='lat' dir='ltr'>obtinet,</span> <span class='ocrx_word' id='word_1_98' title='bbox 484 2212 626 2289; x_wconf 92' lang='lat' dir='ltr'>quodque</span> <span class='ocrx_word' id='word_1_99' title='bbox 640 2209 671 2272; x_wconf 95' lang='lat' dir='ltr'>in</span> <span class='ocrx_word' id='word_1_100' title='bbox 686 2207 822 2272; x_wconf 92' lang='lat' dir='ltr'>similem</span> <span class='ocrx_word' id='word_1_101' title='bbox 843 2223 1000 2271; x_wconf 89' lang='lat' dir='ltr'>commen-</span> 
     </span>
     <span class='ocr_line' id='line_1_19' title="bbox 253 2301 998 2382; baseline -0.011 -14"><span class='ocrx_word' id='word_1_102' title='bbox 253 2306 324 2368; x_wconf 85' lang='lat' dir='ltr'>dam</span> <span class='ocrx_word' id='word_1_103' title='bbox 346 2321 384 2366; x_wconf 91' lang='lat' dir='ltr'>ex</span> <span class='ocrx_word' id='word_1_104' title='bbox 405 2304 470 2382; x_wconf 89' lang='lat' dir='ltr'>pari</span> <span class='ocrx_word' id='word_1_105' title='bbox 492 2303 688 2366; x_wconf 83' lang='lat' dir='ltr'>concessione</span> <span class='ocrx_word' id='word_1_106' title='bbox 712 2302 874 2379; x_wconf 92' lang='lat' dir='ltr'>apostolica</span> <span class='ocrx_word' id='word_1_107' title='bbox 896 2302 931 2362; x_wconf 91' lang='lat' dir='ltr'>ad</span> <span class='ocrx_word' id='word_1_108' title='bbox 953 2301 998 2360; x_wconf 90' lang='lat' dir='ltr'>vi-</span> 
     </span>
     <span class='ocr_line' id='line_1_20' title="bbox 253 2394 997 2472; baseline -0.007 -13"><span class='ocrx_word' id='word_1_109' title='bbox 253 2407 317 2460; x_wconf 91' lang='lat' dir='ltr'>tam</span> <span class='ocrx_word' id='word_1_110' title='bbox 339 2398 473 2461; x_wconf 85' lang='lat' dir='ltr'>obtineri</span> <span class='ocrx_word' id='word_1_111' title='bbox 494 2398 668 2472; x_wconf 89' lang='lat' dir='ltr'>consuevit,</span> <span class='ocrx_word' id='word_1_112' title='bbox 691 2413 762 2459; x_wconf 92' lang='lat' dir='ltr'>cum</span> <span class='ocrx_word' id='word_1_113' title='bbox 784 2395 927 2458; x_wconf 90' lang='lat' dir='ltr'>omnibus</span> <span class='ocrx_word' id='word_1_114' title='bbox 946 2394 997 2455; x_wconf 94' lang='lat' dir='ltr'>bo·</span> 
     </span>
     <span class='ocr_line' id='line_1_21' title="bbox 253 2488 999 2569; baseline -0.003 -16"><span class='ocrx_word' id='word_1_115' title='bbox 253 2493 314 2566; x_wconf 92' lang='lat' dir='ltr'>nis,</span> <span class='ocrx_word' id='word_1_116' title='bbox 338 2491 457 2554; x_wconf 90' lang='lat' dir='ltr'>iuribus</span> <span class='ocrx_word' id='word_1_117' title='bbox 479 2501 509 2552; x_wconf 90' lang='lat' dir='ltr'>et</span> <span class='ocrx_word' id='word_1_118' title='bbox 530 2491 727 2569; x_wconf 90' lang='lat' dir='ltr'>pertinentiis</span> <span class='ocrx_word' id='word_1_119' title='bbox 752 2489 815 2552; x_wconf 88' lang='lat' dir='ltr'>suis</span> <span class='ocrx_word' id='word_1_120' title='bbox 844 2488 999 2566; x_wconf 90' lang='lat' dir='ltr'>praedicto</span> 
     </span>
     <span class='ocr_line' id='line_1_22' title="bbox 252 2584 996 2661; baseline -0.008 -15"><span class='ocrx_word' id='word_1_121' title='bbox 252 2584 410 2661; x_wconf 85' lang='lat' dir='ltr'>Collegio,</span> <span class='ocrx_word' id='word_1_122' title='bbox 434 2601 580 2647; x_wconf 90' lang='lat' dir='ltr'>exnunc</span> <span class='ocrx_word' id='word_1_123' title='bbox 605 2599 660 2661; x_wconf 94' lang='lat' dir='ltr'>pro</span> <span class='ocrx_word' id='word_1_124' title='bbox 689 2591 763 2646; x_wconf 92' lang='lat' dir='ltr'>tunc</span> <span class='ocrx_word' id='word_1_125' title='bbox 785 2590 852 2645; x_wconf 92' lang='lat' dir='ltr'>ete</span> <span class='ocrx_word' id='word_1_126' title='bbox 878 2591 996 2656; x_wconf 90' lang='lat' dir='ltr'>contra,</span> 
     </span>
    </p>
   </div>
   <div class='ocr_carea' id='block_1_3' title="bbox 223 2673 998 2756">
    <p class='ocr_par' dir='ltr' id='par_1_3' title="bbox 223 2673 998 2756">
     <span class='ocr_line' id='line_1_23' title="bbox 223 2673 998 2756; baseline -0.005 -17"><span class='ocrx_word' id='word_1_127' title='bbox 223 2673 228 2682; x_wconf 84' lang='grc'><em>’</em></span> <span class='ocrx_word' id='word_1_128' title='bbox 251 2695 325 2740; x_wconf 88' lang='lat' dir='ltr'>cum</span> <span class='ocrx_word' id='word_1_129' title='bbox 348 2679 485 2756; x_wconf 92' lang='lat' dir='ltr'>primum</span> <span class='ocrx_word' id='word_1_130' title='bbox 505 2677 624 2740; x_wconf 91' lang='lat' dir='ltr'>dictum</span> <span class='ocrx_word' id='word_1_131' title='bbox 656 2677 891 2751; x_wconf 89' lang='lat' dir='ltr'>monasterium,</span> <span class='ocrx_word' id='word_1_132' title='bbox 915 2675 998 2736; x_wconf 89' lang='lat' dir='ltr'>illius</span> 
     </span>
    </p>
   </div>
   <div class='ocr_carea' id='block_1_4' title="bbox 247 2770 999 3785">
    <p class='ocr_par' dir='ltr' id='par_1_4' title="bbox 247 2770 999 3785">
     <span class='ocr_line' id='line_1_24' title="bbox 250 2770 999 2849; baseline -0.007 -14"><span class='ocrx_word' id='word_1_133' title='bbox 250 2773 435 2835; x_wconf 88' lang='lat' dir='ltr'>commenda</span> <span class='ocrx_word' id='word_1_134' title='bbox 456 2771 635 2835; x_wconf 85' lang='lat' dir='ltr'>uniusmodi</span> <span class='ocrx_word' id='word_1_135' title='bbox 657 2787 693 2834; x_wconf 89' lang='lat' dir='ltr'>ex</span> <span class='ocrx_word' id='word_1_136' title='bbox 719 2787 849 2849; x_wconf 89' lang='lat' dir='ltr'>persona</span> <span class='ocrx_word' id='word_1_137' title='bbox 869 2770 999 2846; x_wconf 90' lang='lat' dir='ltr'>eiusque</span> 
     </span>
     <span class='ocr_line' id='line_1_25' title="bbox 251 2864 999 2944; baseline -0.005 -18"><span class='ocrx_word' id='word_1_138' title='bbox 251 2866 393 2942; x_wconf 84' lang='lat' dir='ltr'>magistri</span> <span class='ocrx_word' id='word_1_139' title='bbox 415 2865 501 2926; x_wconf 86' lang='lat' dir='ltr'>Marii</span> <span class='ocrx_word' id='word_1_140' title='bbox 527 2864 748 2944; x_wconf 93' lang='lat' dir='ltr'>quovismodo</span> <span class='ocrx_word' id='word_1_141' title='bbox 776 2871 924 2937; x_wconf 86' lang='lat' dir='ltr'>cessante,</span> <span class='ocrx_word' id='word_1_142' title='bbox 946 2878 999 2922; x_wconf 94' lang='lat' dir='ltr'>va-</span> 
     </span>
     <span class='ocr_line' id='line_1_26' title="bbox 250 2956 996 3036; baseline -0.007 -16"><span class='ocrx_word' id='word_1_143' title='bbox 250 2975 320 3020; x_wconf 90' lang='lat' dir='ltr'>care</span> <span class='ocrx_word' id='word_1_144' title='bbox 342 2958 524 3034; x_wconf 89' lang='lat' dir='ltr'>contigerit,</span> <span class='ocrx_word' id='word_1_145' title='bbox 553 2957 715 3036; x_wconf 88' lang='lat' dir='ltr'>apostolica</span> <span class='ocrx_word' id='word_1_146' title='bbox 744 2956 938 3030; x_wconf 87' lang='lat' dir='ltr'>auctoritate,</span> <span class='ocrx_word' id='word_1_147' title='bbox 962 2960 996 3015; x_wconf 95' lang='lat' dir='ltr'>ut</span> 
     </span>
     <span class='ocr_line' id='line_1_27' title="bbox 250 3051 996 3128; baseline -0.004 -16"><span class='ocrx_word' id='word_1_148' title='bbox 250 3051 344 3127; x_wconf 84' lang='lat' dir='ltr'>inira,</span> <span class='ocrx_word' id='word_1_149' title='bbox 360 3053 514 3126; x_wconf 90' lang='lat' dir='ltr'>uniretur,</span> <span class='ocrx_word' id='word_1_150' title='bbox 530 3059 750 3114; x_wconf 88' lang='lat' dir='ltr'>annecteretur</span> <span class='ocrx_word' id='word_1_151' title='bbox 770 3059 802 3111; x_wconf 91' lang='lat' dir='ltr'>et</span> <span class='ocrx_word' id='word_1_152' title='bbox 824 3051 996 3128; x_wconf 91' lang='lat' dir='ltr'>incorpora-</span> 
     </span>
     <span class='ocr_line' id='line_1_28' title="bbox 249 3143 995 3224; baseline -0.004 -18"><span class='ocrx_word' id='word_1_153' title='bbox 249 3154 351 3220; x_wconf 87' lang='lat' dir='ltr'>retur,</span> <span class='ocrx_word' id='word_1_154' title='bbox 374 3161 430 3224; x_wconf 90' lang='lat' dir='ltr'>per</span> <span class='ocrx_word' id='word_1_155' title='bbox 460 3146 517 3208; x_wconf 89' lang='lat' dir='ltr'>hoc</span> <span class='ocrx_word' id='word_1_156' title='bbox 546 3144 683 3223; x_wconf 90' lang='lat' dir='ltr'>prolecto</span> <span class='ocrx_word' id='word_1_157' title='bbox 711 3143 784 3206; x_wconf 93' lang='lat' dir='ltr'>dicti</span> <span class='ocrx_word' id='word_1_158' title='bbox 813 3143 941 3220; x_wconf 80' lang='lat' dir='ltr'>collegii</span> <span class='ocrx_word' id='word_1_159' title='bbox 964 3148 995 3204; x_wconf 91' lang='grc'>11</span> 
     </span>
     <span class='ocr_line' id='line_1_29' title="bbox 247 3236 996 3314; baseline -0.001 -14"><span class='ocrx_word' id='word_1_160' title='bbox 247 3239 333 3302; x_wconf 85' lang='grc'>111111</span> <span class='ocrx_word' id='word_1_161' title='bbox 344 3238 545 3302; x_wconf 90' lang='lat' dir='ltr'>alumnorum</span> <span class='ocrx_word' id='word_1_162' title='bbox 561 3239 793 3301; x_wconf 91' lang='lat' dir='ltr'>necessitatibus</span> <span class='ocrx_word' id='word_1_163' title='bbox 808 3245 839 3300; x_wconf 92' lang='lat' dir='ltr'>et</span> <span class='ocrx_word' id='word_1_164' title='bbox 855 3236 996 3314; x_wconf 91' lang='lat' dir='ltr'>indigen-</span> 
     </span>
     <span class='ocr_line' id='line_1_30' title="bbox 248 3331 994 3410; baseline -0.003 -16"><span class='ocrx_word' id='word_1_165' title='bbox 248 3333 302 3394; x_wconf 90' lang='lat' dir='ltr'>tiis</span> <span class='ocrx_word' id='word_1_166' title='bbox 323 3348 458 3410; x_wconf 87' lang='lat' dir='ltr'>congrua</span> <span class='ocrx_word' id='word_1_167' title='bbox 471 3333 592 3394; x_wconf 90' lang='lat' dir='ltr'>ratione</span> <span class='ocrx_word' id='word_1_168' title='bbox 613 3331 792 3394; x_wconf 91' lang='lat' dir='ltr'>consultum</span> <span class='ocrx_word' id='word_1_169' title='bbox 807 3339 994 3406; x_wconf 89' lang='lat' dir='ltr'>remaneret,</span> 
     </span>
     <span class='ocr_line' id='line_1_31' title="bbox 248 3424 995 3504; baseline -0.007 -16"><span class='ocrx_word' id='word_1_170' title='bbox 248 3436 461 3504; x_wconf 90' lang='lat' dir='ltr'>opportunum</span> <span class='ocrx_word' id='word_1_171' title='bbox 484 3426 611 3504; x_wconf 90' lang='lat' dir='ltr'>quidem</span> <span class='ocrx_word' id='word_1_172' title='bbox 629 3425 816 3487; x_wconf 85' lang='lat' dir='ltr'>arbitramur</span> <span class='ocrx_word' id='word_1_173' title='bbox 830 3441 885 3503; x_wconf 89' lang='lat' dir='ltr'>per</span> <span class='ocrx_word' id='word_1_174' title='bbox 906 3424 995 3486; x_wconf 91' lang='lat' dir='ltr'>uuio·</span> 
     </span>
     <span class='ocr_line' id='line_1_32' title="bbox 248 3518 995 3597; baseline -0.003 -16"><span class='ocrx_word' id='word_1_175' title='bbox 248 3536 336 3595; x_wconf 90' lang='lat' dir='ltr'>nem,</span> <span class='ocrx_word' id='word_1_176' title='bbox 358 3519 568 3581; x_wconf 90' lang='lat' dir='ltr'>annexionem</span> <span class='ocrx_word' id='word_1_177' title='bbox 590 3525 621 3580; x_wconf 90' lang='lat' dir='ltr'>et</span> <span class='ocrx_word' id='word_1_178' title='bbox 642 3518 923 3597; x_wconf 88' lang='lat' dir='ltr'>incorporationem</span> <span class='ocrx_word' id='word_1_179' title='bbox 939 3519 995 3579; x_wconf 90' lang='lat' dir='ltr'>bu-</span> 
     </span>
     <span class='ocr_line' id='line_1_33' title="bbox 247 3611 995 3690; baseline -0.001 -17"><span class='ocrx_word' id='word_1_180' title='bbox 247 3612 384 3676; x_wconf 90' lang='lat' dir='ltr'>iusmodi</span> <span class='ocrx_word' id='word_1_181' title='bbox 399 3611 543 3690; x_wconf 87' lang='lat' dir='ltr'>praedicti</span> <span class='ocrx_word' id='word_1_182' title='bbox 555 3611 686 3688; x_wconf 84' lang='lat' dir='ltr'>Collegit</span> <span class='ocrx_word' id='word_1_183' title='bbox 707 3611 866 3673; x_wconf 89' lang='lat' dir='ltr'>stabilitati</span> <span class='ocrx_word' id='word_1_184' title='bbox 881 3618 911 3673; x_wconf 89' lang='lat' dir='ltr'>et</span> <span class='ocrx_word' id='word_1_185' title='bbox 927 3626 995 3688; x_wconf 93' lang='lat' dir='ltr'>pro-</span> 
     </span>
     <span class='ocr_line' id='line_1_34' title="bbox 247 3705 759 3785; baseline -0.006 -18"><span class='ocrx_word' id='word_1_186' title='bbox 247 3705 380 3768; x_wconf 77' lang='lat' dir='ltr'>fectibus</span> <span class='ocrx_word' id='word_1_187' title='bbox 400 3707 566 3768; x_wconf 88' lang='lat' dir='ltr'>salubriter</span> <span class='ocrx_word' id='word_1_188' title='bbox 586 3707 759 3785; x_wconf 88' lang='lat' dir='ltr'>providere.</span> 
     </span>
    </p>
   </div>
   <div class='ocr_carea' id='block_1_5' title="bbox 82 3801 995 3879">
    <p class='ocr_par' dir='ltr' id='par_1_5' title="bbox 82 3801 995 3879">
     <span class='ocr_line' id='line_1_35' title="bbox 82 3801 995 3879; baseline 0.002 -21"><span class='ocrx_word' id='word_1_189' title='bbox 82 3803 230 3848; x_wconf 69' lang='lat' dir='ltr'>taunasis</span> <span class='ocrx_word' id='word_1_190' title='bbox 291 3801 360 3875; x_wconf 72' lang='lat'>§2-</span> <span class='ocrx_word' id='word_1_191' title='bbox 383 3801 582 3863; x_wconf 87' lang='lat' dir='ltr'>intendentes</span> <span class='ocrx_word' id='word_1_192' title='bbox 604 3801 706 3879; x_wconf 91' lang='lat' dir='ltr'>itaque</span> <span class='ocrx_word' id='word_1_193' title='bbox 733 3803 820 3878; x_wconf 94' lang='lat' dir='ltr'>pium</span> <span class='ocrx_word' id='word_1_194' title='bbox 842 3801 995 3878; x_wconf 86' lang='lat' dir='ltr'>hocopus</span> 
     </span>
    </p>
   </div>
   <div class='ocr_carea' id='block_1_6' title="bbox 77 3857 230 3903">
    <p class='ocr_par' dir='ltr' id='par_1_6' title="bbox 77 3857 230 3903">
     <span class='ocr_line' id='line_1_36' title="bbox 77 3857 230 3903; baseline 0.02 -3"><span class='ocrx_word' id='word_1_195' title='bbox 77 3857 230 3903; x_wconf 72' lang='lat' dir='ltr'>ncunsuiabo</span> 
     </span>
    </p>
   </div>
   <div class='ocr_carea' id='block_1_7' title="bbox 76 3895 993 3974">
    <p class='ocr_par' dir='ltr' id='par_1_7' title="bbox 76 3895 993 3974">
     <span class='ocr_line' id='line_1_37' title="bbox 76 3895 993 3974; baseline 0.001 -22"><span class='ocrx_word' id='word_1_196' title='bbox 76 3911 230 3957; x_wconf 69' lang='grc'>1111111111</span> <span class='ocrx_word' id='word_1_197' title='bbox 249 3896 410 3974; x_wconf 90' lang='lat' dir='ltr'>praedictis</span> <span class='ocrx_word' id='word_1_198' title='bbox 432 3896 609 3957; x_wconf 90' lang='lat' dir='ltr'>nationibus</span> <span class='ocrx_word' id='word_1_199' title='bbox 630 3897 705 3958; x_wconf 90' lang='lat' dir='ltr'>adeo</span> <span class='ocrx_word' id='word_1_200' title='bbox 728 3895 804 3956; x_wconf 90' lang='lat' dir='ltr'>utile</span> <span class='ocrx_word' id='word_1_201' title='bbox 818 3902 848 3956; x_wconf 92' lang='lat' dir='ltr'>et</span> <span class='ocrx_word' id='word_1_202' title='bbox 862 3895 993 3956; x_wconf 89' lang='lat' dir='ltr'>salutare</span> 
     </span>
    </p>
   </div>
   <div class='ocr_carea' id='block_1_8' title="bbox 77 3963 230 4012">
    <p class='ocr_par' dir='ltr' id='par_1_8' title="bbox 77 3963 230 4012">
     <span class='ocr_line' id='line_1_38' title="bbox 77 3963 230 4012; baseline 0.039 -8"><span class='ocrx_word' id='word_1_203' title='bbox 77 3963 141 4012; x_wconf 76' lang='lat' dir='ltr'>uttan</span> <span class='ocrx_word' id='word_1_204' title='bbox 152 3965 230 4010; x_wconf 84' lang='lat' dir='ltr'>sacrae</span> 
     </span>
    </p>
   </div>
   <div class='ocr_carea' id='block_1_9' title="bbox 77 3987 994 4068">
    <p class='ocr_par' dir='ltr' id='par_1_9' title="bbox 77 3987 994 4068">
     <span class='ocr_line' id='line_1_39' title="bbox 77 3987 994 4068; baseline -0.002 -19"><span class='ocrx_word' id='word_1_205' title='bbox 77 4015 153 4064; x_wconf 50' lang='lat' dir='ltr'>capp,</span> <span class='ocrx_word' id='word_1_206' title='bbox 178 4019 230 4064; x_wconf 58' lang='lat' dir='ltr'>„p</span> <span class='ocrx_word' id='word_1_207' title='bbox 249 3989 324 4051; x_wconf 89' lang='lat' dir='ltr'>totis</span> <span class='ocrx_word' id='word_1_208' title='bbox 342 3989 461 4050; x_wconf 91' lang='lat' dir='ltr'>viribus</span> <span class='ocrx_word' id='word_1_209' title='bbox 476 4004 671 4068; x_wconf 90' lang='lat' dir='ltr'>promovere,</span> <span class='ocrx_word' id='word_1_210' title='bbox 688 3987 826 4066; x_wconf 90' lang='lat' dir='ltr'>illudque</span> <span class='ocrx_word' id='word_1_211' title='bbox 843 3996 994 4066; x_wconf 90' lang='lat' dir='ltr'>tempora·</span> 
     </span>
    </p>
   </div>
   <div class='ocr_carea' id='block_1_10' title="bbox 246 4081 995 6032">
    <p class='ocr_par' dir='ltr' id='par_1_10' title="bbox 246 4081 995 6032">
     <span class='ocr_line' id='line_1_40' title="bbox 248 4081 995 4160; baseline 0 -17"><span class='ocrx_word' id='word_1_212' title='bbox 248 4081 331 4143; x_wconf 92' lang='lat' dir='ltr'>libus</span> <span class='ocrx_word' id='word_1_213' title='bbox 352 4083 434 4145; x_wconf 91' lang='lat' dir='ltr'>vitae</span> <span class='ocrx_word' id='word_1_214' title='bbox 460 4081 602 4144; x_wconf 89' lang='lat' dir='ltr'>subsidiis</span> <span class='ocrx_word' id='word_1_215' title='bbox 626 4083 669 4145; x_wconf 89' lang='lat' dir='ltr'>sic</span> <span class='ocrx_word' id='word_1_216' title='bbox 700 4083 829 4160; x_wconf 85' lang='lat' dir='ltr'>provide</span> <span class='ocrx_word' id='word_1_217' title='bbox 856 4096 995 4143; x_wconf 90' lang='lat' dir='ltr'>commu·</span> 
     </span>
     <span class='ocr_line' id='line_1_41' title="bbox 248 4173 995 4254; baseline 0 -18"><span class='ocrx_word' id='word_1_218' title='bbox 248 4175 330 4250; x_wconf 90' lang='lat' dir='ltr'>nire,</span> <span class='ocrx_word' id='word_1_219' title='bbox 354 4185 389 4239; x_wconf 91' lang='lat' dir='ltr'>ut</span> <span class='ocrx_word' id='word_1_220' title='bbox 409 4175 531 4238; x_wconf 90' lang='lat' dir='ltr'>alumni</span> <span class='ocrx_word' id='word_1_221' title='bbox 553 4176 696 4254; x_wconf 90' lang='lat' dir='ltr'>praedicti</span> <span class='ocrx_word' id='word_1_222' title='bbox 713 4174 889 4238; x_wconf 87' lang='lat' dir='ltr'>liberalibus</span> <span class='ocrx_word' id='word_1_223' title='bbox 910 4173 995 4236; x_wconf 87' lang='lat' dir='ltr'>disci·</span> 
     </span>
     <span class='ocr_line' id='line_1_42' title="bbox 248 4268 994 4348; baseline -0.004 -18"><span class='ocrx_word' id='word_1_224' title='bbox 248 4268 344 4346; x_wconf 93' lang='lat' dir='ltr'>plinis</span> <span class='ocrx_word' id='word_1_225' title='bbox 381 4269 578 4348; x_wconf 87' lang='lat' dir='ltr'>scientiisque</span> <span class='ocrx_word' id='word_1_226' title='bbox 614 4269 806 4330; x_wconf 88' lang='lat' dir='ltr'>commodius</span> <span class='ocrx_word' id='word_1_227' title='bbox 844 4269 994 4346; x_wconf 89' lang='lat' dir='ltr'>proficere</span> 
     </span>
     <span class='ocr_line' id='line_1_43' title="bbox 248 4363 994 4442; baseline -0.004 -18"><span class='ocrx_word' id='word_1_228' title='bbox 248 4365 384 4440; x_wconf 90' lang='lat' dir='ltr'>valeant,</span> <span class='ocrx_word' id='word_1_229' title='bbox 407 4373 438 4426; x_wconf 89' lang='lat' dir='ltr'>et</span> <span class='ocrx_word' id='word_1_230' title='bbox 460 4363 571 4426; x_wconf 90' lang='lat' dir='ltr'>exinde</span> <span class='ocrx_word' id='word_1_231' title='bbox 586 4365 772 4427; x_wconf 79' lang='lat' dir='ltr'>orthodoxae</span> <span class='ocrx_word' id='word_1_232' title='bbox 794 4364 865 4426; x_wconf 84' lang='lat' dir='ltr'>fidei</span> <span class='ocrx_word' id='word_1_233' title='bbox 886 4377 994 4442; x_wconf 92' lang='lat' dir='ltr'>propa-</span> 
     </span>
     <span class='ocr_line' id='line_1_44' title="bbox 248 4457 994 4536; baseline 0 -19"><span class='ocrx_word' id='word_1_234' title='bbox 248 4458 332 4532; x_wconf 88' lang='lat' dir='ltr'>gatio</span> <span class='ocrx_word' id='word_1_235' title='bbox 353 4458 385 4520; x_wconf 95' lang='lat' dir='ltr'>in</span> <span class='ocrx_word' id='word_1_236' title='bbox 407 4459 523 4520; x_wconf 90' lang='lat' dir='ltr'>eisdem</span> <span class='ocrx_word' id='word_1_237' title='bbox 546 4458 721 4519; x_wconf 90' lang='lat' dir='ltr'>nationibus</span> <span class='ocrx_word' id='word_1_238' title='bbox 740 4458 845 4536; x_wconf 89' lang='lat' dir='ltr'>possit,</span> <span class='ocrx_word' id='word_1_239' title='bbox 869 4457 994 4518; x_wconf 90' lang='lat' dir='ltr'>benedi-</span> 
     </span>
     <span class='ocr_line' id='line_1_45' title="bbox 247 4551 992 4628; baseline -0.003 -16"><span class='ocrx_word' id='word_1_240' title='bbox 247 4559 339 4613; x_wconf 90' lang='lat' dir='ltr'>cente</span> <span class='ocrx_word' id='word_1_241' title='bbox 363 4551 506 4626; x_wconf 85' lang='lat' dir='ltr'>Domino,</span> <span class='ocrx_word' id='word_1_242' title='bbox 530 4551 655 4614; x_wconf 90' lang='lat' dir='ltr'>uberius</span> <span class='ocrx_word' id='word_1_243' title='bbox 676 4551 854 4628; x_wconf 90' lang='lat' dir='ltr'>provenire,</span> <span class='ocrx_word' id='word_1_244' title='bbox 877 4551 992 4628; x_wconf 91' lang='lat' dir='ltr'>ipsum·</span> 
     </span>
     <span class='ocr_line' id='line_1_46' title="bbox 248 4643 991 4722; baseline 0 -16"><span class='ocrx_word' id='word_1_245' title='bbox 248 4660 310 4722; x_wconf 94' lang='lat' dir='ltr'>que</span> <span class='ocrx_word' id='word_1_246' title='bbox 338 4645 526 4706; x_wconf 89' lang='lat' dir='ltr'>llatthaeum</span> <span class='ocrx_word' id='word_1_247' title='bbox 554 4643 742 4706; x_wconf 88' lang='lat' dir='ltr'>modernum</span> <span class='ocrx_word' id='word_1_248' title='bbox 773 4645 844 4706; x_wconf 93' lang='lat' dir='ltr'>dicti</span> <span class='ocrx_word' id='word_1_249' title='bbox 873 4644 991 4721; x_wconf 84' lang='lat' dir='ltr'>Golegii</span> 
     </span>
     <span class='ocr_line' id='line_1_47' title="bbox 247 4736 992 4815; baseline 0.001 -18"><span class='ocrx_word' id='word_1_250' title='bbox 247 4746 415 4812; x_wconf 89' lang='lat' dir='ltr'>rectorem,</span> <span class='ocrx_word' id='word_1_251' title='bbox 428 4736 629 4815; x_wconf 88' lang='lat' dir='ltr'>singulosque</span> <span class='ocrx_word' id='word_1_252' title='bbox 646 4737 719 4800; x_wconf 92' lang='lat' dir='ltr'>alios</span> <span class='ocrx_word' id='word_1_253' title='bbox 734 4737 819 4800; x_wconf 91' lang='lat' dir='ltr'>illius</span> <span class='ocrx_word' id='word_1_254' title='bbox 833 4737 992 4800; x_wconf 89' lang='lat' dir='ltr'>ministros</span> 
     </span>
     <span class='ocr_line' id='line_1_48' title="bbox 247 4827 991 4909; baseline 0 -17"><span class='ocrx_word' id='word_1_255' title='bbox 247 4837 280 4892; x_wconf 90' lang='lat' dir='ltr'>et</span> <span class='ocrx_word' id='word_1_256' title='bbox 300 4831 443 4892; x_wconf 93' lang='lat' dir='ltr'>alumnos</span> <span class='ocrx_word' id='word_1_257' title='bbox 457 4827 601 4908; x_wconf 62' lang='lat' dir='ltr'>§pecialis</span> <span class='ocrx_word' id='word_1_258' title='bbox 622 4831 737 4908; x_wconf 88' lang='lat' dir='ltr'>gratiae</span> <span class='ocrx_word' id='word_1_259' title='bbox 764 4830 867 4892; x_wconf 89' lang='lat' dir='ltr'>lavore</span> <span class='ocrx_word' id='word_1_260' title='bbox 889 4846 991 4909; x_wconf 88' lang='lat' dir='ltr'>prose·</span> 
     </span>
     <span class='ocr_line' id='line_1_49' title="bbox 247 4923 991 5002; baseline -0.003 -16"><span class='ocrx_word' id='word_1_261' title='bbox 247 4923 301 5001; x_wconf 90' lang='lat' dir='ltr'>qui</span> <span class='ocrx_word' id='word_1_262' title='bbox 321 4923 463 4986; x_wconf 88' lang='lat' dir='ltr'>volentes</span> <span class='ocrx_word' id='word_1_263' title='bbox 484 4932 544 4985; x_wconf 90' lang='lat' dir='ltr'>eta</span> <span class='ocrx_word' id='word_1_264' title='bbox 562 4923 723 5002; x_wconf 88' lang='lat' dir='ltr'>quibusvis</span> <span class='ocrx_word' id='word_1_265' title='bbox 745 4925 991 4988; x_wconf 88' lang='lat' dir='ltr'>excommunica-</span> 
     </span>
     <span class='ocr_line' id='line_1_50' title="bbox 247 5017 990 5097; baseline 0.001 -19"><span class='ocrx_word' id='word_1_266' title='bbox 247 5017 351 5092; x_wconf 90' lang='lat' dir='ltr'>tionis,</span> <span class='ocrx_word' id='word_1_267' title='bbox 372 5017 583 5096; x_wconf 90' lang='lat' dir='ltr'>suspensionis</span> <span class='ocrx_word' id='word_1_268' title='bbox 609 5026 640 5080; x_wconf 91' lang='lat' dir='ltr'>et</span> <span class='ocrx_word' id='word_1_269' title='bbox 665 5017 834 5092; x_wconf 88' lang='lat' dir='ltr'>interdicti,</span> <span class='ocrx_word' id='word_1_270' title='bbox 863 5017 990 5097; x_wconf 90' lang='lat' dir='ltr'>aliisque</span> 
     </span>
     <span class='ocr_line' id='line_1_51' title="bbox 247 5108 990 5189; baseline 0.001 -19"><span class='ocrx_word' id='word_1_271' title='bbox 247 5108 457 5170; x_wconf 90' lang='lat' dir='ltr'>ecclesiasticis</span> <span class='ocrx_word' id='word_1_272' title='bbox 476 5108 652 5183; x_wconf 91' lang='lat' dir='ltr'>sententiis,</span> <span class='ocrx_word' id='word_1_273' title='bbox 672 5111 810 5170; x_wconf 89' lang='lat' dir='ltr'>censuris</span> <span class='ocrx_word' id='word_1_274' title='bbox 831 5118 862 5170; x_wconf 92' lang='lat' dir='ltr'>et</span> <span class='ocrx_word' id='word_1_275' title='bbox 883 5111 990 5189; x_wconf 93' lang='lat' dir='ltr'>poenis</span> 
     </span>
     <span class='ocr_line' id='line_1_52' title="bbox 246 5201 990 5280; baseline 0.001 -16"><span class='ocrx_word' id='word_1_276' title='bbox 246 5221 262 5264; x_wconf 92' lang='lat' dir='ltr'>a</span> <span class='ocrx_word' id='word_1_277' title='bbox 284 5204 353 5265; x_wconf 92' lang='lat' dir='ltr'>iure</span> <span class='ocrx_word' id='word_1_278' title='bbox 373 5201 424 5262; x_wconf 90' lang='lat' dir='ltr'>vel</span> <span class='ocrx_word' id='word_1_279' title='bbox 445 5204 482 5266; x_wconf 92' lang='lat' dir='ltr'>ab</span> <span class='ocrx_word' id='word_1_280' title='bbox 496 5205 624 5266; x_wconf 88' lang='lat' dir='ltr'>bomine</span> <span class='ocrx_word' id='word_1_281' title='bbox 641 5204 749 5280; x_wconf 89' lang='lat' dir='ltr'>quavis</span> <span class='ocrx_word' id='word_1_282' title='bbox 768 5203 925 5265; x_wconf 90' lang='lat' dir='ltr'>occasione</span> <span class='ocrx_word' id='word_1_283' title='bbox 940 5202 990 5266; x_wconf 93' lang='lat' dir='ltr'>vel</span> 
     </span>
     <span class='ocr_line' id='line_1_53' title="bbox 246 5297 992 5378; baseline -0.004 -17"><span class='ocrx_word' id='word_1_284' title='bbox 246 5299 334 5362; x_wconf 79' lang='lat' dir='ltr'>causa</span> <span class='ocrx_word' id='word_1_285' title='bbox 361 5299 442 5374; x_wconf 91' lang='lat' dir='ltr'>latis,</span> <span class='ocrx_word' id='word_1_286' title='bbox 464 5299 490 5360; x_wconf 90' lang='lat' dir='ltr'>si</span> <span class='ocrx_word' id='word_1_287' title='bbox 517 5298 629 5377; x_wconf 90' lang='lat' dir='ltr'>quibus</span> <span class='ocrx_word' id='word_1_288' title='bbox 650 5297 880 5378; x_wconf 80' lang='lat' dir='ltr'>quomodolibet</span> <span class='ocrx_word' id='word_1_289' title='bbox 900 5297 992 5359; x_wconf 94' lang='lat' dir='ltr'>inno-</span> 
     </span>
     <span class='ocr_line' id='line_1_54' title="bbox 246 5391 988 5471; baseline -0.003 -16"><span class='ocrx_word' id='word_1_290' title='bbox 246 5393 307 5455; x_wconf 91' lang='lat' dir='ltr'>dati</span> <span class='ocrx_word' id='word_1_291' title='bbox 328 5393 477 5468; x_wconf 89' lang='lat' dir='ltr'>existunt,</span> <span class='ocrx_word' id='word_1_292' title='bbox 503 5392 539 5454; x_wconf 92' lang='lat' dir='ltr'>ad</span> <span class='ocrx_word' id='word_1_293' title='bbox 561 5391 707 5454; x_wconf 83' lang='lat' dir='ltr'>ellectum</span> <span class='ocrx_word' id='word_1_294' title='bbox 738 5392 988 5471; x_wconf 89' lang='lat' dir='ltr'>praecedentium</span> 
     </span>
     <span class='ocr_line' id='line_1_55' title="bbox 248 5485 990 5564; baseline 0 -16"><span class='ocrx_word' id='word_1_295' title='bbox 248 5494 367 5550; x_wconf 90' lang='lat' dir='ltr'>tantum</span> <span class='ocrx_word' id='word_1_296' title='bbox 389 5485 655 5564; x_wconf 90' lang='lat' dir='ltr'>consequendum,</span> <span class='ocrx_word' id='word_1_297' title='bbox 687 5487 800 5547; x_wconf 90' lang='lat' dir='ltr'>harum</span> <span class='ocrx_word' id='word_1_298' title='bbox 830 5487 909 5549; x_wconf 89' lang='lat' dir='ltr'>seria</span> <span class='ocrx_word' id='word_1_299' title='bbox 940 5485 990 5548; x_wconf 87' lang='lat' dir='ltr'>ab·</span> 
     </span>
     <span class='ocr_line' id='line_1_56' title="bbox 246 5578 989 5658; baseline 0.003 -16"><span class='ocrx_word' id='word_1_300' title='bbox 246 5579 401 5642; x_wconf 89' lang='lat' dir='ltr'>solventes</span> <span class='ocrx_word' id='word_1_301' title='bbox 416 5589 447 5642; x_wconf 91' lang='lat' dir='ltr'>et</span> <span class='ocrx_word' id='word_1_302' title='bbox 470 5578 624 5642; x_wconf 89' lang='lat' dir='ltr'>absolutos</span> <span class='ocrx_word' id='word_1_303' title='bbox 649 5579 714 5642; x_wconf 89' lang='lat' dir='ltr'>lore</span> <span class='ocrx_word' id='word_1_304' title='bbox 735 5589 906 5658; x_wconf 91' lang='lat' dir='ltr'>censentes,</span> <span class='ocrx_word' id='word_1_305' title='bbox 925 5599 989 5644; x_wconf 89' lang='lat' dir='ltr'>mo·</span> 
     </span>
     <span class='ocr_line' id='line_1_57' title="bbox 246 5673 989 5754; baseline 0.007 -20"><span class='ocrx_word' id='word_1_306' title='bbox 246 5679 281 5734; x_wconf 88' lang='lat' dir='ltr'>tu</span> <span class='ocrx_word' id='word_1_307' title='bbox 303 5674 426 5752; x_wconf 89' lang='lat' dir='ltr'>proprio</span> <span class='ocrx_word' id='word_1_308' title='bbox 441 5683 471 5735; x_wconf 91' lang='lat' dir='ltr'>et</span> <span class='ocrx_word' id='word_1_309' title='bbox 486 5689 523 5735; x_wconf 88' lang='lat' dir='ltr'>ex</span> <span class='ocrx_word' id='word_1_310' title='bbox 538 5681 621 5736; x_wconf 90' lang='lat' dir='ltr'>certa</span> <span class='ocrx_word' id='word_1_311' title='bbox 641 5673 782 5750; x_wconf 91' lang='lat' dir='ltr'>scientia,</span> <span class='ocrx_word' id='word_1_312' title='bbox 805 5685 989 5754; x_wconf 91' lang='lat' dir='ltr'>maturaque</span> 
     </span>
     <span class='ocr_line' id='line_1_58' title="bbox 247 5766 987 5848; baseline 0 -18"><span class='ocrx_word' id='word_1_313' title='bbox 247 5766 465 5830; x_wconf 91' lang='lat' dir='ltr'>deliberatione</span> <span class='ocrx_word' id='word_1_314' title='bbox 487 5767 612 5843; x_wconf 89' lang='lat' dir='ltr'>nostris,</span> <span class='ocrx_word' id='word_1_315' title='bbox 628 5784 662 5829; x_wconf 91' lang='lat' dir='ltr'>ac</span> <span class='ocrx_word' id='word_1_316' title='bbox 677 5770 714 5831; x_wconf 91' lang='lat' dir='ltr'>de</span> <span class='ocrx_word' id='word_1_317' title='bbox 735 5768 915 5846; x_wconf 90' lang='lat' dir='ltr'>apostolicae</span> <span class='ocrx_word' id='word_1_318' title='bbox 937 5785 987 5848; x_wconf 93' lang='lat' dir='ltr'>po-</span> 
     </span>
     <span class='ocr_line' id='line_1_59' title="bbox 247 5859 987 5939; baseline 0.004 -20"><span class='ocrx_word' id='word_1_319' title='bbox 247 5859 363 5921; x_wconf 90' lang='lat' dir='ltr'>testatis</span> <span class='ocrx_word' id='word_1_320' title='bbox 385 5859 591 5936; x_wconf 86' lang='lat' dir='ltr'>plenitudine,</span> <span class='ocrx_word' id='word_1_321' title='bbox 608 5862 830 5922; x_wconf 90' lang='lat' dir='ltr'>monasterium</span> <span class='ocrx_word' id='word_1_322' title='bbox 853 5860 987 5939; x_wconf 89' lang='lat' dir='ltr'>praedic·</span> 
     </span>
     <span class='ocr_line' id='line_1_60' title="bbox 247 5955 987 6032; baseline 0.004 -18"><span class='ocrx_word' id='word_1_323' title='bbox 247 5959 326 6030; x_wconf 92' lang='lat' dir='ltr'>tum,</span> <span class='ocrx_word' id='word_1_324' title='bbox 348 5955 430 6032; x_wconf 93' lang='lat' dir='ltr'>quod</span> <span class='ocrx_word' id='word_1_325' title='bbox 451 5970 523 6015; x_wconf 88' lang='lat' dir='ltr'>cura</span> <span class='ocrx_word' id='word_1_326' title='bbox 545 5961 575 6016; x_wconf 91' lang='grc'>11</span> <span class='ocrx_word' id='word_1_327' title='bbox 597 5961 756 6017; x_wconf 88' lang='lat' dir='ltr'>conventu</span> <span class='ocrx_word' id='word_1_328' title='bbox 778 5961 872 6031; x_wconf 89' lang='lat' dir='ltr'>caret,</span> <span class='ocrx_word' id='word_1_329' title='bbox 888 5971 921 6016; x_wconf 88' lang='lat' dir='ltr'>ao</span> <span class='ocrx_word' id='word_1_330' title='bbox 936 5972 987 6018; x_wconf 92' lang='lat' dir='ltr'>cu·</span> 
     </span>
    </p>
   </div>
   <div class='ocr_carea' id='block_1_11' title="bbox 1040 708 1801 6031">
    <p class='ocr_par' dir='ltr' id='par_1_11' title="bbox 1040 708 1801 6031">
     <span class='ocr_line' id='line_1_61' title="bbox 1057 708 1800 788; baseline 0.007 -19"><span class='ocrx_word' id='word_1_331' title='bbox 1057 709 1106 770; x_wconf 91' lang='lat' dir='ltr'>ius</span> <span class='ocrx_word' id='word_1_332' title='bbox 1126 708 1247 772; x_wconf 86' lang='lat' dir='ltr'>fructus</span> <span class='ocrx_word' id='word_1_333' title='bbox 1268 713 1303 774; x_wconf 94' lang='lat' dir='ltr'>ad</span> <span class='ocrx_word' id='word_1_334' title='bbox 1318 712 1477 788; x_wconf 83' lang='lat' dir='ltr'>sexaginta</span> <span class='ocrx_word' id='word_1_335' title='bbox 1497 714 1631 775; x_wconf 89' lang='lat' dir='ltr'>llorenos</span> <span class='ocrx_word' id='word_1_336' title='bbox 1646 714 1713 774; x_wconf 91' lang='lat' dir='ltr'>auri</span> <span class='ocrx_word' id='word_1_337' title='bbox 1729 729 1800 775; x_wconf 91' lang='lat' dir='ltr'>cum</span> 
     </span>
     <span class='ocr_line' id='line_1_62' title="bbox 1057 803 1801 870; baseline 0.004 -5"><span class='ocrx_word' id='word_1_338' title='bbox 1057 803 1175 866; x_wconf 91' lang='lat' dir='ltr'>duobus</span> <span class='ocrx_word' id='word_1_339' title='bbox 1198 805 1294 868; x_wconf 91' lang='lat' dir='ltr'>tertiis</span> <span class='ocrx_word' id='word_1_340' title='bbox 1315 805 1441 868; x_wconf 90' lang='lat' dir='ltr'>alterius</span> <span class='ocrx_word' id='word_1_341' title='bbox 1459 806 1569 870; x_wconf 90' lang='lat' dir='ltr'>ssoreni</span> <span class='ocrx_word' id='word_1_342' title='bbox 1590 807 1702 869; x_wconf 91' lang='lat' dir='ltr'>similis</span> <span class='ocrx_word' id='word_1_343' title='bbox 1718 809 1749 870; x_wconf 92' lang='lat' dir='ltr'>in</span> <span class='ocrx_word' id='word_1_344' title='bbox 1766 809 1801 870; x_wconf 90' lang='lat' dir='ltr'>li-</span> 
     </span>
     <span class='ocr_line' id='line_1_63' title="bbox 1058 896 1801 980; baseline 0.009 -22"><span class='ocrx_word' id='word_1_345' title='bbox 1058 896 1120 958; x_wconf 91' lang='lat' dir='ltr'>bris</span> <span class='ocrx_word' id='word_1_346' title='bbox 1141 913 1280 959; x_wconf 89' lang='lat' dir='ltr'>camerae</span> <span class='ocrx_word' id='word_1_347' title='bbox 1301 898 1492 978; x_wconf 88' lang='lat' dir='ltr'>apostolicae,</span> <span class='ocrx_word' id='word_1_348' title='bbox 1517 909 1551 962; x_wconf 91' lang='grc'>11</span> <span class='ocrx_word' id='word_1_349' title='bbox 1572 902 1664 963; x_wconf 92' lang='lat' dir='ltr'>etiam</span> <span class='ocrx_word' id='word_1_350' title='bbox 1686 902 1801 980; x_wconf 91' lang='lat' dir='ltr'>accepi-</span> 
     </span>
     <span class='ocr_line' id='line_1_64' title="bbox 1058 991 1801 1074; baseline 0.007 -23"><span class='ocrx_word' id='word_1_351' title='bbox 1058 1005 1138 1065; x_wconf 91' lang='lat' dir='ltr'>mus,</span> <span class='ocrx_word' id='word_1_352' title='bbox 1156 991 1247 1052; x_wconf 89' lang='lat' dir='ltr'>taxati</span> <span class='ocrx_word' id='word_1_353' title='bbox 1265 993 1478 1069; x_wconf 88' lang='lat' dir='ltr'>reperiuntur,</span> <span class='ocrx_word' id='word_1_354' title='bbox 1493 1010 1587 1072; x_wconf 90' lang='lat' dir='ltr'>super</span> <span class='ocrx_word' id='word_1_355' title='bbox 1601 995 1712 1071; x_wconf 91' lang='lat' dir='ltr'>quibus</span> <span class='ocrx_word' id='word_1_356' title='bbox 1727 1011 1801 1074; x_wconf 90' lang='lat' dir='ltr'>pen·</span> 
     </span>
     <span class='ocr_line' id='line_1_65' title="bbox 1057 1084 1801 1168; baseline 0.012 -24"><span class='ocrx_word' id='word_1_357' title='bbox 1057 1084 1101 1144; x_wconf 91' lang='lat' dir='ltr'>sio</span> <span class='ocrx_word' id='word_1_358' title='bbox 1121 1100 1225 1146; x_wconf 92' lang='lat' dir='ltr'>annua</span> <span class='ocrx_word' id='word_1_359' title='bbox 1257 1086 1400 1164; x_wconf 92' lang='lat' dir='ltr'>antiqua,</span> <span class='ocrx_word' id='word_1_360' title='bbox 1424 1102 1478 1148; x_wconf 91' lang='lat' dir='ltr'>seu</span> <span class='ocrx_word' id='word_1_361' title='bbox 1504 1088 1607 1166; x_wconf 92' lang='lat' dir='ltr'>plures</span> <span class='ocrx_word' id='word_1_362' title='bbox 1622 1163 1624 1166; x_wconf 17' lang='lat'>¹</span> <span class='ocrx_word' id='word_1_363' title='bbox 1638 1089 1801 1168; x_wconf 87' lang='lat' dir='ltr'>pensiones</span> 
     </span>
     <span class='ocr_line' id='line_1_66' title="bbox 1056 1177 1801 1260; baseline 0.011 -25"><span class='ocrx_word' id='word_1_364' title='bbox 1056 1193 1176 1239; x_wconf 91' lang='lat' dir='ltr'>annuae</span> <span class='ocrx_word' id='word_1_365' title='bbox 1187 1177 1342 1256; x_wconf 91' lang='lat' dir='ltr'>autiquae,</span> <span class='ocrx_word' id='word_1_366' title='bbox 1357 1179 1484 1241; x_wconf 92' lang='lat' dir='ltr'>insimul</span> <span class='ocrx_word' id='word_1_367' title='bbox 1502 1197 1657 1244; x_wconf 90' lang='lat' dir='ltr'>summam</span> <span class='ocrx_word' id='word_1_368' title='bbox 1672 1184 1801 1260; x_wconf 92' lang='lat' dir='ltr'>quadra-</span> 
     </span>
     <span class='ocr_line' id='line_1_67' title="bbox 1056 1269 1801 1348; baseline 0.012 -20"><span class='ocrx_word' id='word_1_369' title='bbox 1056 1269 1141 1345; x_wconf 90' lang='lat' dir='ltr'>ginta</span> <span class='ocrx_word' id='word_1_370' title='bbox 1163 1270 1301 1348; x_wconf 92' lang='lat' dir='ltr'>quinque</span> <span class='ocrx_word' id='word_1_371' title='bbox 1322 1280 1482 1334; x_wconf 90' lang='lat' dir='ltr'>scutorum</span> <span class='ocrx_word' id='word_1_372' title='bbox 1498 1284 1639 1336; x_wconf 90' lang='lat' dir='ltr'>monetae</span> <span class='ocrx_word' id='word_1_373' title='bbox 1654 1290 1801 1337; x_wconf 88' lang='lat' dir='ltr'>romanae</span> 
     </span>
     <span class='ocr_line' id='line_1_68' title="bbox 1056 1367 1800 1446; baseline 0.007 -22"><span class='ocrx_word' id='word_1_374' title='bbox 1056 1378 1118 1424; x_wconf 93' lang='lat' dir='ltr'>non</span> <span class='ocrx_word' id='word_1_375' title='bbox 1142 1367 1345 1440; x_wconf 80' lang='lat' dir='ltr'>excedentes,</span> <span class='ocrx_word' id='word_1_376' title='bbox 1367 1377 1468 1428; x_wconf 90' lang='lat' dir='ltr'>cartae</span> <span class='ocrx_word' id='word_1_377' title='bbox 1490 1383 1640 1446; x_wconf 86' lang='lat' dir='ltr'>personae</span> <span class='ocrx_word' id='word_1_378' title='bbox 1661 1369 1800 1432; x_wconf 90' lang='lat' dir='ltr'>ecclesia-</span> 
     </span>
     <span class='ocr_line' id='line_1_69' title="bbox 1054 1456 1800 1538; baseline 0.011 -22"><span class='ocrx_word' id='word_1_379' title='bbox 1054 1456 1158 1530; x_wconf 89' lang='lat' dir='ltr'>sticae,</span> <span class='ocrx_word' id='word_1_380' title='bbox 1174 1473 1229 1518; x_wconf 91' lang='lat' dir='ltr'>seu</span> <span class='ocrx_word' id='word_1_381' title='bbox 1251 1459 1344 1520; x_wconf 92' lang='lat' dir='ltr'>certis</span> <span class='ocrx_word' id='word_1_382' title='bbox 1359 1461 1499 1538; x_wconf 89' lang='lat' dir='ltr'>personis</span> <span class='ocrx_word' id='word_1_383' title='bbox 1514 1462 1734 1538; x_wconf 90' lang='lat' dir='ltr'>ecclesiasticis,</span> <span class='ocrx_word' id='word_1_384' title='bbox 1747 1471 1800 1524; x_wconf 93' lang='lat' dir='ltr'>aut</span> 
     </span>
     <span class='ocr_line' id='line_1_70' title="bbox 1054 1548 1800 1630; baseline 0.012 -23"><span class='ocrx_word' id='word_1_385' title='bbox 1054 1548 1120 1608; x_wconf 91' lang='lat' dir='ltr'>aliis</span> <span class='ocrx_word' id='word_1_386' title='bbox 1142 1550 1300 1625; x_wconf 92' lang='lat' dir='ltr'>pensionis</span> <span class='ocrx_word' id='word_1_387' title='bbox 1324 1566 1378 1615; x_wconf 87' lang='lat' dir='ltr'>seu</span> <span class='ocrx_word' id='word_1_388' title='bbox 1409 1553 1595 1630; x_wconf 88' lang='lat' dir='ltr'>pensionum</span> <span class='ocrx_word' id='word_1_389' title='bbox 1621 1555 1800 1630; x_wconf 85' lang='lat' dir='ltr'>huiusmodi</span> 
     </span>
     <span class='ocr_line' id='line_1_71' title="bbox 1055 1642 1799 1721; baseline 0.012 -17"><span class='ocrx_word' id='word_1_390' title='bbox 1055 1642 1153 1719; x_wconf 90' lang='lat' dir='ltr'>capaci</span> <span class='ocrx_word' id='word_1_391' title='bbox 1175 1660 1229 1704; x_wconf 92' lang='lat' dir='ltr'>seu</span> <span class='ocrx_word' id='word_1_392' title='bbox 1244 1645 1411 1721; x_wconf 91' lang='lat' dir='ltr'>capacibus,</span> <span class='ocrx_word' id='word_1_393' title='bbox 1426 1645 1511 1707; x_wconf 91' lang='lat' dir='ltr'>illam</span> <span class='ocrx_word' id='word_1_394' title='bbox 1526 1663 1581 1712; x_wconf 90' lang='lat' dir='ltr'>seu</span> <span class='ocrx_word' id='word_1_395' title='bbox 1597 1648 1662 1710; x_wconf 89' lang='lat' dir='ltr'>illas</span> <span class='ocrx_word' id='word_1_396' title='bbox 1683 1667 1799 1712; x_wconf 90' lang='lat' dir='ltr'>annua-</span> 
     </span>
     <span class='ocr_line' id='line_1_72' title="bbox 1056 1735 1799 1821; baseline 0.012 -26"><span class='ocrx_word' id='word_1_397' title='bbox 1056 1735 1111 1796; x_wconf 91' lang='lat' dir='ltr'>tim</span> <span class='ocrx_word' id='word_1_398' title='bbox 1133 1736 1322 1814; x_wconf 89' lang='lat' dir='ltr'>peroipiendi</span> <span class='ocrx_word' id='word_1_399' title='bbox 1337 1754 1391 1799; x_wconf 92' lang='lat' dir='ltr'>seu</span> <span class='ocrx_word' id='word_1_400' title='bbox 1408 1741 1659 1818; x_wconf 89' lang='lat' dir='ltr'>percipientibus,</span> <span class='ocrx_word' id='word_1_401' title='bbox 1681 1752 1799 1821; x_wconf 93' lang='lat' dir='ltr'>aposto-</span> 
     </span>
     <span class='ocr_line' id='line_1_73' title="bbox 1054 1827 1797 1912; baseline 0.013 -24"><span class='ocrx_word' id='word_1_402' title='bbox 1054 1827 1109 1891; x_wconf 91' lang='lat' dir='ltr'>lica</span> <span class='ocrx_word' id='word_1_403' title='bbox 1138 1831 1319 1894; x_wconf 89' lang='lat' dir='ltr'>auctoritate</span> <span class='ocrx_word' id='word_1_404' title='bbox 1351 1841 1504 1896; x_wconf 89' lang='lat' dir='ltr'>reservata</span> <span class='ocrx_word' id='word_1_405' title='bbox 1532 1835 1582 1896; x_wconf 91' lang='lat' dir='ltr'>vel</span> <span class='ocrx_word' id='word_1_406' title='bbox 1614 1845 1797 1912; x_wconf 90' lang='lat' dir='ltr'>reservatae,</span> 
     </span>
     <span class='ocr_line' id='line_1_74' title="bbox 1054 1923 1799 1992; baseline 0.013 -10"><span class='ocrx_word' id='word_1_407' title='bbox 1054 1931 1107 1986; x_wconf 90' lang='lat' dir='ltr'>aut</span> <span class='ocrx_word' id='word_1_408' title='bbox 1129 1923 1161 1984; x_wconf 88' lang='lat' dir='ltr'>ln</span> <span class='ocrx_word' id='word_1_409' title='bbox 1184 1940 1251 1986; x_wconf 92' lang='lat' dir='ltr'>earn</span> <span class='ocrx_word' id='word_1_410' title='bbox 1273 1924 1322 1985; x_wconf 93' lang='lat' dir='ltr'>vel</span> <span class='ocrx_word' id='word_1_411' title='bbox 1346 1942 1394 1986; x_wconf 89' lang='lat' dir='ltr'>eas</span> <span class='ocrx_word' id='word_1_412' title='bbox 1416 1928 1562 1990; x_wconf 89' lang='lat' dir='ltr'>canonice</span> <span class='ocrx_word' id='word_1_413' title='bbox 1584 1929 1728 1992; x_wconf 90' lang='lat' dir='ltr'>translata</span> <span class='ocrx_word' id='word_1_414' title='bbox 1743 1947 1799 1992; x_wconf 92' lang='lat' dir='ltr'>seu</span> 
     </span>
     <span class='ocr_line' id='line_1_75' title="bbox 1055 2019 1797 2103; baseline 0.008 -24"><span class='ocrx_word' id='word_1_415' title='bbox 1055 2020 1219 2080; x_wconf 88' lang='lat' dir='ltr'>translatae</span> <span class='ocrx_word' id='word_1_416' title='bbox 1230 2019 1386 2097; x_wconf 89' lang='lat' dir='ltr'>reperitur</span> <span class='ocrx_word' id='word_1_417' title='bbox 1401 2020 1450 2082; x_wconf 91' lang='lat' dir='ltr'>vel</span> <span class='ocrx_word' id='word_1_418' title='bbox 1472 2021 1683 2100; x_wconf 90' lang='lat' dir='ltr'>reperiuntur,</span> <span class='ocrx_word' id='word_1_419' title='bbox 1700 2031 1733 2086; x_wconf 93' lang='lat' dir='ltr'>ut</span> <span class='ocrx_word' id='word_1_420' title='bbox 1750 2041 1797 2103; x_wconf 91' lang='lat' dir='ltr'>pa-</span> 
     </span>
     <span class='ocr_line' id='line_1_76' title="bbox 1053 2112 1796 2196; baseline 0.013 -24"><span class='ocrx_word' id='word_1_421' title='bbox 1053 2112 1130 2173; x_wconf 89' lang='lat' dir='ltr'>riter</span> <span class='ocrx_word' id='word_1_422' title='bbox 1151 2113 1341 2190; x_wconf 85' lang='lat' dir='ltr'>accepimus,</span> <span class='ocrx_word' id='word_1_423' title='bbox 1364 2130 1402 2175; x_wconf 91' lang='lat' dir='ltr'>ex</span> <span class='ocrx_word' id='word_1_424' title='bbox 1425 2131 1509 2179; x_wconf 93' lang='lat' dir='ltr'>nunc</span> <span class='ocrx_word' id='word_1_425' title='bbox 1537 2125 1629 2195; x_wconf 93' lang='lat' dir='ltr'>prout</span> <span class='ocrx_word' id='word_1_426' title='bbox 1650 2135 1688 2180; x_wconf 91' lang='lat' dir='ltr'>ex</span> <span class='ocrx_word' id='word_1_427' title='bbox 1711 2127 1796 2196; x_wconf 91' lang='lat' dir='ltr'>tunc,</span> 
     </span>
     <span class='ocr_line' id='line_1_77' title="bbox 1054 2207 1799 2284; baseline 0.015 -20"><span class='ocrx_word' id='word_1_428' title='bbox 1054 2212 1084 2265; x_wconf 91' lang='grc'>11</span> <span class='ocrx_word' id='word_1_429' title='bbox 1105 2219 1122 2264; x_wconf 88' lang='grc'>1</span> <span class='ocrx_word' id='word_1_430' title='bbox 1143 2212 1266 2279; x_wconf 92' lang='lat' dir='ltr'>contra,</span> <span class='ocrx_word' id='word_1_431' title='bbox 1299 2222 1371 2267; x_wconf 92' lang='lat' dir='ltr'>cum</span> <span class='ocrx_word' id='word_1_432' title='bbox 1402 2207 1541 2284; x_wconf 90' lang='lat' dir='ltr'>primurn</span> <span class='ocrx_word' id='word_1_433' title='bbox 1573 2213 1799 2275; x_wconf 88' lang='lat' dir='ltr'>monasterium</span> 
     </span>
     <span class='ocr_line' id='line_1_78' title="bbox 1053 2297 1797 2378; baseline 0.012 -21"><span class='ocrx_word' id='word_1_434' title='bbox 1053 2297 1243 2375; x_wconf 87' lang='lat' dir='ltr'>praedictum</span> <span class='ocrx_word' id='word_1_435' title='bbox 1265 2315 1320 2376; x_wconf 91' lang='lat' dir='ltr'>per</span> <span class='ocrx_word' id='word_1_436' title='bbox 1342 2301 1525 2378; x_wconf 90' lang='lat' dir='ltr'>cessionem,</span> <span class='ocrx_word' id='word_1_437' title='bbox 1542 2303 1635 2365; x_wconf 91' lang='lat' dir='ltr'>etiam</span> <span class='ocrx_word' id='word_1_438' title='bbox 1657 2321 1797 2368; x_wconf 91' lang='lat' dir='ltr'>excausa</span> 
     </span>
     <span class='ocr_line' id='line_1_79' title="bbox 1052 2392 1798 2478; baseline 0.013 -27"><span class='ocrx_word' id='word_1_439' title='bbox 1052 2392 1301 2468; x_wconf 88' lang='lat' dir='ltr'>permutationis,</span> <span class='ocrx_word' id='word_1_440' title='bbox 1317 2394 1366 2455; x_wconf 91' lang='lat' dir='ltr'>vel</span> <span class='ocrx_word' id='word_1_441' title='bbox 1383 2397 1605 2474; x_wconf 88' lang='lat' dir='ltr'>decessionem,</span> <span class='ocrx_word' id='word_1_442' title='bbox 1620 2414 1675 2460; x_wconf 90' lang='lat' dir='ltr'>seo</span> <span class='ocrx_word' id='word_1_443' title='bbox 1697 2400 1798 2478; x_wconf 88' lang='lat' dir='ltr'>priva·</span> 
     </span>
     <span class='ocr_line' id='line_1_80' title="bbox 1053 2485 1796 2564; baseline 0.013 -19"><span class='ocrx_word' id='word_1_444' title='bbox 1053 2485 1183 2559; x_wconf 90' lang='lat' dir='ltr'>tionem,</span> <span class='ocrx_word' id='word_1_445' title='bbox 1217 2495 1270 2548; x_wconf 91' lang='lat' dir='ltr'>aut</span> <span class='ocrx_word' id='word_1_446' title='bbox 1292 2489 1433 2564; x_wconf 90' lang='lat' dir='ltr'>quamvis</span> <span class='ocrx_word' id='word_1_447' title='bbox 1461 2489 1552 2552; x_wconf 92' lang='lat' dir='ltr'>aliam</span> <span class='ocrx_word' id='word_1_448' title='bbox 1583 2492 1796 2555; x_wconf 90' lang='lat' dir='ltr'>dimissionem</span> 
     </span>
     <span class='ocr_line' id='line_1_81' title="bbox 1053 2577 1795 2664; baseline 0.016 -28"><span class='ocrx_word' id='word_1_449' title='bbox 1053 2577 1103 2638; x_wconf 91' lang='lat' dir='ltr'>vel</span> <span class='ocrx_word' id='word_1_450' title='bbox 1124 2578 1336 2658; x_wconf 90' lang='lat' dir='ltr'>amissionem,</span> <span class='ocrx_word' id='word_1_451' title='bbox 1359 2598 1413 2643; x_wconf 89' lang='lat' dir='ltr'>seu</span> <span class='ocrx_word' id='word_1_452' title='bbox 1433 2584 1596 2660; x_wconf 89' lang='lat' dir='ltr'>religionis</span> <span class='ocrx_word' id='word_1_453' title='bbox 1621 2601 1795 2664; x_wconf 82' lang='lat' dir='ltr'>ingressum</span> 
     </span>
     <span class='ocr_line' id='line_1_82' title="bbox 1052 2670 1796 2758; baseline 0.017 -29"><span class='ocrx_word' id='word_1_454' title='bbox 1052 2670 1101 2732; x_wconf 91' lang='lat' dir='ltr'>vel</span> <span class='ocrx_word' id='word_1_455' title='bbox 1124 2671 1320 2746; x_wconf 83' lang='lat' dir='ltr'>professionis</span> <span class='ocrx_word' id='word_1_456' title='bbox 1342 2676 1540 2738; x_wconf 88' lang='lat' dir='ltr'>emissionem</span> <span class='ocrx_word' id='word_1_457' title='bbox 1562 2679 1634 2742; x_wconf 90' lang='lat' dir='ltr'>dicti</span> <span class='ocrx_word' id='word_1_458' title='bbox 1658 2681 1796 2758; x_wconf 89' lang='lat' dir='ltr'>magistri</span> 
     </span>
     <span class='ocr_line' id='line_1_83' title="bbox 1051 2763 1796 2854; baseline 0.016 -29"><span class='ocrx_word' id='word_1_459' title='bbox 1051 2763 1149 2840; x_wconf 90' lang='lat' dir='ltr'>llarii,</span> <span class='ocrx_word' id='word_1_460' title='bbox 1172 2781 1229 2828; x_wconf 90' lang='lat' dir='ltr'>seu</span> <span class='ocrx_word' id='word_1_461' title='bbox 1250 2768 1321 2830; x_wconf 92' lang='lat' dir='ltr'>alias</span> <span class='ocrx_word' id='word_1_462' title='bbox 1343 2769 1452 2848; x_wconf 93' lang='lat' dir='ltr'>quovis</span> <span class='ocrx_word' id='word_1_463' title='bbox 1475 2773 1578 2847; x_wconf 85' lang='lat' dir='ltr'>modo,</span> <span class='ocrx_word' id='word_1_464' title='bbox 1601 2773 1696 2836; x_wconf 90' lang='lat' dir='ltr'>etiam</span> <span class='ocrx_word' id='word_1_465' title='bbox 1716 2775 1796 2854; x_wconf 92' lang='lat' dir='ltr'>apud</span> 
     </span>
     <span class='ocr_line' id='line_1_84' title="bbox 1052 2857 1796 2945; baseline 0.011 -25"><span class='ocrx_word' id='word_1_466' title='bbox 1052 2857 1163 2920; x_wconf 90' lang='lat' dir='ltr'>Sedem</span> <span class='ocrx_word' id='word_1_467' title='bbox 1194 2861 1399 2936; x_wconf 71' lang='lat' dir='ltr'>apostolicam</span> <span class='ocrx_word' id='word_1_468' title='bbox 1431 2866 1612 2927; x_wconf 89' lang='lat' dir='ltr'>commenda</span> <span class='ocrx_word' id='word_1_469' title='bbox 1643 2867 1796 2945; x_wconf 91' lang='lat' dir='ltr'>praedicta</span> 
     </span>
     <span class='ocr_line' id='line_1_85' title="bbox 1051 2955 1796 3032; baseline 0.009 -16"><span class='ocrx_word' id='word_1_470' title='bbox 1051 2957 1199 3025; x_wconf 80' lang='lat' dir='ltr'>cessante,</span> <span class='ocrx_word' id='word_1_471' title='bbox 1222 2969 1329 3016; x_wconf 89' lang='lat' dir='ltr'>vacare</span> <span class='ocrx_word' id='word_1_472' title='bbox 1357 2955 1536 3032; x_wconf 89' lang='lat' dir='ltr'>contigerit,</span> <span class='ocrx_word' id='word_1_473' title='bbox 1559 2957 1653 3018; x_wconf 92' lang='lat' dir='ltr'>etiam</span> <span class='ocrx_word' id='word_1_474' title='bbox 1680 2960 1705 3020; x_wconf 92' lang='lat' dir='ltr'>si</span> <span class='ocrx_word' id='word_1_475' title='bbox 1726 2967 1796 3023; x_wconf 91' lang='lat' dir='ltr'>actu</span> 
     </span>
     <span class='ocr_line' id='line_1_86' title="bbox 1051 3046 1795 3127; baseline 0.013 -23"><span class='ocrx_word' id='word_1_476' title='bbox 1051 3059 1136 3106; x_wconf 94' lang='lat' dir='ltr'>nunc</span> <span class='ocrx_word' id='word_1_477' title='bbox 1157 3046 1267 3122; x_wconf 93' lang='lat' dir='ltr'>quovis</span> <span class='ocrx_word' id='word_1_478' title='bbox 1288 3049 1390 3123; x_wconf 90' lang='lat' dir='ltr'>modo,</span> <span class='ocrx_word' id='word_1_479' title='bbox 1413 3065 1518 3127; x_wconf 91' lang='lat' dir='ltr'>quem,</span> <span class='ocrx_word' id='word_1_480' title='bbox 1542 3049 1674 3113; x_wconf 90' lang='lat' dir='ltr'>etiamsi</span> <span class='ocrx_word' id='word_1_481' title='bbox 1690 3053 1795 3114; x_wconf 91' lang='lat' dir='ltr'>exillo</span> 
     </span>
     <span class='ocr_line' id='line_1_87' title="bbox 1050 3138 1797 3215; baseline 0.015 -18"><span class='ocrx_word' id='word_1_482' title='bbox 1050 3138 1175 3215; x_wconf 90' lang='lat' dir='ltr'>quaevis</span> <span class='ocrx_word' id='word_1_483' title='bbox 1197 3139 1350 3214; x_wconf 88' lang='lat' dir='ltr'>generalis</span> <span class='ocrx_word' id='word_1_484' title='bbox 1372 3143 1542 3205; x_wconf 85' lang='lat' dir='ltr'>reservatio</span> <span class='ocrx_word' id='word_1_485' title='bbox 1561 3145 1654 3206; x_wconf 92' lang='lat' dir='ltr'>etiam</span> <span class='ocrx_word' id='word_1_486' title='bbox 1675 3146 1708 3207; x_wconf 93' lang='lat' dir='ltr'>in</span> <span class='ocrx_word' id='word_1_487' title='bbox 1730 3162 1797 3208; x_wconf 92' lang='lat' dir='ltr'>cor-</span> 
     </span>
     <span class='ocr_line' id='line_1_88' title="bbox 1050 3231 1795 3318; baseline 0.015 -28"><span class='ocrx_word' id='word_1_488' title='bbox 1050 3246 1123 3309; x_wconf 89' lang='lat' dir='ltr'>pore</span> <span class='ocrx_word' id='word_1_489' title='bbox 1144 3231 1220 3293; x_wconf 90' lang='lat' dir='ltr'>iuris</span> <span class='ocrx_word' id='word_1_490' title='bbox 1236 3232 1337 3296; x_wconf 90' lang='lat' dir='ltr'>clausa</span> <span class='ocrx_word' id='word_1_491' title='bbox 1352 3235 1494 3312; x_wconf 90' lang='lat' dir='ltr'>resultet,</span> <span class='ocrx_word' id='word_1_492' title='bbox 1509 3239 1726 3315; x_wconf 91' lang='lat' dir='ltr'>praesentibus</span> <span class='ocrx_word' id='word_1_493' title='bbox 1741 3256 1795 3318; x_wconf 94' lang='lat' dir='ltr'>pro</span> 
     </span>
     <span class='ocr_line' id='line_1_89' title="bbox 1050 3326 1794 3406; baseline 0.015 -22"><span class='ocrx_word' id='word_1_494' title='bbox 1050 3339 1193 3401; x_wconf 89' lang='lat' dir='ltr'>expresso</span> <span class='ocrx_word' id='word_1_495' title='bbox 1215 3326 1320 3388; x_wconf 90' lang='lat' dir='ltr'>baberi</span> <span class='ocrx_word' id='word_1_496' title='bbox 1345 3329 1508 3406; x_wconf 91' lang='lat' dir='ltr'>volumus,</span> <span class='ocrx_word' id='word_1_497' title='bbox 1531 3337 1583 3392; x_wconf 90' lang='lat' dir='ltr'>aut</span> <span class='ocrx_word' id='word_1_498' title='bbox 1605 3347 1645 3393; x_wconf 87' lang='lat' dir='ltr'>ex</span> <span class='ocrx_word' id='word_1_499' title='bbox 1666 3333 1794 3395; x_wconf 88' lang='lat' dir='ltr'>alterius</span> 
     </span>
     <span class='ocr_line' id='line_1_90' title="bbox 1049 3419 1793 3502; baseline 0.013 -25"><span class='ocrx_word' id='word_1_500' title='bbox 1049 3419 1271 3497; x_wconf 91' lang='lat' dir='ltr'>cuiuscumque</span> <span class='ocrx_word' id='word_1_501' title='bbox 1293 3437 1434 3499; x_wconf 90' lang='lat' dir='ltr'>persona,</span> <span class='ocrx_word' id='word_1_502' title='bbox 1457 3439 1511 3485; x_wconf 92' lang='lat' dir='ltr'>seu</span> <span class='ocrx_word' id='word_1_503' title='bbox 1531 3440 1586 3502; x_wconf 90' lang='lat' dir='ltr'>per</span> <span class='ocrx_word' id='word_1_504' title='bbox 1608 3425 1734 3488; x_wconf 87' lang='lat' dir='ltr'>liberam</span> <span class='ocrx_word' id='word_1_505' title='bbox 1749 3426 1793 3487; x_wconf 93' lang='lat' dir='ltr'>di-</span> 
     </span>
     <span class='ocr_line' id='line_1_91' title="bbox 1049 3511 1793 3588; baseline 0.013 -16"><span class='ocrx_word' id='word_1_506' title='bbox 1049 3511 1088 3572; x_wconf 93' lang='lat' dir='ltr'>cti</span> <span class='ocrx_word' id='word_1_507' title='bbox 1112 3513 1249 3588; x_wconf 89' lang='lat' dir='ltr'>magistri</span> <span class='ocrx_word' id='word_1_508' title='bbox 1264 3513 1349 3575; x_wconf 86' lang='lat' dir='ltr'>llarii</span> <span class='ocrx_word' id='word_1_509' title='bbox 1372 3517 1421 3578; x_wconf 93' lang='lat' dir='ltr'>vel</span> <span class='ocrx_word' id='word_1_510' title='bbox 1435 3517 1570 3579; x_wconf 88' lang='lat' dir='ltr'>cuiusvis</span> <span class='ocrx_word' id='word_1_511' title='bbox 1591 3518 1719 3583; x_wconf 86' lang='lat' dir='ltr'>alterius</span> <span class='ocrx_word' id='word_1_512' title='bbox 1731 3538 1793 3583; x_wconf 90' lang='lat' dir='ltr'>ces-</span> 
     </span>
     <span class='ocr_line' id='line_1_92' title="bbox 1047 3604 1793 3692; baseline 0.016 -28"><span class='ocrx_word' id='word_1_513' title='bbox 1047 3604 1167 3665; x_wconf 89' lang='lat' dir='ltr'>sionem</span> <span class='ocrx_word' id='word_1_514' title='bbox 1196 3607 1233 3667; x_wconf 92' lang='lat' dir='ltr'>de</span> <span class='ocrx_word' id='word_1_515' title='bbox 1261 3608 1340 3670; x_wconf 91' lang='lat' dir='ltr'>dicto</span> <span class='ocrx_word' id='word_1_516' title='bbox 1361 3611 1548 3672; x_wconf 88' lang='lat' dir='ltr'>monasterio</span> <span class='ocrx_word' id='word_1_517' title='bbox 1575 3612 1723 3692; x_wconf 91' lang='lat' dir='ltr'>illiusque</span> <span class='ocrx_word' id='word_1_518' title='bbox 1746 3631 1793 3676; x_wconf 90' lang='lat' dir='ltr'>re-</span> 
     </span>
     <span class='ocr_line' id='line_1_93' title="bbox 1049 3697 1793 3773; baseline 0.019 -17"><span class='ocrx_word' id='word_1_519' title='bbox 1049 3697 1168 3773; x_wconf 88' lang='lat' dir='ltr'>gimine</span> <span class='ocrx_word' id='word_1_520' title='bbox 1180 3707 1210 3760; x_wconf 93' lang='lat' dir='ltr'>et</span> <span class='ocrx_word' id='word_1_521' title='bbox 1225 3700 1537 3766; x_wconf 84' lang='lat' dir='ltr'>administrationem</span> <span class='ocrx_word' id='word_1_522' title='bbox 1553 3705 1688 3768; x_wconf 87' lang='lat' dir='ltr'>Romana</span> <span class='ocrx_word' id='word_1_523' title='bbox 1702 3709 1793 3771; x_wconf 88' lang='lat' dir='ltr'>Curia</span> 
     </span>
     <span class='ocr_line' id='line_1_94' title="bbox 1050 3790 1792 3877; baseline 0.02 -28"><span class='ocrx_word' id='word_1_524' title='bbox 1050 3790 1099 3850; x_wconf 90' lang='lat' dir='ltr'>vel</span> <span class='ocrx_word' id='word_1_525' title='bbox 1120 3798 1206 3852; x_wconf 88' lang='lat' dir='ltr'>extra</span> <span class='ocrx_word' id='word_1_526' title='bbox 1238 3810 1323 3870; x_wconf 93' lang='lat' dir='ltr'>eam,</span> <span class='ocrx_word' id='word_1_527' title='bbox 1346 3796 1438 3858; x_wconf 89' lang='lat' dir='ltr'>etiam</span> <span class='ocrx_word' id='word_1_528' title='bbox 1467 3799 1589 3859; x_wconf 89' lang='lat' dir='ltr'>notario</span> <span class='ocrx_word' id='word_1_529' title='bbox 1620 3800 1739 3877; x_wconf 93' lang='lat' dir='ltr'>publico</span> <span class='ocrx_word' id='word_1_530' title='bbox 1760 3810 1792 3864; x_wconf 92' lang='lat' dir='ltr'>et</span> 
     </span>
     <span class='ocr_line' id='line_1_95' title="bbox 1049 3885 1792 3971; baseline 0.019 -27"><span class='ocrx_word' id='word_1_531' title='bbox 1049 3885 1189 3961; x_wconf 88' lang='lat' dir='ltr'>testibus,</span> <span class='ocrx_word' id='word_1_532' title='bbox 1205 3894 1315 3964; x_wconf 91' lang='lat' dir='ltr'>sponte</span> <span class='ocrx_word' id='word_1_533' title='bbox 1337 3887 1458 3964; x_wconf 89' lang='lat' dir='ltr'>iactam,</span> <span class='ocrx_word' id='word_1_534' title='bbox 1474 3899 1526 3952; x_wconf 91' lang='lat' dir='ltr'>aut</span> <span class='ocrx_word' id='word_1_535' title='bbox 1540 3895 1792 3971; x_wconf 85' lang='lat' dir='ltr'>assequutionem</span> 
     </span>
     <span class='ocr_line' id='line_1_96' title="bbox 1048 3977 1793 4063; baseline 0.016 -26"><span class='ocrx_word' id='word_1_536' title='bbox 1048 3977 1174 4040; x_wconf 88' lang='lat' dir='ltr'>alterius</span> <span class='ocrx_word' id='word_1_537' title='bbox 1196 3979 1337 4043; x_wconf 90' lang='lat' dir='ltr'>beneticii</span> <span class='ocrx_word' id='word_1_538' title='bbox 1359 3982 1552 4048; x_wconf 89' lang='lat' dir='ltr'>ecclesiastici</span> <span class='ocrx_word' id='word_1_539' title='bbox 1568 3987 1674 4063; x_wconf 89' lang='lat' dir='ltr'>quavis</span> <span class='ocrx_word' id='word_1_540' title='bbox 1689 3998 1793 4051; x_wconf 91' lang='lat' dir='ltr'>aucto·</span> 
     </span>
     <span class='ocr_line' id='line_1_97' title="bbox 1049 4071 1789 4158; baseline 0.016 -28"><span class='ocrx_word' id='word_1_541' title='bbox 1049 4071 1139 4132; x_wconf 91' lang='lat' dir='ltr'>ritate</span> <span class='ocrx_word' id='word_1_542' title='bbox 1150 4072 1262 4149; x_wconf 90' lang='lat' dir='ltr'>collati,</span> <span class='ocrx_word' id='word_1_543' title='bbox 1276 4078 1457 4138; x_wconf 90' lang='lat' dir='ltr'>commenda</span> <span class='ocrx_word' id='word_1_544' title='bbox 1474 4079 1625 4155; x_wconf 91' lang='lat' dir='ltr'>praedicta</span> <span class='ocrx_word' id='word_1_545' title='bbox 1641 4090 1789 4158; x_wconf 88' lang='lat' dir='ltr'>cessante,</span> 
     </span>
     <span class='ocr_line' id='line_1_98' title="bbox 1049 4167 1789 4250; baseline 0.014 -24"><span class='ocrx_word' id='word_1_546' title='bbox 1049 4174 1146 4241; x_wconf 88' lang='lat' dir='ltr'>vacet,</span> <span class='ocrx_word' id='word_1_547' title='bbox 1179 4167 1273 4228; x_wconf 90' lang='lat' dir='ltr'>etiam</span> <span class='ocrx_word' id='word_1_548' title='bbox 1293 4167 1318 4228; x_wconf 91' lang='lat' dir='ltr'>si</span> <span class='ocrx_word' id='word_1_549' title='bbox 1341 4176 1427 4232; x_wconf 88' lang='lat' dir='ltr'>tanto</span> <span class='ocrx_word' id='word_1_550' title='bbox 1459 4178 1598 4250; x_wconf 90' lang='lat' dir='ltr'>tempore</span> <span class='ocrx_word' id='word_1_551' title='bbox 1623 4175 1789 4250; x_wconf 89' lang='lat' dir='ltr'>vacaverit,</span> 
     </span>
     <span class='ocr_line' id='line_1_99' title="bbox 1048 4259 1792 4338; baseline 0.016 -20"><span class='ocrx_word' id='word_1_552' title='bbox 1048 4259 1128 4336; x_wconf 92' lang='lat' dir='ltr'>quod</span> <span class='ocrx_word' id='word_1_553' title='bbox 1150 4260 1216 4320; x_wconf 91' lang='lat' dir='ltr'>eius</span> <span class='ocrx_word' id='word_1_554' title='bbox 1239 4261 1372 4338; x_wconf 91' lang='lat' dir='ltr'>provisio</span> <span class='ocrx_word' id='word_1_555' title='bbox 1389 4264 1472 4324; x_wconf 89' lang='lat' dir='ltr'>iuxta</span> <span class='ocrx_word' id='word_1_556' title='bbox 1494 4264 1709 4329; x_wconf 90' lang='lat' dir='ltr'>Lateranensis</span> <span class='ocrx_word' id='word_1_557' title='bbox 1730 4276 1792 4329; x_wconf 90' lang='lat' dir='ltr'>sta·</span> 
     </span>
     <span class='ocr_line' id='line_1_100' title="bbox 1048 4354 1790 4425; baseline 0.016 -12"><span class='ocrx_word' id='word_1_558' title='bbox 1048 4360 1113 4414; x_wconf 89' lang='lat' dir='ltr'>tuta</span> <span class='ocrx_word' id='word_1_559' title='bbox 1135 4354 1264 4416; x_wconf 88' lang='lat' dir='ltr'>Concilii</span> <span class='ocrx_word' id='word_1_560' title='bbox 1285 4364 1337 4416; x_wconf 91' lang='lat' dir='ltr'>aut</span> <span class='ocrx_word' id='word_1_561' title='bbox 1357 4357 1431 4418; x_wconf 91' lang='lat' dir='ltr'>alias</span> <span class='ocrx_word' id='word_1_562' title='bbox 1445 4358 1604 4420; x_wconf 91' lang='lat' dir='ltr'>canonicas</span> <span class='ocrx_word' id='word_1_563' title='bbox 1618 4361 1790 4425; x_wconf 90' lang='lat' dir='ltr'>sanctiones</span> 
     </span>
     <span class='ocr_line' id='line_1_101' title="bbox 1046 4447 1790 4540; baseline 0.015 -33"><span class='ocrx_word' id='word_1_564' title='bbox 1046 4449 1081 4509; x_wconf 93' lang='lat' dir='ltr'>ad</span> <span class='ocrx_word' id='word_1_565' title='bbox 1098 4447 1209 4510; x_wconf 90' lang='lat' dir='ltr'>Sedem</span> <span class='ocrx_word' id='word_1_566' title='bbox 1224 4449 1431 4540; x_wconf 72' lang='lat' dir='ltr'>apostolicam</span> <span class='ocrx_word' id='word_1_567' title='bbox 1447 4452 1634 4529; x_wconf 90' lang='lat' dir='ltr'>praedictam</span> <span class='ocrx_word' id='word_1_568' title='bbox 1649 4454 1790 4532; x_wconf 90' lang='lat' dir='ltr'>legitime</span> 
     </span>
     <span class='ocr_line' id='line_1_102' title="bbox 1046 4541 1791 4626; baseline 0.012 -25"><span class='ocrx_word' id='word_1_569' title='bbox 1046 4541 1189 4602; x_wconf 91' lang='lat' dir='ltr'>devoluta</span> <span class='ocrx_word' id='word_1_570' title='bbox 1211 4550 1305 4616; x_wconf 89' lang='lat' dir='ltr'>extat,</span> <span class='ocrx_word' id='word_1_571' title='bbox 1323 4550 1354 4604; x_wconf 97' lang='grc'>11</span> <span class='ocrx_word' id='word_1_572' title='bbox 1374 4560 1466 4622; x_wconf 93' lang='lat' dir='ltr'>super</span> <span class='ocrx_word' id='word_1_573' title='bbox 1487 4561 1523 4606; x_wconf 93' lang='lat' dir='ltr'>eo</span> <span class='ocrx_word' id='word_1_574' title='bbox 1542 4545 1688 4626; x_wconf 88' lang='lat' dir='ltr'>illiusque</span> <span class='ocrx_word' id='word_1_575' title='bbox 1709 4551 1791 4626; x_wconf 91' lang='lat' dir='ltr'>regi-</span> 
     </span>
     <span class='ocr_line' id='line_1_103' title="bbox 1047 4634 1789 4720; baseline 0.016 -27"><span class='ocrx_word' id='word_1_576' title='bbox 1047 4634 1132 4695; x_wconf 92' lang='lat' dir='ltr'>mine</span> <span class='ocrx_word' id='word_1_577' title='bbox 1152 4643 1183 4696; x_wconf 92' lang='lat' dir='ltr'>et</span> <span class='ocrx_word' id='word_1_578' title='bbox 1211 4637 1477 4701; x_wconf 90' lang='lat' dir='ltr'>administratione</span> <span class='ocrx_word' id='word_1_579' title='bbox 1497 4640 1583 4702; x_wconf 92' lang='lat' dir='ltr'>inter</span> <span class='ocrx_word' id='word_1_580' title='bbox 1614 4641 1730 4720; x_wconf 90' lang='lat' dir='ltr'>aliquos</span> <span class='ocrx_word' id='word_1_581' title='bbox 1752 4643 1789 4705; x_wconf 93' lang='lat' dir='ltr'>lis</span> 
     </span>
     <span class='ocr_line' id='line_1_104' title="bbox 1046 4727 1789 4813; baseline 0.015 -26"><span class='ocrx_word' id='word_1_582' title='bbox 1046 4727 1078 4788; x_wconf 91' lang='lat' dir='ltr'>in</span> <span class='ocrx_word' id='word_1_583' title='bbox 1100 4729 1243 4806; x_wconf 90' lang='lat' dir='ltr'>petitorio</span> <span class='ocrx_word' id='word_1_584' title='bbox 1264 4729 1313 4791; x_wconf 92' lang='lat' dir='ltr'>vel</span> <span class='ocrx_word' id='word_1_585' title='bbox 1328 4733 1524 4808; x_wconf 88' lang='lat' dir='ltr'>possessorio,</span> <span class='ocrx_word' id='word_1_586' title='bbox 1547 4751 1602 4796; x_wconf 89' lang='lat' dir='ltr'>scu</span> <span class='ocrx_word' id='word_1_587' title='bbox 1623 4736 1709 4813; x_wconf 92' lang='lat' dir='ltr'>quasi</span> <span class='ocrx_word' id='word_1_588' title='bbox 1725 4753 1789 4798; x_wconf 91' lang='lat' dir='ltr'>mo·</span> 
     </span>
     <span class='ocr_line' id='line_1_105' title="bbox 1045 4821 1787 4907; baseline 0.013 -25"><span class='ocrx_word' id='word_1_589' title='bbox 1045 4821 1143 4896; x_wconf 90' lang='lat' dir='ltr'>lestia,</span> <span class='ocrx_word' id='word_1_590' title='bbox 1166 4823 1252 4884; x_wconf 92' lang='lat' dir='ltr'>cuius</span> <span class='ocrx_word' id='word_1_591' title='bbox 1275 4822 1338 4884; x_wconf 91' lang='lat' dir='ltr'>litis</span> <span class='ocrx_word' id='word_1_592' title='bbox 1365 4832 1480 4888; x_wconf 92' lang='lat' dir='ltr'>statum</span> <span class='ocrx_word' id='word_1_593' title='bbox 1504 4827 1597 4889; x_wconf 91' lang='lat' dir='ltr'>etiam</span> <span class='ocrx_word' id='word_1_594' title='bbox 1619 4831 1787 4907; x_wconf 88' lang='lat' dir='ltr'>praesenti·</span> 
     </span>
     <span class='ocr_line' id='line_1_106' title="bbox 1044 4913 1788 4999; baseline 0.015 -25"><span class='ocrx_word' id='word_1_595' title='bbox 1044 4915 1101 4975; x_wconf 91' lang='lat' dir='ltr'>bus</span> <span class='ocrx_word' id='word_1_596' title='bbox 1123 4913 1227 4976; x_wconf 86' lang='lat' dir='ltr'>lraberi</span> <span class='ocrx_word' id='word_1_597' title='bbox 1243 4915 1389 4979; x_wconf 92' lang='lat' dir='ltr'>volumus</span> <span class='ocrx_word' id='word_1_598' title='bbox 1405 4933 1459 4995; x_wconf 91' lang='lat' dir='ltr'>pro</span> <span class='ocrx_word' id='word_1_599' title='bbox 1479 4935 1634 4997; x_wconf 86' lang='lat' dir='ltr'>expresso,</span> <span class='ocrx_word' id='word_1_600' title='bbox 1658 4925 1788 4999; x_wconf 90' lang='lat' dir='ltr'>pendeat</span> 
     </span>
     <span class='ocr_line' id='line_1_107' title="bbox 1045 5009 1789 5095; baseline 0.016 -29"><span class='ocrx_word' id='word_1_601' title='bbox 1045 5009 1188 5083; x_wconf 90' lang='lat' dir='ltr'>indecisa,</span> <span class='ocrx_word' id='word_1_602' title='bbox 1205 5027 1237 5071; x_wconf 89' lang='lat' dir='ltr'>ao</span> <span class='ocrx_word' id='word_1_603' title='bbox 1259 5009 1342 5072; x_wconf 91' lang='lat' dir='ltr'>illius</span> <span class='ocrx_word' id='word_1_604' title='bbox 1363 5013 1496 5088; x_wconf 89' lang='lat' dir='ltr'>provisio</span> <span class='ocrx_word' id='word_1_605' title='bbox 1517 5015 1554 5076; x_wconf 81' lang='lat' dir='ltr'>acl</span> <span class='ocrx_word' id='word_1_606' title='bbox 1575 5013 1687 5077; x_wconf 89' lang='lat' dir='ltr'>Sedem</span> <span class='ocrx_word' id='word_1_607' title='bbox 1703 5033 1789 5095; x_wconf 88' lang='lat' dir='ltr'>pree·</span> 
     </span>
     <span class='ocr_line' id='line_1_108' title="bbox 1043 5101 1787 5188; baseline 0.015 -26"><span class='ocrx_word' id='word_1_608' title='bbox 1043 5101 1157 5163; x_wconf 85' lang='lat' dir='ltr'>dictam</span> <span class='ocrx_word' id='word_1_609' title='bbox 1177 5105 1349 5182; x_wconf 92' lang='lat' dir='ltr'>specialiter</span> <span class='ocrx_word' id='word_1_610' title='bbox 1366 5106 1414 5167; x_wconf 92' lang='lat' dir='ltr'>vel</span> <span class='ocrx_word' id='word_1_611' title='bbox 1436 5108 1623 5184; x_wconf 90' lang='lat' dir='ltr'>generaliter</span> <span class='ocrx_word' id='word_1_612' title='bbox 1633 5111 1787 5188; x_wconf 90' lang='lat' dir='ltr'>pertineat</span> 
     </span>
     <span class='ocr_line' id='line_1_109' title="bbox 1044 5196 1789 5281; baseline 0.015 -26"><span class='ocrx_word' id='word_1_613' title='bbox 1044 5204 1074 5257; x_wconf 92' lang='lat' dir='ltr'>et</span> <span class='ocrx_word' id='word_1_614' title='bbox 1096 5198 1133 5257; x_wconf 94' lang='lat' dir='ltr'>de</span> <span class='ocrx_word' id='word_1_615' title='bbox 1161 5196 1214 5257; x_wconf 92' lang='lat' dir='ltr'>illo</span> <span class='ocrx_word' id='word_1_616' title='bbox 1235 5199 1487 5262; x_wconf 90' lang='lat' dir='ltr'>consistorialiter</span> <span class='ocrx_word' id='word_1_617' title='bbox 1517 5202 1636 5281; x_wconf 89' lang='lat' dir='ltr'>disponi</span> <span class='ocrx_word' id='word_1_618' title='bbox 1658 5220 1789 5266; x_wconf 91' lang='lat' dir='ltr'>consue-</span> 
     </span>
     <span class='ocr_line' id='line_1_110' title="bbox 1044 5290 1787 5376; baseline 0.015 -29"><span class='ocrx_word' id='word_1_619' title='bbox 1044 5290 1135 5364; x_wconf 90' lang='lat' dir='ltr'>verit,</span> <span class='ocrx_word' id='word_1_620' title='bbox 1148 5305 1202 5352; x_wconf 91' lang='lat' dir='ltr'>seu</span> <span class='ocrx_word' id='word_1_621' title='bbox 1218 5291 1342 5369; x_wconf 89' lang='lat' dir='ltr'>debeat;</span> <span class='ocrx_word' id='word_1_622' title='bbox 1359 5309 1431 5355; x_wconf 91' lang='lat' dir='ltr'>cum</span> <span class='ocrx_word' id='word_1_623' title='bbox 1443 5297 1572 5357; x_wconf 91' lang='lat' dir='ltr'>annexis</span> <span class='ocrx_word' id='word_1_624' title='bbox 1587 5298 1787 5376; x_wconf 91' lang='lat' dir='ltr'>quibuscum-</span> 
     </span>
     <span class='ocr_line' id='line_1_111' title="bbox 1043 5385 1788 5464; baseline 0.013 -22"><span class='ocrx_word' id='word_1_625' title='bbox 1043 5398 1114 5459; x_wconf 92' lang='lat' dir='ltr'>que,</span> <span class='ocrx_word' id='word_1_626' title='bbox 1137 5401 1170 5445; x_wconf 92' lang='lat' dir='ltr'>ac</span> <span class='ocrx_word' id='word_1_627' title='bbox 1191 5385 1333 5447; x_wconf 93' lang='lat' dir='ltr'>omnibus</span> <span class='ocrx_word' id='word_1_628' title='bbox 1348 5393 1379 5446; x_wconf 90' lang='lat' dir='ltr'>et</span> <span class='ocrx_word' id='word_1_629' title='bbox 1393 5387 1526 5464; x_wconf 89' lang='lat' dir='ltr'>siugulis</span> <span class='ocrx_word' id='word_1_630' title='bbox 1540 5391 1612 5452; x_wconf 91' lang='lat' dir='ltr'>dicti</span> <span class='ocrx_word' id='word_1_631' title='bbox 1634 5401 1788 5454; x_wconf 90' lang='lat' dir='ltr'>monaste-</span> 
     </span>
     <span class='ocr_line' id='line_1_112' title="bbox 1043 5475 1786 5561; baseline 0.02 -26"><span class='ocrx_word' id='word_1_632' title='bbox 1043 5475 1080 5537; x_wconf 87' lang='lat' dir='ltr'>rii</span> <span class='ocrx_word' id='word_1_633' title='bbox 1102 5479 1199 5555; x_wconf 88' lang='lat' dir='ltr'>bonis,</span> <span class='ocrx_word' id='word_1_634' title='bbox 1221 5479 1325 5553; x_wconf 91' lang='lat' dir='ltr'>rebus,</span> <span class='ocrx_word' id='word_1_635' title='bbox 1348 5480 1598 5561; x_wconf 89' lang='lat' dir='ltr'>proprietatibus,</span> <span class='ocrx_word' id='word_1_636' title='bbox 1622 5483 1741 5549; x_wconf 87' lang='lat' dir='ltr'>iuribus</span> <span class='ocrx_word' id='word_1_637' title='bbox 1756 5497 1786 5550; x_wconf 91' lang='lat' dir='ltr'>et</span> 
     </span>
     <span class='ocr_line' id='line_1_113' title="bbox 1044 5573 1786 5656; baseline 0.015 -24"><span class='ocrx_word' id='word_1_638' title='bbox 1044 5573 1240 5652; x_wconf 90' lang='lat' dir='ltr'>pertinentiis</span> <span class='ocrx_word' id='word_1_639' title='bbox 1261 5575 1339 5648; x_wconf 90' lang='lat' dir='ltr'>suis,</span> <span class='ocrx_word' id='word_1_640' title='bbox 1370 5591 1492 5637; x_wconf 92' lang='lat' dir='ltr'>necnon</span> <span class='ocrx_word' id='word_1_641' title='bbox 1521 5578 1680 5656; x_wconf 89' lang='lat' dir='ltr'>quibusvis</span> <span class='ocrx_word' id='word_1_642' title='bbox 1703 5581 1786 5643; x_wconf 92' lang='lat' dir='ltr'>illius</span> 
     </span>
     <span class='ocr_line' id='line_1_114' title="bbox 1043 5666 1787 5748; baseline 0.016 -21"><span class='ocrx_word' id='word_1_643' title='bbox 1043 5666 1204 5742; x_wconf 78' lang='lat' dir='ltr'>fructibus,</span> <span class='ocrx_word' id='word_1_644' title='bbox 1222 5666 1400 5745; x_wconf 72' lang='lat' dir='ltr'>redditibus</span> <span class='ocrx_word' id='word_1_645' title='bbox 1418 5671 1620 5748; x_wconf 88' lang='lat' dir='ltr'>proventibus</span> <span class='ocrx_word' id='word_1_646' title='bbox 1641 5675 1734 5736; x_wconf 89' lang='lat' dir='ltr'>certis</span> <span class='ocrx_word' id='word_1_647' title='bbox 1756 5685 1787 5739; x_wconf 90' lang='lat' dir='ltr'>et</span> 
     </span>
     <span class='ocr_line' id='line_1_115' title="bbox 1043 5761 1786 5840; baseline 0.011 -16"><span class='ocrx_word' id='word_1_648' title='bbox 1043 5761 1179 5836; x_wconf 88' lang='lat' dir='ltr'>incertis,</span> <span class='ocrx_word' id='word_1_649' title='bbox 1201 5761 1329 5840; x_wconf 86' lang='lat' dir='ltr'>aliisque</span> <span class='ocrx_word' id='word_1_650' title='bbox 1350 5762 1479 5839; x_wconf 77' lang='lat' dir='ltr'>iuribuS,</span> <span class='ocrx_word' id='word_1_651' title='bbox 1502 5765 1740 5830; x_wconf 90' lang='lat' dir='ltr'>obventionibus</span> <span class='ocrx_word' id='word_1_652' title='bbox 1756 5779 1786 5832; x_wconf 91' lang='lat' dir='ltr'>et</span> 
     </span>
     <span class='ocr_line' id='line_1_116' title="bbox 1042 5856 1786 5931; baseline 0.013 -15"><span class='ocrx_word' id='word_1_653' title='bbox 1042 5856 1262 5918; x_wconf 90' lang='lat' dir='ltr'>emolumentis</span> <span class='ocrx_word' id='word_1_654' title='bbox 1274 5857 1377 5931; x_wconf 91' lang='lat' dir='ltr'>variis,</span> <span class='ocrx_word' id='word_1_655' title='bbox 1386 5858 1421 5919; x_wconf 91' lang='lat' dir='ltr'>ad</span> <span class='ocrx_word' id='word_1_656' title='bbox 1434 5859 1550 5921; x_wconf 92' lang='lat' dir='ltr'>dictum</span> <span class='ocrx_word' id='word_1_657' title='bbox 1563 5864 1786 5926; x_wconf 90' lang='lat' dir='ltr'>monasterium</span> 
     </span>
     <span class='ocr_line' id='line_1_117' title="bbox 1040 5950 1784 6031; baseline 0.012 -19"><span class='ocrx_word' id='word_1_658' title='bbox 1040 5950 1250 6029; x_wconf 87' lang='lat' dir='ltr'>spectantibus</span> <span class='ocrx_word' id='word_1_659' title='bbox 1271 5958 1302 6012; x_wconf 92' lang='lat' dir='ltr'>et</span> <span class='ocrx_word' id='word_1_660' title='bbox 1323 5951 1571 6031; x_wconf 89' lang='lat' dir='ltr'>pertinentibus,</span> <span class='ocrx_word' id='word_1_661' title='bbox 1593 5954 1695 6017; x_wconf 92' lang='lat' dir='ltr'>eidem</span> <span class='ocrx_word' id='word_1_662' title='bbox 1717 5957 1784 6020; x_wconf 84' lang='lat' dir='ltr'>Gol-</span> 
     </span>
    </p>
   </div>
   <div class='ocr_carea' id='block_1_12' title="bbox 0 0 2386 6971">
    <p class='ocr_par' dir='ltr' id='par_1_12' title="bbox 0 0 2386 6971">
     <span class='ocr_line' id='line_1_118' title="bbox 0 0 2386 6971; baseline 0 0"><span class='ocrx_word' id='word_1_663' title='bbox 0 0 2386 6971; x_wconf 95' lang='lat' dir='ltr'> </span> 
     </span>
    </p>
   </div>
   <div class='ocr_carea' id='block_1_13' title="bbox 1727 573 2020 639">
    <p class='ocr_par' dir='ltr' id='par_1_13' title="bbox 1727 573 2020 639">
     <span class='ocr_line' id='line_1_119' title="bbox 1727 573 2020 639; baseline 0.003 -14"><span class='ocrx_word' id='word_1_664' title='bbox 1727 575 1782 639; x_wconf 72' lang='grc'>119</span> <span class='ocrx_word' id='word_1_665' title='bbox 1832 573 2020 626; x_wconf 60' lang='grc'>1111141</span> 
     </span>
    </p>
   </div>
  </div>
 </body>
</html>
