4828 6990
979 567 1177 624 teoberctus
1198 567 1263 624 xli.

344 700 423 763 ritus
449 691 610 762 ecclesiam
640 689 725 760 adire
756 695 873 773 taleat3
903 693 989 758 nulla
1017 709 1091 756 sane

344 811 431 856 causa
453 799 510 865 est,
533 791 573 856 ob
594 808 686 870 quam
709 791 811 854 latinis
833 804 940 851 earum
955 787 1090 868 partium

344 886 531 965 presbyteris
546 885 685 963 permitti
700 883 819 959 debeat,
829 891 934 945 contra
950 889 1090 944 constan·

345 987 408 1041 tem
430 978 583 1040 Ecclesiae
603 977 728 1039 Latinae
744 974 948 1054 disciplinam,
965 975 1033 1036 sine
1046 988 1090 1034 sa-

343 1079 425 1136 crata
445 1069 549 1134 altaris
570 1069 686 1150 lapidea
709 1069 811 1130 tabula
832 1068 938 1130 missas
958 1067 1090 1130 celebra-

345 1181 390 1238 re,
417 1179 530 1243 easque
560 1179 653 1242 super
674 1163 862 1225 Graecorum
883 1159 1090 1222 untioteusiis

344 1256 470 1332 oberre3
494 1255 574 1335 quod
596 1255 670 1334 ipsis
692 1255 819 1333 proinde
834 1253 867 1314 in
882 1254 971 1315 citata
987 1259 1090 1314 nostra

344 1350 569 1413 constitutione
598 1350 732 1412 vetitum
764 1346 838 1423 luit,
872 1345 975 1408 eodem
1006 1347 1025 1422 ξ,
1056 1349 1088 1417 6,

344 1459 435 1505 uuor.
461 1443 517 1504 19,

126 1541 336 1608 aestimasse.
385 1538 405 1611 ἓ
427 1536 455 1598 7.
479 1536 537 1600 Sed
559 1535 649 1598 aliter
669 1551 703 1597 se
717 1552 766 1596 res
781 1534 906 1609 babent,
924 1533 976 1595 ubi
992 1534 1029 1596 de
1045 1548 1093 1594 re·

105 1603 327 1714 ἷῗξῐίοὲἒῖιῗῗῗὲ
346 1629 491 1708 gionibus
511 1629 625 1705 agitur,
650 1628 681 1689 in
709 1627 822 1707 quibus
854 1627 942 1688 latini
970 1625 1092 1704 presby·

104 1704 327 1814 ἣῗξῗξῃξξῗῗὲ
347 1723 404 1786 teri
426 1721 463 1785 ab
484 1721 619 1785 ecclesiis
641 1721 727 1782 latini
759 1721 837 1782 ritus
859 1720 951 1797 longe
978 1721 1092 1796 degen-

103 1820 167 1909 {ffiffi
182 1812 327 1911 gggggfflqft·
346 1825 403 1892 tes,
419 1831 518 1894 quum
534 1821 664 1876 sacratas
680 1814 810 1892 lapideas
826 1813 943 1876 tabulas
959 1829 1012 1891 per
1028 1812 1092 1874 lon·

344 1927 383 1988 ga
403 1911 516 1972 itinera
537 1909 606 1970 sine
627 1909 713 1985 gravi
742 1908 950 1983 incommodo,
974 1914 1004 1968 et
1026 1905 1092 1967 sine

344 2002 481 2084 periculo
503 2019 552 2064 eas
583 2001 813 2077 confringendi,
835 2016 942 2062 secum
973 1997 1093 2061 deterre

345 2104 513 2176 nequeant,
536 2089 586 2156 vel
608 2095 717 2156 missae
746 2093 983 2156 celebrationem
1007 2091 1092 2169 peni-

347 2199 395 2254 tus
416 2191 573 2263 omittere,
596 2195 626 2250 et
647 2188 688 2250 sic
712 2187 823 2249 latinos
845 2185 950 2249 lideles
964 2185 1092 2248 sinesa·

345 2283 459 2346 criticio
481 2281 596 2361 proprii
619 2281 697 2342 ritus
725 2287 756 2340 et
777 2279 845 2342 sine
870 2278 1092 2357 mysteriorum

345 2375 579 2456 participatione
609 2373 799 2452 relinquere,
822 2373 872 2434 rel
905 2387 971 2434 eam
999 2385 1093 2448 super

345 2471 532 2532 Graecorum
553 2467 759 2529 oratiorertsiis
786 2479 932 2544 peragere
959 2464 1094 2544 compel-

346 2560 466 2625 luntur.
490 2559 525 2620 lu
546 2557 723 2620 liuiusmodi
754 2572 863 2618 rerum
891 2557 1092 2618 circumstan-

119 2662 325 2709 stmtttsindutti
347 2654 407 2727 tiis,
435 2650 626 2731 apostolicae
657 2649 744 2714 Sedis
775 2649 900 2728 provida
926 2649 1093 2726 indulgen-

105 2715 327 2816 ῗιῗὲιωβὲιῖωῃῗιῗᾶ
348 2746 387 2807 tia
408 2743 590 2808 iamdudum
613 2744 744 2819 enituit,
767 2757 864 2821 quum
879 2742 996 2805 scilicet
1011 2758 1092 2804 anno

105 2824 327 2924 {ffilqffiffgssi
346 2855 448 2903 arnon.
471 2837 506 2898 ad
535 2836 792 2916 supplicationem
825 2844 899 2898 tunc
929 2836 1092 2897 existentis

346 2933 485 3012 Episcopi
508 2931 664 2994 llilnensis
686 2929 858 3009 praedictae
881 2928 1091 2992 cardinalium

344 3023 1092 3106 inquisitorumgeneraliumcongregationibac

343 3120 381 3182 de
401 3135 436 3182 re
458 3117 639 3193 exhibitam,
662 3117 728 3196 ipso
749 3117 843 3180 etiam
861 3117 1092 3196 praedecessore

344 3221 448 3276 nostro
481 3212 641 3276 Clemente
674 3211 751 3288 Papa
783 3209 860 3272 lllll.
892 3209 1090 3288 approbante,

343 3307 530 3385 rescriptum
551 3304 627 3366 luit:
654 3303 837 3366 Sacerdotes
859 3302 1003 3365 Rutltcrtc'
1029 3317 1093 3363 aton

346 3398 562 3470 Srttamortct,
587 3399 622 3458 iu
644 3396 1032 3472 cccbtesiis'cctltolicuruut
1048 3395 1091 3456 ri-

343 3501 397 3555 tus
419 3491 544 3564 Latini,
568 3488 745 3563 ultoribus,
766 3488 923 3554 calicibus
945 3496 975 3552 et
997 3489 1091 3550 oesti-

343 3585 400 3650 bus
421 3586 525 3648 sacris
553 3585 732 3646 coronidem
763 3583 995 3646 catholicorum
1025 3585 1090 3656 uti,

343 3686 373 3741 et
393 3680 524 3742 otiosam
547 3676 704 3740 cetetroro
724 3676 858 3754 possint,
884 3678 919 3739 io
940 3695 1018 3741 cusu
1040 3694 1092 3738 rte·

343 3772 517 3845 castitatis,
534 3788 572 3836 uc
593 3770 811 3833 etiamsolum
827 3771 1002 3834 derrotioats
1017 3788 1092 3834 cutt-

341 3883 390 3938 eu‚
414 3864 581 3927 dummodo
603 3863 676 3926 ritu
697 3861 847 3944 ¹liutberto
863 3861 1029 3926 celebrent.
1050 3865 1092 3926 Et

343 3965 498 4030 econtra,
515 3955 693 4020 sacerdotes
716 3955 803 4017 ritus
823 3957 935 4019 Lotirtt'
951 3955 986 4018 iu
999 3956 1092 4017 eccle·

342 4052 401 4114 siis
417 4049 642 4113 Rctlreoorum
657 4066 720 4111 oon
737 4048 1034 4122 Scttsmurtcoruut,
1046 4048 1092 4113 ol·

345 4142 472 4209 toribus
494 4150 524 4206 et
553 4140 721 4213 culicibus,
751 4160 790 4205 oc
818 4141 958 4206 cestibus
989 4143 1092 4206 sactis

344 4237 409 4311 oti,
427 4246 458 4301 ct
478 4238 610 4301 missum
626 4234 784 4299 celebrare
799 4237 938 4310 ouleuut,
957 4238 1029 4298 ritu
1046 4242 1093 4300 to·

343 4347 414 4394 rnen
436 4331 564 4396 Latino.
588 4328 632 4391 Et
658 4330 827 4408 praedicto
857 4338 1028 4392 serventur
1048 4347 1093 4392 se·

344 4425 431 4488 clueo
452 4426 538 4486 omrai
559 4424 720 4494 scandolo,
744 4430 774 4485 et
797 4424 833 4486 de
854 4422 987 4486 licentio
1001 4439 1092 4500 prce-

345 4517 487 4582 tutorum
514 4522 545 4578 et
576 4523 739 4579 rectorem
771 4517 917 4596 ipsorum
949 4517 1093 4581 ecclesiu-

345 4628 429 4674 rure.

150 4723 268 4788 roburea
287 4723 326 4770 ιι·
384 4707 404 4780 ἓ
424 4703 454 4766 8.
477 4703 539 4768 Nos
561 4704 667 4781 igitur,
689 4704 875 4782 praemissae
902 4705 1093 4768 necessitatis

110 4777 326 4884 ξῶἪῆἦξῑέἒξξ
344 4798 476 4874 intuitu,
488 4783 580 4877 atque
595 4799 689 4859 etiam
700 4797 878 4860 huiusmodi
893 4796 1010 4860 decreti
1021 4813 1092 4860 con-

111 4881 188 4940 ¹lt¹¹¹³
215 4884 326 4948 presuy-
343 4892 530 4954 sideratione
550 4891 685 4966 adducti,
704 4893 916 4968 praesentium
932 4891 1092 4952 literarum

111 4937 326 5037 ῗῦἕῖῑὲαιὲἶίῐῖιῖῗ
346 4995 466 5060 tenore,
488 4995 581 5063 atque
602 5001 640 5046 ex
662 4993 743 5048 certa
765 4985 903 5060 scientia,
925 4991 955 5046 et
977 4993 1094 5065 aposte-

110 5044 326 5160 ῗῖιμῗὲἶῗῃιῑῖιξῗιῗ
344 5082 420 5144 licae
439 5079 631 5143 auctoritatis
662 5078 868 5156 plenitudine,
897 5076 988 5138 salvis
1009 5092 1094 5155 prae·

110 5153 197 5207 Μὴ·
344 5175 398 5236 lati
420 5173 591 5237 Clementis
620 5170 712 5246 Vlll.,
742 5171 918 5248 nostrisque
938 5185 1031 5248 super
1052 5169 1095 5229 ri-

344 5268 426 5330 tibus
448 5265 730 5328 llalo-tiraecorum
752 5264 841 5326 editis
863 5263 1092 5326 constitutioni·

343 5360 401 5423 bus
422 5367 453 5422 et
474 5358 732 5432 ordinationibus,
756 5373 820 5419 non
848 5356 939 5418 modo
960 5356 1093 5418 relatum

343 5453 485 5532 superius
513 5453 675 5516 decretum
704 5451 908 5529 approbamus
931 5457 961 5510 et
982 5450 1095 5512 contir-

343 5561 482 5623 mamue;
505 5559 618 5607 rerum
649 5544 744 5606 etiam
775 5542 917 5622 praelatis
948 5543 1095 5604 omnibus

343 5639 557 5713 missionariis,
585 5637 715 5716 aliisque
741 5636 950 5698 sacerdotibus
978 5634 1095 5698 Latinis

231 5797 244 5814 ,
342 5733 375 5794 in
397 5740 459 5794 tota
481 5731 587 5794 Russia
610 5730 753 5793 Polonica
778 5736 917 5792 nuncet
939 5744 994 5807 pro
1017 5737 1094 5792 tem·

343 5841 417 5905 pore
439 5823 715 5899 commorantibus,
732 5830 767 5886 ut
785 5821 843 5901 ipsi
858 5829 1011 5884 eteorum
1028 5823 1095 5901 qui·

344 5918 431 5997 libet,
454 5917 486 5980 in
509 5915 645 5980 ecclesiis
674 5916 894 5978 Rutbenorum
919 5915 1094 5995 unitorum,

1746 565 1748 572 ’
1818 543 1877 617 ἰι29
1926 552 1980 608 An.
1994 551 2024 609 Ο.
2047 540 2113 607 tttt

1147 691 1362 756 deficientibus
1385 691 1510 772 lapideis
1531 687 1677 755 altarium
1704 688 1816 754 tabulis
1837 687 1897 752 rite

1146 788 1343 860 consecratis,
1367 803 1459 866 super
1472 785 1565 850 sacris
1580 785 1764 848 eorumdem
1779 783 1897 846 liutbe-

1147 896 1262 942 nornm
1283 881 1485 943 bntimensiis
1507 881 1670 942 missarum
1688 877 1834 940 sacrificia
1850 891 1897 940 ce-

1147 973 1278 1048 lebrare,
1301 982 1392 1052 atque
1414 975 1520 1047 etiam,
1543 978 1578 1035 ut
1599 988 1690 1051 supra
1706 971 1894 1044 dictumest,

1147 1066 1179 1128 in
1203 1068 1379 1130 buiusmodi
1401 1067 1608 1130 celebratione
1628 1065 1812 1128 eorumdem
1826 1063 1897 1125 cali·

1147 1160 1231 1222 cibus
1251 1161 1389 1222 stanneis
1412 1161 1457 1222 uti
1480 1159 1577 1222 libere
1605 1168 1635 1221 et
1657 1158 1740 1220 licite
1765 1157 1896 1235 possint,

1147 1260 1177 1314 et
1192 1253 1324 1329 valeant,
1342 1254 1539 1316 concedimus
1553 1261 1585 1314 et
1600 1251 1813 1328 indulgemus.
1827 1249 1896 1312 Non
1943 1262 2130 1310 contraeunt·

1147 1343 1340 1408 obstantibus
1371 1343 1531 1422 quibusvis
1561 1342 1745 1422 apostolicis,
1768 1357 1824 1404 seu
1846 1357 1897 1418 ge·
1917 1321 1996 1372 ‘⁰⁸³⁸'

1148 1435 1304 1498 neralinm
1336 1447 1389 1500 aut
1420 1436 1658 1515 provincialium
1688 1435 1738 1496 vel
1768 1433 1897 1513 synoda·

1148 1528 1226 1590 lium
1247 1529 1449 1593 conciliorum
1479 1528 1640 1592 contrariis
1668 1527 1899 1590 constitutioni-

1149 1622 1205 1684 bus
1225 1629 1256 1683 et
1278 1623 1526 1685 ordinationibus
1557 1623 1624 1683 sive
1656 1621 1806 1695 locorum,
1829 1635 1898 1699 per·

1147 1729 1296 1776 sonarum
1317 1724 1369 1777 aut
1385 1716 1530 1778 ordinum
1545 1714 1680 1788 statutis,
1698 1714 1819 1789 ritibus,
1838 1713 1897 1774 usi·

1148 1807 1205 1870 bus
1225 1818 1256 1870 et
1277 1807 1555 1872 consuetudinibus
1584 1807 1677 1870 etiam
1699 1808 1898 1869 immemora-

1149 1902 1273 1978 bilibus‚
1296 1901 1485 1980 caeterisque
1509 1900 1540 1962 in
1562 1901 1754 1962 contrarium
1772 1899 1897 1980 quibus-

1148 2011 1294 2074 cumque.

1188 2091 1206 2164 5
1227 2088 1256 2150 9.
1277 2087 1428 2151 l'olumus
1449 2095 1566 2162 autem,
1588 2088 1668 2150 sicut
1684 2088 1716 2150 in
1732 2088 1897 2167 praemisso
1942 2108 2077 2166 propitum
2093 2111 2130 2154 ra-

1148 2183 1271 2244 deoreto
1294 2197 1437 2259 expresse
1453 2189 1579 2244 cautum
1595 2181 1762 2259 reperitur,
1776 2189 1810 2244 nt
1824 2179 1896 2242 dicti
1915 2163 2074 2274 ffssgqffl'a}
2092 2161 2130 2260 ,³ss

1149 2274 1336 2336 missionarii
1351 2282 1383 2335 et
1394 2273 1566 2336 sacerdotes
1582 2273 1681 2349 latini,
1692 2275 1788 2334 etiam
1798 2288 1895 2352 quum
1916 2269 2130 2368 gffiffifflffig

1148 2381 1210 2440 eos,
1233 2366 1341 2443 rigore
1367 2366 1538 2444 praesentis
1564 2367 1780 2442 concessionis,
1803 2382 1897 2445 super
1916 2375 2127 2438 ruxtqeonstuur.

1148 2461 1367 2522 liutbenorum
1380 2460 1543 2522 unitorum
1556 2459 1759 2522 intimensiis
1772 2460 1897 2522 missam
1916 2429 1939 2476 ε’
1955 2431 1993 2474 ¹³¹¹
2008 2430 2034 2475 γ’

1148 2553 1305 2616 celebrare
1324 2553 1503 2630 eontigerit,
1522 2553 1616 2618 latino
1630 2569 1753 2632 semper
1769 2553 1832 2615 ritu
1850 2569 1897 2614 ea·

1148 2649 1219 2710 dem
1241 2646 1396 2708 celebrare
1425 2655 1609 2722 teneantur;
1633 2647 1722 2708 firma
1745 2645 1897 2710 nimirum

1148 2750 1179 2803 et
1207 2740 1240 2802 in
1271 2756 1327 2801 suo
1357 2740 1467 2802 robore
1500 2750 1704 2818 permanente
1735 2739 1897 2818 apostolica

1148 2833 1369 2896 constitutione
1390 2850 1405 2893 a
1428 2831 1478 2894 lel.
1497 2848 1558 2893 rec.
1577 2834 1808 2910 praedecessore
1823 2849 1898 2911 quo·

1148 2943 1209 3004 que
1231 2933 1337 2988 nostro
1359 2925 1471 2989 Sancto
1492 2925 1545 2986 Pio
1562 2927 1638 3004 Papa
1654 2926 1692 2988 v.
1710 2925 1804 3002 edita,
1821 2941 1898 3005 quae

1147 3019 1270 3098 incipit:
1304 3017 1515 3080 Prouidentia
1547 3017 1685 3080 Romulei
1717 3017 1897 3096 Pontificio,

1149 3113 1278 3174 constit.
1310 3115 1366 3184 12,
1398 3115 1470 3173 tum.
1502 3115 1525 3174 2
1558 3111 1682 3174 eattae.
1714 3111 1803 3174 Rom.
1835 3111 1898 3172 odi·

1149 3205 1229 3268 tiore.
1254 3203 1485 3286 incombere„
1505 3222 1559 3284 per
1574 3221 1667 3284 quam
1682 3222 1790 3268 omnes
1805 3205 1899 3268 lacul-

1149 3309 1228 3362 tates
1249 3307 1280 3362 et
1302 3299 1430 3374 indulta,
1456 3307 1518 3361 tam
1540 3298 1672 3374 Graecis,
1696 3307 1730 3361 ut
1746 3299 1852 3360 missas
1868 3308 1899 3360 et

1148 3395 1254 3457 divina
1275 3393 1372 3455 oliicia
1396 3392 1491 3453 latino
1513 3393 1577 3454 ritu
1591 3391 1746 3454 celebrare
1762 3402 1897 3470 possent,

1148 3503 1241 3566 quam
1273 3487 1367 3549 etiam
1398 3483 1515 3548 Latinis
1547 3501 1701 3561 concessa,
1728 3493 1763 3549 ut
1790 3487 1897 3549 eadem

1148 3597 1257 3659 graeco
1278 3581 1341 3643 rittt
1362 3594 1510 3659 peragere
1531 3579 1683 3654 valerent,
1701 3588 1840 3642 revocata
1854 3589 1898 3642 at·

1147 3691 1208 3753 que
1229 3681 1379 3752 perpetuo
1409 3673 1528 3734 sublata
1560 3671 1707 3748 luerunt;
1741 3689 1897 3752 quamquo

1148 3785 1203 3830 uos
1225 3767 1317 3829 etiam
1339 3765 1522 3828 earumdem
1543 3765 1755 3843 praesentium
1773 3773 1894 3842 tenore,

1148 3868 1300 3939 quatenus
1315 3876 1391 3939 opus
1402 3860 1452 3933 sit,
1466 3859 1608 3937 dictaque
1619 3859 1812 3938 auctoritate,
1825 3877 1898 3923 con-

1148 3956 1309 4017 firmamus
1330 3961 1361 4015 et
1382 3954 1580 4015 innovamus.

1187 4047 1275 4122 §lu
1301 4046 1452 4109 Volumus
1477 4047 1616 4124 insuper,
1640 4055 1674 4109 ut
1696 4047 1790 4110 iidem
1812 4063 1897 4128 prae·
1935 4081 1986 4124 N„
2001 4077 2133 4124 uniusmo-

1147 4144 1228 4206 senti
1249 4141 1372 4206 indultu
1393 4139 1568 4202 celebrandi
1593 4156 1687 4219 super
1707 4143 1897 4206 Graecorum
1917 4131 1943 4176 ‘¹¹
1966 4132 2070 4179 ¹⁰⁶¹¹¹l⁰
2092 4130 2132 4177 ¹⁰·

1147 4235 1363 4307 untimeustts,
1382 4234 1414 4295 in
1435 4235 1663 4312 praedicturum
1678 4234 1898 4298 Rutbenorum
1917 4183 2132 4284 legngcffiassiisvfflt

1147 4329 1283 4393 ecclesiis
1315 4331 1476 4392 dumtaxat
1503 4328 1781 4408 (quemadmodum
1803 4331 1899 4393 etiam
1917 4297 2038 4392 ffimm
2069 4290 2133 4338 'au'

1149 4425 1181 4486 in
1203 4423 1372 4502 praemisso
1393 4423 1517 4484 decreto
1547 4422 1676 4502 legitur)
1705 4424 1751 4485 uti
1773 4432 1803 4486 et
1825 4439 1899 4500 gau-

1148 4517 1221 4579 dere
1243 4516 1379 4596 possint3
1402 4517 1428 4576 si
1450 4531 1523 4576 vero
1547 4517 1673 4578 eosdem
1696 4515 1727 4578 in
1744 4515 1844 4594 aliqua
1859 4517 1900 4578 la·

1150 4611 1212 4672 tina
1234 4610 1373 4684 ecclesia,
1397 4625 1452 4670 seu
1474 4609 1507 4671 in
1529 4609 1705 4672 domesticis
1728 4609 1898 4673 latinorum

1148 4704 1302 4779 oratoriis,
1325 4719 1403 4783 quae
1433 4703 1551 4778 lorsan¹
1568 4704 1752 4766 auctoritate
1782 4714 1899 4783 aposto·

1149 4797 1204 4860 lica
1226 4797 1258 4859 in
1281 4796 1459 4859 huiusmodi
1474 4795 1644 4858 latinorum
1659 4797 1787 4874 privatis
1801 4796 1899 4858 domi-

1148 4891 1310 4965 bustum
1333 4889 1456 4951 licentia
1478 4888 1626 4951 celebrari
1654 4888 1797 4964 laciendi,
1822 4905 1900 4966 quae

1149 4985 1248 5046 adbuc
1270 4983 1384 5060 rigeat,
1408 4988 1508 5044 erecta
1524 4979 1655 5058 luerint,
1671 4991 1900 5044 sacrosanctum
1952 5017 1953 5020 =

1149 5076 1336 5138 sacrificium
1356 5075 1468 5138 olierre
1489 5075 1668 5151 contigerit,
1691 5075 1769 5136 illud
1785 5075 1835 5136 rel
1849 5093 1901 5138 su·

1150 5186 1204 5250 per
1226 5169 1314 5231 altari
1335 5177 1525 5245 consecrato,
1542 5169 1593 5230 rel
1610 5185 1703 5248 super
1718 5167 1836 5245 lapidea
1851 5185 1900 5247 pa·

1151 5263 1227 5324 riter
1249 5269 1424 5324 consecrata
1447 5262 1561 5338 tabula,
1584 5275 1662 5339 quae
1683 5261 1779 5323 etiam
1794 5259 1901 5324 ultore

1151 5354 1305 5432 portatile
1326 5355 1512 5433 appellatur,
1532 5371 1595 5417 non
1610 5360 1716 5416 autem
1731 5369 1824 5432 super
1844 5369 1901 5415 oe-

1153 5449 1312 5512 tt'uteosiia·
1325 5449 1515 5525 huiusmodi,
1531 5448 1688 5511 celebrare
1705 5447 1835 5511 omuino
1850 5449 1901 5511 de·

1151 5543 1254 5604 beant.

1190 5637 1209 5710 ἓ
1233 5636 1280 5696 ll.
1307 5635 1458 5699 Volumus
1478 5637 1623 5718 denique,
1639 5645 1674 5700 ut
1690 5637 1900 5716 praesentium
1956 5661 2133 5728 rransumpus

1151 5730 1315 5794 literarum
1333 5732 1486 5810 exempla,
1503 5733 1595 5794 etiam
1611 5733 1770 5810 impressa,
1788 5731 1901 5808 publici
1920 5714 2134 5814 {gentamen-

1153 5823 1266 5886 notarii
1287 5824 1527 5902 subscriptione,
1543 5832 1574 5886 et
1589 5839 1737 5902 personae
1753 5825 1786 5885 in
1802 5824 1901 5900 digni-

1153 5924 1215 5982 tate
1233 5916 1434 5981 ecclesiastica
1450 5918 1635 5980 constitutae
1648 5916 1752 5994 sigillo
1767 5917 1900 6004 munita,
