4828 6990
350 559 404 619 An.
419 563 449 620 (l.
471 557 539 618 iifl
590 553 649 626 3218

570 697 682 760 ditorio
705 696 811 772 Rotae,
835 703 887 758 aut
911 694 943 758 iii
970 711 1165 774 quacumque
1185 707 1315 772 congre·

570 792 695 866 gatione
725 790 923 870 peculiariter
949 789 1049 852 forsan
1080 792 1234 867 deputata,
1257 787 1315 849 sub

568 884 662 946 simili
684 883 836 945 nullitatis
857 898 967 960 poena,
990 875 1134 946 defensor
1156 879 1316 959 professio-

570 977 629 1052 nis,
652 976 689 1038 ab
710 991 758 1050 eo,
776 977 829 1055 qui
845 975 1008 1039 tribunalis
1030 982 1121 1055 caput
1141 983 1199 1049 est,
1222 976 1318 1052 depu-

568 1078 662 1144 tatus,
686 1070 831 1147 expensis
857 1085 986 1145 eornm,
1010 1069 1047 1132 de
1075 1069 1189 1147 quibus
1210 1081 1314 1144 supra,

567 1179 691 1241 semper
713 1171 744 1225 ct
766 1163 797 1224 iii
831 1163 975 1225 omnibns
1003 1162 1120 1224 actibus
1149 1161 1180 1222 in
1204 1160 1316 1222 iudicio

567 1264 648 1316 stare
669 1255 794 1332 debe-at3
825 1272 928 1335 neque
955 1255 1056 1317 solum
1079 1255 1112 1316 in
1137 1253 1237 1333 prima
1259 1252 1316 1314 lin-

567 1348 700 1410 iusmodi
729 1349 815 1412 dubii
843 1348 1070 1428 propositione,
1092 1349 1145 1410 sed
1168 1347 1261 1409 etiam
1284 1345 1316 1406 iii

568 1440 787 1520 ulterioribus;
811 1451 965 1521 quatenus
980 1441 1153 1504 reclamans
1168 1442 1201 1502 iii
1218 1439 1316 1519 prima

568 1535 713 1610 reiectus,
729 1535 764 1596 ad
787 1551 901 1600 novam
916 1536 1106 1598 audientiam
1121 1534 1314 1597 admittatur.

375 1627 483 1670 aramei
503 1624 550 1671 ¹¹¹¹·
570 1629 720 1706 Denique,
744 1636 779 1691 ut
794 1644 850 1707 pro
865 1628 996 1691 fruendo
1020 1628 1169 1690 beneflcio
1191 1626 1318 1688 restitu-

337 1677 550 1734 lusmodidnplex
585 1720 590 1731 ,
639 1721 644 1732 ,
685 1721 690 1732 ,
740 1722 745 1732 ,
972 1723 978 1733 ,
1166 1720 1196 1731 ,,

334 1732 485 1789 requiritur,
506 1743 551 1778 an·
569 1727 661 1782 tionis
683 1737 716 1782 in
738 1731 910 1798 integrum,
924 1739 1015 1785 unica
1036 1719 1213 1782 favorabilis
1235 1733 1317 1782 reso·

335 1785 551 1896 ss‘i'r‘lfflflffllfff
570 1813 647 1876 lutio
669 1819 865 1893 nequaquem
885 1813 1029 1888 snllioiat,
1059 1813 1118 1875 nisi
1140 1829 1173 1874 ea
1195 1827 1250 1890 per
1270 1827 1316 1872 se-

335 1893 472 1993 {aeraria
485 1893 550 1939 vair·
567 1908 704 1970 cunilam
724 1906 929 1982 conformem,
942 1907 1052 1969 iterato
1073 1923 1181 1970 causae
1202 1905 1316 1966 exami-

568 2017 619 2076 ne,
642 2001 807 2080 auditoque
829 2017 952 2080 semper
973 2000 1134 2064 defensore
1156 1999 1316 2079 professio·

568 2097 628 2170 nis,
651 2095 832 2158 confirmata
857 2095 967 2171 fuerit3
997 2093 1259 2172 quemadmodum
1282 2093 1314 2154 in

566 2189 660 2249 altera
676 2187 899 2250 constitutione
912 2195 1029 2261 nostra,
1043 2187 1213 2266 praesentis
1225 2185 1315 2247 initio

567 2280 707 2358 allegata,
731 2282 767 2343 de
795 2281 894 2343 causis
919 2295 1013 2358 super
1035 2279 1180 2342 nullitate
1209 2279 1317 2342 matri·

566 2374 664 2435 monii
680 2374 914 2450 constituimus;
932 2389 988 2435 uos
1002 2375 1087 2436 enim
1102 2372 1315 2452 praesentium

567 2476 676 2528 tenore
697 2467 906 2541 decernimus,
919 2483 953 2528 ac
966 2468 1024 2529 sub
1039 2467 1147 2546 poenis
1167 2467 1315 2530 adversus

566 2566 715 2638 apostatas
736 2561 861 2621 sancitis
882 2561 1024 2622 districte
1044 2560 1257 2638 probibemus,
1274 2576 1315 2622 ne

566 2654 636 2732 quis
662 2653 720 2715 snb
750 2653 857 2732 clypeo
890 2654 999 2716 unicae
1031 2653 1231 2716 resolutionis
1259 2670 1314 2732 pro

567 2747 765 2809 concessione
786 2747 997 2809 restitutionis
1020 2748 1052 2809 in
1080 2739 1239 2824 integrum
1262 2747 1315 2809 ob·

370 2861 497 2926 oramair
513 2871 549 2906 rc
568 2848 681 2914 tentae,
700 2855 717 2902 e
738 2839 892 2915 religiosis
912 2841 1053 2903 claustris
1068 2841 1216 2917 migrare,
1233 2842 1314 2902 mul-

334 2913 547 3022 ῗξξῑᾞξξῖῃῗῃζξρ
568 2941 660 3012 toque
682 2935 787 2996 minus
808 2933 946 2996 habitum
962 2935 1138 3011 regularem
1158 2935 1314 3013 deponere

334 3021 433 3068 aeneai.
566 3031 686 3102 audeat,
709 3043 763 3090 seu
787 3036 980 3105 praesumat:
1005 3044 1104 3105 quum
1126 3030 1161 3092 ad
1178 3027 1313 3107 praedic·

567 3130 610 3183 tas
631 3138 745 3200 poenas
766 3121 973 3198 declinandas,
995 3130 1027 3183 et
1048 3121 1143 3184 altera
1165 3121 1314 3185 resolutio

564 3232 658 3294 super
680 3216 878 3279 restitutione
898 3216 931 3277 in
954 3216 1114 3293 integrum
1130 3214 1226 3294 priori
1241 3232 1313 3277 con·

563 3318 722 3384 sentanea,
735 3316 766 3372 et
786 3309 941 3371 sententia
962 3325 1055 3387 super
1077 3309 1222 3371 nullitate
1243 3325 1313 3387 pro-

564 3403 704 3466 fessionis
724 3420 740 3464 a
760 3403 921 3481 superiore
948 3403 1084 3480 regulari
1105 3410 1136 3465 et
1164 3404 1202 3465 ab
1227 3402 1313 3466 Ordi-

564 3499 653 3559 nario
674 3497 811 3572 ferenda,
835 3497 990 3576 expectari
1012 3497 1141 3558 omuino
1163 3495 1310 3558 debcant:

565 3607 622 3652 nec
643 3591 702 3653 nisi
726 3589 913 3652 huiusmodi
929 3590 1119 3652 senteutiam
1139 3606 1155 3650 a
1178 3589 1314 3667 praedic·

566 3685 603 3746 tis
624 3683 789 3758 indicibus,
812 3682 942 3761 praeviis
972 3683 1091 3746 duabus
1115 3683 1314 3746 resolutioni-

564 3780 621 3841 bus
643 3793 698 3856 pro
723 3778 921 3840 concessione
948 3777 1154 3840 restitutionis
1176 3777 1207 3840 iri
1234 3777 1314 3840 inte·

565 3887 670 3948 grum,
693 3871 835 3947 legitime
849 3870 954 3946 latam,
971 3870 1122 3934 iudicium
1137 3871 1313 3934 absolutum

565 3966 683 4027 censeri
707 3973 811 4069 queat.
854 4057 890 4069 ..

344 4099 546 4146 praemissorum
605 4059 687 4135 Quae
710 4075 812 4120 omnia
836 4075 861 4119 si
883 4065 923 4119 ita
952 4057 1218 4135 observabuntur,
1241 4067 1313 4122 uta

332 4151 547 4250 ?,?,}⁶¹{{3,¹,¹‘,¹,{²„¹„¹¹11
566 4152 655 4214 nobis
676 4151 844 4214 constituta
865 4157 950 4226 sunt,
974 4159 1071 4230 utque
1097 4151 1255 4226 omnibus,
1277 4153 1312 4214 ad

332 4216 547 4317 nurffiaqrosuer-
565 4263 642 4329 quos
664 4247 801 4326 pertinet
828 4261 862 4306 ac
883 4245 1051 4324 pertinebit
1078 4245 1111 4306 in
1134 4255 1313 4324 posterum,

331 4313 405 4359 Μ’
564 4343 671 4408 sedulo
683 4341 869 4404 observanda
882 4348 912 4400 et
924 4337 1108 4416 implendae
1122 4339 1213 4400 nobis
1229 4354 1316 4416 prae·

564 4437 757 4506 scribuntur,
771 4442 803 4493 et
825 4431 917 4492 enixe
939 4431 1154 4506 inculcaritur;
1178 4431 1314 4508 profecto

565 4544 628 4594 non
650 4527 838 4600 dubitamus,
854 4525 930 4604 quin
952 4522 1052 4586 multo
1067 4525 1199 4586 rariores
1214 4523 1245 4586 in
1262 4541 1329 4604 po-1

455 4641 458 4648 ’
563 4632 684 4685 sterum
706 4619 829 4681 futurae
856 4618 919 4678 sint
941 4617 1106 4679 instantiae
1133 4625 1165 4680 et
1187 4623 1314 4680 couten-

565 4716 665 4778 tiones
685 4728 807 4786 eorum,
825 4711 878 4790 qni
892 4710 942 4772 vel
958 4710 1039 4771 intra
1055 4711 1313 4791 quinquennium

564 4827 579 4870 a
602 4807 651 4869 die
681 4803 879 4884 professionis
911 4805 1056 4880 emissae,
1079 4803 1129 4866 vel
1156 4805 1249 4867 etiam
1276 4821 1313 4867 eo

564 4903 682 4981 elapso,
700 4906 878 4976 susceptum
900 4897 1060 4980 religiosae
1083 4899 1164 4960 vitae
1185 4899 1313 4961 institu-

384 5004 633 5076 resupinatum
655 4992 835 5070 relinquere
855 4990 1045 5053 adnitantur.
1070 4991 1113 5054 ‚td
1136 4991 1193 5054 boc
1207 5000 1311 5055 autem

331 5073 405 5119 ”¹³⁰³
424 5071 546 5128 “⁸⁰¹³''
563 5086 678 5150 certius
699 5083 906 5147 obtinendum
921 5099 1109 5164 magnopere
1130 5085 1311 5159 contulerit,

330 5125 545 5224 gingffiiacqiri'a
563 5181 589 5244 si
610 5197 625 5242 a
648 5179 859 5258 superioribus
872 5192 998 5254 quoque
1012 5177 1204 5254 regularium
1225 5178 1312 5242 Ordi-

330 5232 545 5278 stitutlonumet
667 5275 672 5284 ,
785 5271 817 5282 ..
1020 5271 1025 5282 .
1062 5271 1067 5281 .
1118 5273 1123 5282 .

330 5284 487 5342 rasurarum.
565 5291 643 5338 num
666 5290 697 5335 ni
720 5279 914 5334 novitiorum
946 5269 1184 5334 admissiouibus
1205 5289 1240 5333 ea
1261 5272 1313 5333 ob-

562 5368 791 5440 servabuntur,
815 5380 892 5442 quae
914 5371 945 5426 et
966 5364 999 5424 iu
1021 5379 1132 5427 eorum
1155 5366 1312 5428 Constitu·

563 5463 698 5527 tionibus
720 5468 751 5523 et
773 5460 805 5520 in
828 5457 958 5519 decretis
974 5457 1070 5519 felicis
1092 5459 1312 5521 recordationis

563 5555 734 5618 Clementis
754 5554 850 5632 Papae
866 5551 944 5614 vlit·
958 5550 1198 5630 praedecessoris
1213 5551 1311 5613 nostri

561 5653 676 5709 statuta
696 5653 783 5721 sunt,
805 5661 947 5724 quaeque
970 5644 1072 5705 omnia
1095 5644 1133 5704 ab
1153 5643 1227 5722 ipsis
1248 5644 1310 5722 ple·

561 5741 691 5803 nissime
712 5739 869 5800 observari
894 5746 924 5801 et
946 5737 1086 5815 impleri,
1110 5751 1166 5798 nos
1197 5738 1312 5815 pariter

561 5832 634 5910 ipsis
655 5831 862 5910 praecipimus
887 5848 922 5894 ac
941 5831 1101 5906 iubemus3
1125 5837 1195 5892 tum
1217 5830 1311 5892 etiam

559 5927 585 5992 si
608 5925 664 6010 ipsi
686 5925 791 5988 minus
812 5924 900 5987 facile
914 5939 1102 5988 consensum
1117 5939 1210 5986 suurn
1226 5939 1311 6002 prae·

1090 565 1153 624 luit.
1178 563 1269 624 boni.
1294 560 1334 620 nb
1355 569 1384 618 n.
1408 559 1438 619 ι’.
1462 569 1544 621 nans
1566 561 1587 620 l.

1371 690 1505 768 bebnnt,
1534 702 1569 755 ut
1596 693 1802 758 admittantur
1829 696 1863 758 ad
1897 693 2120 775 professionem

1371 791 1509 862 tyrones,
1533 787 1600 850 sive
1620 789 1674 866 qui
1696 796 1828 850 aetatem
1852 789 1980 867 quidem
2001 805 2017 849 a
2039 791 2119 852 Con-

1371 877 1442 940 cilio
1464 881 1682 966 praescriptam
1705 882 1942 959 compleverint,
1959 889 2066 945 atrion
2082 882 2119 942 ad

1372 986 1441 1032 eain
1464 973 1665 1050 pertigerint,
1695 991 1774 1053 qnae
1801 993 1816 1035 a
1844 976 2120 1039 constitutionibus

1372 1062 1495 1126 Ordinis
1516 1073 1640 1142 statuta,
1665 1068 1731 1130 sive
1754 1069 1810 1144 illi,
1833 1070 1886 1148 qui
1909 1069 1981 1132 licet
2001 1084 2120 1132 anuuiu

1372 1157 1543 1219 novitiatus
1558 1159 1754 1238 expleverint
1768 1162 1803 1224 ad
1816 1177 1958 1224 normam
1976 1162 2119 1232 concilii,

1371 1249 1470 1312 adbuc
1493 1259 1596 1314 tamen
1619 1253 1753 1318 ulterius
1776 1257 1808 1317 iii
1829 1272 1866 1318 co
1881 1270 2008 1316 manere
2029 1255 2121 1316 debe-

1371 1351 1453 1418 rent,
1479 1344 1563 1407 iuxta
1583 1347 1809 1426 praescriptum
1837 1363 1965 1411 suarum
1987 1347 2121 1426 peculia·

1372 1436 1453 1497 rium
1476 1438 1755 1518 constitutionum
1783 1441 1946 1520 multoque
1967 1440 2064 1517 magis
2084 1440 2119 1516 ii,

1371 1529 1425 1607 qui
1440 1546 1497 1592 nec
1515 1547 1570 1609 per
1585 1532 1745 1609 integrum
1759 1549 1891 1610 annum,
1901 1535 1953 1596 sed
1970 1549 2025 1613 per
2038 1541 2119 1608 octo,

1371 1631 1424 1684 aut
1444 1638 1498 1684 sex
1521 1639 1645 1686 menses
1667 1627 1828 1689 dumtaxat
1857 1627 2045 1706 tyrocinium
2067 1641 2120 1705 po-

1371 1725 1522 1808 sirernnt3
1545 1735 1578 1780 ac
1592 1722 1722 1783 demum
1736 1720 1760 1782 si
1777 1721 1834 1800 ipsi
1846 1723 2022 1799 superiores
2038 1721 2120 1782 liand

1370 1826 1404 1872 se
1426 1812 1644 1890 interponent,
1678 1830 1782 1894 neque
1802 1816 1969 1891 curabunt,
1993 1823 2028 1878 nt
2049 1829 2122 1892 pro-

1371 1903 1442 1966 fessi
1462 1914 1535 1969 aiite
1563 1907 1734 1985 legitimam
1766 1916 1897 1974 aetatem
1927 1910 1962 1970 ad
1989 1908 2121 1974 Ordines

1370 2015 1470 2060 sacros
1498 2010 1752 2079 promoveantur.
1787 2003 2007 2082 Quaecumque
2032 2002 2121 2064 enirn

1370 2093 1436 2154 sive
1472 2093 1505 2155 iii
1536 2096 1629 2158 sacris
1664 2098 1833 2160 canonibus
1866 2105 1920 2160 aut
1951 2097 2120 2176 pontificiis

1370 2186 1662 2264 constitutionibus,
1684 2191 1751 2251 sive
1773 2191 1805 2251 iii
1835 2189 2043 2269 peculiaribus
2064 2190 2121 2254 Or·

1370 2277 1479 2342 diuum
1491 2281 1626 2357 statutis,
1635 2283 1715 2346 circa
1730 2283 1895 2361 praeniissa
1905 2285 2034 2363 provide
2045 2301 2120 2347 con·

1369 2371 1477 2434 stituta
1498 2383 1583 2448 sunt,
1607 2391 1671 2436 riori
1697 2391 1806 2454 parum
1828 2376 1942 2439 babent
1963 2377 2140 2440 momenti

1369 2462 1404 2523 ad
1427 2465 1600 2541 religiosam
1613 2470 1806 2532 vocationem
1821 2471 1855 2532 in
1871 2471 2037 2532 bominum
2052 2486 2119 2532 cor·

1369 2557 1459 2619 dibus
1472 2557 1699 2637 stabiliendam,
1708 2569 1741 2624 et
1752 2563 1787 2624 ad
1800 2561 2002 2626 coliibcndam
2014 2577 2120 2625 versa-

1370 2649 1457 2711 tilem
1472 2651 1650 2715 animorum
1666 2655 1883 2730 mobilitatem,
1896 2672 1986 2735 quae,
2000 2663 2035 2718 ut
2049 2656 2119 2734 pln-

1369 2743 1486 2806 rimum
1511 2753 1564 2807 aut
1585 2746 1659 2822 sola,
1681 2756 1735 2810 aut
1761 2748 1920 2826 potissima
1947 2757 2117 2824 causaest,

1369 2855 1428 2916 qua
1450 2839 1579 2916 professi
1600 2839 1812 2915 adducuntur,
1837 2849 1871 2904 ut
1893 2849 1977 2917 vota,
2005 2842 2120 2922 quibus

1368 2933 1507 2995 obstricti
1528 2941 1614 3008 sunt,
1628 2934 1714 2996 irrita
1730 2934 1876 2998 declarari
1896 2937 2044 3016 cupiant..
2057 2935 2119 3000 Ne·

1368 3042 1429 3105 qne
1450 3040 1524 3089 vero
1553 3028 1726 3106 Apostolica
1749 3029 1843 3092 Sedes
1862 3030 1940 3092 ullas
1966 3045 2119 3109 uinquam

1368 3121 1610 3199 dispensationes
1625 3122 1657 3183 iii
1673 3123 1847 3201 praemissis
1861 3123 2030 3187 concedere
2045 3139 2119 3187 con·

1367 3215 1480 3289 suevit,
1494 3215 1553 3276 uisi
1565 3216 1690 3295 praevio
1705 3232 1844 3292 assensu,
1859 3217 2020 3280 autetiam
2035 3233 2117 3282 acce·

1368 3306 1514 3369 dentibus
1535 3308 1676 3386 precibus
1689 3309 1888 3386 superiorum
1903 3309 2116 3386 regularium

1367 3402 1481 3480 quibus
1502 3416 1615 3478 nempe
1635 3417 1770 3479 aequum
1792 3411 1823 3465 et
1845 3404 2055 3466 necessarium
2069 3413 2118 3466 est

1370 3496 1462 3557 fidem
1489 3494 1625 3558 adbiberi
1655 3495 1687 3556 iii
1719 3495 1912 3575 expositione
1937 3513 2115 3571 cansarum,

1368 3605 1443 3667 quas
1464 3603 1578 3664 urgere
1600 3596 1744 3651 asserunt
1765 3605 1819 3667 pro
1831 3592 2034 3655 concedendis
2055 3592 2117 3654 dis·

1369 3685 1611 3764 pensationibus,
1633 3700 1713 3763 qnae
1733 3690 1895 3762 petuntur.
1919 3685 1995 3749 lllud
2011 3694 2117 3751 autem

1369 3779 1457 3841 nullo
1479 3779 1570 3841 modo
1592 3777 1665 3839 ferri
1681 3785 1740 3840 ‚aut
1762 3777 1884 3857 probari
1905 3789 2016 3858 potest,
2033 3783 2117 3860 quod

1368 3881 1472 3934 tamen
1502 3871 1581 3951 apud
1603 3871 1768 3951 plerosque
1795 3872 1964 3936 invaluisse
1985 3883 2114 3948 constat,
2378 3945 2379 3948 Ἴ

1368 3975 1403 4029 ιιι
1424 3965 1541 4028 scilicet
1570 3965 1807 4028 reclamantibus
1835 3967 1981 4028 adversus
2001 3968 2117 4044 profes·
2378 3955 2379 4030 ἶ

1368 4060 1488 4122 sioneni
1500 4059 1566 4120 sive
1589 4059 1669 4120 iutra
1683 4058 1952 4137 quinquennium,
1966 4060 2117 4138 sirepost

1368 4153 1435 4214 eius
1455 4153 1632 4226 decursum,
1644 4153 1819 4230 superiores
1841 4153 1899 4231 ipsi
1912 4152 2116 4218 contradicto·
2378 4155 2379 4210 l

1369 4262 1417 4308 res
1438 4262 1470 4307 se
1492 4261 1525 4306 se
1546 4261 1610 4307 non
1631 4246 1810 4320 exhibeant,
1826 4255 1879 4309 aut
1902 4247 1994 4309 etiam
2010 4255 2116 4326 aperte

1368 4338 1589 4416 suffragentur,
1612 4355 1652 4400 ex
1674 4339 1747 4402 falsa
1775 4340 1928 4402 nimirum
1955 4341 2114 4419 opinione,
2378 4347 2379 4408 l

1368 4432 1448 4511 quod
1473 4433 1688 4509 religiosorum
1712 4433 1854 4496 virorum
1868 4434 2014 4496 societate
2035 4435 2116 4498 indi·
2150 4464 2232 4520 thue
2248 4463 2310 4509 ,qr-

1369 4540 1449 4602 gnus
1472 4527 1645 4588 censendus
1664 4526 1716 4601 sit,
1739 4525 1928 4604 quicumque
1949 4526 1987 4589 ab
2006 4544 2040 4590 ea
2054 4527 2114 4590 dis·
2135 4475 2332 4616 glgquldg’ffiffi'g

1368 4617 1477 4679 cedere
1502 4625 1643 4697 exoptat3
1666 4616 1810 4697 quodque
1830 4635 1869 4680 ex
1883 4618 1988 4682 inutili
2011 4635 2115 4684 mona·
2134 4635 2195 4670 rem
2212 4635 2260 4670 ¹³⁰ss
2274 4625 2331 4670 ⁰⁰⁵0·

1368 4711 1437 4787 cho,
1460 4711 1544 4773 utilis
1567 4711 1693 4773 fortasse
1714 4711 1847 4774 clericus
1867 4711 2031 4774 saecularis
2051 4715 2115 4776 exi·
2134 4681 2201 4725 Μ’
2378 4741 2379 4830 q

1367 4812 1450 4868 stere
1472 4805 1577 4883 possit.
1606 4801 1777 4882 Nunquam
1807 4803 1892 4866 enim
1919 4804 2040 4868 licitum
2067 4815 2115 4870 est
2378 4831 2379 4858 i

1368 4899 1516 4961 iustitiam
1533 4900 1685 4971 deserere,
1701 4905 1755 4960 ant
1769 4898 1913 4975 prodere,
1929 4914 2008 4976 qnae
2029 4899 2115 4964 iubet

1367 4992 1453 5055 omni
1476 4992 1595 5054 ratione
1615 4991 1765 5052 sustineri
1786 4999 1891 5054 actum
1911 4993 1986 5054 adeo
2003 4993 2115 5054 soleni-

1368 5101 1453 5160 nem,
1475 5092 1507 5148 ot
1528 5093 1639 5148 natura
1660 5100 1713 5146 sua
1736 5083 1981 5160 irrevocabilem,
2000 5085 2032 5148 iu
2053 5101 2114 5164 quo

1368 5179 1568 5257 perficienda,
1585 5193 1646 5239 una
1660 5192 1732 5238 curn
1748 5175 1896 5256 professo,
1912 5177 1976 5255 ipsa
1991 5193 2114 5257 quoqne

1368 5271 1477 5348 religio
1499 5270 1683 5333 intervenit.
2378 5279 2379 5356 l

1407 5363 1451 5426 nd
1482 5364 1672 5441 praedictum
1704 5364 1801 5426 finem
1832 5373 1989 5442 praeterea
2021 5380 2114 5445 quarn
2161 5387 2329 5445 rpiarpipro-
2378 5357 2379 5436 l

1368 5458 1503 5534 inarime
1528 5458 1677 5536 proderit,
1699 5457 1724 5518 si
1747 5467 1777 5520 et
1805 5457 1999 5522 ecclesiastici
2026 5461 2116 5520 Prae·
2132 5443 2329 5541 ffiffigffllss

1367 5551 1450 5612 sules
1471 5560 1502 5612 et
1531 5551 1646 5614 iudices
1675 5552 1791 5614 debitas
1821 5551 1912 5614 oflicii
1941 5552 1989 5614 sni
2012 5560 2115 5632 partes
2133 5553 2271 5596 eimeirrr.

1366 5643 1493 5723 explere
1519 5659 1582 5706 non
1614 5645 1873 5723 praetermittant.
1908 5639 2114 5726 Ecclesiarnm

1367 5725 1493 5815 quidem
1513 5737 1683 5812 Praesules,
1705 5738 1730 5798 si
1751 5739 1940 5800 anathemati
1960 5739 2115 5802 subiectos

1367 5828 1565 5892 declarabunt
1586 5845 1695 5892 omnes
1716 5838 1747 5892 et
1768 5831 1920 5908 singulos,
1938 5831 2114 5895 cuiuscum-

1367 5939 1427 6002 que
1441 5923 1609 6002 qualitatis,
1624 5922 1812 6004 conditionis
1830 5931 1860 5986 et
1876 5924 2033 6004 dignitatis
2049 5925 2115 5988 fue-
