4820 6980
339 502 394 560 An.
409 507 439 559 ⁰·
461 507 530 562 11117
580 509 638 574 iat
1086 537 1150 586 rua.
1175 542 1266 589 nour.
1290 541 1331 587 ou
1353 543 1382 586 n.
1406 541 1434 587 r.
1460 541 1542 588 rans
1565 542 1586 586 r.
2139 521 2239 579 Aac.
2261 525 2327 584 1⁷⁶⁷

560 643 737 711 domesticis
768 652 829 714 tuis
859 654 1034 733 dumtaxat,
1063 657 1103 720 ita
1130 668 1165 722 ut
1192 659 1305 723 exinde
1360 675 1523 724 cocorum
1545 661 1877 740 ooctrorcmtoipata
1898 659 2110 742 septuopioto

560 737 666 801 nullus
687 745 865 808 scandalum
885 756 938 810 aut
953 751 1176 817 ollendiculum
1198 771 1306 832 capere
1360 753 1461 825 aopi,-
1481 753 1514 816 id
1536 761 1594 825 est,
1612 761 1735 834 tempus
1751 756 1839 818 vitoe
1856 759 1986 818 nostroe
2002 755 2037 816 iu
2051 755 2112 816 sei-

559 833 666 912 possit,
681 834 754 896 alias
770 845 873 902 tamen
888 842 948 906 rite
962 844 1118 908 celebrare
1139 847 1239 909 valeas
1254 864 1306 911 au·
1359 863 1414 926 pao
1436 846 1622 911 conclusum
1643 855 1674 910 et
1708 848 1886 927 definitum,
1916 863 1982 912 ooo
2004 855 2112 911 trous·

558 927 702 990 ctoritate
722 934 885 1010 apostolica
908 941 1016 1000 tenore
1037 942 1247 1018 praesentium
1271 941 1307 1002 li·
1360 942 1466 1005 cendit
1488 940 1581 1004 uitro
1597 943 1807 1024 septuopiato
1829 957 1947 1005 aanor:
1968 941 2001 1005 iu
2019 941 2111 1006 robu-

559 1021 693 1083 centiam
726 1028 925 1092 concedimus
953 1041 984 1094 et
1010 1031 1201 1096 facultatem.
1235 1032 1304 1098 Non
1359 1033 1506 1097 stioribus
1528 1042 1633 1098 autom
1648 1035 1683 1098 ad
1699 1035 1876 1113 octuaginta
1890 1049 1988 1098 annos
2004 1049 2111 1098 exsur-

559 1113 753 1180 obstantibus
774 1123 1307 1191 constitutionibusetordinationi·
1362 1128 1423 1206 git:
1448 1133 1479 1190 et
1500 1129 1536 1192 ia
1566 1127 1806 1194 robustioribus
1833 1145 1931 1208 capue
1958 1129 2001 1192 od
2026 1134 2110 1220 octo-

559 1204 617 1269 bus
638 1212 827 1292 apostolicis,
849 1219 1024 1299 ceterisque
1054 1223 1218 1286 contrariis
1239 1225 1307 1303 qui·
1361 1225 1466 1304 piato.
1489 1224 1573 1301 Quod
1596 1241 1672 1288 xero
1687 1227 1845 1302 octoginta
1863 1240 1962 1288 annos
1976 1224 2108 1301 excedit,

559 1300 761 1384 buscumque.
787 1307 896 1374 Datum
920 1312 1033 1378 Rornae
1054 1316 1134 1395 apud
1156 1317 1306 1382 Sanctum
1362 1317 1598 1382 infirmitatibus
1627 1319 1759 1398 plenum
1794 1326 1839 1382 est
1870 1325 1901 1381 et
1932 1317 2108 1393 doloribus,

559 1391 697 1460 llarcum
718 1399 776 1462 sub
790 1403 908 1466 annulo
930 1406 1092 1472 Piscatoris
1112 1409 1162 1474 die
1190 1427 1304 1476 xxrrrr.
1362 1418 1453 1490 prout
1484 1411 1574 1473 nobis
1599 1411 1771 1488 contingit:
1799 1415 1832 1474 et
1856 1411 1885 1472 ai
1911 1409 1990 1490 perid
2017 1408 2109 1472 uitro

557 1490 744 1566 septembris
765 1510 896 1559 unnxvr.
920 1501 1118 1578 pontificatus
1134 1507 1231 1568 nostri
1253 1523 1307 1568 an·
1361 1503 1444 1576 erit,
1467 1504 1532 1565 erit
1554 1501 1644 1568 labor
1664 1509 1697 1568 et
1724 1504 1826 1576 dolor,
1848 1508 1939 1568 cetae
1960 1502 2110 1566 uidelicet

559 1596 601 1644 no
622 1583 734 1661 primo.
1361 1595 1492 1678 infirmo
1518 1602 1550 1658 et
1570 1599 1674 1660 uariis
1695 1597 1791 1661 mulia
1812 1601 1844 1660 et
1871 1598 2037 1660 aerumnis
2059 1595 2110 1661 ob-

914 1688 1031 1752 Goeacr
1054 1691 1246 1756 Gloriarios.
1362 1689 1473 1753 nocio.
1500 1690 1599 1755 Verba
1620 1699 1695 1754 sunt
1721 1690 1906 1754 venerabilis
1927 1689 2108 1753 bellarmini

1364 1781 1395 1846 in
1418 1785 1565 1846 eumdem
1586 1784 1751 1863 psalmum.

598 1866 661 1928 lam
683 1879 793 1932 cuncta
815 1889 1081 1956 concesseramus,
1102 1897 1182 1961 quae
1202 1884 1237 1945 ad
1260 1897 1309 1946 oe·
1403 1877 1462 1941 Sed
1478 1879 1703 1942 resumendum
1718 1879 1904 1944 narrationis
1920 1880 2025 1943 illum:
2043 1881 2108 1942 uri·

559 1957 764 2026 lebrationem
790 1967 899 2031 Missae
919 1972 1070 2048 sedendo,
1094 1976 1188 2038 etiam
1211 1977 1307 2040 Cano·
1363 1971 1672 2034 111111111111111111111
1698 1975 1854 2049 restituta,
1875 1975 2109 2054 111811ῑῦ1111·

560 2053 608 2116 nis
623 2062 654 2117 et
668 2057 914 2125 consecrationis
939 2073 1089 2144 tempore,
1108 2077 1249 2146 spectare
1263 2070 1308 2131 ri·
1361 2067 1535 2144 parentiam
1566 2081 1692 2130 omnem
1722 2067 1871 2143 exclusit,
1901 2083 2020 2148 nosque
2047 2076 2109 2130 tam

559 2147 723 2226 debentur,
740 2151 863 2233 iamque
879 2155 926 2231 iis,
939 2173 1074 2235 quotum
1088 2162 1221 2242 desuper
1234 2181 1306 2228 con·
1362 2160 1461 2237 quoad
1484 2161 1590 2239 capitis
1612 2161 1821 2236 vivacitatem,
1837 2177 1929 2241 quam
1953 2162 2051 2240 quoad
2067 2162 2111 2223 la·

559 2240 664 2304 silium
680 2247 928 2325 opperiebamur,
945 2262 1033 2316 erant
1056 2255 1218 2333 mittenda,
1234 2275 1307 2321 cnm
1362 2252 1489 2316 borandi
1512 2253 1690 2318 facultatem
1706 2255 1839 2318 restituti
1861 2271 1970 2319 sumus
1988 2256 2021 2318 in
2035 2271 2108 2317 eum

560 2333 709 2397 Altissimi
732 2338 928 2406 Providentia
944 2360 1024 2408 nova
1047 2363 1102 2410 nos
1124 2350 1308 2414 infirmitate
1360 2354 1489 2423 statum,
1502 2365 1563 2427 quo
1575 2353 1646 2411 ante
1661 2350 1807 2413 assaltum
1818 2349 2012 2430 praedictum
2027 2348 2109 2412 irue-

515 2431 524 2450 ·
560 2428 690 2506 probare
710 2440 756 2493 est
776 2433 920 2514 dignata;
943 2437 975 2500 in
997 2455 1065 2502 rem
1088 2443 1203 2521 itaque,
1226 2453 1257 2508 et
1271 2445 1305 2506 ad
1362 2440 1483 2516 bamur,
1506 2457 1605 2504 unum
1626 2444 1651 2506 si
1672 2441 1815 2521 excipias,
1832 2443 2048 2507 necessitatem
2063 2442 2110 2504 ni·

560 2520 759 2588 lormanclum
787 2529 909 2606 plenius
931 2533 1079 2598 indicium
1108 2537 1174 2600 loro
1195 2541 1307 2603 iudica·
1362 2537 1480 2598 mirum
1509 2537 1692 2600 extrahendi
1719 2538 1844 2602 urinam
1866 2553 1923 2615 ope
1950 2537 2108 2616 syringae,

560 2614 712 2692 tintus,si
727 2635 806 2698 qnae
826 2623 915 2686 nobis
936 2627 1307 2710 acciderunt,subiunge-
1361 2631 1385 2692 si
1409 2631 1490 2692 ultra
1512 2631 1587 2694 duas
1608 2631 1698 2694 boras
1712 2647 1784 2694 cum
1806 2631 1932 2695 dimidia
1948 2630 2109 2694 omittere-

451 2743 454 2752 ·
560 2724 678 2772 remus.
1362 2739 1443 2799 mus,
1467 2724 1590 2801 ingenti
1610 2739 1667 2786 nos
1687 2725 1786 2788 dolori
1808 2724 1986 2788 subiiceret.

601 2802 671 2865 Dies
692 2813 757 2868 erat
779 2824 842 2870 xrr.
867 2815 983 2876 mensis
1004 2817 1148 2896 octobris,
1162 2835 1234 2883 cum
1256 2811 1315 2884 re-'
1404 2819 1484 2882 Cum
1514 2817 1619 2897 itaque
1643 2819 1725 2882 intra
1754 2818 1902 2899 temporis
1929 2818 2108 2883 buiusmodi

559 2897 691 2960 hemens
705 2915 761 2962 nos
775 2917 917 2979 aggressa
932 2914 977 2968 est
992 2907 1116 2988 dysuria
1127 2913 1160 2974 in
1176 2915 1307 2976 mixtam
1363 2911 1626 2992 intercapedinem
1651 2914 1814 2990 commode
1832 2915 1906 2977 satia
1927 2912 2032 2976 llissae
2055 2915 2108 2978 Sa·

559 2993 713 3068 sanguine
727 2993 959 3064 distillationem
975 3000 1187 3084 degenerans3
1210 3008 1307 3070 medi·
1361 3005 1514 3070 crilloium
1542 3007 1658 3070 absolvi
1682 3007 1794 3087 possit,
1816 3009 1948 3088 quisque
1975 3010 2107 3087 desuper

559 3103 688 3152 cumea
711 3106 759 3152 res
787 3092 924 3156 multum
948 3110 1011 3157 uon
1040 3099 1140 3161 morit
1166 3099 1305 3179 quidem,
1361 3101 1393 3162 in
1414 3100 1583 3164 consilium
1604 3109 1732 3163 vocatus
1753 3100 1850 3163 libere
1871 3109 2013 3166 mentem
2033 3117 2108 3181 pan·

561 3180 649 3243 nobis
670 3197 745 3244 raro
768 3185 861 3246 timor
882 3187 996 3251 exinde
1020 3192 1165 3270 proriens
1187 3193 1305 3259 lebrem
1360 3198 1411 3260 det
1432 3213 1533 3273 suam,
1549 3199 1696 3260 deceatne
1711 3195 1832 3259 blissam
1847 3204 1944 3260 totam
1958 3211 2020 3259 una
2034 3213 2108 3259 cum

560 3276 700 3337 attraxit:
723 3277 774 3338 cui
796 3277 920 3343 obviam
941 3283 1021 3346 itum
1044 3287 1253 3364 phlebotomia
1274 3299 1306 3355 et
1361 3293 1487 3355 Ganone
1507 3293 1644 3355 sedendo
1666 3291 1833 3366 celebrare,
1848 3305 1888 3352 an
1910 3304 1986 3352 vero
2005 3305 2105 3353 secus.

559 3369 682 3432 corticis
696 3372 859 3448 peruriani
878 3379 1079 3458 sumptioue;
1100 3397 1202 3461 neque
1223 3385 1305 3447 exci-
1360 3385 1403 3460 lo,
1427 3393 1462 3447 ut
1484 3401 1578 3462 grave
1605 3383 1727 3447 nemini
1748 3383 1874 3460 accidat,
1897 3391 2053 3468 rogantes,
2076 3382 2105 3444 id

559 3463 646 3524 derat
668 3464 757 3527 nobis
778 3471 846 3528 tum
868 3471 971 3546 gravis
992 3481 1095 3537 nostra
1116 3486 1260 3542 senectus
1274 3487 1305 3543 et
1359 3478 1416 3540 sibi
1438 3477 1596 3540 molestiae
1618 3478 1815 3542 sumentibus
1836 3475 2033 3556 apostolicam
2055 3475 2107 3537 be·

560 3553 637 3618 illud
649 3554 772 3621 Psalmi
782 3559 841 3622 89.-
853 3561 927 3624 Dies
941 3579 1103 3630 cocorum
1118 3578 1305 3636 nostrorum
1361 3571 1570 3635 nedictionem
1591 3579 1787 3652 peramanter
1809 3570 2017 3648 impertimur.

559 3647 596 3710 io
617 3647 696 3726 ipsis
723 3655 932 3736 acptuopittto
957 3660 1048 3723 cotti.
1081 3661 1116 3724 Si
1136 3671 1246 3727 actem
1268 3667 1305 3728 ia
1399 3667 1512 3728 natum
1523 3666 1651 3741 Romae,
1665 3666 1745 3745 apud
1761 3663 1792 3728 S.
1807 3665 1933 3726 Mariam
1945 3663 2105 3738 llaiorem,

557 3741 791 3818 potentatibus,
808 3749 970 3830 octopiato
991 3755 1089 3816 coni:
1110 3763 1142 3819 et
1163 3759 1304 3838 ampliata
1357 3759 1416 3822 sub
1436 3759 1555 3822 annulo
1570 3759 1742 3834 Piscatoris,
1763 3759 1814 3821 die
1835 3771 1950 3821 xxrrrr.
1974 3755 2108 3819 octobris

559 3849 668 3897 eorum
690 3834 792 3912 labor,
809 3847 838 3903 et
855 3842 954 3906 dolor.
976 3847 1042 3922 Quo
1062 3850 1220 3916 innuitur:
1239 3853 1304 3916 dieo
1358 3869 1537 3930 nocetum,
1559 3855 1756 3932 pontificatus
1777 3853 1876 3916 nostri
1895 3865 1978 3913 anno
1993 3865 2084 3912 xrrrx.
