4744 6976
355 546 409 603 An.
423 547 453 602 0.
474 550 543 603 1746
593 549 652 613 232

572 682 687 762 ubique
708 681 782 748 fides
796 682 987 760 adhibeatur,
1010 699 1087 764 quae
1103 686 1317 764 praesentibus

571 777 779 854 adhiberetur,
802 785 834 841 et
855 778 993 840 adhiberi
1023 786 1135 859 posset,
1162 779 1188 841 si
1213 781 1315 844 333333

571 870 725 934 exhibitae
746 871 797 932 vel
818 880 967 935 ostensae.

610 965 721 1028 Datum
753 965 884 1041 Romae,
914 967 993 1044 apud
1021 966 1052 1030 S.
1073 966 1198 1030 blaciam
1224 967 1315 1031 hlain-

571 1073 650 1134 rem,
673 1059 730 1122 sub
758 1060 874 1123 annulo
903 1061 1073 1136 piscatoris,
1095 1061 1144 1123 die
1166 1079 1222 1124 333.
1247 1063 1315 1127 33133

571 1168 744 1230 macrum,
768 1155 963 1234 pontificatus
985 1155 1084 1217 nostri
1104 1173 1185 1218 anno
1203 1174 1233 1219 v.

826 1313 1064 1326 -n—-u-n-

895 1436 988 1501 LXV.

570 1625 648 1708 Regi
673 1629 872 1691 Francorum
887 1625 1084 1688 commendat
1099 1626 1250 1690 Armanas
1265 1641 1314 1686 or-

610 1720 763 1784 33333333
788 1719 1067 1800 Constantinopoli
1092 1718 1235 1802 degentes
1257 1720 1269 1799 (
1289 1718 1311 1801 ).

571 1904 688 1974 Dilecto
710 1906 774 1975 lilio
791 1905 896 1974 coniti
912 1906 1107 1974 castellanae
1123 1906 1315 1974 christiania-

609 2001 673 2068 sintt
695 2000 777 2084 regis
807 2001 919 2069 oratori
943 2001 970 2067 in
994 2001 1116 2068 civitate
1146 2001 1315 2068 constanti·

610 2095 791 2180 napolitana,

738 2241 981 2312 sfiufiutttus
999 2243 1058 2312 ΡΡ.
1073 2242 1145 2312 llll.

849 2378 965 2448 dilecte
988 2379 1041 2461 lili,

604 2477 732 2545 salutent
753 2480 785 2543 et
806 2476 1003 2559 apostolicam
1029 2475 1277 2544 neneotottonen.

376 2677 412 2721 na
431 2674 552 2776 “mii
608 2669 673 2744 Quo
693 2665 887 2746 propensiori
908 2665 1088 2746 apostolicae
1115 2665 1314 2742 benignitatis

338 2733 517 2830 {affluam
539 2740 550 2776 ⁸
569 2769 691 2824 nostrae
713 2761 814 2824 studio
836 2759 1012 2840 excepimus
1034 2760 1204 2823 nonnullos
1222 2759 1315 2822 dilec-

569 2861 615 2918 tos
636 2855 715 2917 filios
736 2855 871 2920 nationis
899 2871 1044 2918 armenas
1065 2854 1246 2918 catholicam
1267 2871 1314 2917 re·

568 2949 717 3026 ligionam
738 2948 771 3010 in
793 2949 849 3011 ista
878 2949 1213 3028 constantinopolitana
1241 2947 1314 3010 ctri-

569 3048 631 3104 tate
651 3042 825 3119 profitentis
841 3041 1014 3122 deputatos,
1031 3059 1067 3104 eo
1082 3042 1185 3105 intimi
1202 3041 1314 3104 doloris

568 3135 677 3198 maiori
707 3150 801 3200 sensu
832 3135 943 3212 allecti,
966 3137 1143 3199 audivimus
1171 3134 1315 3214 gravissi-

567 3245 632 3290 mas
653 3229 820 3306 angustias,
839 3231 874 3292 ad
897 3246 971 3308 quas
987 3229 1070 3292 natio
1086 3228 1148 3305 illa,
1165 3229 1262 3306 magis
1277 3231 1315 3293 ab

567 3323 711 3385 Armeniis
731 3323 944 3399 schismaticis,
967 3339 1060 3402 quarn
1082 3324 1119 3385 ab
1141 3323 1212 3402 ipsis
1227 3324 1313 3386 otho·

567 3416 730 3480 monnicae
759 3423 860 3479 sectae
890 3417 965 3478 viris
996 3416 1127 3492 redacta,
1150 3433 1200 3479 eos
1222 3433 1313 3496 opem

566 3511 816 3591 praesidiumque
845 3518 988 3574 nostrum
1016 3510 1234 3590 imploraturos
1255 3511 1313 3573 Ro-

567 3603 708 3666 mamad
730 3621 787 3666 nos
809 3604 1027 3667 destinaverat.

363 3711 402 3759 aa
416 3709 475 3758 tttoa
492 3712 550 3760 aab·
607 3699 625 3772 ἓ
648 3696 674 3758 3.
698 3697 783 3761 Inter
804 3697 937 3777 plurima
952 3705 1068 3774 autem,
1085 3697 1117 3761 in
1135 3699 1312 3777 particulari

337 3764 550 3868 fflfflssffiffi
568 3789 817 3869 Congregatione
837 3790 1064 3855 nonnullorum
1086 3791 1314 3854 venerabilium

338 3873 470 3921 mmm·
567 3885 699 3947 fratrum
721 3892 899 3948 nostrorum
929 3884 958 3948 S.
982 3885 1018 3947 ll.
1043 3885 1077 3947 E.
1103 3885 1312 3950 Gardinalium

567 3979 699 4058 negotiis
719 3979 935 4059 Propagandae
956 3981 1042 4044 Fidei
1066 3979 1312 4059 praepositorum

567 4094 670 4142 coram
690 4077 778 4140 nobis
793 4076 906 4154 habita,
923 4077 1029 4140 multis
1045 4077 1156 4154 agitata
1171 4077 1311 4153 consilia,

566 4174 678 4254 quibus
699 4170 823 4250 aliquod
844 4179 972 4233 3333333
987 4171 1106 4234 3333333
1120 4171 1264 4235 solatium
1278 4189 1313 4235 ac

565 4267 737 4330 subsidium
753 4272 924 4345 pararetur,
942 4263 1068 4327 nullum
1083 4264 1185 4327 visum
1200 4273 1245 4328 ast
1260 4281 1312 4345 op·

566 4361 741 4440 portunius,
771 4374 864 4439 qnam
886 4356 923 4420 ad
950 4366 982 4421 33
1009 4357 1190 4434 coningere.
1213 4359 1313 4439 Expe-

566 4454 677 4516 rientia
689 4454 775 4516 enim
786 4463 982 4532 compertum
994 4460 1051 4528 est,
1063 4452 1231 4515 salutarem
1242 4453 1313 4514 sub-

565 4544 714 4608 levandae
736 4546 931 4625 tuendaeque
952 4561 1097 4608 ormenae
1117 4546 1247 4623 nationi,
1269 4553 1313 4608 al-

565 4655 627 4717 que
647 4637 713 4700 aliis
734 4639 996 4715 christifidelibus,
1019 4640 1052 4700 in
1073 4645 1136 4702 tota
1152 4639 1312 4702 othomen-

566 4733 634 4794 nica
654 4730 772 4794 ditione
785 4732 995 4795 substinendis
1009 4733 1224 4812 ferendisque,
1241 4748 1311 4812 ope-

565 4841 631 4888 ram
646 4843 662 4886 a
677 4825 922 4888 christianissimi
936 4827 1127 4890 Francorum
1139 4827 1221 4904 regis
1233 4829 1311 4907 apud

564 4918 933 4999 constantinopolitanam
952 4920 1053 4983 aulam
1069 4921 1253 4996 oratoribus,
1268 4929 1311 4982 at-

565 5028 627 5090 que
652 5029 668 5072 a
695 5019 727 5074 te
754 5013 936 5090 praesertim
963 5013 1112 5076 haetenus
1140 5013 1311 5092 impensam

564 5120 642 5180 esse,
657 5111 750 5185 atque
765 5106 938 5168 etiamnum
951 5122 1074 5169 summa
1088 5123 1160 5170 cum
1175 5109 1311 5171 nominis

566 5199 611 5262 tui
632 5199 721 5263 laude
743 5199 892 5279 impendi.
917 5201 982 5263 Etsi
1004 5208 1109 5264 autem
1129 5201 1193 5281 ipse
1208 5205 1313 5264 ortho-

565 5293 661 5356 doxae
692 5294 863 5372 religionis,
893 5285 963 5374 quo'
985 5294 1099 5372 333333,
1121 5295 1208 5358 33333
1228 5311 1313 5358 com·

565 5389 762 5466 monstravit,
795 5397 826 5452 te
857 5388 954 5452 nullis
984 5405 1077 5466 egere
1107 5389 1253 5468 stimulis,
1277 5399 1312 5454 ut

565 5483 651 5545 illam
672 5483 758 5546 omni
778 5499 835 5562 ope
854 5490 1009 5563 protegas,
1033 5500 1089 5546 333
1112 5491 1228 5561 tamen,
1248 5501 1310 5564 quo

565 5584 617 5640 333
639 5577 737 5639 officia
758 5577 886 5641 afflictae
913 5577 1042 5654 nationi,
1064 5593 1131 5639 sese
1152 5576 1189 5640 de
1211 5587 1312 5656 patro·

564 5671 647 5733 cinio
668 5679 722 5734 tuo
744 5671 899 5749 glorianti,
920 5672 1035 5735 mirum
1051 5671 1084 5733 in
1098 5672 1227 5735 modum
1241 5689 1311 5752 pro-

564 5765 668 5828 lutura
699 5765 850 5830 efficacius
880 5767 1033 5844 conteras,
1062 5783 1127 5830 333
1152 5765 1255 5830 solum
1276 5783 1310 5830 ea

1089 565 1153 611 ltttt·
1177 566 1268 613 PONT·
1292 567 1332 612 DE
1354 567 1382 614 P·
1407 567 1436 614 F·
1460 565 1543 614 bans
1564 566 1586 611 l.

2144 552 2201 605 Aa.
2214 550 2244 606 0.
2265 552 2326 608 1745
2365 569 2366 622 ζ

1370 705 1385 748 3
1407 693 1438 749 33
1460 686 1613 766 poscimus
1635 694 1664 750 et
1685 686 1871 766 flagitamus,
1887 701 1999 749 verum
2020 687 2114 750 etiam

1369 780 1564 842 carissimum
1585 781 1617 841 in
1640 781 1760 844 Christo
1778 781 1880 844 hlium
1896 787 2038 845 nostrum
2054 782 2114 844 Lu-

1370 875 1515 938 douicum
1544 875 1733 937 Francorum
1765 889 1872 952 regem
1900 874 2113 937 christianissi-

1369 985 1458 1033 mum
1479 967 1684 1033 vehementer
1705 985 1849 1046 rogamus
1870 977 1963 1047 atque
1983 969 2116 1030 obtesta-

1370 1081 1457 1144 mur3
1480 1065 1644 1140 nimirum,
1667 1070 1703 1126 ut
1730 1063 2006 1142 quemadmodum,
2029 1079 2115 1140 prae-

1370 1158 1448 1220 clara
1469 1159 1621 1220 maiorum
1652 1171 1782 1219 suorum
1814 1156 1955 1234 exempla
1981 1156 2117 1218 aemula·

1371 1258 1450 1326 tum,
1472 1251 1544 1313 alias
1567 1252 1660 1313 etiam
1680 1265 1839 1329 superasse
1858 1249 1978 1328 experti
1993 1265 2113 1325 sumus,

1369 1344 1411 1406 ita
1432 1345 1464 1406 in
1495 1345 1667 1424 praesentia
1698 1343 1774 1407 velit
1805 1358 1921 1406 nomen
1952 1342 2115 1405 Maiestatis

1370 1438 1461 1514 Suae,
1483 1439 1517 1501 in
1539 1441 1603 1518 ipsa
1623 1439 1691 1502 aula
1713 1439 2045 1518 constantinopolitana
2062 1453 2114 1517 po-

1370 1531 1593 1610 tentissimum,
1616 1534 1652 1595 ad
1673 1533 1852 1596 huiusmodi
1873 1532 2038 1609 negotium
2057 1546 2115 1609 pro

1369 1626 1449 1688 votis
1470 1628 1697 1691 conficiendum
1719 1644 1735 1688 3
1758 1635 1788 1690 33
1809 1628 1977 1706 interponi.
2365 1689 2366 1694 ,

1409 1719 1428 1794 ἓ
1443 1722 1472 1784 2.
1490 1721 1609 1786 Verum
1624 1737 1669 1799 ea,
1683 1724 1715 1784 in
1730 1723 1840 1802 quibus
1855 1722 2035 1802 praecipuas
2045 1735 2114 1783 mu·
2146 1792 2152 1802 ,
2168 1738 2341 1804 3333333333-
2365 1731 2366 1748 *

1369 1818 1453 1878 neris
1477 1817 1521 1879 tui
1544 1823 1644 1896 partes
1675 1817 1870 1897 potissimum
1902 1814 2113 1880 commendari
2132 1793 2341 1904 {¹{,*,¹,'⁰g¹¹¹p⁰8,}{ffij
2365 1823 2366 1890 g

1369 1911 1521 1990 cupimus,
1539 1910 1641 1973 omnia
1656 1911 1835 1991 plenissime
1849 1911 1974 1992 accipies
1989 1925 2005 1970 a
2019 1924 2114 1971 rene·
2131 1899 2341 2013 fflssg'rffi‘aufflpffi

1369 2004 1458 2066 rabili
1472 2004 1567 2066 333333
1581 2005 1742 2068 Francisco
1755 2005 1945 2083 Hieronymo
1961 2003 2043 2066 Bona
2057 2002 2113 2065 Ar·
2131 2007 2264 2107 rtataoam,
2274 2009 2341 2068 capu-

1368 2099 1559 2178 chiepiseopo
1582 2099 1829 2176 Carthaginensi,
1852 2097 2046 2178 patriarchali
2067 2097 2114 2159 33·
2132 2066 2160 2108 ¹³
2176 2072 2215 2107 Μ’
2365 2099 2366 2102 ’

1369 2193 1460 2269 33333,
1484 2199 1514 2256 33
1536 2192 1700 2272 apostolico
1722 2200 1828 2256 nostro
1849 2194 1882 2257 33
1904 2194 2028 2256 ciuitate
2041 2208 2115 2256 333-

1368 2288 1639 2367 stantinopolitana
1667 2289 1842 2364 visitatore,
1868 2289 1922 2367 qui
1948 2289 2038 2351 hasce
2059 2303 2114 2349 3ο-

1368 2391 1445 2446 33333
1467 2383 1499 2444 33
1520 2380 1615 2444 simili
1629 2382 1725 2444 torma
1740 2383 1842 2445 brevis
1857 2382 1963 2446 literas
1977 2381 2032 2443 tibi
2047 2381 2115 2444 red-

1369 2476 1430 2538 det.
1454 2476 1614 2539 Praeterea
1642 2474 1782 2540 laudatus
1810 2477 1989 2540 Franciscus
2009 2477 2114 2539 Hiero-

1370 2585 1483 2649 nymus
1505 2569 1771 2650 archiepiscopus,
1793 2585 1889 2651 quem
1908 2577 1970 2633 ate
1985 2571 2116 2648 gratiam

1369 2665 1495 2727 inivisse
1524 2664 1691 2741 laetamur,
1725 2665 1848 2744 plenius
1877 2673 1980 2728 lecum
2010 2681 2113 2742 agere,

1370 2758 1489 2838 tibique
1509 2759 1611 2820 omnia
1626 2759 1758 2837 aperire,
1776 2766 1806 2822 et
1821 2767 1940 2838 gratam
1955 2769 2116 2841 eapropter

1368 2853 1600 2932 studiosamque
1621 2868 1693 2930 erga
1715 2858 1746 2915 te
1766 2852 1961 2918 volunlatem
1978 2863 2116 2917 nostram

1369 2947 1535 3011 contestari
1556 2947 1686 3008 minime
1711 2948 1843 3010 omittet.
1866 2947 1900 3009 ln
1928 2956 2043 3026 quanta
2064 2949 2115 3012 de·

1368 3057 1456 3103 mum
1483 3039 1690 3103 sollicitudine
1711 3048 1742 3103 et
1768 3057 1911 3103 moerore
1939 3057 2114 3118 versemur,

1368 3133 1621 3196 commiserantes
1649 3133 1808 3198 adversam
1838 3135 2017 3198 huiusmodi
2039 3141 2115 3198 tem-

1368 3233 1529 3305 pestatem,
1554 3243 1569 3288 a
1591 3229 1771 3290 memoratis
1792 3229 1992 3292 schismaticis
2007 3230 2117 3292 Arme-

1368 3321 1417 3382 nis
1434 3321 1615 3384 iamdudum
1629 3322 1806 3398 excitatam,
1823 3328 1853 3385 et
1868 3339 1954 3384 nunc
1967 3323 2067 3386 acrius
2081 3323 2115 3386 in

1368 3415 1493 3477 eosdem
1524 3415 1689 3477 catholicos
1720 3416 1872 3477 armenos
1903 3417 2112 3493 saevientem,

1368 3523 1431 3570 non
1446 3516 1492 3571 est
1506 3525 1562 3572 cur
1576 3508 1717 3588 pluribus
1732 3509 1923 3587 explicemus
1939 3510 2006 3587 tibi,
2020 3527 2115 3590 quem

1369 3601 1463 3664 oculis
1484 3608 1675 3682 spectantem
1697 3603 1794 3680 magis
1815 3619 1888 3682 prae
1907 3605 2018 3666 celeris
2032 3619 2116 3668 com-

1368 3696 1488 3759 moveri
1509 3711 1565 3757 nos
1593 3695 1734 3758 absentes
1761 3696 1984 3759 existimamus.
2009 3697 2114 3777 ltaque

1368 3791 1400 3851 in
1421 3805 1507 3866 eum,
1530 3805 1603 3868 quo,
1632 3790 1736 3852 ventis
1757 3797 1788 3851 et
1817 3787 1894 3850 mari
1926 3790 2114 3869 imperante,

1368 3885 1402 3947 tit
1424 3882 1633 3962 tranquillitas
1664 3897 1786 3959 magna,
1810 3881 1953 3945 fiduciam
1975 3889 2115 3945 nostram

1367 3976 1577 4052 coniicientes,
1605 3976 1672 4038 3333
1702 3978 1897 4054 confidimus,
1920 3983 1967 4056 ut,
1985 3978 2114 4041 mittens

1367 4071 1518 4133 auxilium
1531 4086 1625 4133 suum
1640 4071 1677 4133 de
1692 4071 1816 4148 Sancto,
1833 4079 1979 4152 optatam,
1994 4081 2024 4136 te
2039 4090 2116 4153 quo-

1366 4181 1428 4244 que
1448 4164 1616 4240 adnitente,
1634 4164 1742 4227 iisdem
1758 4165 1877 4228 dilectis
1892 4166 1963 4228 liliis
1978 4168 2113 4230 nationis

1366 4259 1521 4321 33333333
1541 4259 1740 4320 serenitatem
1755 4258 1915 4336 largiatur.
1933 4259 2063 4323 interim
2077 4261 2114 4324 ad

1367 4352 1505 4430 prosperi
1530 4367 1688 4414 successus
1712 4353 1885 4430 auspicium
1912 4353 1979 4431 tibi,
2003 4355 2114 4418 dilecte

1367 4444 1422 4521 lili,
1446 4445 1642 4523 apostolicam
1663 4444 1912 4508 benedictionem
1934 4463 2006 4511 cum
2023 4449 2112 4512 uberi

1367 4537 1547 4600 coelestium
1568 4539 1789 4602 charismatum
1810 4542 1893 4620 copia
1915 4542 2113 4606 coniunctam

1366 4641 1563 4711 peramanter
1584 4633 1795 4712 impertimur.

1407 4725 1519 4788 Datum
1547 4726 1677 4803 Romae,
1703 4728 1783 4806 apud
1813 4728 1843 4792 S.
1868 4729 1994 4792 llartam
2021 4731 2111 4794 33333-

1367 4835 1446 4896 rem,
1465 4817 1523 4881 sub
1544 4819 1658 4882 annulo
1682 4820 1851 4898 Piscatoris,
1867 4823 1917 4885 die
1931 4837 1997 4885 xvi.
2016 4839 2112 4902 augu-

1367 4915 1406 4976 sti
1428 4929 1603 4990 unccxuu,
1626 4913 1734 4993 pontii.
1759 4916 1859 4978 nostri
1879 4933 1962 4980 anno
1983 4935 2026 4980 33.

1687 5297 1791 5362 thlt.

1369 5482 1545 5567 0333333333
1567 5489 1728 5553 decretum
1757 5491 1788 5555 S.
1815 5491 1848 5552 C.
1873 5491 1910 5554 dc
1931 5491 1967 5553 P.
1992 5491 2028 5553 F.
2052 5510 2112 5572 quo

1406 5582 1574 5645 statuitur
1601 5585 1821 5648 missionorlos
1848 5586 2036 5666 apostolicos
2058 5605 2113 5649 cu-

1406 5675 1506 5738 iusuis
1541 5677 1671 5740 Ordinis
1703 5679 1840 5758 recipcre
1870 5679 2022 5744 doberan
2048 5679 2109 5742 Vic.

1405 5769 1545 5849 Apostol.
1579 5769 1614 5834 in
1641 5769 1760 5852 Artplio
1789 5772 1982 5854 [3333333333
2010 5773 2113 5837 adrni-

607 5980 638 6036 31)
653 5982 690 6027 Ex
704 5983 817 6038 Regesto
830 5983 911 6039 Epist.
927 5983 960 6030 ad
974 5983 1057 6032 Princ.
1073 5987 1099 6031 et
1113 5985 1179 6034 alios
1192 5985 1256 6032 anni
1270 5997 1294 6033 3.
1309 5986 1443 6034 Benedicti
1457 5989 1528 6043 XIV,
1543 5987 1570 6032 in
1584 5987 1661 6033 arch.
1676 5987 1756 6034 vatic.
