4764 6972
902 633 1100 680 bnuublcuus
1120 633 1185 678 xlv.

272 747 313 824 gi,
337 745 479 823 limitari,
492 748 528 810 ad
549 747 630 811 viam
653 756 684 812 et
705 748 858 812 terminos
880 749 957 812 iuris
971 767 1018 812 re·

272 839 352 912 duci,
375 855 431 902 seu
453 841 600 904 adversus
622 858 671 903 eas
686 841 894 904 restitutionis
915 843 949 905 in
972 843 1018 906 in-

273 940 414 1008 tegrum,
437 942 489 995 aut
521 936 740 1013 quodcumque
769 936 852 999 aliud
881 937 1016 1013 gratiae,

272 1025 405 1088 iustitiae
426 1027 476 1088 vel
490 1025 562 1090 lacti
583 1028 758 1092 remedium
780 1029 949 1109 impetrari,
965 1040 1018 1094 aut

272 1118 331 1180 illis
349 1119 382 1182 in
398 1120 501 1198 aliquo
516 1119 657 1198 derogari
673 1122 852 1186 nullatenus
866 1141 1017 1204 unquam,

272 1228 328 1275 nec
342 1213 401 1275 sub
412 1214 573 1292 quibusvis
587 1215 739 1278 similium
754 1218 803 1279 vel
819 1217 1017 1280 dissimilium

272 1307 443 1383 gratiarum
465 1309 723 1382 revocationibus,
750 1310 1016 1388 suspensionibus

271 1398 523 1475 imitationibus,
546 1401 816 1478 derogationibus,
839 1420 872 1465 ac
894 1403 1019 1470 Cancel-

272 1492 365 1554 lariae
379 1493 551 1571 praedictae
567 1495 684 1572 regulis
701 1496 856 1558 unionum
872 1495 1017 1559 ellectum

270 1599 363 1647 suum
385 1601 450 1648 non
470 1587 651 1649 sortitarum
672 1589 883 1665 remeaturis,
900 1591 1018 1653 anobis

271 1687 302 1740 et
322 1679 485 1757 quibusvis
510 1681 646 1742 romanis
668 1683 865 1760 pontificibus
893 1687 1019 1763 praede-

271 1773 444 1835 cessoribus
459 1773 496 1838 'et
516 1777 743 1839 successoribus
761 1779 874 1840 nostris
895 1795 1017 1842 emana-

271 1865 310 1926 tis
338 1872 369 1927 et
398 1866 593 1942 emanandis,
623 1871 844 1948 comprehendi
872 1870 923 1933 vel
944 1888 1017 1935 con·

271 1956 375 2036 lundi;
388 1959 441 2021 sed
452 1966 599 2039 tanquam
615 1978 669 2040 pro
684 1965 919 2026 conservatione
933 1981 1018 2044 prae·

271 2051 342 2114 dicti
364 2054 489 2130 collegii
510 2055 545 2117 ad
568 2055 720 2118 bonarum
749 2058 863 2120 artium
884 2059 1016 2136 cultum,

271 2145 406 2225 fideique
427 2148 591 2212 catholicae
608 2153 860 2229 propagationem
880 2154 1016 2216 instituti

271 2238 363 2301 lactas
383 2255 508 2319 semper
520 2241 558 2304 ab
572 2241 631 2304 illis
646 2245 757 2322 excipi,
769 2253 802 2308 et
812 2248 933 2324 quoties
948 2247 1018 2310 illae

271 2332 472 2408 emanabunt‚
489 2335 580 2398 toties
601 2336 635 2398 in
655 2338 824 2415 pristinum
845 2347 876 2401 et
897 2340 1017 2402 validis-

270 2425 388 2486 simum
400 2433 516 2488 statum
532 2431 701 2505 restitutas,
714 2433 862 2511 repositas
873 2441 905 2496 et
915 2433 1018 2511 plena·

271 2519 317 2578 rie
337 2520 554 2598 reintegratus,
572 2539 605 2585 ac
620 2524 658 2586 de
672 2539 754 2586 novo
770 2525 863 2588 etiam
874 2529 932 2590 sub
945 2545 1018 2606 qua·

273 2627 409 2692 cumque
438 2617 601 2694 posteriori
626 2619 706 2690 data,
728 2621 921 2696 perdicium
943 2623 1017 2685 blat-

272 2705 411 2782 tbaeum,
434 2709 562 2787 eiusque
583 2710 615 2772 in
637 2711 736 2775 officio
749 2730 950 2790 successores,
963 2733 1017 2778 seu

270 2808 425 2862 rectorem
447 2809 479 2864 et
499 2803 763 2870 administratores
785 2809 835 2870 vel
858 2811 1018 2888 deputatos

270 2907 327 2970 pro
349 2901 489 2974 tempore
518 2899 686 2962 existentes
714 2900 898 2978 praedictos,
921 2919 1017 2981 quan-

270 2987 446 3067 documque
462 2990 630 3068 eligendos,
647 3008 803 3055 concessas
815 3011 879 3056 esse
894 3003 924 3057 et
939 2995 1016 3073 lore3

269 3095 407 3160 suosque
428 3081 581 3160 plenarios
595 3092 626 3146 et
646 3086 786 3162 integros
807 3088 933 3152 ellectus
954 3106 1018 3151 sor-

270 3175 324 3237 tiri
345 3181 376 3236 et
397 3175 557 3250 obtinere,
583 3193 615 3240 ac
637 3178 674 3241 ab
694 3181 857 3258 omnibus,
881 3184 916 3246 ad
940 3199 1018 3262 qnos

269 3275 387 3348 spectat
409 3277 440 3331 et
455 3286 510 3348 pre
526 3280 667 3350 temporo
680 3276 839 3352 spectabit,
856 3276 1016 3338 inviolabi-

271 3361 344 3424 liter
365 3362 519 3426 observari
529 3389 537 3442 ;
560 3365 666 3445 sicque
677 3383 732 3446 per
746 3383 959 3447 quoscumque
973 3369 1019 3431 iu-

269 3454 353 3516 dices
374 3455 545 3520 ordinarios
566 3469 597 3520 ct
618 3459 783 3537 delegatos,
801 3463 894 3524 etiam
917 3479 1017 3524 causa-

270 3563 345 3610 rum
366 3549 506 3612 eiusdem
535 3552 638 3628 palatii
663 3554 821 3632 apostolici
850 3557 1017 3630 auditores,

270 3658 303 3704 ac
325 3643 500 3720 praedictae
531 3643 562 3708 S.
584 3646 621 3708 ll.
645 3647 680 3708 E.
706 3647 892 3723 cardinales,
924 3650 1015 3710 etiam

269 3733 306 3794 de
329 3735 425 3798 latere
457 3736 599 3814 Legatos,
628 3740 829 3818 vicelegatos,
856 3741 1017 3822 dictaeque

271 3827 358 3890 Sedis
373 3828 522 3905 Nunoios,
534 3831 652 3894 sublata
665 3834 708 3895 eis
722 3842 753 3895 et
767 3850 877 3897 eorum
892 3837 1018 3898 cuilibet

270 3922 380 3998 quavis
401 3923 492 3986 aliter
512 3924 667 3989 iudicandi
689 3935 720 3988 et
735 3927 960 4007 interpretandi
977 3929 1018 3991 la-

270 4015 387 4078 cultate
415 4024 446 4079 et
474 4021 665 4096 auctoritate,
690 4022 720 4084 in
743 4023 851 4100 quavis
878 4039 965 4085 causa
988 4032 1019 4086 et

269 4110 419 4174 instantia
450 4113 578 4176 iudicari
604 4123 636 4177 et
665 4115 788 4178 deliniri
818 4115 948 4194 debere;
978 4118 1018 4179 ir-

270 4205 433 4284 ritumque
453 4213 484 4268 et
510 4207 620 4284 inane,
643 4209 667 4270 si
696 4225 783 4272 secus
813 4223 908 4286 super
934 4211 1016 4272 bisa

271 4313 440 4376 quoquam,
463 4301 571 4377 quavis
593 4302 789 4376 auctoritate,
812 4303 946 4364 scienter
967 4305 1018 4364 vel

271 4391 455 4468 ignoranter
482 4395 649 4472 contigerit
670 4396 828 4458 attentari.

92 4497 202 4606 iffi?
215 4499 253 4544 oc
311 4485 380 4560 §b
404 4485 474 4548 Non
496 4487 689 4550 obstantibus
706 4490 819 4551 nostris
841 4498 871 4550 et
893 4489 1018 4552 Cancel-

271 4577 365 4639 lariae
387 4579 576 4657 spostolicae
592 4582 762 4658 praedictae
785 4582 901 4658 regulis
915 4583 952 4644 de
966 4598 1018 4643 ex-

171 4691 175 4698 ·
270 4672 435 4748 primendo
456 4688 532 4732 vero
554 4687 658 4735 annuo
676 4675 900 4737 beneficiorum
922 4675 1018 4738 eccle-

270 4765 465 4826 siasticorum
499 4765 604 4827 valore
633 4766 664 4827 in
698 4768 889 4844 unionibus,
919 4769 1018 4847 deque

269 4857 440 4920 unionibus
455 4858 631 4921 huiusmodi
648 4861 682 4922 ad
699 4867 800 4938 parles
820 4861 1019 4924 committen-

269 4951 329 5025 dis,
342 4951 457 5012 vocatis
480 4968 615 5029 quorum
630 4953 772 5027 interest,
788 4971 821 5015 ac
843 4953 1017 5017 lateranen-

267 5043 309 5104 sis
332 5051 363 5104 et
384 5043 516 5105 aliorum
532 5044 626 5107 etiarn
643 5046 838 5121 generalium
860 5055 891 5108 et
907 5049 1017 5110 ultimo

270 5136 497 5200 celebratorum
526 5138 729 5201 conciliorum
753 5141 884 5202 uniones
909 5157 1017 5221 perpe-

269 5237 348 5304 tuas,
372 5231 431 5292 nisi
453 5231 485 5292 in
502 5231 620 5294 casibus
634 5248 650 5290 a
666 5232 732 5293 iure
754 5235 923 5311 permissis,
937 5237 1015 5310 deri,

269 5338 303 5384 ac
324 5321 417 5384 etiam
435 5323 581 5386 beneficia
598 5325 690 5386 unius
706 5323 849 5388 dioecesis
865 5343 937 5389 cum
951 5328 1017 5406 aliis

269 5415 446 5490 beneflciis,
476 5415 615 5494 collegiis
635 5425 666 5478 et
688 5418 760 5480 locis
785 5418 912 5482 alterius
934 5422 1016 5483 dioe-

269 5509 346 5570 cesis
368 5509 454 5570 uniri
485 5509 734 5587 prohibentium,
765 5529 887 5575 necnon
920 5514 1016 5577 lelicis

269 5602 489 5664 recordationis
510 5601 556 5664 Pii
578 5603 634 5664 PP.
658 5603 710 5666 lv.
734 5605 771 5666 de
793 5607 899 5682 gratiis
921 5608 1016 5670 inter-

270 5710 336 5756 esse
364 5695 461 5758 dictae
482 5711 622 5758 camerae
649 5701 910 5762 concernentibus
936 5701 1016 5763 inira

268 5793 391 5850 certum
413 5795 488 5850 tunc
509 5803 691 5866 expressum
712 5796 836 5870 tempus
858 5793 889 5853 in
912 5809 946 5854 ea
967 5811 1016 5856 re·

271 5879 447 5956 gistrandis,
473 5880 604 5960 aliisque
630 5883 723 5943 etiam
746 5882 779 5945 in
805 5885 1014 5961 synodalibus,

270 5974 510 6052 provincialibus
520 5983 551 6036 et
563 5975 790 6038 universalibus
801 5978 938 6040 conciliis
953 5980 1015 6042 edi·

375 6119 428 6168 lar.
444 6121 517 6168 Pont.
531 6120 562 6168 de
578 6121 652 6182 Prop.
666 6119 729 6170 Fide
742 6122 825 6169 Partis
839 6123 858 6172 1.
872 6121 927 6172 Vol.
942 6124 986 6171 111.

1075 751 1113 813 tis
1141 750 1192 813 vel
1213 750 1340 814 edendis
1360 749 1543 830 specialibus
1559 747 1607 812 vel
1623 745 1819 826 generalibus

1073 844 1347 908 constitutionibus
1362 851 1393 906 et
1414 842 1658 905 ordinationibus
1680 838 1819 919 apostoli-

1074 938 1127 1012 cis,
1144 952 1266 999 necnon
1279 937 1458 1000 monasterii
1471 943 1501 998 et
1512 934 1638 999 Ordinis
1651 932 1819 1012 praedicto·

1075 1047 1158 1106 rum,
1182 1032 1275 1093 etiam
1287 1031 1475 1104 iuramento,
1492 1027 1729 1092 confirmatione
1749 1039 1821 1102 apo·

1074 1123 1191 1198 stolict,
1214 1123 1265 1186 vel
1286 1123 1395 1203 quavis
1417 1123 1565 1184 lirrnitate
1590 1119 1647 1182 alid
1669 1119 1819 1181 roboratis

1073 1217 1197 1280 statutis
1211 1223 1241 1280 et
1256 1215 1545 1287 consuetudinibus
1558 1213 1730 1292 privilegiis
1744 1227 1821 1291 qno-

1074 1327 1146 1389 que,
1170 1311 1299 1373 indultis
1325 1318 1355 1372 et
1381 1309 1479 1371 literis
1501 1307 1673 1387 apostolicis
1694 1307 1820 1386 quibus-

1075 1405 1120 1465 vis
1141 1405 1352 1483 superioribns
1374 1413 1404 1468 et
1425 1403 1565 1482 personis
1587 1403 1618 1463 in
1634 1416 1748 1477 genere
1770 1398 1820 1461 vel

1074 1498 1107 1559 in
1127 1499 1241 1577 specie,
1254 1505 1306 1559 aut
1328 1499 1399 1560 alias
1414 1499 1447 1558 ln
1466 1495 1658 1559 contrarium
1674 1491 1821 1573 praemis-

1074 1606 1180 1652 sorum
1202 1591 1433 1670 quomodolibet
1453 1588 1552 1663 lactis,
1568 1585 1732 1661 concessis,
1748 1599 1821 1646 con-

1075 1683 1242 1746 sumatiset
1254 1684 1422 1760 innovatis;
1434 1682 1548 1761 quibus
1558 1679 1705 1742 omnibns
1716 1687 1746 1740 et
1757 1678 1819 1739 sin-

1075 1777 1166 1853 gulis,
1183 1777 1313 1839 etiamsi
1328 1776 1366 1840 de
1380 1777 1441 1839 illis
1460 1790 1632 1854 eorumque
1648 1774 1719 1836 totis
1734 1781 1821 1834 teno-

1075 1869 1160 1932 ribus
1175 1877 1206 1932 et
1221 1869 1328 1932 formis
1349 1869 1499 1950 specialis,
1511 1867 1662 1947 specifica,
1678 1880 1820 1943 expressa

1075 1979 1108 2024 ac
1129 1962 1298 2038 individua,
1322 1979 1386 2025 non
1407 1969 1513 2025 autem
1527 1977 1582 2040 per
1596 1958 1746 2023 clausulas
1768 1973 1819 2034 ge-

1075 2057 1195 2120 nerales
1207 2057 1289 2118 idem
1301 2057 1515 2134 importantes,
1527 2053 1648 2116 mentio
1661 2069 1717 2114 seu
1728 2066 1820 2129 quae·

1075 2151 1121 2211 vis
1143 2151 1200 2212 alia
1221 2151 1377 2228 expressio
1399 2149 1549 2222 habenda,
1565 2154 1619 2209 aut
1639 2147 1740 2226 aliqua
1761 2143 1820 2206 alia

1075 2243 1224 2322 exquisita
1255 2243 1353 2305 lorma
1385 2245 1420 2304 ad
1449 2243 1507 2306 boc
1537 2240 1685 2304 servanda
1717 2240 1818 2314 loret,

1075 2353 1184 2399 eorum
1205 2344 1341 2412 tenores,
1363 2353 1396 2400 ac
1413 2336 1438 2398 si
1459 2336 1497 2397 de
1511 2335 1607 2398 verbo
1621 2336 1657 2397 ad
1672 2334 1817 2408 verbum,

1075 2431 1154 2494 nibil
1178 2432 1300 2510 penitus
1320 2431 1433 2493 omisso
1454 2438 1485 2492 et
1500 2429 1597 2491 lorma
1621 2429 1654 2491 in
1675 2428 1737 2490 illis
1760 2435 1820 2488 tra·

1075 2526 1135 2588 dita
1156 2525 1327 2600 observata,
1344 2523 1452 2586 inserti
1468 2523 1582 2597 lorent,
1606 2521 1820 2601 praesentibus

1075 2634 1130 2696 pro
1150 2619 1301 2696 expressis
1317 2624 1348 2682 et
1362 2617 1486 2679 insertis
1500 2617 1661 2691 habentem
1677 2614 1736 2676 illis
1748 2613 1820 2674 alias

1075 2714 1107 2774 in
1131 2729 1186 2775 suo
1217 2713 1327 2775 robore
1357 2711 1581 2790 permansuris,
1613 2706 1761 2770 latissime
1788 2713 1820 2768 et

1074 2804 1261 2884 plenissime,
1274 2805 1309 2868 ad
1331 2803 1570 2882 praemissorum
1591 2800 1749 2873 ellectum,
1765 2797 1820 2860 bac

1075 2899 1143 2961 vice
1158 2899 1330 2973 dumtaxat,
1345 2896 1518 2976 specialiter
1531 2902 1562 2958 et
1578 2910 1731 2974 expresse,
1748 2907 1821 2954 nec-

1075 3007 1138 3054 non
1160 2998 1335 3071 opportune
1356 2999 1386 3052 et
1407 2991 1519 3066 valide,
1536 2997 1623 3052 motu
1645 2989 1710 3066 pari
1732 2988 1819 3050 dero-

1075 3101 1194 3164 gamus,
1204 3086 1377 3162 ceterisque
1388 3084 1549 3146 contrariis
1561 3083 1818 3161 quibuscumque.

1076 3177 1227 3240 'Volumus
1242 3185 1346 3240 autem
1371 3178 1453 3254 quod
1475 3176 1575 3239 dictus
1596 3174 1741 3252 Magister
1760 3170 1822 3235 illa·

1075 3273 1140 3334 rius
1161 3273 1194 3335 in
1219 3271 1444 3350 praeiudicium
1472 3271 1614 3344 unionis,
1637 3267 1820 3330 annexionis

1073 3373 1105 3426 et
1126 3364 1382 3442 incorporationis
1408 3364 1634 3442 praedictarum
1661 3375 1821 3424 commen·

1074 3459 1129 3520 dae
1149 3457 1223 3519 dicti
1237 3458 1437 3532 monasterii,
1451 3457 1484 3518 in
1499 3456 1612 3518 nostris
1627 3471 1682 3517 seu
1697 3453 1819 3515 romani

1074 3550 1229 3630 pontificis
1256 3563 1312 3628 pro
1337 3559 1480 3628 tempore
1507 3550 1671 3611 existentis
1697 3547 1747 3609 vel
1768 3563 1820 3610 cu-

1075 3644 1171 3705 iusvis
1192 3643 1320 3706 alterius
1345 3643 1506 3717 manibus,
1528 3640 1694 3704 autetiam
1715 3653 1820 3702 coram

1075 3739 1195 3799 notario
1217 3736 1339 3815 publico
1360 3745 1391 3799 et
1413 3736 1558 3810 testibus,
1581 3734 1632 3798 vel
1653 3735 1724 3796 alias
1745 3748 1821 3811 quo·

1075 3831 1254 3905 modolibet,
1268 3833 1299 3893 in
1322 3830 1544 3908 cuiuscumque
1566 3843 1716 3910 personae
1738 3827 1821 3889 lavo-

1075 3941 1154 4001 rem,
1177 3927 1270 3988 etiam
1286 3943 1323 3988 ex
1339 3943 1427 3988 causa
1448 3925 1697 4004 permutationis,
1713 3923 1822 3985 cedere

1076 4018 1123 4080 vel
1139 4035 1212 4081 cum
1222 4020 1325 4098 aliquo
1336 4021 1468 4097 desuper
1479 4019 1662 4082 concordare
1674 4021 1820 4096 nequeat3

1075 4113 1220 4192 quodque
1233 4115 1330 4176 cessio
1344 4113 1545 4177 commendas
1565 4112 1755 4185 huiusmodi,
1769 4119 1822 4172 aut

1075 4208 1247 4283 concordia,
1269 4209 1295 4268 sl
1318 4207 1380 4282 liat,
1396 4207 1428 4268 in
1451 4207 1575 4270 unionis
1596 4206 1774 4269 huiusmodi
1791 4215 1822 4268 et

1076 4317 1139 4363 non
1163 4302 1195 4363 ln
1217 4301 1342 4363 alterius
1356 4316 1452 4379 quam
1473 4299 1619 4378 praedicti
1641 4299 1765 4375 collegii
1780 4299 1823 4360 la·

1075 4409 1185 4456 vorem
1208 4403 1236 4455 el
1259 4392 1457 4455 commodum
1478 4391 1554 4455 lacta
1575 4393 1614 4454 sit
1627 4401 1736 4454 etesse
1751 4409 1823 4455 cen·

1075 4495 1188 4550 scatur.
1213 4485 1296 4549 Nulli
1314 4503 1388 4564 ergo
1402 4485 1532 4548 omnino
1547 4485 1711 4548 bominum
1734 4485 1822 4547 liceat

1075 4582 1154 4642 banc
1175 4579 1318 4657 paginam
1341 4586 1464 4642 nostrae
1492 4577 1706 4653 absolutionis,
1732 4579 1822 4640 unio·

1076 4673 1135 4748 nis,
1152 4673 1348 4748 annexionis,
1367 4672 1635 4751 incorporationis,
1650 4673 1820 4750 exemptio-

1075 4768 1134 4841 nis,
1158 4767 1366 4839 liberationis,
1397 4765 1528 4839 decreti,
1561 4765 1770 4841 derogationis
1791 4773 1821 4827 et

1075 4859 1244 4921 voluntatis
1266 4858 1450 4935 intringere,
1471 4858 1519 4920 vel
1540 4859 1569 4918 ei
1591 4874 1667 4919 ausu
1690 4867 1822 4920 temera-

1076 4953 1121 5014 rio
1142 4953 1307 5014 contraire.
1332 4953 1362 5016 Si
1385 4953 1455 5031 quis
1469 4957 1575 5013 autem
1597 4952 1654 5013 boc
1668 4957 1822 5014 attentare

1075 5043 1326 5125 praesumpserit,
1349 5044 1598 5119 indignationem
1619 5043 1822 5122 Omnipoten-

1075 5139 1113 5200 tis
1134 5139 1190 5200 liei
1210 5156 1243 5200 ac
1264 5139 1322 5199 BB.
1347 5137 1430 5199 Petri
1452 5145 1483 5198 et
1504 5137 1587 5198 Pauli
1604 5135 1822 5214 Apostolorum

1075 5233 1141 5293 eius
1163 5247 1195 5292 se
1218 5231 1341 5292 noverit
1362 5231 1594 5300 incursurum..

1114 5325 1226 5386 Datum
1240 5325 1366 5397 Romae,
1379 5325 1457 5401 apud
1475 5323 1505 5386 S.
1520 5322 1646 5384 lllariam
1662 5321 1819 5398 Maiorem,

1074 5432 1156 5480 anno
1183 5417 1406 5479 incarnationis
1428 5415 1604 5477 bominicae
1626 5431 1821 5490 uoecxnnr„

1073 5510 1174 5588 pridie
1184 5507 1330 5572 kalendas
1341 5507 1535 5587 septembris,
1553 5508 1750 5585 pontificatus
1765 5524 1822 5570 no-

1073 5603 1130 5668 stri
1152 5620 1235 5666 anno
1250 5619 1292 5664 rv.

1330 5792 1569 5804 nnn-n·—

1742 601 1797 670 llll
1850 603 1903 656 nn.
1918 603 1948 656 c.
1970 603 2039 655 1743
