4856 6984
69 529 131 584 An.
144 532 180 584 C.
203 533 272 586 1752

937 549 1134 594 ncusorcrus
1157 551 1221 600 vav.
1774 540 1830 603 491
1883 535 1937 588 An.
1952 539 1982 591 (ι.
2004 535 2073 589 1752

57 687 126 732 asse,
149 690 212 726 eum
232 691 286 744 ote-
305 688 384 752 quae
407 672 617 736 immobilium
645 671 771 734 domine
793 671 840 734 ius
872 671 991 747 tribuit,
1018 677 1052 732 ut
1108 669 1178 732 vilis
1190 671 1370 750 dispositiop
1388 674 1519 753 ideoque
1539 676 1687 754 decrevit,
1703 683 1738 739 ut
1753 691 1854 740 reme-

58 731 143 830 ms
168 733 286 782 tructu-

140 4511 293 4565 Purpurioni

77 4565 153 4626 spolii
178 4566 233 4610 iure
244 4576 295 4628 ηιιι·

79 4630 173 4662 nenrco
192 4619 295 4662 subnci·

78 4677 121 4717 tur
140 4672 218 4716 etiam
239 4683 295 4732 suc·

77 4737 164 4770 cessar
179 4729 293 4779 periucu-

79 4779 150 4823 laris.

305 783 372 829 stne
393 766 455 829 ulla
478 767 567 846 pretii
584 767 782 830 restitutione
803 780 987 844 recuperare
1002 780 1052 825 va·

306 861 365 922 leat
386 861 463 923 bona
485 878 551 937 sua,
574 877 645 924 cum
667 861 812 925 omnibus
832 860 984 924 fructibus
1006 859 1054 920 in-

306 954 342 1017 de
364 955 525 1034 perceptis,
549 956 586 1016 ab
608 954 672 1030 ille,
695 956 748 1033 qui
776 959 939 1017 numerata
961 969 1054 1032 pecu·

306 1047 357 1108 nia
379 1064 413 1108 ea
435 1048 498 1127 ipsa
519 1047 556 1109 ab
584 1048 777 1110 invasoribus
799 1049 887 1108 emit.
914 1047 944 1108 ld
967 1047 1053 1108 enim

308 1143 404 1220 exigit
426 1149 535 1204 natura
558 1141 631 1204 belli
661 1143 785 1218 iniusti,
808 1142 841 1204 iu
864 1158 926 1229 quo
947 1141 1054 1202 buius·

309 1237 389 1298 medi
403 1237 482 1298 bena
497 1244 641 1314 occupata
656 1236 801 1298 luerunt:
827 1237 856 1299 id
872 1235 988 1314 expetit
1003 1252 1053 1297 eo-

308 1344 375 1390 rum
391 1336 554 1392 auctorum
569 1331 734 1405 sententia,
751 1329 804 1408 qni
826 1329 942 1407 optima
964 1331 1054 1393 ratio-

307 1439 346 1484 ne
358 1424 479 1496 docent,
492 1437 577 1496 eum,
590 1423 643 1501 otri
660 1423 807 1485 furtivam
822 1440 889 1485 rem
901 1440 934 1484 se
948 1439 1053 1485 emere

307 1513 437 1588 dubitat,
460 1521 513 1575 aut
534 1516 725 1592 suspicatur,
748 1531 812 1577 non
834 1531 922 1594 posse
942 1515 1053 1578 deinde

306 1624 322 1668 a
343 1606 471 1669 domino
492 1615 634 1686 repetere
650 1610 799 1686 pretium,
815 1611 896 1687 quod
920 1609 981 1671 luri
995 1625 1054 1671 nu-

307 1701 454 1762 meravit:
482 1701 615 1778 Empter
628 1703 732 1772 maiae
752 1703 824 1783 fidei
845 1704 874 1764 si
894 1704 956 1766 sibi
977 1706 1053 1767 emit

308 1809 386 1864 rem,
409 1810 504 1871 quom
526 1795 573 1855 eei
588 1793 720 1867 sciebat,
736 1796 784 1856 eci
798 1794 980 1871 dubitabat,
998 1815 1052 1860 seu

306 1885 547 1965 suspicabatur,
564 1905 627 1950 esse
642 1890 815 1968 furtivam,
831 1902 896 1953 uon
914 1890 1052 1968 potesta

308 1981 433 2044 demine
455 1981 547 2044 iltius
572 1983 618 2042 rei
641 1989 780 2060 repetere
800 1985 955 2062 pretium,
972 1979 1053 2063 quod

307 2077 490 2138 numerarii
513 2074 587 2157 frtri
606 2077 779 2150 uenditori,
803 2078 953 2154 quereiam
977 2079 1053 2140 tetis

310 2171 512 2248 repetitionis
541 2169 670 2232 nullum
701 2169 794 2232 babet
824 2171 949 2232 iustum
973 2173 1053 2234 titu-

307 2265 386 2325 tum:
402 2263 496 2326 verba
511 2271 584 2327 sunt
602 2263 700 2342 Sylvii
715 2265 751 2324 in
765 2263 829 2324 2-2
844 2264 957 2327 Sancti
977 2264 1054 2326 Tbe-

308 2373 388 2429 mae,
415 2363 536 2434 puaest.
557 2357 611 2428 62,
636 2362 757 2434 quaest.
781 2359 814 2429 6,
837 2364 902 2420 ort.
925 2358 957 2432 6,
982 2375 1075 2422 cee-.

309 2450 388 2512 cius.
418 2448 451 2522 3,
474 2465 545 2529 pop.
571 2451 636 2511 361
666 2449 793 2512 ultimae
824 2452 968 2514 editionis
991 2455 1053 2515 nn·

311 2544 464 2620 tuerpiae:
495 2543 525 2605 id
550 2543 648 2619 exigit
676 2543 780 2621 opinio
808 2546 983 2606 communis
1004 2561 1053 2608 ee·

311 2653 393 2710 rum,
419 2637 473 2713 oui
500 2638 627 2710 docent,
651 2637 742 2697 etiam
775 2636 882 2711 illum,
912 2639 964 2716 qui
987 2655 1052 2700 rem

308 2729 391 2790 iurto
411 2728 575 2803 sublatam,
600 2728 677 2790 bena
693 2729 764 2804 side,
777 2730 826 2791 vel
848 2731 885 2792 ab
906 2732 971 2809 ipso
986 2731 1055 2793 iure

308 2823 357 2884 vel
379 2823 417 2884 ab
437 2822 496 2884 alie
518 2831 672 2884 mercatus
698 2822 769 2898 luit,
793 2825 891 2884 teneri
912 2825 1054 2886 eamdem

308 2917 434 2979 demine
456 2916 597 2992 reddere,
620 2933 676 2979 rire
701 2919 837 2980 solutum
861 2917 995 2998 pretium
1018 2919 1054 2982 ab

309 3028 344 3072 eo
367 3017 508 3088 repetere
524 3027 626 3089 posse;
651 3019 684 3073 ut
707 3011 812 3074 videre
826 3021 872 3074 est
885 3014 963 3090 apud
980 3013 1054 3076 San-

309 3105 383 3166 cbez
405 3103 438 3164 in
456 3103 599 3175 Summe,
617 3101 671 3166 ttt.
687 3103 721 3175 2,
745 3121 813 3182 ιιι.
834 3103 891 3176 23,
914 3119 1002 3168 num.
1019 3105 1052 3178 2,

309 3204 339 3257 et
362 3198 440 3274 apud
457 3196 644 3257 Benacinam
667 3203 741 3258 tem.
757 3197 781 3256 2
795 3197 831 3258 de
846 3197 1055 3260 restitutione

312 3289 345 3350 in
366 3305 489 3368 perere,
514 3288 635 3366 disput.
655 3290 684 3361 1,
709 3297 828 3366 puocst.
846 3293 880 3361 2,
897 3297 1009 3369 punct.
1022 3292 1053 3363 1,

309 3381 461 3459 proposit.
489 3384 519 3452 1,
542 3375 631 3443 num.
656 3382 688 3442 4.
717 3383 745 3444 ld
769 3383 869 3461 ipsum
892 3385 1055 3445 deducitur

309 3491 347 3538 en
368 3475 488 3552 regula,
511 3490 603 3552 quam
624 3483 800 3554 sequuntur
821 3476 936 3538 maiora
958 3477 1056 3538 tribu·

310 3567 405 3629 nalia:
429 3583 565 3646 querum
587 3568 730 3631 videlieet
750 3571 932 3632 auctoritate
953 3570 1055 3632 decer-

311 3662 409 3736 nitur,
426 3663 504 3724 bona
527 3662 697 3723 immobilia
719 3662 919 3725 ecclesiarum
935 3665 971 3726 ab
987 3666 1056 3727 bae·

311 3755 412 3816 reticis
434 3765 590 3834 occupata,
607 3757 711 3818 statim
727 3773 759 3817 ac
781 3758 818 3818 ab
838 3757 976 3835 ipsorum
993 3775 1057 3820 ma·

310 3848 401 3910 nibus
423 3849 523 3926 elapsa
556 3849 685 3925 inerint,
716 3850 779 3928 ipse
802 3850 870 3912 iure
898 3853 999 3912 redire
1020 3856 1056 3915 ad

312 3943 464 4017 eeclesias,
487 3942 523 4003 ad
545 3960 620 4020 quas
646 3943 858 4021 pertinebant:
884 3945 929 4005 uti
952 3946 1059 4009 videre

312 4047 358 4096 est
380 4036 412 4096 in
434 4035 640 4097 decisionibus
650 4034 849 4114 Herbipelen.
868 4040 1056 4100 monasterii

314 4145 344 4189 ι.
368 4128 454 4190 ιἰιιιιι
477 4130 919 4192 aoccv11.etxvn.etecdem
941 4132 1057 4192 usensis

312 4239 413 4284 eoram
436 4223 508 4283 bon.
533 4237 627 4282 mem.
657 4222 846 4296 deberetne,
870 4223 1059 4285 confirmatis

313 4315 348 4375 in
370 4315 464 4376 decis.
487 4314 565 4387 562,
589 4331 621 4374 n.
647 4317 678 4387 1,
710 4322 783 4377 tem.
808 4321 828 4378 5
858 4331 961 4376 coram
983 4317 1054 4378 ben.

313 4424 406 4470 mem.
432 4413 580 4474 Lancetta
602 4411 731 4473 Decano.
755 4409 798 4471 lta
817 4411 994 4489 praeseribit
1017 4409 1060 4470 l-

314 4505 482 4581 migeratus
510 4511 614 4567 tentus
643 4507 816 4567 innocentii
844 4505 892 4566 lll.
923 4505 959 4564 in
988 4519 1055 4580 cap.

316 4597 475 4676 serpedo
497 4599 707 4660 restitutione
727 4598 952 4677 spoliatorum.
979 4599 1057 4660 Cum

313 4692 398 4754 enlm
422 4691 469 4753 ius
487 4692 579 4754 civile
598 4693 785 4755 beneficium
801 4691 957 4754 interdicti
978 4689 1059 4753 Urtde

313 4786 357 4857 ei,
369 4788 435 4848 sive
458 4787 673 4862 restitutionis,
690 4787 888 4848 concessisset
900 4785 1060 4846 dumtaxat

313 4879 459 4942 adversus
483 4881 584 4955 illum,
601 4882 656 4958 qui
678 4896 732 4958 per
748 4879 813 4940 vim
828 4877 923 4940 aliurn
939 4879 977 4939 de
994 4892 1059 4954 pos·

313 4973 449 5035 sessione
470 4975 634 5049 deiecerat,
648 4982 680 5035 et
694 4980 800 5035 centra
815 4971 881 5032 eius
895 4972 1060 5032 haeredem

315 5067 539 5138 universalem,
563 5076 598 5130 ut
621 5068 734 5128 babent
756 5065 820 5127 Les
843 5065 874 5135 1,
897 5064 916 5136 §
938 5061 1014 5132 uit„
1031 5067 1061 5122 et

315 5161 378 5221 Lea
402 5161 424 5218 2
454 5161 487 5242 p.
518 5162 601 5224 Unde
622 5161 674 5231 ei,·
706 5159 838 5221 minime
859 5172 933 5217 vere
955 5163 1061 5217 contra

316 5259 569 5334 illuminemus
592 5263 773 5336 potestatem
790 5267 838 5312 res
859 5249 943 5311 iurte
965 5247 1062 5310 ablata

315 5356 492 5427 devenerat,
517 5360 551 5412 ut
574 5356 654 5428 patet
676 5363 715 5409 ex
736 5349 770 5408 L.
796 5343 818 5402 7
845 5343 878 5423 ll·
903 5341 968 5402 eod·
994 5341 1063 5415 tiu,-

315 5447 446 5520 etiamsi,
470 5445 522 5506 ille
545 5446 618 5506 dum
637 5457 704 5503 rem
726 5439 813 5512 emit,
831 5436 979 5497 lnrtivam
995 5450 1061 5496 eam

315 5554 459 5600 essenon
475 5538 663 5614 ignorasset3
681 5534 773 5611 idque
784 5547 819 5591 ea
833 5529 965 5602 ratione,
982 5527 1062 5604 quod

315 5633 517 5694 interdictum
553 5629 636 5690 derue
663 5629 695 5688 ei
723 5626 839 5686 directe
856 5621 1062 5700 ‘propesitum

315 5726 416 5788 luerat
437 5727 583 5786 adversus
610 5737 702 5796 eum,
725 5719 779 5798 qui
800 5717 865 5777 vim
887 5713 1060 5775 intulisset:

320 5819 403 5881 Unde
426 5822 463 5879 tu
495 5817 589 5880 ilium
618 5817 650 5878 ei
680 5811 835 5877 demsisti.
869 5806 979 5884 Magne
1011 5806 1064 5867 illo

316 5913 456 5974 Pontifici
480 5926 590 5991 parum
611 5918 678 5972 tuta
693 5909 757 5969 visa
772 5912 818 5967 est
840 5905 914 5965 baec
935 5899 1010 5961 iuris
1025 5900 1065 5960 ei-

1108 765 1195 828 dium
1215 769 1391 845 possessorii
1418 768 1501 830 Unde
1515 771 1547 831 ei
1570 771 1672 833 lecum
1686 770 1779 832 etiam
1799 769 1853 832 ba-

1109 861 1195 922 beret
1217 861 1362 925 adversus
1383 862 1484 938 illum,
1501 864 1553 942 qni
1576 863 1710 943 spolium
1725 864 1852 942 quidem

1109 969 1172 1015 non
1195 953 1402 1031 commiserat,
1425 958 1477 1019 sed
1502 971 1581 1032 rem,
1604 973 1696 1036 quarn
1720 956 1851 1020 alienam

1108 1064 1141 1109 ac
1156 1048 1239 1110 lurto
1250 1048 1402 1112 sublatam
1413 1065 1479 1111 esse
1491 1065 1554 1112 nou
1566 1050 1738 1127 ignorabat,
1754 1069 1770 1114 a
1784 1069 1853 1132 spe-

1108 1142 1216 1204 lietere
1238 1149 1391 1205 mercatus
1411 1141 1526 1204 iuerat:
1550 1159 1614 1204 nen
1636 1142 1782 1206 obstante
1802 1146 1852 1207 ire

1110 1237 1156 1296 ris
1178 1235 1285 1297 ciuilis
1316 1236 1431 1314 ripere,
1462 1235 1640 1310 sancimus,
1670 1245 1708 1300 ut
1729 1238 1759 1300 si
1780 1240 1852 1318 puis

1109 1330 1145 1392 de
1166 1335 1289 1392 caetere
1311 1330 1449 1392 scienter
1475 1347 1540 1392 rem
1564 1332 1659 1394 tatem
1680 1333 1850 1412 acceperit,

1109 1439 1205 1501 quum
1235 1423 1405 1502 spoliatori
1437 1425 1532 1504 qnasi
1566 1426 1716 1489 succedet
1746 1431 1781 1489 iu
1807 1429 1854 1488 oi·

1110 1517 1288 1585 tiamne,
1317 1523 1431 1580 centra
1456 1535 1661 1597 possessorem
1683 1525 1714 1581 et
1740 1519 1854 1583 buius·

1108 1610 1193 1671 medi
1225 1609 1363 1689 spoliate
1397 1627 1454 1689 per
1490 1611 1712 1674 restitutionis
1744 1611 1853 1694 beneti-

1109 1703 1195 1765 cium
1215 1710 1455 1778 succurretur,·
1480 1711 1571 1784 atque
1597 1713 1780 1783 sequentem
1803 1709 1855 1769 de·

1108 1798 1183 1860 creti
1205 1798 1251 1858 sui
1275 1797 1379 1859 attulit
1401 1799 1569 1860 rationem:
1601 1801 1645 1860 Le
1667 1800 1749 1878 pueri
1769 1801 1853 1862 mut·

1110 1900 1177 1954 tum
1200 1891 1347 1964 intersit,
1373 1889 1475 1968 quaed
1506 1892 1688 1968 periculum
1713 1894 1851 1966 animae,

1109 1985 1232 2048 iniuste
1253 1982 1410 2055 detinere,
1433 1987 1494 2045 atti
1518 1983 1669 2046 incedere
1696 1986 1852 2049 alienum.

1109 2081 1170 2142 llec
1192 2079 1325 2157 denique
1354 2078 1487 2157 postulat
1514 2079 1653 2141 canonici
1685 2080 1761 2141 iuris
1786 2081 1856 2142 ada-

1109 2175 1214 2252 gium,
1247 2173 1328 2251 qued
1356 2177 1401 2233 est
1432 2170 1467 2231 io
1499 2171 1575 2233 Cen.
1609 2171 1770 2249 Rapinium
1799 2173 1850 2248 14,

1108 2271 1229 2346 quaest.
1247 2269 1281 2337 5,
1299 2263 1349 2326 ubi
1365 2265 1408 2326 sic
1422 2263 1554 2340 legitur:
1580 2264 1740 2341 Ropinom
1755 2283 1855 2328 enuere

1109 2361 1277 2433 nonlicet,
1302 2359 1426 2420 nisiae
1453 2357 1645 2430 intentione,
1668 2363 1707 2420 ut
1732 2359 1787 2421 cui
1808 2366 1854 2423 ιιι

1108 2453 1230 2525 obtato,
1255 2452 1422 2515 reddetur.

1149 2546 1236 2622 523.
1260 2543 1292 2607 Si
1314 2543 1417 2606 autem
1440 2561 1485 2620 ea,
1509 2559 1584 2624 quae
1607 2545 1755 2608 hactenus
1777 2547 1855 2610 dicta
1883 2558 2089 2623 eramusmae-

1108 2649 1194 2714 sunt,
1217 2639 1320 2701 lecum
1354 2638 1470 2700 babent
1493 2639 1525 2698 iu
1554 2655 1624 2699 casu
1653 2655 1778 2714 eorurn,
1802 2642 1855 2719 qui
1874 2617 2089 2713 {gaffssisscoffi‘ii

1111 2734 1220 2796 lundes
1250 2730 1287 2793 alt
1316 2730 1440 2792 iniustis
1467 2730 1661 2793 invasoribus
1693 2741 1855 2813 occupatos
1875 2721 1984 2832 wig?
2004 2730 2088 2818 833ξί

1109 2832 1274 2900 'emerunt3
1296 2830 1327 2885 et
1349 2824 1381 2884 bi
1403 2821 1529 2902 quidem
1561 2823 1640 2898 illos,
1664 2825 1751 2888 nullo
1772 2843 1856 2889 rece-
1875 2837 1932 2874 rum
1947 2824 2033 2873 ⁰⁰⁶¹&

1110 2926 1162 2997 pto
1183 2917 1296 2996 pretio,
1323 2916 1489 2978 restituere
1522 2923 1688 2994 tenentur3
1721 2935 1855 2996 quanam

1110 3011 1308 3073 excusatione
1328 3008 1411 3070 tueri
1433 3023 1466 3069 se
1489 3016 1636 3086 poterunt
1650 3011 1700 3071 alii
1717 3010 1773 3086 illi,
1789 3014 1854 3091 qui,

1111 3112 1145 3166 nt
1156 3102 1251 3164 reiert
1264 3100 1518 3179 archiepiscopus
1528 3101 1755 3180 antibarensis,
1767 3120 1856 3182 agros

1110 3205 1141 3260 et
1162 3196 1273 3258 landos
1293 3195 1329 3256 ad
1349 3193 1491 3256 ecciesiae
1512 3200 1543 3255 et
1565 3196 1751 3258 monasteria
1772 3213 1858 3276 spec-

1112 3299 1224 3364 tantes,
1248 3287 1303 3367 ipsi
1326 3286 1435 3349 lurtim
1458 3287 1656 3364 invaserunt,
1681 3297 1712 3351 et
1732 3306 1787 3368 per
1808 3306 1858 3354 ee·

1111 3383 1265 3444 caslonem
1291 3379 1477 3442 adiacentiae
1498 3385 1550 3440 aut
1576 3379 1744 3443 vicinitatis
1767 3400 1858 3444 usur-

1112 3475 1242 3554 paruntt
1263 3473 1422 3548 Quomodo
1444 3471 1474 3532 bi
1496 3471 1533 3533 ab
1558 3472 1748 3550 obligatione
1769 3477 1857 3538 resti·

1113 3567 1251 3641 tutionis
1268 3581 1328 3644 qua
1343 3563 1505 3626 manileste
1522 3574 1681 3643 tenentur,
1693 3584 1726 3629 se
1741 3570 1858 3631 enime-

1111 3678 1146 3723 re
1177 3661 1343 3739 poteruntt
1373 3657 1471 3734 Leges
1500 3659 1606 3720 civiles
1637 3662 1869 3740 usucapionem·
1904 3678 2089 3776 ntnrvusucassv

1113 3754 1197 3830 longi
1220 3750 1369 3829 temperis
1390 3751 1421 3813 in
1438 3751 1529 3813 rebus
1550 3751 1685 3828 furtivis,
1702 3755 1741 3816 ob
1761 3756 1858 3818 malae
1877 3737 2091 3842 {giesi‘iffssg'i,l

1115 3847 1182 3907 lidei
1204 3845 1331 3919 vitium,
1354 3859 1549 3922 nequaquam
1571 3846 1752 3912 admittunt.
1778 3849 1857 3912 Cum
1878 3837 2090 3890 consenueran-

1113 3949 1217 4001 autem
1238 3938 1321 4000 inter
1341 3937 1485 4014 antiques
1502 3937 1669 4015 prudentes
1690 3949 1755 4002 orta
1778 3950 1858 4004 esset
1877 3891 2013 3992 zrirtiffnilnpg
2029 3890 2091 4001 333!

1113 4031 1263 4111 quaestio,
1286 4047 1324 4091 an
1346 4031 1466 4092 lurtum
1489 4031 1521 4092 in
1542 4031 1614 4092 selis
1629 4033 1721 4094 rebus
1736 4035 1858 4097 mobili·
1877 4003 2089 4107 piusnbcffierempe

1114 4129 1181 4195 bus,
1204 4141 1243 4187 au
1266 4124 1455 4185 nemetiam
1477 4123 1509 4185 in
1532 4124 1622 4187 rebus
1647 4126 1859 4191 immobilibus

1115 4222 1216 4280 lecum
1245 4216 1390 4293 baberet3
1413 4231 1548 4296 cumque
1573 4233 1683 4280 eorum
1712 4220 1859 4285 valuisset

1113 4312 1227 4391 opinio,
1250 4310 1301 4388 qni
1324 4310 1511 4387 asserebant,
1538 4312 1659 4375 lurtum
1680 4313 1716 4375 de
1740 4317 1860 4378 mobili·

1115 4406 1170 4466 bus
1192 4405 1407 4466 tantummode
1423 4403 1662 4482 intelligendum
1678 4424 1759 4485 esse3
1782 4411 1862 4473 ulte

1115 4498 1178 4560 rius
1199 4495 1311 4558 deinde
1332 4499 1498 4577 progressi,
1517 4501 1550 4561 in
1572 4517 1609 4564 ee
1630 4513 1859 4581 convenerunt,

1116 4599 1149 4652 ut
1169 4591 1196 4651 si
1216 4591 1297 4667 quis,
1321 4592 1434 4670 absque
1455 4594 1498 4668 vi,
1519 4595 1590 4658 licet
1612 4597 1691 4659 mala
1713 4598 1786 4674 tide,
1809 4600 1862 4660 ali-

1114 4685 1201 4746 cuius
1222 4684 1268 4744 rei
1289 4685 1457 4748 immobilis
1475 4693 1696 4766 possessionem
1719 4709 1863 4771 usurpas-

1114 4785 1172 4853 set,
1186 4792 1249 4838 non
1265 4777 1328 4855 ipse
1343 4780 1468 4856 quidem
1485 4791 1586 4862 posset
1601 4786 1779 4850 huiusmodi
1794 4803 1862 4848 rem

1116 4871 1301 4949 usucapione
1315 4887 1402 4932 suam
1415 4872 1524 4951 lacere,
1537 4886 1638 4955 posset
1654 4887 1758 4941 tamen
1770 4880 1860 4956 alius,

1115 4963 1170 5043 qui
1191 4964 1228 5024 ab
1249 4964 1314 5041 ipse
1341 4981 1408 5026 rem
1432 4967 1522 5030 illam
1544 4971 1624 5033 bona
1653 4972 1713 5034 lide
1733 4973 1862 5051 accepis·

1116 5064 1180 5133 set3
1203 5063 1238 5118 ιιι
1259 5057 1366 5118 videre
1387 5067 1433 5120 est
1455 5060 1490 5122 in
1511 5065 1545 5124 L.
1569 5065 1701 5145 suetum
1721 5063 1775 5137 37,
1793 5065 1812 5140 5
1830 5068 1861 5137 1,

1117 5165 1149 5210 ac
1171 5148 1206 5210 in
1229 5151 1263 5210 L.
1280 5166 1364 5227 sequ.
1376 5150 1410 5231 ιῙ.
1429 5153 1465 5216 de
1490 5155 1637 5234 dsecap,
1653 5165 1744 5235 atque
1767 5159 1799 5220 in
1814 5159 1862 5220 ln-

1116 5242 1329 5305 stitutienibus
1351 5246 1513 5309 iustiniani
1536 5250 1640 5312 eedem
1669 5251 1779 5314 titulo.
1804 5251 1862 5316 Sed

1119 5351 1220 5414 neque
1241 5336 1290 5396 bic
1304 5339 1442 5402 substitit
1463 5343 1665 5406 immoderata
1681 5344 1789 5408 laxitas
1810 5361 1848 5408 au

1118 5437 1240 5492 etorum
1262 5429 1338 5491 iuris
1366 5433 1476 5510 civilis,
1500 5436 1565 5514 qui,
1588 5436 1623 5497 ad
1650 5438 1863 5500 inducendum

1121 5523 1312 5600 usucapionis
1344 5524 1403 5602 ins,
1430 5528 1502 5589 satis
1528 5529 1717 5604 babuerunt,
1751 5531 1864 5593 bonam

1120 5615 1213 5676 iidem
1236 5615 1326 5678 initio
1345 5618 1472 5697 adeptae
1494 5623 1691 5699 possessionis
1712 5623 1864 5702 adluisse3

1122 5724 1228 5787 parum
1249 5709 1385 5788 solliciti,
1401 5714 1426 5774 si
1441 5715 1521 5777 mala
1536 5716 1611 5778 fides
1626 5717 1738 5780 deinde
1759 5734 1866 5796 super·

1119 5803 1272 5880 venisset3
1295 5812 1330 5864 ut
1351 5807 1456 5869 videre
1478 5808 1550 5871 licet
1571 5809 1607 5872 iu
1622 5809 1657 5870 L.
1675 5810 1735 5884 48,
1751 5813 1769 5886 5
1786 5809 1817 5882 1,
1829 5811 1863 5891 ιι.

1119 5897 1154 5958 dc
1176 5898 1370 5974 acquirendo
1397 5917 1508 5964 rerum
1535 5903 1686 5978 dominio,
1715 5913 1745 5968 ct
1770 5905 1806 5968 in
1829 5906 1864 5966 L.
