4732 7014
1736 549 1773 612 37
1826 549 1879 605 An.
1894 550 1923 602 Ο.
1946 549 2012 600 1741

74 579 110 628 fn.
121 573 144 625 C.
162 566 220 618 ΠΗ
882 573 1077 620 nauanlc'rtts
1099 573 1161 618 XIV.

289 700 310 774 ἓ
333 699 358 760 l.
383 697 544 776 Siquidem
566 695 759 758 matrimonii
780 694 886 757 foedus
906 693 998 756 alteo

250 793 444 864 institutum,
470 792 563 870 quod,
580 797 611 854 et
633 796 783 868 quatenus
806 794 934 849 naturae
955 785 999 848 of-

249 886 357 948 ficium
392 893 458 958 est,
487 899 543 962 pro
570 883 746 946 educandae
774 881 869 959 prolis
897 879 998 943 studio

249 978 381 1056 aliisque
403 976 597 1039 matrimonii
624 975 711 1038 banis
732 974 907 1050 servandis,
930 989 997 1053 per-

248 1081 381 1150 petuum
401 1079 432 1132 et
449 1067 663 1132 indissolubile
684 1085 749 1130 esse
771 1067 928 1142 convenit,
953 1075 994 1142 et,
1091 1065 1110 1140 ἕ
1131 1065 1160 1126 2.
1184 1066 1367 1130 Huiusmodi
1390 1074 1493 1129 autem
1508 1065 1674 1129 abolendae
1695 1062 1794 1143 pravi-

248 1173 405 1250 quatenus
427 1170 474 1225 est
485 1161 650 1225 catholicae
667 1161 811 1225 ecclesiae
824 1177 997 1222 sacramen·
1023 1204 1026 1259 ,
1051 1159 1122 1220 tatis
1144 1160 1253 1222 notitia
1275 1160 1404 1223 diversis
1426 1177 1464 1222 err
1485 1159 1622 1237 paulillus
1643 1157 1730 1220 nobis
1745 1159 1795 1220 de-

247 1267 330 1332 lum,
352 1258 490 1319 humana
512 1255 765 1334 praesumptione
785 1253 909 1316 dissolvi
933 1269 997 1316 non
1023 1264 1025 1287 ¹
1051 1251 1109 1314 lata
1131 1262 1189 1328 est,
1201 1263 1299 1332 atque
1313 1255 1407 1316 etiam
1422 1254 1551 1317 indicata
1566 1261 1640 1315 sunt
1654 1251 1794 1329 exempla

247 1365 349 1429 posse,
373 1349 515 1413 Salvator
536 1349 598 1426 ipse
621 1365 674 1411 ore
695 1364 750 1410 suo
779 1348 997 1428 pronunciavit
1023 1326 1026 1349 '
1051 1345 1278 1410 nonnullorum
1300 1349 1457 1422 virorum,
1480 1346 1532 1426 qui
1554 1354 1622 1424 post
1649 1344 1794 1424 primam,

246 1444 369 1506 dicens:
398 1441 486 1518 Quod
507 1443 591 1504 Deus
609 1443 798 1514 coniurauit,
822 1441 912 1502 bomo
934 1457 997 1501 nou
1023 1448 1025 1519 l
1051 1455 1081 1502 et
1102 1440 1280 1518 secundam,
1303 1459 1336 1504 ac
1357 1443 1492 1516 tertiam,
1515 1457 1607 1521 quam
1630 1441 1793 1512 duxerant,

244 1544 393 1614 separet·
414 1537 449 1598 ad
472 1553 561 1598 aures
587 1535 772 1613 apostolatus
801 1535 899 1596 nostri
930 1550 997 1612 per·
1023 1530 1025 1599 l
1051 1549 1193 1610 uxorem,
1216 1534 1255 1594 ob
1288 1535 1416 1597 nimiam
1439 1534 1574 1598 indicum
1596 1532 1796 1612 praecipitan-

245 1632 347 1706 venil,
365 1632 397 1693 in
413 1630 598 1708 quibusdam
613 1629 822 1691 ecclesiasticis
843 1629 935 1691 curiis
952 1629 997 1689 iu·
1024 1624 1025 1695 l
1052 1626 1126 1687 tiam
1142 1627 1174 1687 in
1190 1628 1333 1690 nullitate
1354 1628 1625 1690 matrimoniorum
1641 1627 1795 1690 declaran-

245 1725 390 1790 consulta
412 1726 507 1787 nimis
529 1725 666 1786 iudicum
688 1722 831 1785 facilitate
853 1720 995 1798 infringi,
1023 1720 1025 1787 l
1051 1721 1099 1793 da,
1129 1719 1227 1782 adbuc
1256 1720 1317 1781 illis
1346 1721 1453 1799 primis
1480 1720 1628 1782 uxoribus
1649 1719 1796 1802 supersti-

244 1826 275 1880 et
299 1826 421 1880 temere
442 1827 534 1896 atque
561 1816 788 1879 inconsiderate
809 1815 846 1876 de
872 1829 998 1876 eorum·
1023 1818 1025 1843 ³
1053 1813 1144 1887 tibus,
1166 1814 1199 1873 ad
1223 1821 1345 1892 quartas
1363 1815 1586 1876 contrahendas
1607 1813 1731 1890 nuptias
1746 1814 1796 1874 de·

244 1912 318 1974 dem
341 1911 617 1973 matrimoniorum
632 1908 775 1971 nullitate
790 1907 856 1970 latis
871 1915 996 1970 senten·
1023 1951 1025 1966 .
1051 1916 1219 1984 venerant3
1249 1915 1279 1969 et
1299 1909 1445 1973 similiter
1472 1907 1691 1982 foeminarum,
1718 1922 1796 1984 quae

244 2005 310 2079 tiis,
327 2011 514 2083 potestatem
529 2002 713 2078 coniugibus
730 2001 797 2062 fieri
819 2001 997 2063 transeundi
1023 2013 1025 2043 ‡
1051 2008 1118 2077 post
1139 2002 1296 2078 primurn,
1318 2002 1508 2076 secundum,
1532 2010 1562 2062 et
1585 2000 1712 2062 tertium
1733 2015 1797 2060 rna·

242 2097 279 2159 ad
302 2097 363 2160 alia
384 2105 466 2160 vota.
490 2097 570 2172 Quos
591 2111 664 2156 sane
679 2095 867 2172 improvidos
882 2093 997 2156 iudices
1023 2108 1025 2117 ’
1051 2092 1159 2169 ritum,
1182 2103 1290 2172 quarto
1312 2095 1417 2169 etiam,
1434 2094 1494 2155 illis
1516 2109 1639 2172 quoque
1661 2093 1795 2154 viventi-

242 2191 403 2253 bumanae
426 2197 554 2252 naturae
575 2187 754 2250 conditione
781 2195 812 2248 et
837 2203 912 2248 voce
934 2187 996 2264 ipsa
1023 2164 1024 2259 l
1051 2184 1122 2260 bus,
1143 2201 1176 2246 se
1204 2187 1388 2261 iunxerant,
1417 2203 1481 2249 non
1511 2188 1578 2249 sine
1610 2185 1795 2265 pusillorum

242 2283 474 2362 quodammodo
496 2281 655 2344 admoneri
678 2280 849 2358 oportebat,
872 2295 911 2341 ne
934 2289 995 2342 tarn
1023 2268 1024 2299 ¹
1049 2280 1200 2354 scandalo,
1213 2287 1243 2340 et
1258 2279 1413 2342 bonorum
1424 2280 1567 2342 omnium
1579 2279 1794 2352 detestatione,

241 2377 406 2454 praecipiti
428 2376 548 2439 audacia
571 2384 714 2436 sanctum
736 2373 927 2434 matrimonii
944 2388 996 2434 ne·
1022 2413 1024 2459 3
1050 2373 1101 2451 qui
1122 2390 1205 2435 sacra
1226 2374 1417 2446 matrimonii
1440 2373 1564 2435 vincula
1580 2374 1621 2435 ita
1636 2371 1795 2434 contemni

240 2485 320 2530 unm
342 2469 540 2546 frangerent,
569 2483 665 2545 quern
689 2475 876 2546 perpetuum
904 2475 996 2545 atque
1022 2496 1024 2505 ·
1049 2475 1080 2528 et
1103 2475 1219 2528 temere
1241 2466 1393 2544 perfringi
1415 2466 1568 2528 dolebant.
1593 2465 1653 2527 Nos
1676 2472 1793 2538 autem,

239 2561 497 2624 indissolubilem
518 2561 638 2640 primus
659 2560 788 2622 humani
802 2559 924 2636 generis
946 2575 997 2638 pa·
1022 2581 1023 2590 ¹
1043 2559 1095 2620 his
1117 2559 1295 2634 intellectis,
1319 2559 1404 2637 gravi
1433 2560 1532 2622 affecti
1554 2560 1659 2621 dolore
1683 2557 1794 2620 intimo

240 2671 315 2716 rens
338 2655 538 2733 praemonuit
567 2655 726 2734 inquiens:
760 2654 822 2715 tloc
850 2667 940 2713 aurae
962 2668 993 2711 os
1048 2652 1151 2712 animo
1167 2653 1392 2728 ingemuimus,
1406 2662 1436 2715 et
1448 2669 1511 2714 non
1526 2651 1795 2730 praetermisimus

238 2766 280 2809 ea
305 2746 433 2810 ossibus
455 2749 544 2819 mais,
562 2753 591 2810 et
613 2763 687 2810 coro
703 2746 846 2808 decarne
867 2762 946 2817 mea,
963 2753 994 2806 et
1049 2745 1230 2824 apostalicae
1251 2754 1373 2808 nostrae
1401 2745 1617 2810 sollicitudinis
1638 2752 1738 2823 partes
1760 2743 1793 2806 in

1053 671 1129 754 illud
1149 691 1287 755 additum
1309 697 1371 756 est:
1400 687 1607 765 Quamobrem
1637 690 1794 782 relinquet

1052 784 1141 846 bomo
1169 793 1293 862 patrem
1324 801 1420 848 suum
1451 791 1481 846 et
1506 791 1659 856 matram,
1689 789 1718 843 et
1740 781 1795 845 ad·

1052 876 1194 942 haerebit
1217 879 1316 941 uacari
1330 895 1419 950 suae,
1435 885 1466 940 et
1481 885 1579 940 eruat
1594 877 1657 940 duo
1674 876 1708 938 iu
1724 893 1794 938 rar-

1052 986 1090 1031 ue
1111 987 1189 1034 uua.

236 2949 333 2992 utrum
349 2948 386 2994 sit
400 2947 554 3006 impotentia
569 2949 696 3006 perpetua
710 2947 865 2993 insanabilis
879 2957 909 2992 ac
919 2956 991 3002 prae
1017 2950 1019 2963 ¹
1045 2945 1081 2992 lia
1096 2946 1229 3003 supersint
1250 2947 1326 3003 signa
1347 2949 1373 2992 et
1390 2949 1548 3003 argumenta
1570 2944 1730 3000 intemerati,
1745 2945 1793 2990 aut

235 3014 334 3059 cedens
350 3014 560 3070 matrimonium,
570 3025 604 3060 an
614 3015 690 3070 signa
701 3012 872 3070 impotentiae
882 3012 936 3058 sint
947 3012 991 3056 du·
1017 3011 1019 3077 ζ
1045 3014 1163 3070 corrupti
1176 3013 1288 3059 claustri
1302 3013 1450 3070 virginalis,
1465 3015 1492 3058 et
1506 3023 1540 3059 an
1550 3013 1606 3058 ulla
1615 3013 1687 3070 frans
1698 3012 1731 3057 ad
1743 3010 1793 3055 vir·

235 3081 279 3127 bia
295 3083 340 3127 vel
355 3082 504 3140 aequivoca.
1017 3080 1018 3110 l
1045 3079 1185 3136 ginitatem
1206 3080 1383 3126 simulandam
1404 3079 1525 3126 adhiberi
1545 3079 1669 3137 potuerit.
1694 3077 1791 3123 Deinde

275 3151 391 3194 Peracta
400 3147 674 3204 relationeasingulis
684 3147 802 3199 seorsim.
810 3147 930 3192 defensor
939 3155 990 3190 ma·
1017 3122 1019 3191 l
1045 3158 1123 3204 super
1137 3147 1179 3192 his
1193 3146 1279 3204 magis
1297 3147 1413 3204 praecise
1434 3146 1604 3204 deponentia
1619 3144 1792 3203 responsioni-

235 3216 363 3261 trimonii
377 3215 511 3262 exhibebit
529 3215 735 3272 interrogatoria
748 3215 847 3269 clausa,
862 3213 989 3270 sigillata,
1045 3215 1093 3260 bus
1107 3215 1140 3259 ad
1155 3213 1371 3271 interrogatoria,
1386 3225 1453 3271 quae
1467 3214 1557 3260 clausa
1568 3214 1594 3258 et
1603 3213 1742 3270 obsignata
1752 3224 1793 3256 ex·

234 3294 318 3339 super
332 3283 430 3340 quibus
445 3283 504 3328 deri
517 3282 594 3328 dehet
603 3293 711 3328 examen
722 3281 877 3338 peritorum,
888 3279 990 3336 sibique
1045 3281 1145 3326 hibebit
1159 3281 1279 3327 defensor
1293 3281 1439 3327 validitatis
1455 3280 1627 3326 matrimonii.
1638 3280 1734 3326 Deinde
1743 3279 1793 3325 for-

234 3351 387 3396 reserrabit
403 3349 444 3396 ius
465 3350 576 3396 addendi
596 3349 649 3396 alia
670 3347 885 3404 interrogatoria,
900 3347 991 3393 acite

234 3429 297 3461 rum
313 3429 347 3463 ea
361 3419 395 3463 ad
409 3429 518 3464 examen
540 3416 684 3463 revocandi.
707 3415 733 3461 si
746 3427 856 3462 examen
875 3415 988 3472 singulo

234 3496 295 3530 rum
311 3486 463 3542 peritorum
478 3485 568 3530 eadem
583 3484 625 3529 die
639 3483 730 3540 perfici
743 3483 901 3540 nequiverit,
912 3481 989 3528 iudex

234 3551 319 3598 aliam
336 3551 408 3596 diem
422 3551 580 3608 designabit,
594 3552 624 3596 ut
639 3550 706 3595 illud
720 3552 903 3607 prosequatur.
919 3551 990 3594 Uter-

234 3631 285 3676 que
301 3631 335 3663 ex
351 3618 443 3676 peritis
459 3621 515 3664 tum
529 3620 592 3663 ante
605 3629 715 3664 exarrren
726 3616 907 3662 iuramentum
918 3627 990 3673 prae·

235 3685 319 3732 stabit
334 3686 367 3730 de
382 3685 495 3730 veritate
515 3685 632 3738 dicenda,
646 3685 703 3729 turn
718 3687 777 3741 post
797 3693 906 3748 examen
921 3683 991 3728 iura-

235 3757 327 3799 mento
349 3753 421 3798 dicta
441 3752 617 3806 confirmabit,
631 3763 687 3796 sese
709 3750 816 3807 propria
837 3761 916 3794 rnanu
930 3750 990 3795 ‘sub-

235 3820 373 3875 scribens3
389 3818 475 3874 iudex,
487 3817 610 3864 defensor
624 3818 770 3864 validitatis
785 3817 948 3863 matrimonii
964 3819 989 3862 et

235 3885 415 3932 macellarius
430 3897 457 3930 se
472 3885 645 3940 subscribent,
659 3885 705 3942 qui
719 3887 808 3930 actum
823 3884 934 3941 rogabit.
983 3913 988 3926 .

274 3953 474 3998 Procedendum
489 3953 569 3998 etiam
585 3953 637 3998 erit
651 3952 684 3997 ad
699 3951 887 4008 inspectionem
903 3961 990 4008 corpe

235 4019 273 4064 ris
288 4018 421 4065 mulieris.
437 4020 525 4074 ludex,
536 4022 566 4065 ut
581 4020 771 4076 supradictum
786 4020 826 4064 est
840 4019 872 4064 de
886 4017 988 4076 peritis,

235 4089 289 4132 tres
311 4087 411 4133 saltem
432 4086 587 4133 obstetrices
606 4084 755 4143 deputabit,
776 4095 843 4143 quae
857 4096 873 4130 a
887 4085 988 4129 duobus

236 4154 334 4198 saltem
356 4153 450 4211 peritis
469 4165 522 4199 uno
543 4153 643 4199 medico
662 4156 688 4198 et
703 4153 789 4198 altero
809 4152 944 4208 chirurgo,
958 4155 988 4197 ut

235 4231 318 4277 supra
333 4219 486 4276 seligendis,
500 4221 592 4266 sedulo
605 4221 684 4265 erunt
699 4219 870 4264 instruendae
879 4220 910 4264 de
920 4230 989 4264 reco-

235 4287 387 4342 gnoscendo
401 4287 459 4333 visu
473 4290 500 4332 et
514 4290 587 4332 tactu
598 4287 625 4332 in
636 4287 807 4332 muliebrium
819 4285 986 4343 inspectione.

236 4357 348 4400 statuta
368 4357 458 4400 autern
481 4355 560 4399 huius
582 4353 751 4410 inspectionis
765 4353 807 4398 die
825 4353 923 4398 ntulier
936 4353 988 4398 erit

236 4419 402 4466 traducenda
415 4421 448 4466 ad
462 4421 569 4465 domum
590 4421 716 4465 honestae
737 4423 874 4466 matronae
888 4420 988 4477 pariter

236 4487 352 4532 aiudice
362 4488 526 4544 deputandae
535 4499 582 4543 pro
592 4485 759 4543 infrascripta
768 4487 925 4543 praestanda
933 4497 989 4543 per-

236 4553 324 4600 sonali
338 4553 502 4610 adsistentia,
512 4549 599 4610 atque,
610 4553 778 4598 adstantibus
789 4565 892 4610 semper
901 4553 987 4599 tribus

237 4621 428 4668 obstetricibus
442 4623 469 4666 et
483 4624 613 4676 matrona,
628 4621 810 4676 immergenda
828 4620 879 4666 erit
894 4620 920 4665 in
936 4621 988 4666 bal·

237 4701 285 4734 neo
299 4699 388 4746 aquae
407 4687 519 4745 tepentis
533 4700 550 4733 a
564 4687 657 4744 peritis
678 4687 751 4744 prius
773 4688 988 4744 recognoscendo,

236 4756 306 4813 quod
322 4755 360 4800 sit
373 4766 457 4812 aquae
477 4766 568 4812 purae,
582 4765 634 4812 quo
648 4754 676 4798 in
690 4755 784 4800 balneo
805 4766 850 4811 per
871 4754 987 4811 spatium

237 4823 336 4870 saltem
352 4822 435 4868 trium
449 4821 638 4879 quadrantium
653 4821 734 4866 horae
745 4821 823 4866 unius
834 4831 988 4878 permanere

236 4889 360 4936 debebit:
381 4901 433 4946 quo
448 4891 565 4946 tempore
586 4890 729 4943 transacto,
743 4887 909 4934 adstantibus
924 4899 989 4933 sem-

237 4969 283 5014 per
297 4959 327 5002 et
342 4955 525 5013 praesentibus
546 4957 668 5001 matrona
683 4956 709 4999 et
729 4954 922 5009 obstetricibus,
938 4958 989 5000 sta·

237 5023 285 5067 tim
311 5035 346 5068 ne
364 5022 450 5067 ullum
472 5023 587 5079 spatium
608 5024 655 5067 aut
677 5025 839 5066 momentum
861 5021 987 5078 temperis

239 5089 349 5136 mulieri
363 5089 449 5144 detur,
464 5100 516 5146 quo
529 5089 562 5133 ad
576 5088 732 5133 arctandum
748 5097 793 5133 vas
809 5087 864 5132 ullo
878 5087 988 5133 medica·

238 5158 330 5202 mento
344 5157 392 5202 aut
410 5155 500 5212 aliqua
518 5155 610 5200 fraude
628 5154 669 5199 uti
687 5157 775 5210 queat,
789 5155 821 5200 ad
837 5155 919 5210 ipsius
934 5166 987 5200 cor·

238 5223 309 5280 poris
324 5222 514 5280 inspectionem
527 5221 666 5278 asingulis
676 5220 786 5266 seorsim
797 5221 985 5266 deveniendum

238 5290 297 5346 erit,
312 5290 437 5334 adstante
458 5299 561 5346 semper
575 5292 601 5333 et
618 5291 756 5345 praesente
777 5290 913 5342 matrona:
935 5302 987 5348 qua

240 5355 265 5400 iu
279 5368 310 5400 re
325 5355 536 5413 prospiciendum
551 5355 641 5410 etiam,
656 5357 686 5401 ut
700 5357 764 5401 haec
779 5355 925 5412 recognitio
940 5356 986 5402 nat

241 5425 358 5481 tempore
373 5424 477 5468 tantum
492 5423 587 5468 diurno
602 5425 628 5467 et
637 5423 665 5466 in
675 5422 795 5468 cubiculo
805 5423 946 5478 launinoso,
957 5426 986 5470 ut

240 5500 269 5534 ex
283 5489 446 5546 inspectione
467 5488 619 5534 huiusmodi
631 5492 723 5534 utrum
742 5489 840 5535 mulier
854 5489 928 5547 virgo
943 5490 985 5545 sit,

240 5567 272 5600 an
286 5556 387 5602 violata
401 5557 427 5601 et
441 5559 573 5613 corrupta,
587 5555 714 5602 adhibitis
735 5556 802 5602 artis
822 5557 932 5614 regulis,
946 5569 987 5603 ex-

240 5623 324 5668 actius
338 5623 556 5679 deprehendatur.
875 5643 878 5649 ¹

277 5689 367 5743 ludex,
382 5689 501 5735 defensor
520 5689 685 5736 matrimonii
699 5693 725 5736 et
739 5690 912 5736 cancellarius
926 5702 986 5737 cum

241 5757 341 5813 peritis,
359 5760 388 5802 ut
406 5767 495 5815 supra,
516 5758 548 5804 ad
569 5758 677 5804 domum
698 5751 836 5804 matronae
856 5759 985 5804 accedent.

242 5827 347 5871 Peracta
362 5825 425 5870 hinc
438 5825 623 5882 recognitione.
638 5825 750 5872 seorsim
769 5825 890 5883 singulae
904 5827 987 5872 obste-

243 5891 320 5937 trices
333 5891 448 5937 referent
461 5893 493 5938 de
507 5893 679 5950 virginitatis,
693 5895 740 5947 art
754 5893 938 5950 corruptionis,
949 5894 986 5939 in·

243 5957 314 6004 dictis
327 5960 361 6006 ab
376 5959 536 6018 inspectione
550 5959 749 6017 resultantibus,
759 5971 793 6007 an
807 5963 879 6007 certa
888 5963 914 6008 et
924 5972 986 6019 qua·

1045 3348 1108 3392 mali
1123 3347 1237 3393 examini
1251 3351 1329 3394 erunt
1351 3347 1506 3394 subiiciendi
1524 3347 1611 3405 periti,
1626 3357 1739 3404 quorum
1754 3347 1793 3392 iu·
1886 3367 1890 3375 ·

1044 3415 1141 3460 dicium
1157 3415 1209 3460 erit
1223 3415 1413 3472 exquirendum
1429 3427 1507 3472 super
1522 3415 1615 3462 relatis
1630 3418 1656 3461 et
1666 3415 1792 3472 depositis

1043 3482 1076 3526 ab
1094 3481 1290 3528 obstetricibus.
1312 3483 1425 3528 Tandem
1447 3493 1556 3528 examen
1578 3483 1667 3528 subire
1689 3483 1793 3528 debebit
1874 3503 1878 3510 ·

1044 3559 1146 3605 quoque
1167 3551 1289 3595 matrona
1309 3549 1395 3606 quoad
1416 3549 1572 3606 praestitam
1592 3553 1648 3595 toto
1663 3549 1751 3596 balnei
1767 3551 1793 3594 et

1044 3615 1231 3672 recognitionis
1246 3618 1363 3674 tempore
1377 3616 1570 3670 adsistentium,
1585 3616 1697 3662 servatis
1707 3618 1792 3674 quoad

1043 3693 1152 3727 examen
1166 3683 1200 3727 iis
1215 3684 1337 3728 omuibus
1351 3695 1417 3740 qaue
1430 3684 1555 3741 superius
1570 3684 1640 3729 dicta
1655 3687 1725 3740 sunt,
1736 3695 1793 3728 con·

1043 3759 1110 3804 grna
1125 3753 1214 3795 tamen
1229 3751 1352 3807 congruis
1367 3750 1509 3796 referendo.

1084 3821 1217 3867 Quatenus
1232 3817 1361 3862 defensori
1376 3817 1539 3862 matrimonii
1554 3816 1628 3863 nulla
1638 3816 1692 3863 alia
1702 3817 1793 3874 proba·

1043 3882 1081 3927 tio
1095 3884 1255 3939 exquirenda
1269 3883 1398 3939 videatur,
1414 3885 1568 3940 nullamque
1578 3887 1653 3941 putet
1663 3884 1744 3930 aliam
1755 3883 1793 3928 in-

1042 3949 1090 3993 dex
1106 3961 1168 4006 prae
1183 3961 1232 3996 saa
1245 3950 1386 4008 diligentia
1400 3951 1595 4006 assumendam,
1607 3950 1667 3996 tlnis
1677 3951 1792 4008 impone·

1044 4019 1088 4062 tur
1101 4017 1286 4074 probationum
1300 4018 1450 4064 collectioni
1463 4021 1489 4064 et
1505 4018 1682 4076 publicabitur
1692 4029 1792 4075 proces·

1043 4095 1096 4139 sus,
1110 4085 1182 4129 edito
1196 4095 1274 4141 super
1289 4086 1337 4130 hoc
1351 4085 1455 4131 decreto
1469 4083 1586 4141 aiudfce,
1596 4085 1723 4142 factisque
1733 4085 1792 4130 sub-

1043 4150 1230 4208 scriptionibus
1245 4152 1277 4196 ab
1299 4163 1338 4206 eo,
1359 4152 1523 4198 adefeusore
1545 4151 1719 4206 matrimonii,
1735 4154 1761 4196 et
1775 4163 1791 4197 a

1042 4221 1207 4267 cancellario.
1223 4225 1290 4267 llaec
1304 4221 1423 4267 habenda
1439 4221 1584 4266 methodus.
1602 4225 1671 4272 Quae
1686 4221 1713 4266 in
1724 4221 1790 4266 actis

1043 4288 1220 4344 continentur,
1240 4287 1339 4334 nemini
1360 4300 1407 4333 nec
1427 4288 1492 4346 ipsis
1514 4287 1619 4345 quidem
1634 4287 1790 4345 coniugibus

1042 4365 1186 4411 eorumque
1200 4354 1379 4400 defensoribus
1400 4358 1480 4400 erunt
1497 4354 1714 4400 communicanda
1728 4357 1790 4400 ante

1042 4433 1179 4478 processus
1189 4422 1402 4480 publicationem,
1413 4433 1465 4467 uno
1475 4425 1582 4479 excepto
1592 4422 1727 4467 defensore
1739 4433 1791 4467 rna-

1043 4489 1171 4543 trimonii‚
1184 4489 1227 4534 cai
1240 4489 1325 4534 libera
1339 4500 1443 4546 semper
1457 4491 1483 4534 et
1504 4489 1721 4546 quandocumque
1737 4487 1789 4534 erit

1042 4557 1162 4600 actorum
1177 4556 1304 4613 inspectio
1318 4559 1344 4601 et
1358 4567 1474 4602 examen.

1082 4625 1163 4668 Lacus
1177 4622 1270 4667 deinde
1284 4622 1336 4667 erit
1354 4623 1554 4668 defensionibus.
1571 4621 1693 4669 Liberum
1709 4622 1789 4668 etiarn

1042 4688 1094 4733 erit
1113 4688 1244 4734 defensori.
1264 4689 1428 4734 matrimonii
1449 4692 1508 4747 post
1524 4701 1660 4746 processus
1676 4689 1791 4746 publica·
1884 4733 1889 4754 ¹

1042 4755 1141 4799 tionem
1156 4766 1236 4800 novas
1254 4755 1422 4811 probationes
1443 4756 1589 4813 exquirere,
1604 4767 1663 4801 cum
1678 4759 1741 4812 agat
1756 4757 1790 4802 fa·

1041 4833 1103 4866 vore
1118 4822 1289 4876 sacramenti,
1303 4825 1330 4866 et
1345 4833 1489 4879 numquam
1504 4823 1566 4868 bina
1586 4821 1717 4868 sententia
1733 4823 1791 4867 nual-

1033 4889 1127 4934 ¹litatis
1142 4888 1281 4934 conformis
1297 4892 1415 4935 transeat
1431 4889 1457 4934 in
1472 4901 1528 4935 rem
1544 4890 1737 4945 indicatumque
1752 4901 1790 4934 re·

1041 4955 1141 5000 assumi
1155 4967 1248 5002 caussa
1263 4956 1345 5014 possit
1366 4956 1445 5002 etiam
1465 4960 1523 5015 post
1537 4957 1617 5003 initas
1632 4969 1712 5004 novas
1727 4969 1790 5014 nup·

1042 5022 1093 5068 tias
1107 5034 1123 5068 a
1137 5022 1265 5080 partibus
1276 5021 1349 5068 iuxta
1358 5024 1493 5070 constitut.
1510 5024 1614 5081 saepius
1625 5024 1732 5070 citatem
1744 5027 1790 5068 Det

1042 5093 1219 5134 acclamatione.

1081 5156 1207 5203 omnibus
1221 5157 1359 5212 absolutis,
1374 5160 1400 5202 et
1414 5167 1474 5202 cum
1489 5157 1527 5202 nil
1539 5159 1654 5216 amplius
1664 5159 1790 5221 deducen-

1041 5224 1103 5268 dum
1114 5224 1246 5269 censuerit
1256 5223 1375 5270 defensor
1383 5225 1557 5280 artatrimonii,
1566 5226 1723 5272 sententiam
1732 5237 1790 5282 pro·

1041 5289 1106 5335 feret
1120 5290 1268 5348 Episcopus.

1077 5353 1106 5402 'Si
1121 5357 1170 5402 hac
1184 5357 1346 5404 matrimonii
1368 5358 1477 5405 nullitas
1488 5357 1597 5406 'decreta
1612 5361 1701 5419 fuerit,
1716 5361 1790 5408 debe-

1041 5423 1079 5469 bit
1096 5415 1220 5470 'defensor
1241 5425 1405 5470 matrimonii
1429 5425 1563 5484 appellare
1582 5426 1657 5474 iuxta
1678 5429 1788 5474 citatam

1040 5491 1264 5547 constitutionem,
1279 5503 1326 5537 nec
1339 5494 1464 5552 poterunt
1478 5493 1602 5552 coniuges
1616 5495 1649 5540 ad
1664 5495 1718 5541 alia
1728 5498 1789 5542 vota

1040 5558 1155 5602 transire
1165 5557 1217 5603 nisi
1227 5561 1284 5616 post
1295 5560 1429 5604 obtentam
1439 5560 1552 5606 alteram
1563 5562 1723 5607 sententiam
1732 5573 1789 5608 con-

1040 5625 1150 5670 formem
1165 5636 1244 5683 super
1264 5625 1395 5680 nullitate,
1410 5627 1459 5671 sub
1473 5627 1562 5682 poeuis
1576 5631 1668 5674 contra
1683 5629 1789 5686 polyga-

1041 5703 1097 5736 nros
1111 5691 1262 5737 constitutis
1276 5692 1303 5736 in
1318 5691 1399 5738 citata
1416 5692 1604 5739 constitutione
1619 5698 1666 5740 Det
1681 5701 1789 5741 misera»

1041 5763 1118 5804 tiarae,
1134 5759 1229 5804 Deinde
1244 5759 1448 5805 transmittenda
1463 5762 1541 5805 erurrt
1551 5762 1609 5805 acta
1619 5762 1652 5806 ab
1662 5762 1788 5820 Episcopo

1040 5827 1073 5872 ad
1088 5825 1207 5882 iudicem,
1221 5827 1254 5872 ad
1269 5838 1346 5884 quem
1361 5829 1530 5884 provocatum
1546 5827 1604 5882 fuit,
1618 5828 1646 5873 in
1661 5829 1789 5886 copiasn-

1041 5894 1165 5949 thentica,
1180 5894 1267 5940 soluta
1288 5905 1334 5951 per
1353 5896 1456 5950 partem
1477 5894 1674 5953 diligentiorem
1689 5907 1788 5954 compe·

1041 5962 1107 6007 tenti
1122 5961 1239 6007 mercede
1253 5961 1417 6008 cancellario.
