4838 6982
380 541 477 596 ahc.
499 543 569 597 arm
617 549 677 614 sm

597 688 770 751 staurandis
790 694 843 750 aut
864 687 1035 750 retinendis
1056 686 1144 764 plura
1161 685 1339 756 statuimus,

598 799 687 861 quae,
704 781 853 859 descripta
874 781 988 843 nostris
1003 779 1100 842 literis
1116 793 1203 840 xxtv.
1219 777 1339 839 decem-

598 875 661 937 bris
672 874 838 954 superioris
850 875 924 936 anni
936 890 1115 936 uncorum.
1130 873 1207 934 datis
1218 872 1253 932 ad
1266 871 1340 949 ipso-

598 985 666 1030 rum
683 967 888 1030 patriarcham
900 967 1125 1029 Antiochenam
1138 971 1169 1025 et
1184 965 1219 1026 ad
1231 978 1339 1025 omnes

597 1061 736 1124 eiusdem
751 1062 853 1138 gentis
868 1059 1032 1124 catholicos
1047 1059 1210 1136 Episcopus
1225 1056 1252 1118 ei
1269 1056 1338 1118 sub-

597 1155 702 1230 iectos,
725 1154 912 1217 observanda
935 1152 1161 1214 mandavimus.
1185 1151 1270 1212 luter
1291 1162 1339 1210 ce-

598 1255 663 1310 tera
685 1249 879 1310 decrevimus
906 1263 965 1326 qua
989 1245 1098 1307 norma
1127 1242 1280 1306 utendum
1300 1242 1340 1302 sit

597 1359 668 1405 cum
691 1343 738 1416 iis,
761 1359 837 1418 quos
862 1341 1071 1404 Latinizantes
1097 1342 1206 1398 vocant
1228 1343 1258 1397 et
1282 1335 1342 1395 fre-

596 1444 728 1514 quenter
750 1435 885 1498 Damasci
906 1449 971 1494 esse
990 1431 1204 1510 perhibentur.
1229 1427 1342 1491 Huius-

597 1531 680 1592 modi
702 1535 775 1589 sunt
791 1534 942 1606 quotquot
954 1525 1069 1602 graecis
1081 1523 1260 1602 parentibus
1277 1520 1339 1582 nati

595 1629 627 1684 et
649 1637 665 1682 a
686 1621 789 1684 latinis
811 1621 907 1681 latino
928 1618 992 1680 ritu
1017 1619 1160 1696 baptizati
1181 1619 1256 1677 dum
1278 1615 1341 1674 illic

595 1714 700 1778 nullus
721 1713 840 1774 adesset
861 1728 987 1788 graecus
1017 1712 1168 1785 sacerdos,
1193 1710 1223 1771 iu
1245 1708 1339 1770 latino

596 1810 739 1885 deinceps
769 1807 833 1868 ritu
864 1813 1121 1884 permanserunt,
1149 1811 1179 1865 et
1210 1802 1338 1864 dubium

596 1907 662 1964 erat
683 1902 816 1974 istc-ne,
839 1915 877 1960 an
898 1915 971 1960 suae
1001 1897 1133 1960 nationis
1156 1912 1242 1957 more
1262 1894 1342 1955 divi·

596 2011 674 2058 num
686 1995 807 2056 cultum
822 1993 908 2054 obire
923 1991 1063 2054 debeant.
1081 1989 1340 2053 denuntiavimus

596 2094 699 2152 autem
723 2103 790 2162 nos,
806 2086 895 2148 alicui
912 2087 1074 2162 negotium
1090 2084 1224 2157 daturos,
1243 2087 1288 2154 ut,
1305 2080 1340 2141 il-

596 2183 646 2244 luc
667 2180 835 2259 profectus,
850 2179 990 2255 singulos
1012 2178 1064 2239 tali
1086 2177 1266 2254 baptismate
1282 2175 1339 2236 ini-

597 2276 687 2337 tiatos
710 2275 893 2350 interroget,
917 2289 978 2352 quo
998 2272 1150 2334 alterutro
1175 2271 1238 2333 ritu
1261 2270 1339 2332 chri-

596 2377 728 2435 stianam
749 2368 946 2444 Religionem
971 2366 1080 2428 sectari
1109 2364 1226 2438 velint,
1250 2372 1340 2443 atque

596 2467 722 2538 indicet,
746 2464 775 2525 in
793 2479 840 2536 eo,
863 2477 956 2541 quem
972 2458 1135 2536 elegerint,
1150 2459 1340 2520 manendum

596 2560 654 2622 sibi
676 2568 825 2638 perpetuo
847 2569 921 2616 esse.
946 2553 1030 2616 Filiis
1050 2566 1137 2625 vero,
1154 2551 1206 2628 qui
1222 2551 1259 2612 ab
1275 2550 1340 2612 istis

597 2661 664 2732 post
688 2651 824 2712 habitam
850 2645 1090 2710 declarationem
1121 2645 1260 2707 oriantur
1289 2649 1341 2706 aut

596 2748 656 2808 iam
679 2744 738 2806 orti
761 2743 796 2804 ad
818 2756 909 2804 nsum
932 2737 1212 2800 rationisnondum
1233 2753 1342 2816 perve-

597 2839 712 2912 nerint,
729 2837 760 2899 in
777 2851 813 2898 eo
828 2833 998 2896 vivendum
1020 2847 1113 2910 quem
1125 2847 1236 2909 parens
1258 2838 1342 2892 uter-

597 2949 657 3012 que
679 2929 840 3008 acceperit,
853 2928 878 2990 si
901 2943 962 2989 una
985 2925 1133 2987 ominbus
1152 2923 1262 2985 electio
1276 2922 1341 2984 fue-

598 3027 651 3100 rit,
674 3029 717 3096 et,
740 3023 765 3084 si
794 3021 929 3096 diversa,
958 3034 1050 3098 quam
1076 3025 1161 3096 pater
1182 3023 1339 3094 sequatur.

598 3119 661 3181 Hoc
675 3115 763 3192 fungi
778 3129 911 3176 munere
927 3110 1152 3174 fraternitatem
1170 3117 1255 3172 tuam
1271 3124 1342 3170 con·

598 3210 757 3273 stituimus
778 3209 828 3269 tut
853 3205 1018 3285 prudentia
1038 3203 1125 3278 freti,
1150 3219 1208 3265 nec
1229 3201 1341 3279 ignari,

598 3304 676 3366 illud
697 3311 728 3364 te
749 3317 804 3381 pro
827 3301 880 3376 tut¹
898 3299 1010 3378 pietate
1032 3297 1166 3359 libenter
1186 3301 1343 3374 susceptu·

598 3414 671 3460 rum
702 3413 735 3458 ac
763 3398 905 3472 prompte
940 3391 1133 3469 solerterque
1165 3398 1339 3467 gesturum.

597 3488 694 3566 Quod,
707 3494 742 3550 ut
754 3486 841 3548 nullo
857 3484 1080 3563 impedimento
1093 3483 1265 3561 exequaris,
1278 3498 1344 3543 om·

598 3599 653 3645 nes
663 3582 720 3644 tibi
741 3578 901 3642 facultates
912 3585 1097 3655 opportunos
1113 3584 1143 3637 et
1158 3576 1342 3638 necessarias

597 3675 806 3748 concedimus,
823 3687 901 3751 quae
916 3669 1088 3732 istiusmodi
1104 3685 1171 3731 rem
1191 3667 1342 3746 agendam

597 3769 772 3849 respiciant.
798 3769 857 3829 lter
872 3766 977 3843 itaque
991 3762 1161 3841 aggredere
1176 3762 1342 3824 catholicae

596 3864 625 3925 ei
647 3863 734 3940 genti
756 3859 906 3940 perutile,
930 3874 986 3920 nec
1007 3856 1128 3919 dubites
1156 3857 1212 3918 hac
1234 3849 1342 3917 navalt

596 3958 689 4035 opem
710 3953 946 4018 benevolentiae
966 3955 1089 4012 nostrae
1108 3957 1282 4028 compotem
1299 3949 1341 4010 fo-

595 4067 641 4124 re,
664 4049 752 4112 cuius
773 4046 922 4109 indicium
942 4044 1138 4122 apostolicam
1154 4042 1341 4104 benedictio-

596 4159 669 4205 nem
692 4141 759 4217 tibi,
783 4155 855 4202 ven.
879 4138 987 4214 frater,
1011 4145 1207 4216 peramanter
1229 4136 1341 4214 imper·

597 4237 704 4299 timor.

635 4330 747 4392 flatum
757 4329 884 4401 Romae,
897 4325 976 4404 apud
992 4325 1022 4388 S·
1038 4324 1164 4388 bifariam
1180 4323 1340 4397 hlaiorem,

595 4423 652 4486 sub
675 4421 791 4484 annulo
826 4419 1002 4493 Piscatoris,
1039 4417 1090 4478 die
1121 4431 1211 4477 xxix.
1235 4416 1339 4494 aprilis

596 4531 760 4588 unocmv,
784 4511 980 4594 pontificatus
1001 4510 1099 4572 nostri
1115 4526 1198 4574 anno
1220 4524 1285 4570 mv.

851 4709 1090 4722 ι-ι--υ-ι-

917 4888 1018 4953 cclx.

596 5079 745 5142 Deseruit
767 5077 1012 5142 matrimonium
1029 5081 1232 5138 contractum
1255 5076 1341 5137 ictor

638 5172 838 5237 cbristioom
854 5171 1023 5246 Morsdosg
1044 5176 1210 5246 postquam
1235 5167 1340 5229 boere-

636 5267 698 5328 sim
719 5267 906 5327 eimrcrcrct
921 5268 951 5323 ct
974 5259 1157 5326 Micdcclcm
1170 5259 1262 5332 Dosa,
1280 5262 1340 5321 etsi

636 5359 743 5422 adbuc
765 5359 883 5418 ciceret
913 5357 1040 5433 primus
1070 5353 1254 5416 christinae
1275 5354 1337 5426 cir,

635 5453 780 5516 calidum
801 5467 874 5522 esse,
892 5465 923 5514 co
940 5447 1021 5527 quod
1035 5447 1176 5524 primum
1203 5445 1342 5510 christi·

636 5563 696 5608 coe
726 5542 973 5606 matrimonium
1005 5539 1135 5601 rorallum
1167 5540 1271 5619 fucrit
1304 5534 1339 5600 ob

636 5639 849 5702 conditionem
871 5651 1016 5713 expresse
1042 5633 1221 5713 oppositam
1242 5631 1340 5694 donec

635 5735 669 5795 in
691 5734 852 5795 honestate
873 5729 1081 5809 permanseris
1102 5725 1158 5807 (l).

1117 566 1180 610 tttd.
1204 563 1294 608 PONT.
1321 559 1359 603 btt
1382 559 1409 602 P.
1435 561 1462 604 1³.
1488 563 1570 607 PARS
1593 564 1611 607 l.

2169 542 2219 594 Au.
2233 549 2260 595 c.
2281 549 2338 602 1754

1435 703 1604 774 Venerabili
1627 708 1714 775 tratri
1737 706 1925 794 sigismundo
1950 709 2099 795 Episcopo

1646 798 1892 886 francvlvaniue

1565 959 1807 1034 sedebimus
1824 966 1882 1033 PP.
1898 965 1967 1034 tlt.

1608 1121 1798 1196 Venerabilis
1819 1129 1928 1209 irater,

1429 1246 1557 1314 salutem
1580 1253 1612 1338 et
1633 1250 1830 1332 apostolicam
1854 1251 2103 1319 benedictionem.

1435 1436 1453 1509 ἓ
1477 1436 1503 1496 f.
1528 1436 1681 1499 christina
1709 1440 1874 1516 Marskdsy,
1898 1457 1935 1502 ex
1958 1439 2141 1502 calvinismo
2161 1446 2345 1555 blj'ffiiljfflg·

1396 1527 1431 1588 ad
1454 1527 1634 1591 catholicam
1657 1532 1749 1594 fidem
1772 1549 1931 1608 conversa,
1948 1541 2015 1611 post
2036 1549 2141 1594 recur-
2161 1550 2258 1596 floriare
2275 1559 2344 1601 marri-

1395 1635 1464 1680 sum
1487 1621 1627 1684 habitum
1650 1625 1685 1686 ad
1707 1643 1731 1685 s.
1757 1628 2038 1703 congregationem
2059 1627 2142 1688 con·
2160 1605 2344 1708 ffiissffflsss'ffi

1396 1711 1456 1773 ciiii
1484 1713 1662 1778 humillime
1691 1718 1780 1779 nobis
1802 1736 1858 1797 per
1882 1721 2041 1798 epistolam
2069 1737 2143 1798 sup-
2160 1713 2343 1807 magalonem

1396 1805 1532 1882 plicavit,
1549 1817 1703 1885 quatenns
1717 1811 1955 1876 declaravimus:
1980 1830 2018 1876 an
2035 1815 2143 1875 matri·
2161 1770 2344 1882 222132133130333

1396 1899 1538 1962 monium
1561 1901 1598 1968 ab
1620 1903 1681 1980 ipsc
1703 1921 1773 1966 cum
1790 1905 1937 1968 Michaele
1951 1907 2142 1969 llosbcatbo-
2162 1872 2342 1928 ceperano-moa

1395 1991 1452 2054 lico
1463 1994 1528 2056 ritu
1539 2001 1734 2058 contractum
1744 1998 1784 2059 sit
1795 1998 1932 2060 validum
1945 2015 2006 2062 nou
2021 2000 2143 2062 obstan-

1398 2093 1438 2160 te,
1461 2088 1541 2164 qucd
1564 2087 1672 2150 eadem
1689 2089 1842 2152 christina
1859 2091 1933 2152 illud
1950 2095 2144 2154 contraxerit

1397 2179 1523 2241 vivente
1551 2179 1706 2259 Stephano
1734 2182 1854 2260 Varady
1883 2182 2070 2261 calviniano,
2093 2187 2143 2248 cui

1397 2274 1470 2351 ipsa,
1486 2289 1583 2352 quum
1600 2275 1707 2336 eodem
1720 2293 1826 2338 errore
1841 2277 2046 2353 detineretur,
2063 2296 2144 2358 nup-

1396 2376 1477 2430 serat
1498 2368 1555 2430 sub
1576 2367 1690 2431 famosi
1705 2368 1754 2430 illu
1769 2371 1948 2433 conditione
1968 2373 2095 2436 «donec
2111 2373 2143 2434 in

1396 2461 1557 2524 honestate
1577 2471 1608 2522 et
1630 2464 1765 2542 puritate
1786 2466 2026 2541 permanseris»
2048 2473 2143 2546 atque

1396 2570 1498 2617 coram
1518 2555 1644 2617 curione
1660 2563 1691 2617 et
1712 2557 1841 2619 testibus
1863 2558 2063 2622 calvinianis?

1436 2649 1504 2722 52.
1529 2647 1590 2710 Nos
1612 2649 1709 2725 igitur
1738 2651 1841 2713 debito
1871 2653 2031 2728 moneris,
2061 2657 2142 2733 quud
2177 2662 2344 2728 dudodecim·

1397 2741 1564 2804 humilitati
1578 2749 1701 2804 nostrae
1712 2743 1911 2807 inscrutabile
1922 2747 1975 2808 Dei
1991 2747 2143 2810 iudicium
2163 2719 2344 2816 dedidicit?

1398 2833 1556 2910 imposuit,
1574 2840 1816 2897 consentaneum
1838 2853 1904 2898 esse
1924 2838 2074 2900 ducentes
2097 2841 2144 2902 iu·
2163 2823 2343 2926 {fffffflfigflffi

1397 2930 1451 2990 stis
1463 2928 1663 3004 petitionibus
1678 2944 1816 2991 annuere
1831 2948 1865 2992 ac
1879 2935 2064 2994 sacramenti
2081 2950 2145 2996 ma·
2163 2929 2344 3038 ffssffflrussiiia

1400 3021 1536 3082 trimonii
1567 3021 1762 3083 indemnitati
1784 3024 1958 3100 consulere,
1985 3026 2145 3088 omnium·
2163 3042 2306 3099 coniectum
2334 3051 2344 3082 a

1398 3129 1458 3192 que
1479 3113 1621 3191 pastorali
1643 3121 1763 3175 nostrae
1788 3115 1976 3178 solicitudini
1999 3119 2145 3180 commis·
2164 3090 2344 3189 fflssiifisshaffassh

1398 3223 1505 3269 sorum
1527 3206 1743 3284 tranquillitati
1765 3210 1930 3286 providere
1951 3210 2045 3288 (quod
2069 3228 2145 3274 sane
2163 3207 2345 3295 52?,{⁰{{ss;,fif,‘„
2385 3213 2386 3258 ἲ

1398 3307 1569 3378 utromque
1600 3299 1763 3362 enunciata
1790 3302 1896 3378 petitio
1922 3305 2147 3382 complecteba-
2165 3289 2343 3349 chamenun?

1400 3393 1474 3471 tur),
1488 3408 1609 3454 causam
1624 3393 1712 3454 istam
1729 3411 1745 3454 a
1760 3411 1784 3453 s.
1800 3395 2048 3472 congregatione
2062 3398 2144 3460 cou-

1398 3486 1460 3548 cilii
1482 3487 1517 3549 ad
1544 3487 1699 3564 nosipsos
1727 3487 1906 3549 immediate
1933 3489 2145 3567 evocavimus,

1399 3599 1432 3642 ac
1452 3579 1559 3642 sedulo
1581 3582 1808 3658 perpendentes
1830 3587 1897 3642 tum
1913 3581 1988 3644 furis
2011 3591 2080 3645 tum
2103 3583 2145 3645 fa-

1398 3673 1438 3736 cti
1460 3673 1601 3751 producti
1627 3674 1870 3735 circumstantias
1899 3690 2018 3749 omnes,
2046 3676 2145 3738 infor·

1398 3766 1568 3827 mationem
1591 3765 1666 3825 item
1687 3779 1703 3824 a
1719 3763 1914 3828 fraternitate
1931 3767 1982 3829 tua
1996 3773 2028 3828 et
2043 3784 2141 3830 venn.

1398 3859 1543 3920 fratribus
1554 3858 1667 3920 nostris
1680 3857 1834 3937 Episcopis
1843 3859 1984 3936 dgriehsi
1996 3867 2027 3924 et
2039 3863 2146 3924 Wesz-

1398 3951 1559 4032 primiensi
1588 3952 1624 4013 ad
1654 3967 1677 4012 s.
1703 3952 1982 4028 congregationem
2012 3956 2143 4019 concilii

1399 4045 1609 4106 transmissam
1625 4060 1696 4122 prae
1711 4045 1806 4106 oculis
1822 4046 1980 4120 habentes,
1997 4054 2066 4110 tum
2090 4067 2141 4110 au-

1397 4139 1469 4202 ditis
1480 4138 1622 4217 plurimis
1634 4138 1709 4198 viris
1720 4139 1836 4199 nedum
1850 4138 1880 4198 in
1891 4141 1974 4200 sacra
1988 4141 2143 4218 theologici

1397 4241 1427 4294 et
1449 4233 1518 4294 iure
1539 4231 1685 4292 canonico
1706 4231 1910 4308 peritissimis,
1931 4232 1983 4294 sed
2005 4235 2144 4311 apprime

1396 4327 1490 4387 etiam
1512 4323 1671 4386 instructis
1686 4323 1723 4384 de
1738 4321 1840 4397 modo,
1852 4322 1951 4385 formai
1972 4332 2003 4386 et
2014 4340 2144 4389 consue·

1399 4419 1517 4488 tudine,
1541 4417 1654 4495 quibus
1675 4415 1846 4478 calviniani
1863 4417 1895 4477 in
1911 4417 1994 4480 hisce
2008 4419 2144 4494 regioni·

1398 4514 1453 4575 bus
1468 4509 1665 4572 matrimonia
1681 4508 1884 4585 contrahunt3
1902 4509 2100 4573 inhaerentes
2113 4531 2143 4574 a·

1398 4600 2142 4682 hasdecretoanobisedttocauguncoxnvm,

1397 4701 1478 4778 quod
1499 4697 1684 4760 fraternitati
1706 4702 1777 4759 tuae
1798 4713 1835 4760 ex
1860 4703 1977 4760 tuamet
1997 4699 2143 4762 informa-

1399 4794 1482 4855 tione
1510 4791 1681 4854 innotuisse
1709 4791 1986 4869 deprehendimus,
2009 4794 2142 4856 declara-

1398 4888 1511 4960 vimus,
1535 4885 1581 4946 uti
1602 4900 1657 4962 per
1677 4886 1752 4946 haec
1773 4885 1936 4962 apostolica
1957 4887 2068 4965 scripta
2091 4889 2143 4951 de-

1397 4979 1559 5053 claramus,
1583 4978 1819 5040 matrimonium
1840 4978 1924 5039 inter
1951 4979 2141 5042 christinam

1396 5071 1550 5149 blarskaisy
1572 5077 1603 5132 et
1618 5069 1811 5147 Stephanum
1827 5068 1945 5148 Vaicady
1968 5071 2142 5134 calviniano

1398 5167 1459 5227 rito
1481 5170 1673 5226 contractum
1696 5164 1820 5225 irritum
1842 5181 1874 5226 ac
1896 5163 2020 5226 nullum
2036 5163 2140 5242 fuisse,

1397 5275 1428 5321 ac
1444 5258 1574 5336 proinde
1588 5257 1725 5318 validum
1740 5272 1807 5320 esse
1821 5256 1896 5320 iilud
1913 5256 2062 5319 catholico
2078 5261 2141 5321 ritu

1396 5358 1590 5414 contractum
1616 5351 1698 5413 inter
1725 5349 1864 5412 eamdem
1894 5350 2083 5412 christinam
2104 5350 2141 5412 ad

1396 5445 1576 5508 catholicam
1598 5444 1691 5506 fidem
1712 5458 1894 5506 conversam
1916 5449 1946 5504 et
1961 5443 2141 5506 Michaelem

1397 5539 1483 5601 Ddsa.

1436 5632 1455 5706 ὅ
1475 5631 1503 5692 3.
1531 5630 1698 5708 Equidem,
1728 5645 1803 5690 ven.
1827 5628 1946 5705 frater,
1961 5645 2025 5692 non
2048 5636 2078 5690 te
2099 5616 2137 5692 la·
2182 5632 2290 5696 connino
2304 5625 2339 5673 ⁰³¹·

1398 5730 1464 5787 [⁰¹1¹
1486 5740 1564 5803 (luae
1586 5724 1618 5786 iu
1643 5722 1717 5800 Gap.
1738 5722 1796 5802 fio.
1810 5721 1846 5783 dc
1867 5722 1985 5785 condit.
2009 5737 2080 5801 app.
2097 5723 2138 5785 le·
2157 5687 2338 5786 llilf'hl'l'dt
2385 5807 2386 5826 Χ

637 5949 666 6008 (ll
681 5950 718 5991 Ex
732 5945 873 5992 Tabulario
887 5949 1030 6001 supremae
1045 5941 1234 6000 inquisitionis.
1250 5940 1312 5986 Vide
1326 5939 1418 5986 Bened.
1434 5941 1495 5982 xlv.
1512 5941 1546 5983 be
1561 5937 1663 5992 synodo
1677 5936 1759 5982 bioec.
1775 5935 1820 5980 lib.
1836 5938 2034 5986 xlll..c.XX11.
