4744 6976
336 550 390 604 An.
404 549 435 604 0.
456 550 525 604 1744
576 551 632 614 194

555 687 715 754 Societatis
737 689 817 764 Iesu,
841 689 972 752 fratrum
998 691 1120 756 Ordinis
1141 691 1296 754 llinorum

554 785 586 850 S.
610 784 761 848 Francisci
776 785 811 846 de
829 783 1028 848 Obseruantia
1044 787 1295 850 Excalceatorum

552 879 728 956 provinciae
752 877 854 944 Sancti
875 880 1016 957 Gregorii
1031 880 1207 943 lnsnlarum
1227 882 1298 944 Phi-

553 971 742 1051 lippinarum
762 978 793 1033 et
814 973 1079 1037 Missionariorum
1100 975 1195 1052 ipsius
1217 975 1296 1038 Con·

552 1065 740 1141 gregationis
771 1064 985 1144 Propagandae
1013 1067 1117 1142 Fidei,
1140 1068 1176 1128 dc
1205 1068 1297 1130 rebus

552 1158 713 1234 omnibus,
743 1165 896 1238 quantum
924 1175 996 1222 cum
1025 1160 1157 1224 Domino
1183 1162 1295 1240 potuit,

551 1251 686 1327 edoctus,
716 1251 810 1316 edidit
833 1255 952 1317 decreta
983 1255 1099 1317 tenoris
1121 1255 1174 1332 qui
1195 1255 1296 1332 scqui-

551 1351 614 1421 tur‚
638 1343 796 1409 videlicet:

323 1542 363 1602 ‚Et
377 1539 479 1586 decreta
493 1540 533 1586 hic
592 1533 751 1596 Eizearius
772 1535 950 1598 Franciscus
974 1537 1029 1598 iles
1051 1536 1183 1598 alchards
1205 1535 1247 1598 De
1269 1535 1295 1596 la

320 1594 534 1703 astartapromui-
552 1627 697 1704 Beaume,
729 1628 783 1690 Dei
813 1637 844 1690 et
869 1629 1058 1708 Apostolicae
1088 1629 1173 1692 Sedis
1201 1629 1295 1706 gratia

552 1721 719 1800 Episcopus
740 1721 1003 1797 Halicarnasseus,
1027 1723 1217 1787 sanctissimi
1240 1723 1296 1786 Do-

551 1815 630 1876 mini
645 1815 749 1878 Nostri
764 1816 799 1877 b.
816 1816 914 1893 Papae
929 1816 1081 1895 praelatus
1096 1816 1294 1888 domesticus,

550 1907 618 1969 solii
640 1909 791 1987 pontificii
807 1910 962 1985 assisiens,
979 1909 1129 1973 Ecclesiae
1146 1909 1297 1988 Metropo-

551 1999 664 2062 litanae
685 2001 913 2064 Avenionensis
939 2003 1143 2082 praepositus,
1167 2011 1198 2064 et
1225 2003 1296 2064 mis-

549 2093 675 2156 sionum
698 2094 913 2171 Cocincbinae,
936 2097 1120 2160 Cambodiae
1144 2104 1176 2158 et
1198 2096 1295 2159 (iiam-

549 2202 606 2266 pae
627 2188 768 2250 visitator
789 2187 971 2268 apostolicus
992 2189 1295 2268 specialiterdelega·

550 2288 612 2344 tus.
635 2281 787 2347 Omnibus
809 2282 1039 2346 venerabilibus
1051 2282 1251 2346 missionariis
1263 2282 1294 2344 in

550 2375 606 2438 bac
627 2375 719 2438 vinea
740 2375 961 2452 laborantibus,
984 2377 1127 2439 salutem.

591 2469 633 2532 Ea
655 2467 716 2532 fuit
740 2485 829 2532 mens
856 2470 976 2533 Summi
1005 2470 1161 2532 Pontificis
1187 2477 1218 2532 et
1244 2469 1296 2532 Sa·

549 2581 617 2628 crae
636 2564 893 2640 congregationis
907 2563 945 2626 de
956 2563 1150 2642 Propaganda
1166 2565 1239 2626 Fide
1262 2563 1292 2624 in

549 2659 742 2724 decernenda
767 2658 943 2720 visitatione
972 2659 1151 2736 apostolica,
1174 2663 1208 2720 ut
1229 2673 1294 2718 era·

549 2752 655 2814 dicatis
677 2751 814 2827 zizaniis,
831 2767 908 2828 quae
923 2751 955 2812 in
971 2750 1018 2812 his
1034 2750 1171 2829 partibus
1185 2766 1293 2812 semen

549 2842 774 2922 patrisfamilias
796 2844 997 2918 suffocabant,
1021 2858 1154 2920 granum
1176 2843 1293 2922 praedi·

548 2939 676 3000 cationis
692 2937 896 3014 Evangelicae
917 2937 992 2998 altas
1007 2945 1037 2999 et
1053 2937 1164 2999 liberas
1180 2937 1294 2998 radices

549 3037 665 3108 ageret,
689 3030 861 3108 uberesque
882 3030 1011 3106 fructus,
1027 3031 1081 3110 qui
1096 3030 1224 3091 huiusce
1239 3030 1295 3092 Ec·

549 3123 658 3186 clesiae
679 3124 828 3185 horreum
850 3123 1028 3202 implerent,
1051 3123 1162 3186 deinde
1184 3125 1294 3202 produ·

549 3224 644 3279 ceret.
674 3217 753 3279 Cum
781 3217 878 3293 igitur
902 3226 1022 3280 tantum
1049 3233 1128 3279 onus
1154 3218 1294 3279 ilumeris

550 3310 761 3384 nostris,‚licet
782 3309 962 3388 imparibus,
979 3311 1158 3390 impositum
1180 3309 1291 3388 fuerit3

550 3420 589 3466 ex
609 3401 709 3481 quoad
730 3403 782 3464 has
804 3419 870 3464 oras
891 3402 1079 3483 appulimus,
1095 3405 1212 3467 nullam
1229 3421 1292 3467 non

548 3495 745 3559 adhibuimus
766 3495 977 3574 diligentiam,
1005 3506 1040 3561 ut
1060 3498 1098 3560 ab
1119 3499 1155 3560 iis
1180 3499 1294 3560 finibus

549 3589 673 3653 exulem
696 3590 954 3670 tranquillitatem
975 3593 1205 3667 reduceremus,
1219 3592 1295 3654 beo-

548 3699 620 3764 que‚
643 3683 697 3762 qui
718 3683 826 3746 caritas
847 3693 904 3760 est,
921 3700 1027 3764 preces
1048 3691 1078 3746 et
1098 3685 1293 3763 supplicatio·

548 3794 604 3840 nes
624 3776 736 3839 offerre
750 3793 814 3840 non
828 3781 1028 3854 cessavimus,
1046 3787 1092 3856 ut,
1109 3776 1207 3858 plebis
1221 3795 1292 3842 suae

547 3871 724 3947 miseratus,
747 3871 796 3947 iis,
820 3871 933 3950 quibus
954 3873 1078 3935 dederat
1100 3871 1210 3947 iidem,
1234 3871 1289 3933 lar·

548 3965 669 4043 giretur
691 3972 721 4027 et
742 3980 859 4044 pacem.
882 3965 944 4027 lam
966 3965 1046 4027 votis
1072 3965 1186 4028 nostris
1208 3965 1293 4028 beni-

548 4073 629 4134 gnus
648 4058 760 4120 annuit
786 4059 879 4134 bens,
902 4066 1025 4121 etcum
1053 4074 1175 4120 summa
1196 4058 1291 4120 animi

547 4151 646 4214 nostri
668 4152 827 4228 voluptate
854 4151 994 4214 infelices
1023 4153 1078 4213 bos
1104 4151 1290 4231 Neophytos,

547 4260 625 4323 quos
655 4244 791 4307 diabolus
823 4252 876 4307 aut
908 4245 1082 4322 ignorantia
1115 4245 1291 4324 deceperat,

547 4337 674 4400 rediisse
701 4337 738 4399 ad
766 4354 818 4400 cor
844 4348 874 4400 et
900 4346 1053 4417 praestare
1080 4339 1292 4402 omnimodam

547 4431 699 4494 Ecclesiae
722 4439 752 4494 et
773 4431 948 4494 Pastoribus
974 4432 1182 4496 obedientiam
1208 4434 1294 4497 vide·

547 4540 628 4600 mus,
652 4525 713 4586 iam
734 4541 815 4587 sacra
841 4523 1101 4604 frequentantur,
1125 4543 1158 4588 ac
1180 4527 1291 4589 desua

547 4634 634 4681 nunc
654 4618 752 4680 salute
773 4617 902 4694 soliciti,
925 4619 979 4697 qui
1003 4636 1017 4679 a
1040 4619 1182 4698 pluribus
1202 4619 1293 4680 annis

546 4720 666 4791 peccata
689 4727 752 4774 non
775 4712 980 4790 deponebant,
1002 4716 1038 4778 ad
1061 4712 1226 4776 tribunalia
1242 4712 1292 4774 ad-

546 4803 652 4868 volant
673 4813 704 4867 et
725 4805 782 4868 alia
801 4805 953 4868 Ecclesiae
967 4815 1158 4869 sacramenta
1179 4815 1292 4885 petunt

546 4915 579 4960 ac
601 4898 765 4976 recipiunt.
796 4898 855 4962 Sed
876 4899 912 4960 ad
935 4899 1011 4962 illud
1037 4901 1201 4978 gaudium,
1230 4917 1291 4979 quo

546 5007 585 5052 ex
606 4999 670 5052 toto
685 4999 717 5053 et
733 4999 794 5053 tam
809 4992 919 5054 subitis
940 4994 1166 5056 mutationibus
1180 4993 1290 5073 repleti

546 5099 666 5159 sumus,
682 5083 765 5146 aliud
781 5083 879 5147 multo
902 5085 1001 5147 maius
1022 5087 1158 5162 accessit,
1171 5093 1290 5148 vestrae

545 5176 672 5253 scilicet,
696 5177 888 5240 venerabiles
909 5177 1031 5253 fratres,
1048 5195 1103 5242 nos
1126 5180 1289 5242 adiuvandi

545 5269 714 5333 voluntatis
735 5271 866 5347 allectio,
888 5281 1091 5352 vestrumque
1116 5273 1290 5354 exequendi

546 5373 650 5427 nostra
678 5365 799 5428 decreta
828 5366 1036 5446 propositum
1059 5367 1102 5429 sic
1130 5368 1215 5429 enim
1236 5368 1290 5429 [lei

545 5473 622 5536 opus
633 5459 912 5536 consummabitur,
926 5468 956 5523 et
967 5461 1016 5538 pia
1031 5459 1139 5522 Sacrae
1153 5461 1291 5538 Congre-

546 5553 677 5627 gationis
694 5553 842 5616 desideria
858 5554 1108 5634 complebuntur.
1132 5554 1172 5616 Ut
1188 5555 1289 5632 itaque

544 5647 581 5707 ad
609 5653 749 5726 optatum
780 5648 876 5710 finem
904 5649 1142 5728 perveniamus,
1170 5663 1290 5726 paxque

544 5737 612 5813 ista,
635 5755 713 5817 quae
732 5740 770 5802 de
792 5741 875 5804 caelo
896 5741 1065 5818 descendit,
1082 5742 1172 5804 farma
1185 5749 1217 5803 et
1231 5749 1289 5802 sta·

544 5831 614 5893 bilis
644 5843 840 5912 perseveret,
872 5836 1094 5914 christianique
1121 5837 1152 5897 in
1185 5834 1289 5915 plures

544 5926 691 5992 factiones
707 5929 911 6010 imposterum
922 5947 985 5993 non
1001 5933 1193 6006 scindantur,
1205 5945 1290 5992 suos-

345 2464 490 2512 Exordium.

1077 573 1141 617 luti.
1165 572 1256 618 PONT·
1281 573 1320 616 bv.
1343 574 1371 618 Ρ.
1396 573 1423 618 ι’.
1449 575 1530 620 PhllS
1554 577 1572 619 l.

2130 565 2183 616 Διι.
2197 569 2230 619 C.
2253 571 2317 620 1744

1353 707 1413 770 que
1443 692 1599 769 legitimos
1626 705 1811 772 cognoscant
1844 698 1980 761 Pastores
2008 708 2038 762 et
2063 708 2098 763 ut

1353 784 1440 848 decet
1461 791 1849 868 revercantur,sequentia
1865 791 1986 854 decreta
2007 794 2098 856 eden-

1353 881 1387 942 da
1409 879 1668 956 existimavimus,
1684 899 1762 961 quae
1783 885 1841 946 sub
1862 901 1959 964 poena
1980 886 2098 949 disobe-

1353 972 1487 1034 dientiae
1508 981 1539 1035 et
1554 974 1610 1035 alia
1627 976 1737 1038 maiori
1752 977 1879 1040 arbitrio
1894 979 2003 1042 Sacrae
2017 979 2096 1041 (lon-

1353 1065 1542 1142 grcgationis
1564 1077 1594 1129 et
1618 1077 1723 1130 nostro
1749 1071 1946 1150 imponenda,
1970 1073 2098 1134 inviola-

1354 1158 1457 1222 biliter
1479 1160 1516 1221 ab
1537 1161 1682 1224 omnibus
1715 1163 1801 1226 vobis
1828 1165 1944 1228 servari
1973 1166 2097 1228 manda·

1355 1267 1435 1326 mus,
1454 1269 1552 1331 nsque
1573 1255 1648 1316 dum
1660 1254 1698 1317 de
1713 1257 1750 1318 iis
1765 1258 1878 1319 certior
1899 1258 1974 1321 facta
1989 1262 2094 1323 eadem

1354 1343 1443 1407 Sacra
1466 1345 1581 1422 Congr.
1605 1346 1696 1409 aliter
1721 1352 1922 1413 statuendum
1943 1355 2086 1415 senserit.

1391 1437 1495 1499 Primo
1510 1439 1649 1517 quidem,
1665 1458 1738 1503 cum
1752 1443 1943 1519 experientia
1959 1461 2096 1524 comper·
2152 1471 2228 1517 xum
2245 1473 2326 1522 singu.

1352 1536 1421 1592 tum
1442 1531 1493 1608 sit,
1523 1532 1699 1608 iurgiorum
1721 1542 1752 1596 et
1773 1535 2000 1600 dissensionum
2032 1555 2093 1602 non
2116 1523 2326 1624 ξξᾞῇῇῗξᾞζῖ

1352 1640 1445 1702 panca
1473 1625 1620 1703 praebere
1647 1627 1782 1704 semina,
1809 1629 1931 1708 quando
1957 1630 2094 1693 diversae
2115 1631 2214 1677 saourn.
2264 1613 2267 1622 ¹

1352 1717 1590 1781 christianitates
1611 1737 1628 1781 a
1648 1721 1712 1782 suis
1735 1719 1883 1798 legitimis
1905 1739 1968 1786 non
1981 1740 2095 1801 regun-

1354 1817 1404 1872 tur
1425 1811 1611 1889 Pastoribus,
1628 1813 1822 1888 mandamus,
1836 1830 1875 1878 ne
1889 1817 2092 1896 imposterum

1351 1902 1461 1982 aliquis
1483 1906 1695 1968 missionarius
1710 1909 1874 1971 cuiuslibet
1892 1910 2027 1973 instituti
2042 1919 2094 1973 aut

1350 1999 1478 2074 ordinis,
1507 1998 1682 2074 saecularis,
1704 2009 1757 2063 aut
1778 2003 1943 2078 regularis,
1967 2005 2095 2068 etiame

1350 2089 1502 2153 Societate
1532 2091 1616 2168 lesu,
1646 2095 1754 2156 audeat
1777 2095 1902 2158 mittere
1931 2097 2037 2159 falcem
2062 2099 2093 2160 in

1350 2199 1483 2246 messem
1504 2185 1649 2261 alienam,
1668 2186 1719 2248 sed
1741 2197 1907 2250 contentus
1930 2191 2094 2269 unusquis-

1350 2293 1410 2355 que
1432 2279 1582 2355 portionis
1599 2279 1719 2356 vineae,
1735 2297 1814 2360 quae
1835 2281 1880 2342 illi
1897 2284 2041 2361 contigit,
2059 2285 2095 2346 il·

1350 2371 1409 2433 laau
1432 2381 1572 2434 accurate
1594 2373 1722 2436 excolat.

1390 2481 1424 2528 n.
1449 2465 1487 2526 Et
1508 2467 1656 2544 quoniam
1679 2483 1733 2545 pro
1755 2467 1877 2531 bonoet
1900 2469 2093 2534 incremento
2140 2493 2242 2540 servari
2262 2495 2327 2539 orca-

1347 2558 1460 2620 harum
1472 2558 1656 2621 missionum
1669 2559 1985 2639 SacraCongregatio,
1996 2579 2093 2642 usque
2114 2558 2186 2646 ¹}me
2201 2549 2327 2656 Ψὲἶξῆζ

1349 2653 1386 2714 de
1406 2667 1487 2713 anno
1503 2668 1672 2728 nocivum,
1690 2651 1824 2716 Vicarios
1840 2655 2027 2734 apostolicos
2039 2659 2093 2720 du·
2114 2611 2184 2710 bron.
2202 2654 2282 2700 ridel.

1350 2744 1429 2805 xerit
1454 2745 1663 2822 deputandos,
1686 2747 1739 2825 qui
1768 2748 1897 2810 istarum
1929 2750 2091 2812 vinearum

1348 2835 1487 2900 culturae
1508 2839 1711 2916 invigilarent
1733 2849 1776 2917 et,
1799 2857 1870 2904 cum
1891 2842 1980 2903 sociis
2001 2859 2019 2905 e
2041 2839 2094 2905 Se-

1350 2930 1483 2991 minario
1511 2931 1673 2994 Parisiensi
1696 2933 1756 2994 illis
1786 2935 1954 3011 adiunctis,
1977 2936 2008 2998 in
2034 2936 2094 2998 illis

1350 3021 1522 3085 laborarent
1534 3032 1564 3086 et
1576 3024 1694 3088 clerum
1711 3027 1896 3103 indigenum
1911 3027 2092 3103 formarent,

1349 3116 1506 3192 volumus,
1531 3126 1565 3180 ut
1586 3119 1665 3182 bruc
1686 3120 1891 3197 antiquus'ab
1912 3119 2020 3182 iisdem
2042 3121 2093 3183 Vi-

1348 3210 1437 3272 cariis
1456 3211 1561 3288 apost.
1580 3209 1741 3275 institutus
1756 3213 1885 3275 omnino
1900 3213 2091 3278 observetur.

1389 3321 1437 3366 ιιι.
1461 3305 1672 3368 Adhaerentes
1700 3306 1809 3369 Sacrae
1836 3307 2093 3386 Congregationis
2135 3335 2286 3381 namnum
2303 3335 2329 3378 p.

1349 3397 1491 3473 decretis,
1509 3398 1620 3478 quibus
1642 3400 1835 3477 prohibitum
1850 3409 1907 3475 est,
1925 3417 1965 3463 ne
1979 3401 2092 3466 diversi
2113 3389 2187 3497 2¹⁰¹in
2214 3389 2329 3433 ‘mun'

1348 3491 1484 3554 instituti
1507 3492 1692 3554 missionarii
1714 3493 1745 3555 in
1767 3497 1876 3556 eodem
1899 3497 2042 3558 districtu
2061 3513 2093 3558 se

1348 3584 1518 3661 collocent,
1541 3592 1575 3648 ut
1598 3590 1760 3664 praecipue
1782 3587 1887 3650 videre
1916 3595 1961 3650 est
1984 3590 2017 3650 in
2038 3589 2094 3654 De·

1348 3683 1432 3739 creto
1455 3693 1542 3739 xxvr.
1567 3679 1635 3740 iulii
1658 3695 1803 3741 unccvu.
1821 3681 2093 3750 dato,acne01·do

1349 3768 1581 3834 Ecclesiasticus
1602 3771 1820 3848 confundatur,
1837 3775 2007 3853 unicuique
2020 3776 2095 3838 Gre-

1349 3865 1379 3941 gi
1402 3865 1486 3928 iuxta
1515 3866 1739 3944 praescriptum
1765 3866 1849 3929 Sacri
1878 3868 2003 3930 Concilii
2027 3870 2093 3930 Tri-

1348 3959 1480 4035 dentini,
1494 3961 1632 4038 proprios
1645 3961 1792 4036 Pastores,
1802 3963 1856 4040 qni
1869 3978 1997 4024 suarum
2012 3966 2093 4042 quis·

1348 4067 1409 4130 que
1437 4054 1546 4114 ovium
1569 4069 1675 4114 curam
1696 4054 1847 4128 habeant,
1869 4056 2092 4131 attribuendas,

1349 4154 1383 4208 ut
1405 4145 1496 4222 infra,
1519 4146 1675 4209 duximus.
1700 4148 1846 4210 Discussis
1868 4149 1966 4225 igitur
1986 4149 2093 4211 scdulo

1347 4240 1490 4301 omnium
1512 4240 1642 4316 iuribus,
1655 4257 1733 4319 quae
1754 4242 1846 4303 variis
1869 4243 1901 4302 in
1923 4244 2094 4319 congressi-

1348 4331 1405 4394 bus
1425 4349 1527 4396 coram
1548 4333 1637 4396 nobis
1658 4333 1768 4396 habitis
1792 4340 1852 4396 tam
1874 4335 1970 4397 verbo
1999 4351 2092 4414 qnam

1346 4428 1461 4505 scripto
1482 4428 1569 4489 nobis
1590 4426 1628 4488 ab
1649 4443 1838 4506 unoquoque
1852 4429 1933 4491 etab
1947 4429 2092 4491 omnibus

1346 4521 1484 4598 partibus
1506 4521 1644 4598 exposita
1664 4528 1751 4597 sunt,
1776 4521 1990 4584 decernimus:

1387 4614 1502 4690 Prima,
1521 4623 1554 4677 ut
1569 4613 1730 4678 Provincia
1746 4615 1827 4687 Hoc'„
1844 4631 1899 4678 seu
1914 4617 2027 4689 Ablue,
2044 4633 2092 4678 re-

1348 4716 1470 4771 maneat
1491 4710 1677 4784 communis,
1693 4709 1737 4771 uti
1753 4710 1902 4772 hactenus
1923 4710 1993 4788 fuit,
2009 4713 2093 4773 inter

1347 4802 1501 4881 inclytum
1523 4801 1691 4865 Parisiense
1719 4803 1922 4866 seminarium
1945 4813 1976 4866 et
1996 4822 2091 4868 vene·

1346 4896 1476 4958 rabilem
1498 4896 1566 4960 lesu
1595 4897 1799 4974 Societatem,
1822 4899 1864 4961 ita
1886 4907 1921 4961 ut
1942 4899 2003 4960 llll.
2028 4899 2088 4962 bn.

1345 4989 1423 5051 Galli
1444 5005 1513 5052 suas
1534 4991 1726 5067 residentias,
1749 5009 1823 5070 quas
1844 4991 2039 5069 possidebant
2061 5003 2092 5055 et

1345 5082 1443 5145 adhuc
1470 5083 1584 5147 habent
1607 5085 1639 5146 in
1668 5084 1846 5162 Toparchiis
1873 5083 2038 5148 Plan-cnm
2061 5096 2091 5148 et

1350 5175 1486 5250 Tboduc,
1510 5177 1634 5256 pacifice
1655 5178 1895 5254 conservabunt,
1914 5179 1994 5241 unde
2010 5180 2091 5242 chri·

1345 5271 1553 5334 stianitatibus
1586 5289 1641 5334 seu
1667 5271 1918 5351 populationibus
1950 5272 2011 5334 illis
2038 5289 2090 5335 an·

1345 5365 1434 5426 nexis
1455 5366 1637 5428 inservient.
1662 5364 1812 5428 Similiter
1833 5365 1895 5427 ltlt.
1910 5365 1965 5427 PP.
1989 5365 2090 5430 Socie

1345 5458 1542 5538 tatisabsque
1552 5459 1615 5522 ulla
1626 5459 1870 5522 contradictione
1882 5460 2090 5523 remanebunt

1344 5553 1378 5614 in
1399 5554 1591 5630 possessione
1612 5552 1864 5627 residentiarum,
1879 5570 1953 5632 quas
1971 5553 2090 5640 babent

1345 5647 1378 5708 in
1400 5645 1516 5721 xenon·
1544 5646 1627 5710 unde
1657 5663 1783 5726 quoque
1813 5646 2089 5710 christianitatibus

1344 5742 1381 5803 ab
1395 5741 1469 5820 ipsis
1484 5741 1730 5819 dependentibus
1741 5748 1917 5804 occurrent.
1942 5737 2002 5804 Sed
2017 5757 2087 5804 cum
2145 5771 2325 5820 mmmm„

1344 5834 1406 5896 ltlt.
1425 5834 1479 5896 PP.
1504 5833 1716 5910 Franciscani,
1739 5822 1846 5898 c'ontra
1872 5843 2015 5897 tenorem
2037 5835 2087 5898 de·
2107 5823 2210 5924 ²¹¹⁵q¹¹³⁸
2229 5828 2326 5875 adimit

1343 5936 1501 5992 cretarum
1522 5928 1664 6006 superius
1688 5928 1905 6006 allegatorum,
1931 5947 1946 5990 a
1968 5935 2086 6009 septem
2107 5881 2327 5982 ffifffi‘ttafn'
