4732 7014
39 11 539 243 π

70 600 142 658 130.
160 589 224 645 1140

252 725 438 802 saeculares,
454 725 520 791 itali
542 724 685 789 videlicet
706 723 756 786 vel
773 740 813 786 ex
827 721 938 786 italicis
953 723 1003 784 ln-

255 824 352 898 sulis,
386 823 485 884 veluti
514 821 619 894 Siculi,
650 820 748 896 Sardi,
778 820 875 895 Corsi,
899 817 1002 880 etalii

253 917 462 980 adiacentium
491 915 725 994 provinciarum
756 913 876 986 ltaliae,
911 913 1002 974 tertio

78 1035 235 1091 1331131133-
254 1027 358 1087 3333;
381 1010 493 1088 reliqui
514 1025 589 1070 vero
611 1009 643 1069 iu
666 1008 732 1069 aliis
754 1006 933 1086 provinciis,
956 1021 1003 1066 re-

65 1101 96 1190 ¹¹,
97 1094 235 1193 11111,ξῶ1,
255 1106 327 1180 guis
349 1110 381 1166 et
404 1112 557 1165 terrarum
583 1101 671 1166 Orbis
692 1100 831 1180 partibus
852 1107 883 1161 et
905 1100 1005 1176 regio-

64 1205 160 1296 3²0ng
145 1204 193 1248 115
162 1203 234 1300 „33⁹⁵
254 1198 351 1259 nibus
372 1196 550 1270 existentes,
567 1194 695 1272 tamqui
711 1209 794 1256 nunc
807 1201 894 1267 sunt,
910 1208 1004 1270 quam

66 1305 118 1352 333
253 1291 311 1369 qui
323 1290 530 1367 imposterum
542 1296 647 1363 erunt,
660 1288 770 1367 quinto
785 1303 866 1348 anno
878 1293 1004 1348 tenean-

171 1423 179 1438 ·
256 1393 322 1460 tur,
346 1385 575 1462 diligenterque
600 1399 655 1460 pro
676 1381 794 1444 viribus
823 1379 1003 1456 adimplere,

253 1479 417 1556 Nabisque
436 1485 468 1538 et
483 1477 595 1538 nostris
614 1473 839 1538 successoribus
856 1474 1005 1535 exhibere

252 1573 415 1647 studeant,
444 1588 477 1634 ae
504 1578 631 1644 curent,
654 1571 799 1647 idemque
825 1567 1006 1629 institutum

254 1667 353 1730 tertia
374 1681 498 1744 quaque
519 1671 551 1725 et
571 1664 682 1741 quinto
704 1678 784 1722 anno
813 1667 955 1739 repetant
976 1667 1006 1720 et

253 1761 436 1822 observent.
461 1759 540 1820 11333
567 1766 671 1818 autern
693 1770 848 1816 annorum
874 1753 1006 1831 spatiaa

255 1863 401 1934 tempore
432 1862 535 1933 captae
567 1852 782 1930 possessionis,
811 1856 843 1911 et
872 1847 1006 1926 suscepti

253 1948 523 2010 monasteriorum
548 1953 579 2007 et
606 1944 805 2006 ecclesiarum
832 1941 1006 2018 regiminis,

255 2051 288 2105 et
310 2060 404 2106 curae
425 2042 585 2118 incipiant.

298 2137 372 2212 §8-
396 2136 418 2198 li
446 2151 538 2209 vera,
571 2134 624 2212 qui
656 2135 693 2196 de
724 2131 860 2195 ecclesiis
892 2139 922 2193 et
944 2145 1007 2191 ma·

256 2231 407 2292 nasteriis
426 2228 606 2290 huiusmodi
627 2228 687 2288 iarn
709 2227 837 2304 provisi,
853 2227 886 2286 in
902 2239 1008 2286 earum

257 2325 386 2403 pacifica
414 2322 642 2402 possessionen
670 2320 799 2382 biennio
826 2318 1010 2397 etamplius

256 2417 477 2496 reperiuntur,
501 2415 552 2478 vel
573 2416 686 2493 quibus
707 2413 906 2493 praefinitum
924 2430 940 2472 a
955 2427 1010 2472 na-

256 2511 306 2574 bis
328 2511 472 2589 superius
497 2517 620 2588 tempus
641 2525 657 2568 3
678 2507 728 2570 die
748 2507 867 2570 habitae
894 2521 1012 2584 posses-

256 2607 360 2667 sionis
373 2606 433 2667 iam
448 2603 580 2677 effluxit,
603 2603 684 2664 intra
706 2617 836 2675 annum,
852 2601 877 2660 si
900 2599 931 2660 in
954 2599 1012 2660 lta-

258 2701 298 2762 lia
322 2707 356 2761 31
376 2697 488 2761 1333113
503 2695 722 2768 311333311133,
740 2695 821 2756 intra
837 2709 910 2754 vero
926 2693 1011 2753 bien·

257 2793 372 2867 nium,
394 2793 420 2853 si
447 2798 534 2852 extra
562 2791 641 2865 sint,
671 2807 686 2848 3
715 2787 764 2849 die
795 2787 1010 2867 publicationis

257 2887 434 2968 praesentis
455 2884 695 2956 constitutionis,
718 2881 752 2943 ad
776 2897 831 2942 nos
845 2880 1011 2960 praelatam

256 2997 393 3043 suarum
414 2979 613 3041 ecclesiarum
634 2976 827 3050 relationem,
850 2983 881 3036 31
902 2973 1012 3050 deinde

106 2151 147 2204 alud
165 2147 211 2192 de'
206 2147 236 2192 ris

81 2217 142 2264 pau
152 2201 234 2256 provisi

81 2233 155 2306 33311

257 3073 397 3150 singulis
417 3072 572 3146 trienniis,
588 3078 641 3131 aut
655 3069 721 3130 aliis
735 3068 925 3147 praestitutis
936 3075 1013 3130 tent·

258 3167 392 3246 poribus
413 3182 467 3245 pro
489 3166 630 3227 locorum
652 3163 828 3224 conditione
848 3169 878 3223 et
900 3162 1014 3224 distan-

260 3262 316 3336 tia,
341 3261 377 3322 ad
399 3275 455 3320 nos
476 3258 697 3331 transmittere,
714 3263 744 3317 et
760 3256 865 3318 Saccas
886 3258 1012 3334 Aposto-

259 3355 369 3416 lorum
390 3352 530 3414 Basilicas
551 3352 688 3425 visitare,
703 3356 735 3411 et
750 3357 855 3412 nostro
869 3365 1013 3426 conspec-

260 3448 322 3522 tui,
347 3445 516 3509 dummodo
537 3442 675 3523 impediti
702 3443 840 3520 legitime
862 3458 925 3504 non
947 3442 1013 3504 lue·

261 3541 343 3615 rint,
352 3555 385 3600 se
393 3544 570 3618 praesentes
580 3537 689 3598 sistere
700 3537 841 3612 debeant,
853 3543 886 3598 ut
899 3535 1009 3599 S.R.E.

260 3635 370 3697 1131113
392 3648 465 3695 3333
485 3631 650 3708 complexu
675 3631 803 3692 recreati
831 3639 862 3691 31
884 3638 1012 3709 paterno

259 3726 450 3791 humilitatis
464 3733 588 3787 nostrae
603 3723 756 3802 colloquio
775 3724 960 3799 confirmati,
976 3725 1011 3786 ad

262 3819 454 3884 monasteria
475 3826 507 3880 et
527 3817 668 3880 ecclesias
689 3833 758 3879 suas
784 3817 932 3894 regendas
954 3817 1012 3877 ala·

261 3915 381 3979 criores
401 3921 432 3976 et
452 3913 667 3974 instructiores
688 3918 897 3973 revertantur

123 4017 245 4115 13331333
304 4007 548 4086 §titubemus
577 4005 673 4080 igitur
694 4006 727 4066 in
748 4005 866 4067 virtute
892 4013 1014 4068 sauctae

103 4071 245 4180 ¹¹¹1¹¹⁵ap⁸e⁰n¹¹
264 4101 460 4164 obedientiae
473 4098 656 4176 supradictis
670 4099 815 4160 omuibus
832 4099 929 4160 hbbat
932 4099 1011 4173 ibus,

264 4195 440 4268 Prioribus,
462 4191 653 4272 praepositis,
668 4191 797 4270 aliisque
817 4207 1014 4270 quocumque

266 4287 364 4353 titulo
394 4287 445 4350 vel
476 4287 607 4348 nomine
638 4286 834 4365 nuncupatis,
862 4285 912 4348 vel
939 4303 1012 4365 qua-

263 4399 405 4462 cumque
425 4381 575 4458 dignitate
596 4378 860 4458 praefulgentibus
881 4387 945 4442 tam
965 4397 1013 4443 re-

266 4476 429 4554 gularibus
450 4489 543 4553 quam
570 4471 776 4536 saecularibus
800 4473 1013 4552 praesentibus

266 4577 297 4634 et
311 4569 439 4643 futuris,
453 4575 487 4629 31
501 4567 711 4630 visitationem
726 4567 908 4646 praedictam
924 4575 954 4629 et
967 4569 1013 4630 in·

265 4679 363 4742 super
384 4659 579 4734 relationem,
606 4661 727 4721 statutis
748 4679 764 4722 a
786 4661 874 4722 nobis
896 4669 1014 4740 tempo·

266 4756 356 4818 ribus
383 4754 563 4827 faciendam,
590 4753 647 4814 sibi
668 4753 793 4832 suisque
816 4756 1015 4816 monasteriis

267 4857 298 4910 et
319 4848 492 4926 respective
519 4847 653 4908 ecclesiis
674 4847 748 4908 adeo
775 4849 884 4910 utilem
906 4865 938 4910 33
960 4865 1014 4910 33-

266 4942 443 5016 cessariam,
457 4941 543 5003 iuxta
564 4941 781 5018 praescriptam
804 4941 878 5002 alias
893 4943 1014 5019 Episco-

267 5037 315 5115 pis
337 5035 481 5109 formam,
510 5034 639 5096 amitino
664 5035 845 5111 conficiant3
878 5035 1012 5110 sivero,

269 5131 351 5207 quod
373 5129 461 5204 absit,
484 5143 501 5188 3
523 5128 611 5189 nohis
625 5135 784 5206 praecepta
799 5137 829 5190 31
847 5131 1014 5192 constituta

269 5230 411 5302 prompte
439 5222 550 5300 exequi
582 5222 794 5298 neglexerint,
824 5239 875 5285 eos
903 5224 940 5286 ab
965 5225 1014 5286 in-

271 5329 378 5392 gressu
404 5314 565 5389 ecclesiae,
589 5331 622 5377 ac
643 5316 737 5377 etiam
758 5317 795 5378 ab
821 5315 1015 5378 administra-

272 5409 355 5470 tione
369 5416 432 5470 tam
443 5408 663 5487 spiritualium,
676 5425 770 5488 quam
783 5410 1012 5488 temporalium,

272 5516 328 5564 nec
348 5518 412 5564 nan
433 5519 449 5562 a
470 5502 671 5580 perceptione
699 5503 858 5565 fructuum
884 5519 1014 5566 suorum

273 5595 542 5668 monasteriorum,
565 5603 595 5658 et
615 5597 788 5674 respective
816 5596 1013 5659 ecclesiarum

274 5687 309 5749 ab
330 5687 490 5768 Episcopo,
512 5687 564 5749 vel
584 5689 833 5768 archiepiscopo,
859 5699 1014 5753 monaste-

275 5783 329 5856 ria,
350 5789 402 5844 aut
423 5782 568 5845 ecclesiae
590 5783 723 5846 Nullius
745 5783 902 5860 viciniori,
928 5786 1015 5848 omni

275 5877 466 5954 exceptione,
489 5883 520 5937 et
542 5891 627 5938 mora
648 5883 802 5953 cessante,
830 5877 957 5940 interim
979 5877 1014 5940 li·

276 5967 346 6032 bere
365 5968 589 6049 exigendarum
604 5978 635 6033 31
650 5971 683 6031 13
704 5986 781 6050 opus
802 5971 943 6048 fabricae,
959 5988 1014 6035 seu

105 4189 146 4220 *llll

886 597 1083 648 assentatus
1105 597 1169 644 xlv.

1747 573 1781 639 ll
1835 577 1888 628 An.
1903 575 1932 632 (1.
1954 577 2023 630 1740

1057 725 1316 781 ornamentorum
1330 715 1481 780 Ecclesiae
1493 715 1696 796 emptionem,
1712 722 1803 795 prout

1058 812 1156 874 maior
1177 813 1316 889 exegerit
1336 813 1510 884 necessitas,
1533 810 1802 886 insumendorum,

1058 906 1122 983 ipsa
1143 905 1222 966 facto
1243 904 1361 968 tamdiu
1382 921 1546 984 suspensos
1560 921 1625 968 esse
1646 904 1803 978 volumus

1058 1000 1156 1061 donea
1184 1015 1199 1058 a
1227 999 1419 1061 contumacia
1447 999 1660 1078 resipiscentes
1688 997 1805 1060 relaxa·

1060 1092 1177 1154 tionem
1191 1093 1400 1170 suspensionis
1411 1091 1591 1156 huiusmodi
1602 1111 1617 1154 a
1630 1093 1709 1156 Sede
1719 1107 1804 1170 prae·

1059 1185 1136 1248 dicta
1158 1187 1335 1250 meruerint
1356 1185 1507 1249 obtinere.

1099 1278 1187 1354 §lit
1212 1277 1280 1340 Nan
1303 1279 1495 1340 obstantibus
1516 1279 1698 1357 privilegiis,
1721 1279 1807 1340 abso·
1845 1287 2037 1336 3333313333-

1061 1371 1244 1444 lotionibus,
1267 1371 1481 1448 indulgentiis,
1498 1380 1529 1433 et
1550 1372 1616 1433 aliis
1637 1372 1808 1434 concessio·
1825 1355 1884 1400 ¹⁰⁸¹
1871 1344 1953 1390 ¹⁰
1915 1355 1934 1388 ¹
1938 1353 1975 1389 ²¹

1061 1463 1151 1526 nibus
1166 1463 1204 1524 de
1219 1479 1283 1524 non
1296 1464 1455 1525 visitandis
1471 1463 1631 1528 liminibus
1643 1465 1805 1539 eiusmodi,

1061 1557 1190 1634 aliisque
1218 1557 1411 1634 peragendis,
1440 1559 1688 1637 quibuscumque
1713 1558 1807 1622 eccle-

1060 1651 1176 1712 siarum
1204 1657 1235 1711 et
1267 1652 1530 1714 monasteriorum
1556 1653 1748 1728 Pectoribus,
1777 1661 1809 1714 et

1061 1760 1117 1822 per
1148 1759 1361 1822 quoscumque
1389 1745 1543 1806 Romanos
1572 1746 1746 1821 Pontifices,
1776 1761 1809 1808 ac

1062 1838 1158 1899 etiam
1179 1836 1252 1912 Nos,
1268 1844 1299 1899 et
1321 1838 1433 1902 dictam
1455 1837 1567 1901 Sedem
1590 1855 1626 1901 ex
1649 1839 1811 1918 quibusvis

1062 1931 1160 1992 causis
1187 1938 1336 2010 perpetua
1364 1932 1414 1993 131
1439 1934 1476 1996 ad
1503 1941 1624 2012 tempus
1644 1933 1808 2009 concessis,

1063 2025 1198 2086 extensis
1220 2033 1250 2086 et
1275 2025 1447 2100 innovatis,
1470 2043 1549 2104 quoe
1576 2021 1680 2090 omnia
1702 2033 1809 2088 contra

1063 2120 1228 2199 praemissa
1249 2120 1393 2198 cuiquam
1415 2120 1563 2183 nolumus
1584 2121 1809 2198 suflragari,a·

1062 2212 1173 2291 liisque
1187 2212 1349 2274 contrariis
1363 2212 1620 2292 quibuscumque.
1644 2213 1719 2288 Quia
1733 2229 1808 2274 vera
1879 2233 1953 2279 eroes
1969 2235 2039 2278 tren·

1063 2306 1187 2370 difficile
1202 2307 1295 2368 nimis
1306 2314 1396 2381 esset,
1410 2316 1587 2384 praesentes
1602 2308 1715 2384 literas,
1733 2323 1808 2384 quo·
1827 2287 1936 2385 {2¹¹¹'fi‘'
1947 2287 2040 2332 ¹¹¹⁰¹¹

1063 2417 1198 2480 cumque
1219 2401 1279 2462 illis
1300 2417 1376 2480 opus
1390 2402 1495 2476 fuerit,
1508 2401 1651 2480 perferri,
1663 2402 1809 2464 volumus

1065 2511 1187 2574 quaque
1197 2503 1233 2558 31
1244 2511 1351 2558 earum
1369 2496 1518 2574 exemplis
1533 2497 1626 2558 etiam
1641 2497 1809 2575 impressis,

1065 2605 1160 2650 mana
1182 2589 1294 2651 notarii
1309 2589 1423 2669 publici
1440 2597 1470 2651 et
1483 2589 1585 2666 sigilla
1606 2605 1753 2669 personae
1775 2590 1809 2652 in

1065 2683 1215 2759 dignitate
1239 2682 1439 2746 ecclesiastica
1463 2685 1650 2746 constitutae
1672 2684 1812 2762 obsigna-

1066 2776 1116 2852 tis,
1139 2777 1243 2838 eadem
1268 2791 1392 2855 prorsus
1423 2777 1603 2840 adhibeatur
1624 2779 1710 2854 fides,
1733 2794 1811 2857 quae

1066 2870 1181 2932 eisdem
1208 2871 1422 2948 praesentibus
1450 2870 1633 2947 haberetur,
1663 2872 1686 2932 si
1709 2879 1812 2934 essent

1067 2963 1232 3039 exhibitae,
1254 2963 1306 3026 vel
1327 2972 1476 3026 ostensae.

1106 3061 1122 3130 1
1148 3055 1194 3118 11
1226 3057 1372 3120 formula
1399 3067 1502 3121 autem
1533 3057 1699 3122 iuramenti
1726 3076 1812 3139 prae·
1870 3075 2042 3124 sarmatoru-

1065 3151 1165 3212 standi
1195 3152 1231 3212 ab
1258 3150 1441 3227 abbatibus,
1470 3151 1600 3231 aliisque
1625 3154 1811 3216 monasteria
1830 3131 2043 3232 ἱῖῗῖῧῧξηξῃῗξζ

1065 3259 1120 3304 333
1141 3243 1280 3306 ecclesias
1300 3244 1485 3307 habentibus
1506 3263 1576 3308 cum
1598 3237 2039 3310 131131113113331111515115511

1067 3337 1152 3416 quasi
1174 3336 1342 3417 Episcopali
1364 3346 1394 3401 et
1416 3341 1573 3402 territorio
1594 3350 1744 3419 separata,
1767 3351 1809 3404 ta·

1066 3430 1103 3493 lis
1125 3439 1185 3494 est:

1073 3577 1076 3584 .
1108 3527 1298 3610 193131
1328 3529 1387 3594 133
1415 3531 1494 3594 hara
1522 3535 1556 3594 13
1582 3541 1679 3598 33133
1707 3535 1810 3615 fidelis

1067 3632 1097 3685 31
1120 3623 1263 3686 31311333
1284 3641 1337 3686 era
1359 3627 1395 3688 Β.
1420 3625 1515 3688 Patra
1537 3629 1696 3705 apostola,
1714 3631 1811 3691 Sauc-

1069 3725 1178 3796 taeqaa
1200 3719 1360 3782 Romanae
1372 3719 1542 3794 Ecclesiae,
1558 3728 1588 3783 et
1604 3723 1738 3784 Darniua
1750 3723 1811 3786 Na-

1066 3821 1134 3875 stra
1155 3813 1290 3875 Dantiaa
1312 3813 1483 3876 Benedicta
1505 3815 1611 3892 Papae
1632 3816 1711 3880 XIV.
1728 3819 1811 3878 suis-

1068 3923 1125 3984 que
1148 3904 1384 3969 sucaessaridus
1412 3909 1564 3970 canonice
1592 3908 1808 3974 latrantibus.

1067 3999 1139 4062 11133
1161 4015 1213 4060 era
1233 4001 1268 4060 ia
1298 4001 1442 4073 33331113,
1469 4009 1529 4063 331
1562 4017 1733 4075 33333333,
1763 4005 1811 4066 aret

1068 4097 1165 4175 sacta,
1189 4101 1227 4156 ut
1249 4094 1351 4156 ailam
1378 4095 1513 4173 perdant
1541 4104 1601 4160 331
1623 4094 1809 4169 membrum,

1067 4205 1122 4250 sau
1144 4187 1322 4265 capiantur
1342 4187 1426 4250 mala
1448 4190 1606 4266 captiuae,
1629 4197 1688 4254 aut
1711 4191 1810 4252 13333

1067 4281 1349 4344 31313313133333
1362 4281 1588 4360 quomodolibet
1601 4285 1808 4364 ingerantur,

1069 4376 1114 4468 ael
1142 4375 1288 4438 iniuriae
1318 4376 1446 4454 aliquae
1479 4377 1671 4455 inserantur
1701 4378 1811 4457 quouis

1068 4469 1211 4548 quaesita
1222 4469 1332 4531 calare.
1348 4469 1528 4534 Consilium
1539 4489 1623 4544 aera,
1635 4471 1717 4550 quad
1731 4470 1811 4532 milti

1069 4565 1231 4628 credituri
1250 4571 1340 4637 suat,
1353 4581 1409 4642 per
1428 4582 1471 4639 33,
1487 4573 1547 4629 aut
1569 4565 1710 4629 11331133
1724 4581 1809 4637 3333,

1068 4678 1124 4722 333
1146 4661 1271 4732 literas,
1288 4661 1330 4723 ud
1343 4676 1452 4721 aarum
1470 4661 1635 4733 31331333,
1652 4677 1700 4722 me
1714 4661 1812 4722 33133-

1070 4761 1110 4826 13,
1134 4754 1256 4815 3331131
1270 4753 1420 4830 pandam.
1442 4754 1603 4832 Populum
1619 4756 1810 4827 Romanurn,

1069 4856 1099 4911 31
1129 4847 1263 4929 Repello
1287 4846 1317 4909 S.
1341 4847 1431 4910 Petri
1464 4849 1596 4911 adiutor
1622 4849 1667 4910 313
1696 4865 1748 4910 era
1770 4849 1812 4911 od
1916 4903 1922 4918 ,

1070 4941 1276 5003 retinendum
1304 4947 1333 5003 31
1356 4941 1603 5020 defendendum,
1630 4943 1718 5004 solua
1746 4957 1811 5002 maa

1069 5035 1190 5107 ardiae,
1207 5041 1319 5097 cantra
1334 5051 1454 5098 ananam
1470 5034 1637 5097 homiaem.
1656 5034 1812 5114 Legatum

1069 5128 1265 5205 apostaticae
1294 5127 1382 5190 Sedis
1404 5128 1440 5189 iu
1470 5129 1572 5191 euuda
1594 5135 1624 5190 31
1653 5129 1812 5192 redeunda

1069 5219 1237 5300 1333111133
1260 5217 1404 5283 tractabo
1425 5229 1456 5282 et
1478 5222 1512 5282 13
1530 5222 1813 5286 331333333311311·

1069 5315 1126 5380 133
1148 5313 1317 5377 adiuvabo.
1350 5316 1440 5387 furo,
1470 5315 1617 5388 bonores,
1640 5315 1813 5396 priuilegia

1069 5417 1098 5473 31
1120 5409 1352 5473 3331311131331
1376 5409 1405 5472 S.
1424 5408 1461 5469 R.
1480 5411 1532 5481 11,
1555 5408 1683 5470 Domini
1699 5408 1812 5472 Nostri

1069 5506 1184 5582 Papae,
1198 5510 1227 5566 et
1241 5517 1459 5565 successorum
1473 5502 1723 5581 praedictarum,
1741 5518 1812 5563 aaa·

1069 5615 1208 5671 seruarc,
1238 5595 1414 5679 1131331333,
1445 5613 1561 5676 augere
1582 5603 1611 5657 af
1632 5611 1813 5673 promouere

1070 5689 1198 5754 curabo.
1222 5690 1328 5769 Neque
1349 5707 1403 5750 ero
1422 5691 1458 5751 13
1479 5689 1621 5761 33331113,
1642 5689 1689 5750 ael
1711 5691 1810 5769 13313,

1068 5801 1125 5846 333
1147 5793 1307 5856 tractatu,
1325 5781 1488 5861 inquibus
1511 5790 1620 5846 cantro
1633 5784 1738 5860 ipsum
1753 5783 1813 5844 Da-

1070 5879 1193 5942 sulatum
1215 5877 1382 5950 Nostrum,
1405 5877 1453 5938 331
1474 5877 1612 5940 33131313
1635 5875 1812 5940 Raraunum

1071 5971 1258 6046 1133133133,
1280 5971 1391 6052 aliqua
1418 5971 1556 6034 sinistro
1577 5970 1624 6033 aei
1648 5971 1812 6050 praeiudi·
