4828 6990
139 2218 323 2266 Prooemium.

143 3160 282 3208 petitionis
297 3174 338 3208 en·

120 3214 216 3270 positio.

915 601 933 646 θ
995 593 1191 639 ununbtcnus
1215 593 1277 638 x1v.

698 703 774 778 GXl.

364 900 677 981 confraternitatem
697 901 755 966 sab
777 903 874 965 tituto
890 900 1108 980 Conceptionis

401 993 434 1054 Β.
459 995 498 1057 H.
523 993 558 1056 V.
583 995 800 1057 immaculatae
821 996 857 1057 in
882 994 995 1068 indiis,
1019 1009 1107 1070 prae-

399 1087 512 1147 sertim
534 1088 570 1150 in
590 1089 723 1150 ciuitate
737 1085 939 1165 Maracanda,
957 1089 1107 1152 Atricon-

399 1179 612 1259 fraternitati
632 1179 690 1243 sot
711 1181 814 1242 eodem
837 1181 937 1243 titolo
959 1183 994 1243 in
1015 1181 1107 1242 ecele-

400 1274 450 1336 sia
473 1273 527 1337 SS.
552 1271 726 1336 Laurentii
754 1280 784 1336 et
810 1275 940 1338 Damasi
966 1275 1001 1336 tte
1030 1271 1108 1337 Drlte

401 1372 555 1447 aggregat
561 1389 574 1439 ,·
594 1366 732 1428 eiusdem
748 1367 968 1448 indulgentias
984 1367 1013 1429 ei
1028 1383 1108 1428 com-

401 1460 568 1531 municat,-
594 1459 748 1521 directori
776 1461 910 1538 insttper
930 1462 1014 1524 alias
1036 1477 1106 1522 cort·

400 1551 630 1631 fraternitates
657 1549 691 1611 in
714 1551 816 1615 indiis
840 1551 984 1631 erigendi
1006 1557 1037 1614 et
1058 1554 1108 1614 in-

401 1644 585 1724 dulgentias
621 1643 879 1706 cominanicandt'
913 1647 1105 1726 facultatem

402 1735 521 1798 tribuit
543 1734 597 1816 (l).

530 1906 771 1977 senioretus
788 1909 847 1976 ΡΡ.
866 1909 938 1977 xlv.

499 2030 534 2098 ad
561 2030 691 2099 futuram
714 2031 756 2098 rei
784 2033 963 2100 memoriam.

398 2208 524 2270 Debitus
545 2223 617 2292 erga
643 2208 874 2271 sanctissimam
895 2209 949 2271 Dei
972 2209 1106 2272 Genitri-

357 2317 424 2367 cem
444 2317 567 2381 semper
580 2301 737 2378 virginem
752 2303 877 2364 Heriem
891 2303 993 2366 cultus
1007 2313 1039 2366 et
1053 2305 1105 2367 ob-

356 2395 500 2472 sequium
522 2411 583 2473 quo
604 2393 811 2474 frequentiori
839 2396 960 2475 pietatis
979 2405 1011 2459 et
1033 2398 1106 2460 reli-

358 2488 458 2564 gionis
488 2487 591 2552 studio
612 2503 646 2550 nc
672 2487 833 2552 ferrarea
855 2489 1104 2553 christifidelibus

357 2580 473 2658 ubique
493 2579 631 2646 locorum
653 2582 846 2658 exhibeatur,
861 2599 1021 2662 supremas
1035 2601 1104 2664 apo·

356 2672 482 2735 stolicae
502 2674 691 2738 auctoritatis
720 2675 983 2756 benignitatisque
1001 2685 1104 2756 partes

357 2766 492 2828 libenter
515 2767 716 2846 conferimus,
739 2777 770 2832 et
791 2769 973 2833 coelestium
994 2786 1104 2833 mune·

357 2875 431 2922 rum
448 2861 618 2936 thesauros,
635 2878 768 2940 quorum
783 2863 1044 2942 dispensationem
1060 2874 1104 2928 te·

357 2954 470 3015 unitati
486 2963 609 3016 nostrae
619 2955 747 3018 credidit
758 2955 946 3032 altissimus,
960 2958 1102 3021 uberiore

357 3045 499 3122 largitate
520 3061 693 3124 erogamus.

396 3140 415 3214 ἓ
438 3139 464 3200 l.
489 3139 610 3218 Exponi
631 3139 784 3218 siquidem
806 3143 895 3205 nobis
923 3160 1024 3224 nuper
1046 3149 1102 3206 bu-

356 3232 475 3295 militer
495 3231 567 3294 fecit
587 3231 718 3296 dilectus
740 3234 822 3296 filius
842 3237 944 3298 iustus
959 3254 974 3298 a
989 3237 1101 3300 Valen-

356 3326 408 3401 tia,
431 3325 554 3390 Ordinis
575 3326 731 3389 Hinarum
758 3325 788 3389 S.
812 3329 965 3393 francisci
987 3331 1103 3411 Capua-

355 3420 498 3482 cinorum
518 3429 724 3499 nuncupator.
746 3422 841 3484 frater
869 3439 1012 3502 expresse
1032 3442 1102 3505 pro·

354 3513 462 3588 fessus,
486 3513 567 3591 qaod
589 3513 655 3591 ipse
674 3513 894 3578 demandatum
909 3517 967 3580 sibi
982 3527 1102 3596 aposto-

355 3606 404 3668 lici
426 3605 613 3669 missionarii
633 3607 772 3685 primum
793 3623 849 3687 per
863 3609 1034 3689 Hispanias,
1050 3615 1100 3675 de·

354 3700 427 3762 inde
439 3713 493 3778 per
504 3698 739 3774 ludios,muuus
750 3703 888 3781 explens,
900 3705 1101 3783 quamplures

356 3801 424 3854 tum
445 3789 478 3854 in
501 3793 574 3872 ipsis
595 3793 812 3872 Hispaniarum
836 3796 953 3874 regnis,
977 3807 1045 3861 tum
1067 3799 1098 3862 in

356 3885 460 3961 indiis,
483 3902 516 3948 ac
537 3887 719 3964 praesertim
739 3887 770 3949 in
786 3889 910 3952 civitate
924 3891 1099 3971 Haracaybo

352 3978 448 4043 dioec.
473 3979 659 4054 Caraoensis,
682 3979 734 4042 ubi
750 3981 782 4044 in
799 3985 969 4060 praesentia
984 3987 1099 4064 reperi·

354 4081 416 4149 tur,
439 4073 603 4150 utriusque
631 4091 723 4137 senus
754 4076 1002 4144 christifidelium
1028 4097 1098 4144 aon·

352 4167 549 4243 gregationes
569 4165 635 4227 sive
656 4169 816 4232 societates
842 4171 909 4234 sive
930 4173 1099 4236 confrater·

352 4259 462 4322 nitates
490 4269 683 4338 nuncupatas
714 4263 771 4324 sub
802 4263 999 4328 invocatione
1019 4268 1097 4331 Con-

352 4352 500 4431 ceptionis
522 4353 717 4416 Beatissimae
747 4354 885 4434 Virginis
906 4359 1019 4422 Mariae
1039 4361 1097 4423 lm·

351 4446 531 4521 maculatae,
553 4447 611 4509 sub
632 4447 723 4511 titulo
744 4449 849 4525 Diarii,
876 4453 972 4531 petita
993 4461 1023 4516 et
1045 4455 1097 4518 ab·

354 4547 436 4602 tenta
456 4540 543 4618 prius
564 4557 579 4600 a
596 4541 733 4604 locorum
750 4545 920 4623 respective
935 4546 1097 4610 ordinariis

351 4633 539 4696 antistitibus
563 4633 686 4697 licentia
708 4644 739 4698 et
766 4635 921 4715 facultate,
947 4641 1095 4718 instituit,

351 4724 492 4789 fundavit
513 4735 544 4790 et
565 4729 675 4804 erexit,
693 4729 724 4790 in
738 4731 851 4808 quibus
866 4734 1096 4812 quamplurima

350 4819 534 4882 christianae
555 4821 675 4900 pietatis
697 4839 799 4901 opera,
823 4840 888 4886 nan
903 4826 970 4888 siue
984 4843 1096 4904 magna

352 4919 419 4974 tum
440 4911 689 4976 christifidelium
719 4925 784 4978 tum
806 4917 900 4980 etiam
921 4919 1095 4984 infidelium

349 5007 386 5067 ad
406 5005 587 5068 catholicam
619 5007 713 5070 fidem
744 5020 905 5089 eapropter
936 5015 1096 5076 confluen-

351 5098 428 5160 tium
449 5099 584 5161 utilitate
605 5109 636 5162 et
652 5101 857 5179 incremento,
873 5105 958 5167 inita
974 5109 1094 5184 regulas

347 5196 379 5250 et
398 5192 635 5254 constitutiones
649 5194 687 5255 ab
699 5195 765 5272 ipso
781 5199 991 5276 praescriptas,
1010 5209 1041 5264 et
1057 5201 1094 5263 ab

348 5283 463 5345 eisdem
492 5284 632 5348 locorum
663 5289 826 5350 ordinariis
857 5291 1022 5354 antistibus
1042 5309 1094 5373 ap·

347 5377 485 5454 probatas
497 5387 693 5444 exercentur.
707 5381 890 5446 Huiusmodi
902 5391 1007 5448 autem
1020 5403 1094 5449 con-

347 5472 553 5548 gregationes,
575 5475 735 5536 societates
756 5484 786 5538 et
810 5477 1091 5558 confraternitates,

346 5571 438 5643 atque
458 5565 535 5627 aliae
556 5583 611 5644 per
632 5569 735 5646 ipsum
755 5569 794 5630 fr.
814 5571 933 5633 lustum
948 5573 1093 5637 alfaien-

346 5657 387 5719 tia
404 5657 549 5737 deinceps
564 5659 782 5738 instituendae,
799 5663 973 5728 fundandae
987 5675 1018 5729 et
1032 5670 1092 5729 eri-

346 5750 478 5828 gendae,¹
497 5769 559 5831 quo
589 5755 711 5818 firmius
741 5757 908 5821 subsistant
929 5768 961 5821 et
982 5761 1091 5826 maiori

1833 571 1892 634 409

1164 710 1350 790 frequentia,
1367 729 1400 775 ao
1415 711 1556 790 religiosa
1571 711 1765 774 observantia
1780 708 1912 772 babean-

1164 811 1226 880 tur‚
1250 806 1333 868 idem
1355 806 1393 868 ir.
1419 808 1518 870 iustus
1539 807 1627 868 nobis
1648 805 1812 868 humiliter
1839 818 1911 881 sup·

1163 897 1266 976 plicari
1299 899 1387 976 fecit,
1419 909 1453 965 ut
1480 901 1643 980 apostolica
1672 899 1852 963 auctoritate
1880 906 1912 960 et

1163 991 1366 1069 benignitate,
1390 1001 1425 1056 ut
1453 993 1545 1066 infra,
1573 993 1736 1073 providere
1757 1001 1787 1055 et
1809 989 1910 1054 indul-

1164 1098 1237 1160 gere
1258 1085 1469 1162 dignaremur.

1202 1177 1272 1250 §2-
1296 1178 1357 1240 Nos
1378 1181 1483 1258 itaque
1504 1181 1621 1244 dietum
1641 1180 1680 1242 fr.
1704 1181 1824 1243 lustum
1842 1194 1909 1259 spe·

1163 1269 1246 1331 cialis
1277 1271 1381 1336 farore
1413 1273 1528 1350 gratiae
1550 1275 1696 1353 prosequi
1717 1275 1857 1336 volentes
1878 1281 1910 1334 et

1163 1378 1179 1422 a
1200 1363 1359 1440 quibusvis
1379 1367 1910 1446 excommunicationis,,suspensio-

1164 1456 1212 1517 nis
1233 1466 1264 1519 et
1285 1457 1454 1535 interdicti,
1471 1461 1600 1540 aliisque
1615 1461 1826 1525 ecclesiasticis
1840 1475 1910 1522 son·

1163 1549 1281 1624 tentiis,
1310 1554 1449 1615 censuris
1476 1562 1509 1616 et
1535 1554 1643 1633 poenis
1665 1571 1680 1615 a
1701 1559 1771 1617 iure
1800 1555 1851 1616 vel
1872 1554 1910 1616 ab

1162 1642 1289 1706 bomine
1310 1648 1418 1724 quavis
1439 1650 1596 1712 occasione
1617 1649 1667 1711 rel
1684 1665 1772 1711 causa
1788 1648 1867 1724 latis,
1884 1647 1908 1709 si

1162 1736 1274 1814 quibus
1296 1742 1529 1819 quomodolibet
1551 1743 1715 1806 innodatus
1737 1742 1852 1816 existit,
1873 1743 1909 1803 ad

1162 1829 1307 1894 effectum
1336 1836 1545 1910 praesentium
1571 1845 1694 1899 tantum
1718 1850 1909 1913 consequen·

1162 1922 1250 1998 dum,
1279 1925 1390 1988 barum
1417 1930 1499 1991 serie
1523 1929 1716 1992 absolventes
1737 1937 1768 1990 et
1789 1919 1910 1990 'absolu-

1163 2024 1231 2078 tum
1253 2017 1319 2080 fore
1333 2030 1507 2097 censentes,
1524 2023 1701 2085 huiusmodi
1715 2021 1908 2101 supplicatio

1161 2110 1252 2172 nibus
1274 2111 1426 2190 inclinati,
1455 2117 1722 2194 congregationes,
1750 2115 1908 2178 societates

1161 2209 1192 2264 et
1213 2205 1492 2284 confraternitates,
1509 2226 1582 2288 quas
1598 2218 1787 2272 memoratus
1802 2210 1840 2270 ir.
1858 2208 1905 2271 lu·

1159 2305 1226 2358 stus
1246 2298 1392 2376 instituit,
1415 2301 1557 2364 fundavit
1578 2309 1609 2364 et
1634 2303 1748 2375 erexit,
1772 2318 1908 2381 quasque

1161 2389 1317 2469 deinceps,
1340 2403 1374 2454 ut
1388 2394 1610 2472 praemittitur,
1628 2396 1782 2472 instituet,
1799 2395 1907 2458 funda-

1160 2482 1204 2545 bit
1225 2493 1256 2545 et
1270 2485 1381 2563 eriget,
1397 2489 1490 2566 petita
1507 2497 1611 2551 tamen
1625 2496 1657 2550 et
1672 2489 1797 2552 obtenta
1812 2490 1906 2552 licen-

1161 2577 1200 2638 tia
1222 2585 1252 2639 et
1272 2577 1416 2642 facultate
1437 2582 1474 2643 ab
1494 2581 1658 2644 ordinariis
1672 2581 1813 2644 locorum
1828 2583 1907 2646 anti·

1159 2671 1269 2746 stibus,
1291 2672 1350 2734 sub
1371 2673 1487 2737 eisdem
1502 2690 1628 2753 prorsus
1642 2677 1734 2738 modo
1749 2683 1780 2738 et
1795 2675 1904 2752 forma,

1158 2764 1216 2826 sub
1236 2765 1349 2842 quibus
1369 2766 1508 2831 locorum
1524 2769 1672 2832 ordinarii
1687 2769 1841 2832 antistites
1855 2785 1906 2847 ap-

1159 2858 1340 2937 probarunt,
1363 2875 1418 2922 nos
1446 2861 1538 2924 etiam
1566 2862 1662 2936 (salva
1683 2877 1806 2941 semper
1827 2862 1905 2942 ipso-

1159 2968 1230 3014 rum
1251 2955 1445 3034 auctoritate)
1467 2963 1577 3018 tenore
1598 2957 1819 3034 praesentium,
1836 2972 1907 3019 aue·

1159 3046 1283 3108 toritate
1307 3053 1411 3108 nostra
1439 3048 1613 3125 apostoliea,
1639 3048 1844 3128 approbamus
1874 3056 1905 3110 et

1158 3140 1388 3201 confirmamus.
1413 3141 1574 3203 Praeterea
1591 3141 1730 3218 singulas
1744 3142 1904 3204 buiusmo·

1158 3231 1188 3292 di
1201 3233 1469 3309 congregationes,
1484 3234 1550 3295 sine
1564 3234 1737 3310 societates,
1753 3235 1819 3296 sive
1832 3251 1904 3297 con·

1156 3323 1377 3400 fraternitates,
1393 3341 1430 3413 eur
1444 3326 1568 3406 speciali
1589 3328 1685 3404 gratia
1700 3327 1905 3390 archiconlra-

1157 3417 1296 3480 ternitati
1317 3419 1374 3480 sub
1390 3420 1586 3483 invocatione
1601 3421 1817 3500 conceptionis
1832 3422 1903 3484 Bea-

1157 3511 1292 3573 tissimae
1326 3511 1464 3589 Virginis
1494 3513 1605 3576 Hariae
1632 3515 1849 3578 immaculatae
1870 3516 1902 3578 in

1155 3604 1281 3669 ecclesia
1302 3601 1355 3669 SS.
1380 3605 1541 3670 Laurentii
1567 3613 1598 3670 et
1620 3608 1739 3670 Damasi
1767 3609 1805 3671 de
1826 3609 1903 3672 urbe

1156 3709 1286 3775 erectae,
1319 3700 1482 3778 apostolica
1509 3701 1625 3780 pariter
1649 3701 1832 3764 auctoritate
1852 3719 1902 3780 ag-

1156 3805 1332 3870 gregamus,
1354 3803 1448 3872 atque
1468 3793 1506 3855 iis
1523 3795 1669 3859 omnibus
1685 3795 1900 3872 indulgentiis,

1156 3893 1351 3963 peecatorum
1382 3887 1634 3964 remissionibus,
1668 3904 1902 3970 poenarumque

1155 3978 1406 4055 relaxationibus,
1428 3982 1541 4060 quibus
1572 3983 1667 4061 ipsam
1697 3983 1902 4047 arabicanfra·

1155 4073 1335 4134 tenuitatem
1356 4075 1487 4154 eiusque
1509 4074 1678 4139 confratres
1698 4084 1729 4139 et
1757 4092 1901 4140 consono·

1153 4181 1202 4227 res
1230 4167 1289 4242 uti,
1318 4165 1379 4228 frui
1408 4175 1439 4230 et
1467 4168 1601 4245 gaudere
1631 4170 1731 4232 uoluit
1759 4169 1811 4232 fel.
1833 4187 1897 4232 reo.

1154 4257 1266 4321 Paulus
1293 4260 1372 4338 Papa
1401 4258 1437 4322 V.
1467 4264 1679 4340 praedecessor
1710 4272 1817 4326 noster
1845 4280 1901 4343 per

1153 4369 1221 4414 suas
1243 4353 1394 4416 insimili
1416 4354 1514 4417 forma
1536 4357 1638 4420 breuis
1663 4357 1781 4421 litteras
1801 4357 1852 4419 die
1867 4375 1896 4420 v.

1153 4445 1221 4508 iulii
1243 4463 1367 4510 uucvu.
1391 4449 1484 4525 datas,
1507 4466 1597 4529 saepe
1619 4452 1712 4514 dictas
1731 4467 1901 4530 congrega-

1154 4541 1265 4615 tiones,
1299 4541 1460 4605 societates
1491 4549 1522 4605 et
1552 4544 1832 4622 confraternitates,
1864 4552 1899 4608 ut

1152 4633 1375 4712 praemittitur,
1391 4645 1583 4713 aggregatas,
1595 4654 1767 4718 earumque
1781 4640 1899 4702 confra-

1154 4734 1215 4788 tres
1237 4735 1268 4788 et
1289 4743 1469 4792 consorores
1491 4732 1548 4808 uti,
1568 4731 1629 4794 frui
1651 4741 1682 4796 et
1697 4733 1834 4811 gaudere
1848 4736 1899 4798 de·

1151 4822 1313 4899 oteramus,
1336 4829 1378 4900 et,
1401 4835 1553 4904 quatenus
1585 4844 1661 4907 opus
1682 4831 1733 4902 sit,
1758 4832 1795 4892 de
1816 4847 1897 4894 novo

1151 4917 1360 4993 concedimus,
1376 4926 1468 4999 atque
1485 4921 1579 4984 etiam
1593 4922 1788 5002 ampliamus,
1804 4932 1837 4987 ut
1851 4941 1897 4988 se·

1150 5011 1268 5090 quitur.

1190 5122 1211 5167 1.
1236 5107 1385 5178 Omnibus
1407 5117 1439 5172 et
1458 5109 1590 5186 singulis
1621 5113 1785 5193 utriusque
1806 5131 1897 5176 sexus

1149 5201 1411 5278 cbristiiidelibus,
1425 5204 1478 5281 qni
1492 5206 1662 5283 quamlibet
1674 5224 1712 5268 ex
1725 5208 1813 5270 dictis
1823 5224 1896 5270 cou-

1148 5291 1404 5370 fraternitatibus,
1426 5298 1492 5360 sive
1512 5299 1720 5376 societatibus,
1742 5301 1809 5362 sive
1823 5318 1896 5364 oon-

1148 5389 1392 5466 gregationibm,
1408 5391 1580 5456 decaetero
1601 5395 1830 5472 ingredientur,
1846 5399 1896 5460 die

1147 5481 1246 5559 prima
1268 5499 1377 5546 eorum
1399 5486 1569 5565 ingressus,
1590 5489 1657 5552 sire
1678 5491 1726 5552 die
1741 5491 1895 5554 dominica

1148 5575 1326 5640 immediate
1344 5580 1499 5657 sequenti,
1515 5589 1607 5659 atque
1622 5583 1716 5646 etiam
1731 5585 1781 5647 die
1796 5585 1894 5647 semel

1148 5669 1179 5730 in
1201 5669 1339 5746 singulos
1367 5688 1465 5735 annos
1485 5674 1521 5735 ad
1547 5675 1793 5758 uniuscuiusque
1814 5680 1894 5741 arbi·

1147 5762 1244 5824 trium
1265 5765 1417 5842 eligenda,
1432 5768 1457 5828 si
1477 5784 1552 5831 vere
1565 5771 1761 5848 poenitentes
1776 5781 1808 5834 et
1823 5789 1894 5835 oon-

857 5899 970 5908 Q
1001 5903 1386 5914 -ss-——fi--u-q--m—

385 5969 414 6024 (lf
431 5971 467 6014 Hx
481 5971 545 6016 Ball.
561 5974 619 6029 Cap.
635 5974 683 6018 vol.
699 5977 760 6030 Vll,
775 5987 798 6032 p.
814 5979 860 6033 3i0,
875 5979 932 6024 coll.
947 5990 1006 6024 cuin
1021 5983 1084 6037 Reg.
1100 5985 1156 6028 vat.
1173 5985 1247 6030 arcii.
1264 5987 1335 6030 Brer.
1353 5989 1419 6031 seor.

450 6097 502 6147 fur.
519 6099 590 6146 Pont.
605 6099 635 6146 de
652 6098 725 6158 l'rop.
740 6099 802 6148 Fide
816 6103 899 6153 Partis
914 6103 932 6150 1.
947 6102 1001 6150 vol.
1017 6105 1060 6150 111.

1941 571 1995 626 Au.
2010 573 2039 626 O.
2061 570 2130 624 1750

1967 1184 2140 1230 concessionis

1926 1236 2029 1284 limites.
