4838 6982
88 561 131 611 dn.
144 559 171 607 c.
190 553 257 604 1753

288 692 442 753 librorum
466 692 599 754 lectione
617 692 706 756 facile
721 694 906 755 incurritur.
931 694 1036 773 Siqua

290 807 367 852 vero
386 788 584 865 ignominiae
606 788 672 850 labe
700 787 832 848 auctoris
861 803 977 850 nomen
1000 806 1037 850 eu

290 905 329 950 eo
350 889 469 968 aspergi
497 890 673 967 contingat,
699 889 725 949 id
756 907 818 952 nou
848 891 962 954 directe
985 895 1036 954 sed

289 981 417 1060 oblique
435 999 471 1044 eu
487 983 557 1044 fibri
573 983 772 1045 damnatione
793 985 951 1062 consequi.
975 985 1037 1061 Oua

289 1093 364 1138 sane
387 1079 507 1140 ratione
536 1079 667 1140 minime
688 1079 902 1158 improbandas
934 1097 1037 1143 cense-

291 1185 362 1232 naus
396 1171 573 1233 huiusmodi
608 1171 758 1234 librorum
793 1171 1036 1251 prohibitiones,

290 1263 440 1325 inauditis
455 1265 643 1345 auctoribus,
660 1265 767 1342 factas3
791 1282 888 1344 quum
903 1281 1039 1344 praeser-

291 1357 349 1418 tim
371 1359 561 1421 eredendum
582 1359 633 1433 sit,
656 1359 805 1437 quidquid
828 1376 883 1438 pro
904 1377 937 1422 se
961 1361 1037 1438 ipso,

291 1457 346 1510 aut
367 1467 423 1529 pro
444 1451 601 1513 doctrinae
621 1469 694 1513 suae
716 1451 907 1528 defensione,
924 1454 1038 1531 potuis-

290 1552 339 1604 set
360 1551 465 1605 auctor
487 1544 608 1618 afferre,
626 1545 653 1606 id
677 1545 807 1606 minime
830 1546 1039 1608 acensorihus

292 1645 385 1714 atque
417 1637 568 1699 iudicibus
604 1639 783 1714 ignoratum
820 1639 1039 1716 neglectumre

291 1729 400 1792 fuisse.
432 1730 536 1792 Nihilo
564 1737 668 1794 tamen
695 1732 817 1808 minus,
841 1731 920 1810 quod
950 1748 1039 1811 saepe

292 1823 378 1897 alias,
401 1841 522 1886 summa
549 1827 711 1903 aequitatis
732 1834 764 1888 et
791 1826 973 1904 prudentiae
993 1845 1040 1888 ra-

293 1918 391 1991 tione,
404 1918 558 1981 abeodem
575 1919 822 1996 Congregatione
837 1919 949 1982 factum
966 1919 1039 1980 fuis-

291 2027 327 2071 se
348 2018 487 2087 constat,
505 2016 562 2074 hoc
582 2013 676 2074 etiam
699 2013 730 2074 in
759 2021 918 2091 posterum
949 2013 986 2074 ah
1007 2030 1040 2074 ea

292 2105 410 2165 servari
423 2121 611 2183 magnopere
627 2115 780 2183 optamus,
795 2116 840 2182 ut,
854 2109 977 2183 quando
992 2123 1041 2168 res

294 2197 336 2257 sit
357 2197 395 2258 de
417 2206 541 2260 arrctore
563 2198 724 2273 catholieo,
741 2199 840 2278 aliqua
863 2199 997 2260 nominis
1012 2207 1041 2260 et

295 2289 483 2352 meritorum
495 2290 572 2352 fama
585 2291 711 2366 illustri,
721 2291 849 2370 eiusque
860 2308 948 2370 opus,
957 2291 1040 2354 dern-

296 2383 357 2460 ptis
379 2384 553 2458 demendis,
568 2385 599 2445 in
617 2385 775 2461 pubiicum
798 2387 939 2463 prodesse
956 2401 1041 2463 posse

295 2473 503 2552 dignoscatur,
517 2477 566 2538 vel
582 2483 740 2539 auctorem
756 2479 858 2555 ipsum
872 2494 957 2540 suam
974 2495 1041 2540 cau·

296 2583 361 2628 sarn
384 2569 466 2630 tueri
489 2569 648 2631 volentem
673 2571 787 2644 audiat,
810 2571 860 2632 vel
883 2587 983 2633 unum
1003 2587 1040 2632 er

296 2655 526 2723 consultoribus
554 2663 711 2740 designet,
739 2665 792 2742 qui
821 2681 860 2725 eu
888 2665 990 2744 offic-to
1011 2681 1042 2726 o·

297 2754 379 2832 peris
407 2756 613 2832 patrocinium
646 2756 921 2837 defensionemque
949 2758 1042 2820 susci·

297 2846 369 2926 piat.

104 2948 277 3008 causatore
338 2941 356 3015 ἓ
381 2940 427 3003 ff.
450 2942 714 3016 Quemadmodum
735 2961 821 3017 uero,
839 2945 891 3007 ubi
913 2947 949 3008 de
965 2946 1043 3008 con-

81 3005 171 3052 nuutur,
182 3009 206 3043 rn
222 3011 278 3055 qur·

82 3057 119 3115 qus
136 3053 192 3114 neq
205 3063 221 3096 a
236 3053 280 3097 aa-
299 3037 479 3114 gregatioue
501 3035 604 3099 Sancti
626 3036 722 3099 Officii
743 3039 919 3116 agebamus,
941 3038 1040 3100 eidem

80 3106 279 3204 ffdgfft'fflssd‘gssssj
298 3145 356 3190 nos
377 3145 500 3207 semper
526 3129 731 3192 interfuturos
760 3131 944 3208 recepimus,
968 3147 1042 3209 quo·

299 3223 493 3302 tiescumque
513 3223 551 3285 de
566 3223 656 3299 libro,
672 3223 760 3286 cultis
775 3224 902 3284 materia
925 3224 1045 3300 gravio·

298 3316 341 3377 ris
369 3317 521 3394 momenti
543 3318 599 3391 sit,
629 3315 778 3378 iudicium
808 3325 931 3392 agatur3
960 3318 1041 3394 quud

299 3411 359 3470 erit
380 3409 469 3470 nobis
490 3409 691 3484 facillimum,
714 3425 813 3487 quum
835 3411 941 3471 eadem
964 3409 1044 3472 con-

299 3503 438 3580 gregatio
460 3502 595 3582 qualibet
617 3501 691 3563 feria
713 3503 821 3580 quinta
837 3518 937 3563 coram
956 3502 1044 3564 nobis

299 3596 464 3672 habeatur3
478 3596 520 3657 sic
535 3601 566 3657 et
582 3595 691 3657 indicis
703 3595 943 3672 congregationi
959 3611 1044 3672 prae·

299 3689 431 3750 sentiam
454 3697 590 3750 nostram
614 3690 796 3767 impendere
811 3689 906 3766 parati
921 3703 1042 3761 sumus,

299 3783 421 3860 quoties
443 3783 488 3843 rei
515 3783 648 3859 gravitas
670 3783 699 3842 id
727 3781 897 3859 promereri
926 3780 1042 3842 videbi-

300 3885 362 3937 tur.
395 3875 503 3954 Neque
524 3877 608 3938 enim
632 3875 661 3936 id
688 3891 764 3954 opus
785 3891 850 3938 esse
878 3875 1042 3936 dicendum

299 3978 356 4044 est,
379 3984 478 4048 quum
501 3970 551 4031 vel
566 3969 712 4032 haeretici
734 3969 870 4031 hominis
893 3968 970 4029 liber
991 3969 1042 4030 de-

300 4064 479 4137 nunciatur,
497 4063 528 4124 in
549 4079 611 4140 quo
627 4073 733 4124 auctor
754 4077 874 4124 errores
894 4060 1044 4123 catholico

299 4155 436 4232 dogmati
468 4155 668 4219 adversantes
699 4155 841 4219 consulto
868 4157 961 4218 tradit
991 4165 1043 4220 aut

300 4255 424 4328 tuetur;
447 4250 498 4312 rel
513 4266 589 4329 opus
604 4250 726 4330 aliquod
750 4252 781 4314 in
798 4267 926 4314 examen
950 4254 1043 4316 addu-

300 4347 398 4420 citur,
424 4361 486 4423 quo
508 4353 610 4408 rectae
637 4363 760 4409 morum
787 4347 913 4424 regulae
935 4342 1045 4410 labefass

300 4450 441 4517 etentur,
464 4458 497 4502 ac
526 4441 610 4502 vitiis
635 4447 666 4501 et
693 4440 876 4520 corruptelis
907 4440 1042 4504 fomenta

300 4536 498 4614 praebentur.
533 4535 565 4596 ln
589 4533 636 4594 his
657 4535 742 4596 enim
775 4535 891 4598 casibus
918 4553 957 4597 ne
978 4535 1044 4598 illas

299 4631 438 4710 quidem,
461 4645 535 4708 quas
557 4644 647 4706 supra
669 4629 859 4707 scripsimus,
877 4630 1045 4692 accuratio-

299 4739 349 4785 res
377 4723 508 4786 cautelas
537 4722 682 4784 adhibere
711 4737 835 4784 necesse
867 4724 946 4800 erit3
978 4725 1042 4798 sed,

300 4818 454 4881 haeretico
482 4817 624 4894 dogmate
651 4815 702 4877 rel
733 4833 828 4895 pravo
854 4817 949 4879 moris
971 4817 1044 4878 fuci·

300 4919 441 4975 tamento
454 4910 549 4974 semel
564 4917 732 4988 comperto,
747 4911 978 4988 proscriptionis
994 4911 1045 4972 de·

301 5017 422 5070 cretum
444 5006 524 5068 illico
551 5005 753 5068 sanciendum
778 5005 854 5080 erit,
878 5006 962 5068 iuxta
985 5004 1045 5083 pri-

300 5117 402 5178 mam,
424 5101 592 5164 seeundam
621 5107 652 5161 et
672 5099 838 5178 septimam
868 5097 977 5160 iudicis
999 5114 1045 5159 re-

301 5196 399 5274 gulas,
414 5193 597 5255 sacrosancti
620 5191 794 5253 Tridentini
811 5191 940 5254 concilii
962 5191 1045 5254 iussu

302 5289 398 5352 editas
419 5296 511 5364 atque
532 5284 683 5362 vulgatas.

101 5385 217 5436 secretum
232 5399 284 5435 om·
341 5384 360 5457 5
384 5381 430 5445 te.
448 5383 529 5445 cum
542 5379 574 5440 in
587 5379 780 5457 praelaudata
797 5377 1044 5454 congregatione

85 5439 284 5488 nibusincon-
399 5477 404 5488 .
504 5474 520 5484 ..
833 5472 837 5481 ·

85 5497 219 5588 {legatione
241 5499 285 5542 rn-
303 5477 406 5540 Sancti
427 5475 522 5539 chien
548 5487 750 5534 severissimis
778 5471 898 5547 legibus
920 5477 1044 5533 cautum

85 5555 284 5650 qffipsssnngssssg
302 5573 353 5646 sit,
376 5585 416 5632 ne
437 5568 475 5630 de
503 5567 594 5629 rebus
620 5564 758 5627 eiusdem
789 5564 1047 5640 congregationis

85 5651 284 5766 {ffilgsslclolffgffl
303 5665 466 5743 quisquam
486 5676 557 5724 oum
579 5659 638 5720 alio
660 5664 747 5720 eutra
774 5656 858 5718 illam
886 5657 1045 5735 loquatur,

85 5765 129 5814 sat·
143 5763 164 5808 s.
179 5763 264 5810 offleii.
303 5773 358 5820 nos
379 5758 458 5818 hanc
479 5754 621 5816 eamdem
641 5750 757 5812 silentii
778 5749 879 5826 legem
900 5765 916 5810 a
937 5749 1046 5811 relato-

303 5852 400 5926 ribus,
422 5845 651 5912 consultoribus
672 5852 703 5906 et
726 5842 938 5906 cardinalibus
965 5843 1046 5905 con·

304 5943 494 6024 gregatlonis
507 5940 625 6002 indicis
647 5937 790 6014 religiose
818 5933 1045 5998 custodiendam

410 6090 462 6139 fur.
478 6089 546 6137 nont.
562 6085 593 6134 de
610 6085 683 6145 Prop.
700 6081 760 6130 Fide
773 6083 855 6130 Parth
870 6083 889 6129 1.
904 6080 960 6130 Vol.
974 6081 1017 6130 111.

923 575 1119 621 ncunntcrcs
1141 575 1205 621 xlv.

1758 545 1817 614 545
1867 546 1965 600 aaa.
1987 547 2055 600 raes

1092 693 1307 780 praecipimus.
1333 695 1417 757 illius
1441 705 1545 758 tamen
1566 693 1731 758 secretario
1752 700 1838 770 pote-

1091 800 1201 862 statem
1224 791 1363 864 facimus,
1387 795 1422 850 ut
1443 787 1726 850 animadversiones
1749 785 1780 846 in
1803 783 1838 846 li-

1091 896 1164 956 bros
1185 902 1335 953 censurae
1355 881 1518 957 subiectos,
1536 897 1645 945 eorum
1662 878 1837 942 auctoribus

1093 987 1141 1050 vel
1164 985 1229 1047 aliis
1251 982 1378 1045 illorum
1401 977 1528 1041 nomine
1549 975 1712 1054 agentibus
1735 981 1765 1036 et
1786 989 1838 1051 po-

1093 1083 1290 1158 stulantibus,
1313 1083 1371 1144 sub
1393 1080 1499 1142 eadem
1529 1073 1642 1138 decreti
1665 1071 1735 1147 luge
1756 1081 1838 1132 com·
1884 1130 1888 1136 .

1093 1177 1252 1240 municare
1264 1184 1373 1254 queat3
1395 1171 1565 1253 suppressis
1579 1183 1702 1246 semper
1717 1167 1838 1227 denun-

1093 1272 1215 1334 tiatoris
1237 1271 1434 1348 censorisque
1459 1264 1648 1330 nominibus.
2078 1319 2081 1329 .

1133 1367 1152 1442 ἓ
1176 1365 1221 1428 13.
1239 1364 1461 1426 Examinandis
1479 1360 1732 1438 corrigendisque
1752 1355 1839 1419 libris
1871 1366 1963 1420 oneres
1978 1375 2031 1428 essa
2046 1377 2070 1411 ο-

1094 1467 1322 1539 peropportuna
1344 1465 1430 1533 sunt,
1446 1473 1524 1536 quae
1539 1457 1643 1518 decem
1659 1451 1776 1530 regulis
1790 1450 1838 1511 In·
1857 1425 2070 1520 fsssfffiaetfflss'.

1093 1555 1168 1616 dicis
1188 1573 1203 1615 a
1226 1553 1362 1632 patribus
1386 1551 1588 1614 Tridentinae
1601 1549 1716 1627 Synodi
1737 1546 1839 1610 confe·
1858 1529 2070 1626 {dgnissffl'ss‘m‘

1092 1649 1148 1709 ctis
1176 1655 1267 1726 atque
1295 1645 1384 1709 editis
1414 1645 1626 1707 continentur.
1655 1643 1691 1704 ln
1723 1641 1839 1703 instru-

1093 1741 1196 1804 ctione'
1210 1747 1314 1804 autern
1328 1740 1379 1801 fel.
1394 1755 1491 1802 recor.
1508 1737 1678 1802 clementis
1692 1736 1747 1798 PP.
1759 1734 1836 1796 llll.

1094 1835 1231 1897 eiusdem
1246 1831 1364 1909 regulis
1385 1833 1511 1906 adiecta,
1542 1831 1604 1892 Tit.
1621 1832 1657 1894 de
1672 1829 1839 1890 correctio·

1094 1943 1132 1987 oe
1154 1926 1312 1988 librorum
1328 1926 1346 2000 5
1364 1925 1409 1996 V.,
1427 1924 1582 2003 cpiscopis
1599 1916 1639 1985 et'
1650 1921 1840 2000 inquisitori-

1093 2020 1150 2082 bus
1161 2035 1233 2082 cura
1248 2017 1466 2090 committitur,
1479 2025 1513 2078 ut
1529 2018 1564 2078 ad
1580 2017 1734 2078 librorum
1747 2014 1842 2076 eden-

1094 2113 1206 2174 dorum
1227 2126 1358 2174 examen
1382 2115 1543 2186 spectatae
1564 2107 1696 2186 pietatis
1718 2111 1748 2168 et
1773 2106 1842 2168 doc-

1097 2206 1205 2266 trinae
1235 2204 1320 2266 utros
1349 2200 1535 2273 adhibeant,
1559 2201 1594 2262 de
1625 2215 1760 2278 quornm
1782 2198 1840 2276 fide

1095 2301 1126 2358 et
1148 2297 1341 2376 integritate
1361 2292 1425 2356 sihi
1445 2293 1592 2372 polliceri
1613 2295 1743 2370 queant,
1756 2289 1841 2352 nihil

1097 2407 1145 2452 eos
1167 2388 1296 2468 profice
1317 2388 1462 2460 daturos,
1481 2385 1566 2448 nihil
1588 2383 1741 2456 odihsed,
1756 2383 1841 2444 omni

1098 2482 1236 2545 humano
1258 2481 1375 2560 affecta
1390 2477 1583 2558 posthabito,
1598 2476 1654 2539 flet
1667 2477 1842 2538 dnmtoaat

1096 2577 1234 2654 gloriam
1255 2578 1467 2653 spectaturos,
1487 2576 1518 2633 et
1532 2571 1632 2649 fidelis
1653 2568 1763 2648 papali
1776 2568 1843 2630 uti·

1097 2669 1234 2731 litatem.
1259 2668 1310 2729 His
1326 2683 1417 2746 porro
1432 2665 1603 2728 uirtutibus
1617 2664 1777 2741 animique
1792 2663 1843 2723 do·

1099 2763 1191 2834 tibus,
1208 2761 1234 2821 si
1249 2777 1312 2822 uon
1328 2760 1447 2833 maiori,
1461 2767 1491 2820 at
1512 2759 1578 2837 pari
1590 2764 1673 2820 certe
1690 2755 1726 2818 de
1742 2771 1842 2829 causa,

1099 2861 1251 2932 praestare
1272 2855 1395 2931 oportet
1416 2851 1509 2914 huius
1532 2858 1654 2913 nostrae
1669 2851 1843 2925 congrega·
1864 2911 1865 2914 ,
1949 2893 1950 2896 ,

1100 2947 1193 3009 tionis
1209 2947 1362 3008 reviseres
1373 2953 1403 3007 et
1414 2945 1618 3007 consultores.
1636 2943 1777 3020 cumque
1793 2958 1843 3003 eos

1098 3057 1216 3116 omnes,
1240 3040 1293 3120 qui
1315 3055 1399 3103 nunc
1413 3038 1592 3100 huiusmodi
1614 3052 1744 3098 munera
1766 3035 1842 3097 ohti-

1099 3141 1186 3210 nent,
1203 3135 1279 3196 tales
1294 3150 1359 3195 esse
1375 3149 1438 3194 non
1459 3132 1652 3208 ignoremus,
1675 3129 1844 3207 optandum

1098 3229 1345 3305 sperandumque
1362 3233 1419 3301 est,
1438 3241 1502 3287 non
1524 3221 1679 3285 absimiles
1700 3222 1843 3299 deinceps

1098 3319 1231 3394 futuros
1253 3321 1308 3398 qni
1330 3319 1365 3378 ad
1388 3319 1415 3380 id
1434 3318 1610 3394 eligentur3
1633 3314 1775 3376 homines
1797 3315 1844 3375 ni·
1924 3337 1927 3346 ·

1098 3413 1215 3474 mirum
1237 3414 1319 3474 vitae
1340 3413 1491 3488 integros,
1508 3409 1653 3488 probatae
1674 3407 1842 3482 doctrinae,

1098 3513 1220 3568 maturo
1233 3505 1355 3580 iudicio,
1374 3507 1553 3583 incorrupto
1568 3503 1690 3574 affectu,
1706 3503 1743 3564 ab
1758 3502 1845 3567 omni

1099 3600 1232 3678 partium
1254 3600 1368 3674 studio,
1384 3613 1648 3676 personarumque
1669 3596 1844 3676 acceptione

1099 3693 1229 3769 alienos3
1253 3693 1305 3772 qui
1326 3693 1514 3771 aequitatem
1536 3691 1771 3767 libertatemque
1799 3689 1845 3752 iu·

1099 3785 1219 3848 dicandi
1247 3801 1318 3847 cum
1350 3785 1513 3863 prudentia
1545 3789 1576 3845 et
1607 3784 1746 3845 veritatis
1777 3783 1844 3844 zelo

1099 3880 1302 3956 coniungant.
1327 3879 1406 3942 cum
1428 3885 1531 3940 autem
1561 3893 1669 3939 eorum
1692 3892 1845 3938 numerus

1100 3990 1184 4035 nunc
1204 3979 1307 4036 certus
1322 3979 1353 4034 et
1368 3971 1554 4035 constitutus
1569 3987 1632 4032 nou
1647 3969 1698 4045 sit,
1714 3970 1751 4030 ab
1765 3969 1844 4032 eius-

1099 4067 1169 4130 dem
1183 4067 1440 4146 congregationis
1453 4065 1665 4131 cardinalibus
1680 4065 1845 4127 consilium

1100 4163 1331 4240 expectabimus
1359 4166 1451 4239 atque
1471 4161 1642 4238 capiemus,
1670 4176 1749 4222 num
1771 4175 1844 4221 eum

1101 4271 1155 4334 pro
1182 4255 1296 4317 futuris
1324 4253 1516 4331 temporibus
1547 4253 1678 4314 definire
1706 4257 1845 4330 oporteat

1100 4347 1150 4410 vel
1172 4348 1326 4426 expediat:
1352 4346 1408 4407 hoc
1430 4354 1534 4407 tamen
1557 4346 1614 4407 iam
1636 4361 1720 4408 nunc
1742 4346 1846 4408 decer·
1880 4371 1972 4415 aarum
1988 4379 2076 4414 nume-

1100 4449 1222 4517 nentes,
1245 4445 1397 4518 quatenus
1417 4455 1526 4501 eorum
1548 4454 1699 4500 numerus
1720 4438 1846 4500 defmia·
1863 4421 2076 4530 22⁵gf,‘{,2flu¹{}‘,¹fg;

1101 4542 1164 4611 tur,
1188 4542 1222 4596 ut
1246 4542 1306 4596 tam
1334 4534 1493 4609 relatores,
1521 4548 1613 4611 quam
1639 4531 1844 4606 consultores,
1865 4529 2047 4584 castigandus.

1101 4645 1139 4690 eu
1161 4627 1296 4705 utroque
1323 4627 1415 4704 clero,
1438 4625 1585 4689 saeculari
1608 4641 1721 4704 nempe
1742 4632 1774 4687 et
1798 4641 1847 4686 re·

1102 4721 1212 4799 gulari,
1236 4729 1445 4796 assumantur,
1468 4719 1517 4782 alii
1541 4719 1667 4797 quidem
1695 4709 1848 4795 theologi,

1102 4814 1153 4877 alii
1175 4815 1339 4892 utriusque
1354 4815 1430 4875 iuris
1450 4812 1555 4892 periti,
1572 4813 1623 4874 alii
1638 4829 1721 4874 sacra
1736 4819 1767 4873 et
1777 4827 1846 4890 pro·

1101 4908 1170 4971 fana
1190 4905 1367 4969 eruditione
1392 4912 1597 4986 praestantes,
1622 4913 1657 4966 ut
1677 4921 1714 4967 ex
1737 4921 1846 4967 eorum

1101 5010 1202 5077 coetu,
1219 5016 1273 5080 pro
1288 5000 1437 5062 varietate
1458 4999 1623 5072 librorum,
1640 5001 1693 5077 qui
1715 5001 1750 5060 ad
1766 4999 1847 5062 con·

1102 5096 1315 5174 gregationem
1347 5092 1543 5168 deferuntur,
1574 5092 1676 5155 idonei
1701 5094 1761 5154 viri
1783 5109 1846 5156 non

1101 5189 1202 5252 desint
1229 5187 1265 5249 ad
1295 5186 1457 5249 ferendum
1487 5187 1523 5249 de
1549 5202 1739 5266 unoquoque
1770 5186 1848 5249 iudi-

1102 5283 1196 5345 cium.

1141 5377 1160 5451 5
1185 5376 1230 5436 ft.
1253 5377 1336 5452 ipsos
1350 5381 1455 5435 aulem
1471 5373 1630 5448 relatores,
1643 5373 1848 5436 consultores·
1880 5397 1992 5497 ¹³⁰ff¹¹¹³⁶
2007 5396 2031 5442 a„
2045 5395 2078 5442 se.

1103 5486 1173 5548 que,
1197 5476 1261 5530 tam
1282 5483 1367 5530 nunc
1389 5468 1569 5540 existentes,
1585 5483 1676 5544 quam
1701 5467 1733 5527 in
1749 5475 1848 5544 poste-
1867 5463 1950 5550 35¹¹,ss
1971 5451 2078 5551 εῗξΐξξῐξῗ

1103 5579 1173 5624 rum
1210 5564 1468 5640 quandocumque
1503 5559 1641 5636 futuros,
1682 5576 1848 5622 monemus
1867 5559 1920 5603 ‘¹²¹⁰-

1102 5671 1136 5716 ac
1166 5655 1370 5716 vehementer
1398 5654 1576 5727 hortamur,
1609 5660 1643 5715 ut
1674 5653 1706 5714 in
1734 5654 1848 5714 ermmi-

1103 5765 1143 5809 ne
1175 5745 1349 5824 iudicioque
1381 5745 1532 5806 librorum
1563 5753 1727 5823 sequentes
1759 5761 1849 5823 regu-

1102 5841 1145 5903 las
1171 5839 1337 5916 diligenter
1368 5837 1542 5917 inspiciant,
1572 5846 1773 5917 accurateque
1798 5857 1871 5902 cu·.

1102 5933 1255 5996 stodiant:

1718 6081 1744 6128 69
