4708 6978
366 475 465 531 Aac.
487 479 555 532 1747
605 483 665 546 ιιι

586 638 748 684 cansarum
777 623 949 698 revisione,
978 621 1084 686 eudem
1117 625 1219 686 omnia
1246 623 1335 686 volu·

587 732 656 778 mus
678 716 852 790 observari,
875 733 954 795 qnae
972 733 1030 795 pro
1055 719 1152 781 causis
1174 717 1335 780 matrimo-

587 809 719 870 nialibus
742 809 773 871 in
797 810 904 872 eadem
926 812 1148 874 constitutione
1176 809 1335 874 mandavi-

586 917 667 964 mus.

626 995 893 1072 Quemadmodum
905 999 1039 1079 deniqne
1054 999 1208 1076 legitimas
1223 1014 1335 1077 poenas

587 1091 700 1154 ibidem
716 1094 936 1156 constituimus
951 1093 1096 1156 adversus
1118 1109 1182 1168 eos,
1198 1093 1251 1172 qui
1267 1101 1334 1172 post

587 1186 712 1248 unicam
738 1187 897 1250 obtentam
923 1187 1113 1250 sententiam
1140 1202 1195 1266 pro
1223 1187 1335 1264 prioris

587 1279 779 1341 matrimonii
801 1279 957 1355 nullitate,
970 1281 1036 1341 sive
1057 1279 1213 1358 pendente
1234 1279 1335 1356 appel-

588 1372 715 1446 latione,
737 1373 803 1434 sive
818 1387 851 1434 ea
867 1388 921 1451 per
935 1373 1100 1448 lactariam,
1120 1381 1172 1434 aut
1194 1373 1333 1434 fraudem

587 1463 757 1527 defensoris
788 1482 852 1528 non
881 1467 1079 1546 interposita,
1107 1467 1173 1528 ansi
1205 1465 1335 1528 inissent

589 1575 682 1620 novas
705 1560 827 1638 nuptias
853 1561 1053 1638 contrahere3
1077 1568 1170 1639 atque
1198 1560 1335 1622 decrevi-

589 1670 657 1716 mus
689 1654 810 1716 nemini
838 1654 931 1716 licere
958 1656 993 1717 ad
1025 1653 1117 1716 altera
1143 1660 1213 1715 vutu
1235 1661 1336 1715 trans-

544 1767 547 1772 ·
589 1749 645 1824 ire,
675 1749 739 1810 uisi
767 1749 845 1810 duae
875 1749 983 1810 saitem
1012 1748 1186 1810 sententiae
1213 1747 1335 1810 confor-

588 1859 654 1904 mes
668 1859 724 1922 pro
747 1842 892 1908 nullitate
914 1843 1024 1920 prioris
1039 1843 1230 1904 matrimonii
1252 1857 1334 1904 ema-

588 1936 751 2012 naverint;
782 1937 833 2010 ita,
857 1928 974 2014 si'quis
995 1936 1027 1997 in
1050 1935 1165 1998 Ordine
1187 1935 1333 2013 Regulari

588 2029 753 2108 professus,
776 2036 844 2106 post
866 2029 990 2091 unicam
1011 2029 1212 2104 sententiam,
1229 2029 1334 2090 favore

588 2121 742 2183 nullitatis
763 2121 961 2200 professionis
990 2122 1246 2200 pronum-iatam,
1269 2121 1335 2183 sive

588 2216 754 2292 pendente,
766 2215 837 2282 sive
855 2215 964 2278 omissa
987 2216 1182 2296 culpabiliter
1203 2215 1334 2295 appella·

589 2307 685 2382 tione,
708 2323 725 2368 e
747 2306 887 2368 claustris
908 2309 1005 2384 exire,
1029 2325 1045 2369 a
1067 2309 1219 2386 religione
1241 2310 1335 2372 disce·

588 2403 672 2476 dere,
695 2401 838 2480 quodque
858 2403 955 2478 magis
977 2399 1034 2478 est,
1052 2403 1191 2466 habitum
1216 2404 1337 2480 regula-

588 2511 654 2558 rem
667 2496 797 2557 abiicere
809 2497 1060 2575 praesumpserit;
1074 2496 1231 2571 volumus,
1244 2504 1336 2575 atque

588 2591 765 2665 statuimus,
779 2590 924 2652 omnibus
939 2605 1012 2652 eum
1030 2590 1138 2670 poenis
1157 2599 1249 2670 atque
1264 2607 1335 2654 cen-

588 2685 669 2746 suris
690 2701 705 2743 a
727 2683 818 2744 sacris
845 2683 1013 2746 canonibus
1042 2691 1073 2745 et
1094 2701 1109 2745 a
1139 2683 1336 2747 constitutio-

589 2777 681 2839 nibus
702 2775 874 2855 apostolicis
896 2783 1002 2838 contra
1027 2785 1176 2856 apostatas
1202 2777 1270 2839 latis
1292 2787 1335 2840 at-

588 2887 649 2948 que
670 2869 806 2944 sancitis
828 2867 986 2931 subiacere
1009 2878 1039 2930 et
1060 2869 1230 2933 obnoxium
1253 2887 1334 2948 esse3

589 2965 794 3026 decernentes
820 2963 954 3042 pariter,
978 2963 1010 3023 in
1038 2963 1216 3026 huiusmodi
1239 2966 1336 3028 causis

588 3056 626 3117 de
647 3055 845 3134 professionis
867 3054 1022 3132 nullitate,
1044 3054 1178 3119 liberum
1199 3058 1336 3136 professo

589 3165 653 3210 non
675 3163 741 3210 esse
756 3166 771 3209 a
787 3149 939 3226 religione
954 3151 1099 3226 migrare,
1116 3153 1175 3214 nisi
1191 3154 1265 3214 duas
1279 3153 1338 3214 sal·

589 3249 653 3303 tem
675 3241 846 3304 obtinuerit
866 3245 1036 3306 sententias
1061 3244 1247 3322 conformes,
1270 3247 1337 3325 qni-

588 3335 647 3396 bus
668 3334 704 3396 ab
725 3352 762 3398 eo
784 3335 893 3398 emissa
914 3335 1062 3414 professio
1088 3337 1173 3401 nulla
1196 3346 1227 3401 et
1249 3341 1337 3403 irrita

589 3428 740 3490 declarata
761 3428 865 3492 fuerit.

358 3585 384 3628 a
401 3531 572 3630 ¹alilawrrrfocgagla
631 3524 669 3586 Et
690 3525 807 3604 primae
827 3526 953 3604 quidem
972 3527 1137 3591 instantiae
1152 3529 1266 3593 iudices
1287 3548 1338 3592 su·

359 3637 454 3682 sonata
479 3649 571 3683 causae
590 3635 644 3697 per
673 3617 831 3680 validitate
861 3620 1108 3698 professionum,
1142 3641 1220 3702 quae
1257 3625 1336 3686 intra

357 3689 571 3799 ξξζζιξῗῗξξξᾱ
590 3712 821 3791 quinquenium
844 3713 1028 3776 iudicialiter
1050 3715 1285 3793 impugnantur,
1303 3725 1337 3779 nt

589 3819 680 3882 snpra
707 3804 825 3867 dictum
854 3813 917 3881 est,
944 3807 1087 3883 superior
1108 3809 1275 3885 regularis,
1298 3810 1337 3870 si·

590 3897 720 3976 mulque
750 3898 931 3961 Ordinarius
963 3898 1019 3961 loci
1051 3917 1116 3962 esse
1146 3901 1270 3964 debent.
1305 3902 1337 3966 Si

590 4007 665 4054 vero
686 3993 812 4054 eaedem
840 4007 946 4054 consae
969 3993 999 4056 in
1021 3993 1155 4056 secunda
1176 4003 1230 4056 aut
1258 3995 1338 4059 ulte-

589 4086 666 4146 riori
681 4085 827 4147 instantia
842 4085 904 4146 sint
923 4086 1145 4162 discutiendae,
1158 4089 1335 4164 statuimus,

589 4178 786 4240 inhaerentes
801 4178 936 4255 antiquis
951 4181 1134 4258 quibusdam
1150 4182 1338 4260 saepedictae

590 4271 847 4346 Congregationis
876 4271 1087 4334 cardinalium
1114 4273 1243 4335 Concilii
1271 4274 1337 4337 Tri-

590 4365 711 4426 dentini
734 4365 942 4442 interpretum
958 4363 1100 4441 decretis,
1114 4365 1206 4443 (qnae
1222 4367 1337 4446 pariter

589 4464 701 4519 tenore
721 4459 933 4536 praesentium
953 4459 1157 4537 approbamus
1174 4468 1205 4521 et
1226 4461 1337 4522 confir-

590 4551 725 4628 mamus)
741 4560 774 4612 ut
789 4567 897 4613 causae
912 4551 1087 4614 huiusmodi
1104 4555 1139 4616 ad
1155 4569 1206 4613 eos
1221 4553 1337 4616 iudices

590 4644 809 4720 devolvantur,
833 4647 867 4706 ad
891 4662 968 4724 quos
989 4645 1028 4707 de
1049 4647 1117 4708 iure
1138 4647 1213 4706 aliae
1229 4663 1337 4709 omnes

590 4755 697 4800 causae
718 4739 953 4814 ecclesiastieae,
979 4747 1047 4818 post
1074 4741 1263 4801 sententiam
1284 4741 1339 4804 Or·

371 4829 571 4929 ·⁸¹ff'0ffb⁰¹a³i
590 4831 770 4907 dinarii-iu
800 4833 896 4910 gradu
923 4833 1136 4912 appellationis
1163 4836 1338 4912 respective

356 4894 572 4984 r‘r'abrca‘buumas-
590 4923 818 5001 devolvuntur;
842 4926 882 4986 ita
906 4934 1072 5002 tenenat
1094 4927 1125 4988 bi
1147 4944 1271 5007 quoque
1292 4930 1337 4990 in·

356 4990 506 5039 sumendus.
590 5019 683 5095 dices,
705 5020 796 5080 sicuti
817 5020 995 5083 Ordinarius
1017 5021 1049 5082 in
1072 5021 1170 5099 prima
1192 5021 1337 5083 instantia

592 5128 653 5174 una
676 5127 748 5174 cum
768 5113 928 5190 superiore
956 5113 1091 5190 regulari
1114 5116 1272 5192 processit,
1294 5115 1336 5176 sic

590 5214 621 5267 et
643 5206 701 5284 ipsi
721 5205 888 5284 procedere
916 5215 947 5268 et
970 5207 1102 5269 iudicare
1124 5209 1253 5269 debeant
1276 5225 1335 5269 una

590 5317 662 5363 cum
683 5301 843 5379 superiore
865 5301 1013 5378 regulari,
1026 5317 1089 5362 non
1112 5302 1238 5380 quidem
1255 5301 1336 5362 illins

590 5398 782 5471 monasterii,
799 5397 832 5458 in
847 5413 908 5476 quo
923 5397 1094 5460 reclamans
1109 5397 1262 5475 professus
1277 5406 1335 5472 est,

589 5493 641 5552 sed
662 5490 790 5552 alterius
811 5485 988 5553 monasterii
1011 5489 1150 5552 eiusdem
1172 5490 1288 5552 ordinis
1303 5492 1336 5551 in

591 5601 701 5646 eorum
722 5585 846 5646 civitate
861 5592 912 5646 ant
927 5583 1058 5646 dioecesi
1076 5584 1251 5660 existentis,
1274 5583 1348 5659 vel,¹

591 5686 874 5752 commentante,
897 5695 967 5740 cum
990 5679 1151 5758 superiore
1177 5677 1338 5739 vicinioris

592 5770 769 5831 monasterii
781 5771 919 5832 eiusdem
931 5773 1046 5849 pariter
1057 5771 1185 5845 ordinis,
1197 5787 1252 5832 seu
1264 5787 1337 5833 cum

591 5861 647 5922 alia
669 5877 800 5940 persona
827 5863 1037 5939 ecelesiastica,
1060 5866 1121 5939 cui,
1144 5864 1229 5927 iuxta
1251 5880 1336 5942 prae-

1112 503 1177 549 ltin.
1201 504 1291 548 ΡΟΝΤ.
1317 505 1355 550 be
1379 505 1407 548 Ρ.
1432 507 1461 550 F.
1485 505 1567 551 PARS
1590 507 1610 550 l.

2167 480 2216 536 Διι.
2229 485 2255 536 (l.
2272 487 2322 541 ltlt

1389 625 1492 701 missa,
1505 627 1646 704 superior
1668 627 1721 688 ille
1741 627 1776 690 ιι]
1792 641 1886 704 quem
1902 625 2049 704 pertinet,
2066 640 2136 684 suas

1388 719 1470 780 vices
1491 720 1527 782 ad
1541 720 1627 784 huno
1641 720 1788 783 effectum
1809 719 2008 795 delegaverit.
2031 715 2061 780 Si
2083 734 2138 780 au·
2200 726 2249 822 bqr
2270 733 2333 778 rann

1388 822 1452 877 tenu
1474 815 1652 878 huiusmodi
1674 831 1782 877 causae
1803 815 1835 877 in
1856 815 1989 878 secunda
2015 823 2067 878 aut
2088 815 2137 878 ul·
2155 787 2335 884 gggss„{„fissl{l

1389 908 1496 970 teriori
1519 899 1665 971 instantia
1686 909 1721 970 ad
1739 908 1852 973 Sedem
1864 909 2070 987 Apostolicam
2085 907 2139 970 de-
2156 883 2301 994 ξὲξωῗιῖξῗ
2314 895 2334 937 ³·

1390 1002 1568 1078 volvantur,
1599 1010 1630 1065 et
1658 1019 1673 1064 a
1703 1004 1856 1081 praedicta
1888 1003 2139 1080 congregatione

1391 1094 1532 1170 Concilii,
1555 1096 1624 1158 sive
1644 1097 1681 1164 ab
1702 1097 1796 1159 altera
1816 1113 1911 1175 super
1938 1096 2139 1159 consultatio·

1390 1187 1481 1250 nibus
1505 1189 1729 1268 llpiscoporum
1744 1199 1775 1252 et
1790 1189 2005 1266 Regularium,
2019 1199 2071 1252 aut
2086 1187 2139 1249 de·

1390 1281 1486 1358 nique
1507 1281 1543 1344 ab
1564 1282 1716 1345 auditorio
1737 1283 1843 1357 Rotae,
1857 1291 1892 1344 ut
1907 1282 2079 1360 respective
2093 1299 2140 1343 as·

1389 1373 1478 1448 solet,
1503 1374 1712 1437 discutiendae
1734 1375 1868 1452 fuerint;
1891 1375 1997 1438 nullus
2019 1375 2080 1437 erit
2094 1374 2139 1435 lo-

1391 1482 1443 1528 cus
1464 1467 1499 1528 ιι]
1522 1467 1720 1530 iudicandum
1740 1466 1893 1546 superiori
1914 1467 2067 1545 regulari;
2084 1469 2140 1546 qui

1390 1574 1491 1636 neque
1510 1567 1585 1622 tunc
1599 1559 1633 1622 ιι]
1651 1559 1809 1622 ferendam
1824 1561 2011 1624 sententiam
2027 1564 2140 1624 admit·

1390 1653 1477 1728 titur,
1494 1670 1592 1731 quum
1614 1653 1651 1714 ab
1666 1655 1773 1716 eadem
1794 1655 2036 1731 congregatione
2057 1658 2140 1719 Con-

1388 1746 1463 1820 cilii,
1486 1746 1571 1809 iuxta
1593 1747 1727 1810 relatum
1748 1748 1891 1826 superius
1912 1749 2028 1812 Urbani
2052 1766 2140 1828 prae·

1389 1839 1556 1902 decessoris
1587 1839 1763 1917 decretum,
1799 1842 2001 1905 examinanda
2029 1843 2139 1919 fuerit,

1389 1933 1482 1994 etiam
1505 1934 1583 1994 intra
1609 1934 1884 2012 quinquennium,
1907 1936 2047 1998 validitas
2068 1953 2142 2016 pro-

1389 2025 1531 2088 fessionis
1562 2042 1600 2088 en
1629 2043 1665 2088 eo
1691 2028 1790 2107 capite
1818 2029 2033 2107 impugnatae,
2055 2031 2141 2109 quud

1390 2119 1465 2182 facta
1496 2120 1587 2182 fuisse
1621 2128 1775 2183 asseratur
1805 2123 1838 2183 in
1865 2125 2054 2185 monasterio
2085 2131 2142 2186 aut

1390 2212 1538 2275 coenobio
1569 2213 1721 2290 religiosis
1753 2215 1916 2292 tyronibus
1938 2216 2142 2279 instituendis

1390 2305 1522 2367 minime
1543 2307 1671 2370 addicto.

1430 2400 1585 2462 Hactenus
1599 2400 1637 2463 de
1652 2401 1772 2466 iudiciis
1793 2418 1887 2480 super
1902 2402 2045 2466 nullitate
2066 2419 2144 2482 pro-

1390 2494 1541 2568 fessionis,
1565 2509 1644 2573 quae
1668 2496 1748 2557 intra
1773 2496 2029 2574 quinquennium
2051 2513 2067 2558 ι
2090 2497 2144 2560 die

1390 2588 1485 2666 ipsius
1507 2588 1705 2665 professionis
1725 2589 1854 2650 emissae
1875 2588 2141 2667 introducuntur·;

1391 2680 1561 2758 dequibus
1583 2681 1641 2742 lroc
1668 2681 1763 2742 etiam
1791 2680 1973 2745 declarando
2000 2683 2145 2746 decerni-

1390 2789 1472 2848 mns,
1496 2781 1531 2836 ut
1551 2789 1767 2852 quaecumque
1789 2775 1820 2837 in
1845 2775 2058 2852 superioribus
2079 2785 2143 2838 sta·

1392 2875 1456 2929 tuta
1478 2875 1562 2943 sunt,
1586 2883 1620 2930 ea
1641 2870 1746 2929 omnia
1768 2867 1871 2930 locum
1893 2869 2017 2944 babere,
2033 2878 2065 2931 et
2087 2871 2144 2931 ob

1391 2961 1506 3021 servari
1534 2960 1667 3023 debeant
1694 2961 1786 3024 etiam
1809 2962 1840 3023 iu
1864 2963 1955 3026 Curia
1978 2963 2009 3024 S.
2036 2963 2074 3024 R.
2103 2963 2140 3024 E.
2189 2957 2337 3002 rraontssan

1392 3053 1573 3128 Cardinalis,
1590 3055 1687 3116 nostri
1710 3063 1740 3116 et
1761 3053 1893 3117 Romani
1910 3056 2068 3118 Pontificis
2084 3071 2143 3134 pro
2162 3021 2220 3110 ῗέιῗ
2234 3009 2338 3110 ῗιῗὺῗῗιῑιῗιι-

1393 3153 1531 3224 tempore
1553 3147 1584 3209 in
1607 3147 1690 3210 Urbe
1712 3148 1842 3226 eiusque
1863 3149 2004 3212 districtu
2026 3147 2144 3211 lliearii
2163 3116 2338 3234 ἓῖιιέιιῖἷιῖῗιῐῖῗι

1392 3240 1424 3302 in
1447 3239 1657 3319 spiritualibus
1684 3239 1855 3318 generalis,
1883 3241 2004 3319 quoties
2032 3242 2146 3304 huius·
2162 3225 2324 3271 ΝΜ]

1392 3334 1476 3397 modi
1498 3351 1599 3396 causas
1621 3334 1701 3396 intra
1726 3332 1806 3396 idem
1829 3335 2084 3412 quinquennium
2109 3335 2143 3397 in

1393 3427 1488 3506 ipsius
1515 3426 1661 3489 tribunali
1692 3427 1849 3489 ordinario
1876 3427 2052 3490 iudicandas
2073 3443 2145 3490 esse

1392 3522 1562 3597 contingat.
1587 3521 1651 3582 lam
1672 3534 1747 3581 vero
1759 3520 1931 3584 videndum
1947 3529 1993 3583 est
2007 3523 2045 3584 de
2059 3523 2145 3584 eius·

1394 3615 1464 3676 dem
1493 3614 1617 3690 generis
1645 3613 1759 3689 causis;
1782 3630 1879 3691 qnae,
1903 3624 1971 3692 post
1998 3615 2142 3693 elapsum

1391 3705 1645 3786 quinquennium
1667 3705 1856 3782 huiusmodi,
1870 3707 1902 3767 in
1924 3707 2075 3770 iudicium
2090 3710 2145 3771 ad·

1392 3801 1559 3862 ducuntur.

1433 3893 1526 3955 Porro
1548 3909 1647 3972 quum
1662 3894 1770 3958 Sancta
1786 3893 1967 3956 Tridentino
1983 3895 2142 3974 Synodus,
2216 3901 2269 3962 rosa
2287 3896 2342 3952 quia·

1393 3993 1460 4065 post
1481 3988 1620 4066 quinque
1642 4003 1738 4049 annos
1760 3989 1796 4048 ab
1818 3988 1927 4050 emissa
1948 3988 2141 4066 professione
2162 3961 2344 4060 Ϋιιῃιιθιὲῃῖιῗιῗιιιῗ

1394 4089 1576 4154 transactos,
1600 4095 1727 4142 omnem
1755 4081 1875 4142 aditum
1905 4081 1940 4142 ad
1970 4059 2343 4168 reclaman-‘1²,‘{,*,'}³,{{,¹{{,5¹,ss„r

1393 4175 1468 4236 dum
1489 4173 1633 4250 professis
1661 4171 1868 4236 interclusum
1888 4189 1955 4236 esse
1975 4175 2141 4252 sanxisset,
2162 4169 2259 4216 retecta,

1392 4283 1447 4345 per
1469 4282 1502 4327 ea
1525 4275 1628 4344 aperta
1650 4265 1744 4326 verba
1764 4267 1906 4345 superius
1928 4267 2039 4329 relata:
2069 4269 2142 4331 Non

1392 4359 1564 4430 audiatur,
1583 4357 1649 4419 nisi
1671 4359 1762 4421 intro
1784 4359 2038 4436 quinquennium
2054 4361 2144 4423 odie

1392 4451 1620 4532 pr·ofessionis;
1632 4453 1705 4514 adeo
1721 4452 1947 4516 inhaerendum
1961 4454 2143 4516 huiusmodi

1391 4545 1558 4608 sanctionis
1580 4545 1688 4607 literae
1702 4545 1861 4609 duxerunt
1876 4548 2006 4608 maiores
2028 4549 2141 4624 nostri,

1395 4651 1428 4703 ut
1442 4641 1499 4703 sub
1512 4640 1577 4718 piae
1589 4654 1684 4700 mem.
1702 4641 1935 4718 praedecessore
1949 4650 2055 4702 nostro
2067 4641 2143 4704 Gre-

1393 4736 1481 4812 gorio
1505 4736 1580 4813 Papa
1607 4733 1684 4796 lllll.
1709 4737 1870 4798 decretum
1897 4733 2009 4810 fuerit,
2032 4753 2065 4798 ac
2086 4751 2141 4796 ve-

1393 4829 1450 4889 luti
1473 4845 1528 4908 pro
1556 4828 1664 4904 regula
1692 4836 1861 4902 statutum,
1888 4827 2006 4890 nullius
2033 4845 2141 4890 causae

1392 4918 2139 4998 introductionemsupernullitateprofessionis,

1392 5018 1496 5096 elapso
1527 5017 1761 5096 quinquennio,
1800 5015 2023 5080 admittendam
2054 5031 2139 5093 esse3

1394 5115 1514 5181 etiamsi
1536 5111 1684 5193 professio
1706 5126 1761 5189 per
1783 5111 1848 5172 vim
1870 5119 1900 5172 et
1923 5118 2042 5172 metum
2063 5109 2141 5171 facta

1393 5213 1559 5288 diceretur,
1582 5221 1674 5290 atque
1694 5213 1817 5292 probari
1840 5204 1945 5279 fellet.
1962 5204 2142 5267 huiusmodi

1393 5316 1459 5377 vim
1481 5321 1512 5374 et
1533 5319 1654 5374 metum
1676 5317 1741 5373 toto
1768 5307 1978 5386 quinquennii
2001 5314 2142 5388 tempore

1393 5408 1609 5488 permansisse.
1645 5403 1744 5466 Verba
1770 5402 1884 5464 decreti
1912 5402 1961 5462 die
1982 5419 2011 5461 v.
2035 5400 2140 5462 martii

1392 5502 1466 5563 anni
1482 5515 1640 5562 nuxcvrn.
1665 5497 1752 5572 editi,
1769 5511 1847 5574 quae
1863 5494 2017 5557 habentur
2038 5495 2142 5556 dacre-

1395 5603 1501 5656 turnm
1532 5590 1796 5671 Conqrupnta'onir
1830 5587 1968 5652 Coracilt'f
2000 5586 2082 5648 Tora.
2104 5586 2138 5659 9,

1393 5689 1448 5768 fol.
1473 5689 1532 5757 55,
1555 5685 1628 5747 baec
1655 5691 1744 5746 sunt:
1779 5680 1952 5761 Gregorius
1986 5681 2071 5745 llll.
2100 5695 2139 5742 eoa

1392 5780 1553 5842 sententio
1585 5777 1848 5858 Conprepota'ont'a
1880 5775 2016 5838 Gurteilit'
2037 5775 2139 5838 decla·

1394 5873 1493 5946 rooit,
1516 5889 1577 5945 eos,
1600 5873 1654 5951 qni
1676 5887 1732 5950 per·
1753 5871 1817 5933 uina
1839 5875 1870 5932 et
1891 5877 2012 5933 metunt
2032 5884 2064 5930 oe
2092 5883 2141 5929 re·
