4838 6982
98 585 159 636 An.
178 591 206 638 C.
227 586 293 637 1753

327 719 405 792 tuti,
429 737 491 784 non
514 729 560 784 est
581 720 721 800 Episcopi
748 719 917 799 inquirere,
940 735 1011 782 cum
1032 718 1067 779 ad

324 816 423 894 ipsum
446 815 639 895 superiorem
661 813 839 895 requierepc
861 814 1020 892 privative
1037 811 1068 876 id

323 909 497 988 pertineat.
521 907 619 972 Verba
642 909 705 988 ipsa
719 916 793 972 sunt
812 908 982 972 recensitae
997 922 1069 968 con-

84 1011 173 1107 ffiltlrigi
185 1007 306 1106 gaam
323 1003 494 1066 stitutionis
506 1003 704 1075 diruendis,
720 1004 739 1079 ἓ
754 1009 787 1066 8.
805 1002 872 1066 Non
888 1003 1069 1078 ignoramus

298 1096 444 1161 'sacrum
476 1097 649 1162 Concilium
683 1097 914 1171 Tridentinum,
937 1111 1011 1156 sess.
1033 1094 1067 1164 6,

325 1207 394 1268 cap.
419 1197 450 1264 3,
482 1191 518 1252 de
546 1190 799 1270 deformatione,
824 1189 908 1253 nulla
941 1186 1069 1250 admissi

325 1288 521 1350 distinctione
542 1285 724 1359 decrevisse,
747 1286 827 1364 quod
850 1281 1001 1362 regularis
1016 1297 1069 1341 ea-

326 1387 379 1442 tra
399 1379 633 1442 otouasteriuut
665 1378 912 1457 depecuniam
937 1375 990 1438 sui
1013 1375 1069 1438 (lr-

326 1473 411 1534 dinis
430 1471 597 1559 priviiepii
617 1475 805 1549 praetecta,
828 1471 857 1532 si
883 1467 1065 1547 deliquerit,

324 1565 363 1630 ab
390 1565 563 1630 Ordinatio
587 1564 657 1636 ioci,
678 1573 839 1642 tamquam
860 1578 956 1640 super
979 1561 1067 1625 iteca

325 1658 399 1724 Sede
422 1659 605 1737 Apostolica
621 1659 774 1738 deiepato,
789 1656 961 1720 secuudum
978 1673 1070 1718 carro-

324 1755 414 1816 nicas
434 1753 616 1816 sanctiones
638 1751 784 1822 visitari,
808 1749 921 1828 puniri
948 1757 976 1812 et
1003 1766 1068 1810 cor-

324 1848 390 1926 ripi
412 1845 515 1910 calet.-
537 1855 629 1924 atque
651 1845 724 1908 hinc
738 1844 854 1906 lactum
869 1859 947 1916 esse,
965 1849 998 1905 nt
1014 1843 1070 1904 du-

324 1941 409 2003 bium
441 1955 456 2000 a
488 1937 650 2004 nonnullis
681 1943 927 2017 proponeretur,
961 1943 1068 1997 utrum

323 2041 552 2096 commorantes
583 2031 768 2097 missiouarii
801 2029 958 2105 regulares
989 2028 1067 2105 apud

324 2127 475 2205 privatos,
503 2131 595 2203 atque
617 2130 652 2186 ut
674 2123 846 2203 plurimum
867 2121 1010 2194 seorsim,
1034 2128 1070 2180 ut

324 2221 357 2281 in
378 2219 489 2296 anglia
510 2218 675 2294 contingit,
688 2225 809 2290 utrum,
832 2216 971 2294 inquam,
984 2228 1068 2290 prae-

324 2313 397 2376 dicti
419 2311 575 2390 regulares
589 2311 686 2373 veluti
701 2310 839 2387 religiosi
855 2317 942 2370 extra
964 2322 1069 2369 mona·

274 2417 277 2422 ·
315 2408 416 2470 ‚steria
437 2407 579 2468 virentes
600 2405 747 2468 censendi
767 2404 842 2480 sint,
855 2421 888 2466 ac
909 2411 1069 2482 propterea

324 2500 477 2565 Ordinarii
500 2498 705 2562 iurisdictioni
724 2507 882 2576 tamquam
904 2495 1069 2575 apostotici

324 2592 460 2670 Delegati
483 2591 515 2653 in
535 2590 679 2657 omnibns
700 2589 842 2665 subiecti,
858 2591 939 2669 quod
961 2588 1069 2652 defini-

324 2695 391 2749 tum
414 2693 461 2748 est
485 2685 517 2748 in
540 2685 628 2747 allata
655 2684 828 2747 lnnocentii
851 2684 889 2746 X.
921 2683 1069 2745 constitu·

326 2779 409 2842 tione
429 2778 480 2854 34,
499 2779 577 2842 Cant
592 2777 688 2850 sicut,
706 2779 725 2854 ἓ
742 2781 798 2840 15.
815 2776 1067 2855 Quandoquidem

325 2881 429 2936 umen
454 2871 530 2935 illud
545 2873 694 2951 perpendi
708 2872 810 2946 debet,
827 2870 997 2948 regulares,
1012 2869 1069 2932 sci·

117 2983 145 3026 nc
161 2979 255 3044 nqgrqa
269 2982 304 3026 ca-
323 2965 393 3029 licet
415 2964 603 3042 anglicanae
624 2964 766 3026 missioni
793 2964 972 3037 destinatos,
995 2962 1069 3025 illuc

87 3043 304 3134 ῗῗῖἳθωῗῗῗὲἒέ
323 3057 472 3139 proticisci
494 3057 527 3121 in
539 3057 657 3120 bonum
670 3063 792 3120 sanctae
808 3066 930 3120 nostrae
945 3055 1068 3132 religio·

87 3141 304 3240 fllglg'ffllggj
323 3153 384 3229 nis,
405 3167 579 3230 eorumque
600 3151 794 3220 mansionem
814 3151 847 3214 in
869 3147 996 3228 privatis
1018 3149 1069 3210 do-

88 3249 149 3294 stris
160 3248 288 3303 deserent·
323 3243 457 3319 miciliis,
481 3260 544 3306 non
567 3243 642 3306 item
665 3244 696 3304 in
723 3241 930 3316 monasteriis,
954 3257 991 3302 en
1014 3257 1068 3319 pu-

321 3337 394 3401 blici
415 3335 577 3414 regiminis
605 3335 726 3414 legibus
754 3336 929 3409 dimanare,
956 3334 1068 3412 quibus

322 3431 467 3496 coenobia
479 3444 693 3509 quaecumque
705 3430 921 3508 prohibentur;
934 3445 1067 3508 aequum

322 3524 460 3605 prolecto
472 3532 529 3600 est,
543 3531 578 3586 ut
592 3524 747 3586 recenseri
762 3539 825 3586 non
837 3522 969 3585 debeant
983 3522 1068 3584 actin-

321 3627 385 3682 star
413 3619 552 3694 illorum,
574 3618 628 3698 qui
657 3627 744 3682 extra
773 3618 933 3697 proprium
962 3632 1069 3680 mona-

321 3713 453 3776 sterium
475 3713 571 3776 vitam
593 3720 703 3790 agunt,
728 3720 820 3791 atque
843 3711 914 3773 binc
934 3709 1067 3774 subsunt

322 3808 519 3872 omnimodae
542 3807 696 3871 Ordinarii
716 3806 936 3880 iurisdictioui‚
959 3821 1068 3884 quem÷

321 3900 488 3966 admodum
514 3901 668 3962 sancitum
697 3898 756 3960 luit
777 3913 937 3960 asumma
963 3897 1067 3960 Ponti-

322 3997 379 4059 srce
400 3995 563 4058 Clemente
585 3993 663 4056 lllll.
688 3993 720 4055 in
741 3993 805 4055 suis
826 3993 924 4056 literis
947 3999 1068 4071 aposto-

323 4090 389 4152 licis
404 4091 436 4152 in
449 4089 545 4151 forme
563 4088 670 4151 Brevis
684 4088 774 4152 editis
788 4103 870 4150 anno
885 4103 974 4150 vvcc.
989 4101 1067 4165 quae

322 4183 493 4263 incipiunt:
521 4183 798 4260 decorandumque
828 4180 1065 4261 redipiusoruuu

323 4276 485 4339 recensitis
500 4275 532 4338 in
548 4275 770 4338 constitutione
796 4273 968 4351 Quamvis,·
989 4289 1067 4352 quae

323 4370 431 4432 ordine
452 4376 498 4432 est
513 4368 619 4446 prima
640 4368 810 4447 praesentis
831 4368 928 4430 nostri
944 4366 1068 4446 pontili-

95 4478 305 4540 ssorpmcuecor-
323 4472 409 4528 catus
431 4470 505 4525 tom.
528 4464 552 4526 2
574 4461 730 4526 Baliarii.
759 4461 967 4537 Quamobrem
995 4475 1066 4522 cum

87 4529 360 4640 ullusulius
381 4555 484 4635 potius
504 4554 733 4634 procedendum
745 4562 791 4618 est
812 4553 912 4616 veluti
932 4569 1005 4616 cum
1020 4569 1066 4616 re·

86 4636 306 4746 ζξῗξξξῇᾞξξζξῗ
324 4649 481 4727 gularibus
504 4649 535 4710 in
558 4649 689 4728 propriis
710 4648 905 4712 monasteriis
926 4649 1068 4728 degenti·

89 4745 175 4790 renea.
322 4742 392 4819 bus,
415 4743 480 4821 qni,
496 4743 521 4804 si
535 4741 658 4821 aliquod
679 4741 799 4806 crimen
821 4740 895 4803 loris
911 4749 1067 4819 patrarent

322 4835 500 4900 scandalum
523 4835 636 4915 populo
656 4834 805 4910 allerem,
829 4834 992 4898 insistente
1014 4834 1068 4898 Qr·

322 4931 440 4994 dinario
463 4937 497 4992 ut
518 4929 699 5008 puniantur,
722 4928 814 5008 plecti
839 4929 953 4992 debent
974 4946 990 4989 a
1010 4946 1067 4992 suo

317 5025 481 5104 superiore
502 5022 650 5100 regulari,
666 5023 719 5100 qui
740 5022 868 5101 insuper
885 5024 1068 5086 teneturin-

321 5117 436 5180 llictam
463 5115 697 5193 castigationem
718 5116 774 5193 ipsi
802 5115 961 5179 Ordinatio
987 5117 1068 5179 indi·

320 5227 403 5274 care:
427 5210 598 5291 Regularis
614 5209 705 5272 iutra
718 5208 865 5274 claustra
877 5212 1066 5274 manasterii

321 5304 443 5384 dapem,
466 5305 495 5366 si
516 5310 612 5368 rutra
627 5320 662 5366 ea
683 5304 732 5366 iia
747 5303 873 5366 notorie
895 5304 1066 5384 deliquerit

320 5405 358 5462 ut
373 5399 488 5476 papula
502 5397 653 5462 scaudala
667 5398 722 5471 sit,
740 5396 892 5476 Episcopo
908 5399 1065 5471 iustaute,

319 5509 340 5554 a
360 5509 419 5557 suo
432 5492 598 5569 superiore
612 5491 703 5554 intra
724 5494 846 5569 ternpus
861 5489 899 5554 ab
913 5492 1066 5570 Episcopo

318 5583 558 5663 praeppeaaam
578 5599 682 5644 severe
701 5583 874 5660 puniatur,
893 5601 931 5647 aa
953 5585 989 5646 de
1009 5601 1066 5662 pu·

320 5675 447 5738 uitione
470 5675 660 5754 Episcopum
684 5677 852 5738 certiorem
873 5677 990 5756 saciat,
1012 5679 1066 5740 siu

320 5770 442 5842 miuus,
464 5788 484 5833 a
505 5787 563 5832 suo
584 5771 751 5847 superiore
779 5771 877 5848 officio
904 5770 1064 5847 privetur,

320 5867 351 5924 et
373 5863 556 5942 deliuquens
578 5861 617 5926 ab
640 5864 792 5944 Episcopo
812 5865 927 5942 puniri
948 5865 1064 5942 possit:

320 5957 395 6020 baec
410 5957 500 6020 babet
516 5973 638 6020 sacrum
654 5957 831 6021 Concilium
846 5957 1065 6022 Tridentinum

955 601 1150 646 hademarus
1174 601 1235 646 llll.

1791 585 1849 648 535
1900 585 1953 638 An.
1968 588 1998 638 C.
2020 587 2088 640 1753

1125 737 1199 780 sess.
1221 720 1267 781 25
1288 721 1324 784 de
1345 721 1561 804 Regularibus
1583 739 1651 802 cap.
1679 725 1731 787 14.
1754 724 1870 801 Quibus

1124 813 1263 891 apprime
1285 815 1432 878 insistens
1454 817 1583 895 ipsemet
1604 834 1745 880 summus
1768 818 1871 880 Ponti·

1124 904 1174 967 lex
1197 906 1341 970 Clemens
1363 909 1442 972 Vlll.
1458 909 1587 972 alteram
1603 911 1744 988 vulgarit
1757 911 1869 975 consti·

1126 1000 1293 1076 tutionem,
1316 1004 1367 1064 cui
1389 1003 1515 1066 initium
1538 1001 1610 1066 lecit
1632 1004 1780 1082 Suscepit
1801 1019 1870 1066 ruu-

1125 1093 1224 1166 veris,
1246 1094 1303 1166 39,
1327 1095 1722 1172 vulterannensis,
1748 1099 1801 1162 ubi
1823 1115 1868 1160 ac·

1125 1195 1230 1248 curate
1240 1188 1471 1266 animadvertit,
1484 1200 1575 1270 atque
1587 1193 1768 1256 enunciavit
1782 1193 1869 1271 quid·

1124 1279 1197 1358 quid
1219 1282 1255 1343 acl
1277 1298 1387 1346 eorum
1402 1284 1617 1350 executionem
1632 1288 1804 1350 conducere
1825 1287 1869 1348 vi·

1125 1371 1262 1436 deretur.

1164 1468 1183 1543 ἓ
1206 1469 1252 1531 lo.
1278 1469 1391 1532 Harum
1414 1487 1472 1550 ope
1495 1473 1688 1550 regularum,
1705 1489 1782 1552 qnae
1805 1489 1866 1534 non
1927 1485 2102 1550 villarceau

1124 1559 1159 1620 ad
1183 1560 1304 1624 libitum
1327 1563 1455 1638 effictae,
1478 1581 1534 1628 nec
1555 1572 1708 1641 recentes,
1718 1565 1769 1627 sed
1794 1565 1869 1627 iuris
1888 1538 2102 1639 ssssffisslffiwdpgssj

1125 1655 1263 1717 canonici
1286 1661 1316 1717 et
1337 1657 1413 1718 sacri
1427 1657 1601 1720 Tridentini
1618 1658 1745 1721 Concilii
1767 1668 1868 1720 aucto·
1888 1645 2101 1755 ξῖζηῒζξῗὲβξξῇῑ

1126 1747 1216 1808 ritate
1234 1748 1391 1825 sullultae,
1415 1765 1472 1814 nec
1494 1766 1556 1812 non
1578 1753 1771 1814 anteriorum
1792 1752 1869 1814 Pon·
1888 1751 1984 1850 girans
2006 1753 2100 1798 delini-

1125 1840 1244 1902 tificum
1266 1843 1693 1908 constitutionibussrrmalae
1713 1850 1799 1920 sunt,
1816 1847 1870 1908 clu·
1902 1816 1938 1849 ur.

1126 1932 1287 1997 bitandum
1310 1951 1375 2000 non
1396 1938 1542 2016 est,quin
1566 1938 1699 2017 perlecta
1722 1939 1870 2002 interesse

1125 2027 1231 2090 clebeat
1253 2029 1403 2092 confessio
1433 2030 1515 2092 inter
1543 2031 1707 2110 Episcopus
1728 2039 1758 2092 et
1779 2048 1870 2108 regu·

1126 2120 1205 2182 lares
1236 2122 1445 2184 missionarios
1481 2139 1652 2205 eorumque
1682 2127 1868 2204 superiores,

1126 2217 1294 2278 dummodo
1317 2217 1415 2296 reipsa
1436 2218 1469 2280 in
1491 2233 1600 2281 eorum
1622 2219 1733 2280 animis
1755 2219 1869 2294 rigeat,

1126 2307 1206 2386 quod
1229 2309 1314 2372 iurat
1340 2326 1482 2388 sperare,
1506 2327 1617 2374 rerum
1647 2312 1726 2390 pacis
1747 2321 1778 2374 et
1799 2329 1871 2375 con·
1960 2329 1961 2334 ’

1125 2401 1247 2464 aureliae
1275 2403 1474 2466 desiderium.
1505 2405 1606 2484 Atque
1633 2421 1667 2466 ea
1694 2405 1869 2470 animorum

1125 2496 1303 2558 coniunctio
1333 2513 1369 2558 eo
1397 2497 1446 2558 vel
1473 2499 1570 2575 magis
1592 2498 1756 2576 speranda,
1790 2500 1869 2577 quod

1126 2589 1262 2666 ipsorum
1280 2589 1341 2651 iuri
1355 2598 1448 2670 atque
1462 2591 1637 2654 auctoritati
1658 2593 1734 2654 certi
1756 2591 1870 2655 limites

1126 2689 1157 2742 et
1178 2683 1311 2745 confinia
1338 2684 1500 2761 praefinita
1520 2684 1593 2747 sint.
1626 2685 1784 2765 Siquidem
1806 2702 1869 2748 non

1126 2775 1210 2837 deest
1231 2776 1443 2854 superioribus
1464 2777 1659 2854 regularibus
1680 2779 1868 2858 privativum

1126 2867 1173 2928 ins
1195 2869 1227 2930 in
1249 2869 1389 2948 proprios
1411 2869 1581 2947 religiosos,
1598 2873 1651 2950 qui
1671 2873 1721 2934 sui
1735 2872 1869 2934 instituti

1125 2960 1372 3024 observationem
1388 2963 1706 3042 per·iregerint.,Quod
1727 2965 1753 3026 sl
1774 2965 1811 3027 ab
1824 2964 1871 3026 iis·

1125 3052 1195 3115 dem
1207 3055 1383 3133 quodquam
1399 3057 1549 3132 gravioris
1565 3065 1656 3120 notae
1669 3057 1787 3120 crimen
1804 3073 1870 3136 per-

1126 3154 1277 3225 petretur,
1300 3155 1393 3227 atque
1416 3150 1447 3211 in
1469 3149 1578 3228 primis
1599 3152 1624 3213 si
1645 3161 1754 3214 contra
1775 3153 1870 3216 bonos

1125 3255 1227 3302 mores
1257 3241 1465 3320 deliquerint,
1497 3257 1560 3305 non
1585 3245 1800 3312 destituuntur
1820 3263 1870 3308 su·

1125 3333 1260 3410 periuros
1283 3351 1334 3397 eos
1348 3336 1515 3412 castigandi
1537 3335 1694 3399 facultate:
1719 3354 1777 3400 uec
1797 3323 1881 3401 con?

1114 3427 1276 3505 ¹querendi
1292 3427 1376 3490 locus
1392 3427 1511 3491 llicario
1526 3429 1700 3508 apostolico
1722 3431 1871 3511 relinqui-

1126 3529 1187 3597 tur,
1209 3521 1234 3583 si
1256 3521 1422 3585 abeodem
1444 3523 1605 3602 superiore
1627 3533 1695 3602 post
1716 3535 1867 3603 acceptam

1123 3613 1193 3677 lacti
1214 3615 1375 3676 notionem
1398 3615 1498 3678 debita
1520 3617 1642 3695 punitio
1662 3633 1726 3680 non
1748 3619 1869 3680 omitta-

1123 3714 1191 3783 tur;
1223 3707 1298 3769 adeo
1321 3716 1354 3770 ut
1376 3706 1518 3770 vicarius
1549 3710 1758 3788 apostolicus,
1788 3715 1868 3790 quod

1122 3817 1215 3878 supra
1236 3801 1407 3862 indicatum
1422 3809 1479 3877 est,
1495 3818 1527 3864 se
1549 3803 1581 3864 in
1603 3819 1672 3864 eam
1693 3820 1762 3868 rem
1784 3807 1869 3882 inge·

1123 3909 1192 3954 rere
1214 3893 1395 3957 nullatenus
1426 3895 1531 3973 possit,
1559 3896 1619 3957 nisi
1641 3895 1722 3959 lorte
1748 3900 1868 3962 contin-

1122 3995 1222 4064 geret,
1238 3995 1273 4050 ut
1295 3987 1447 4064 regularis
1468 3989 1610 4065 superior
1625 3989 1676 4051 vel
1690 3990 1770 4052 nihil
1785 4009 1869 4071 prae·

1122 4087 1215 4143 staret
1237 4079 1287 4142 vel
1308 4097 1418 4158 aequas
1440 4097 1552 4159 poenas
1567 4099 1582 4142 a
1599 4100 1651 4146 reo
1673 4085 1803 4147 minime
1819 4085 1868 4147 de·

1122 4182 1270 4238 sumeret.
1293 4173 1413 4237 liabent
1435 4174 1543 4239 itidem
1563 4173 1675 4238 Vicarii
1689 4177 1867 4257 apostolici,

1123 4275 1230 4348 utpote
1252 4269 1283 4333 S.
1308 4269 1393 4334 Sedis
1414 4269 1563 4346 Delegati,
1580 4277 1763 4348 potestatem
1776 4288 1867 4351 supra

1123 4361 1280 4439 regulares
1302 4363 1334 4423 in
1357 4362 1393 4423 iis
1415 4362 1571 4439 omnibus,
1594 4379 1671 4441 quae
1692 4365 1867 4426 animarum

1122 4469 1227 4516 curam
1243 4461 1274 4516 et
1287 4464 1551 4518 sacramentorum
1566 4456 1867 4520 administrationem

1124 4548 1305 4624 respiciunt.
1328 4551 1367 4610 nt
1389 4563 1463 4611 rero
1477 4547 1652 4612 uniusmodi
1674 4550 1721 4613 ius
1743 4566 1807 4613 non
1821 4565 1867 4612 so-

1122 4638 1190 4702 lum
1211 4641 1248 4702 ils
1262 4641 1421 4734 competit,
1438 4643 1659 4705 verumetiam
1674 4643 1868 4720 regularibus

1121 4738 1347 4815 superioribus,
1377 4738 1489 4816 quibus
1520 4753 1700 4802 concessum
1729 4745 1774 4801 est
1795 4755 1867 4801 suos

1123 4830 1282 4908 religiosos
1308 4831 1483 4893 animarum
1512 4831 1654 4910 regimen
1681 4833 1748 4894 sire
1770 4848 1865 4894 sacra-

1122 4931 1304 4986 mentorum
1314 4925 1612 4989 administrationem
1629 4925 1707 4987 male
1721 4941 1867 4988 exercen-

1124 5027 1168 5080 tes
1190 5019 1313 5096 puuire.
1335 5018 1429 5081 Porro
1448 5020 1495 5080 ius
1510 5019 1700 5098 privativum
1714 5019 1867 5083 Ordinarii

1122 5111 1323 5190 complecitur
1335 5118 1456 5174 tantum
1468 5121 1564 5190 actm,
1576 5128 1653 5190 quos
1668 5114 1732 5192 ipse
1745 5114 1867 5176 ratione

1123 5204 1290 5268 ministerii
1303 5205 1352 5267 sui
1368 5211 1510 5270 teneatur
1525 5220 1674 5282 peragere
1695 5206 1727 5268 in
1750 5206 1866 5268 bonum

1123 5304 1228 5383 populi
1241 5303 1417 5382 disciplinae
1432 5300 1583 5378 regularis
1597 5301 1721 5380 parochi
1742 5305 1868 5364 deman-

1122 5396 1194 5460 dati.

1161 5491 1180 5566 ἓ
1204 5490 1250 5552 ιι.
1267 5489 1429 5554 Neautem
1444 5492 1482 5554 de
1494 5492 1562 5556 iure
1574 5492 1866 5572 cumulatiro,quod
1920 5509 2014 5574 norme
2030 5523 2097 5576 qnas-

1123 5585 1237 5648 babeut
1260 5593 1321 5648 tam
1343 5584 1454 5649 Vicarii
1476 5586 1642 5666 apostolici
1660 5603 1753 5664 qnam
1776 5603 1867 5664 regu·
1885 5563 2098 5664 ssffilfflffil

1122 5679 1200 5741 lares
1220 5679 1394 5758 superiores
1421 5679 1453 5742 in
1476 5679 1646 5758 regulares,
1669 5680 1723 5759 qui
1746 5680 1796 5742 rel
1816 5697 1867 5760 pa·
1886 5671 1959 5718 ”lli

1121 5772 1207 5834 rochi
1228 5773 1366 5836 existunt
1388 5773 1438 5834 rel
1453 5773 1506 5851 qui
1526 5783 1715 5835 sacramenta
1737 5773 1866 5836 admini-

1121 5871 1232 5941 strant,
1248 5865 1310 5926 ulla
1325 5865 1484 5928 oboriatur
1502 5865 1690 5943 disceptatio,
1707 5867 1867 5930 decretum

1123 5959 1180 6022 iam
1204 5966 1261 6036 est,
1279 5966 1314 6021 ut
1335 5958 1502 6022 dissidente
1516 5958 1677 6022 Ordinario
1693 5961 1865 6042 superiore,
