4820 6980
937 551 1220 608 innumerosior.
1776 529 1834 602 ’ilo
1884 531 1983 594 Aac.
2004 529 2074 592 irat

308 674 710 746 uidelicetunioaeindiem
724 680 1050 756 comestionis,etnon
1110 695 1174 744 nori
1194 679 1348 744 vacillanti
1371 693 1478 758 gressu
1500 676 1535 745 ad
1557 693 1631 744 ores
1650 695 1724 744 sana
1741 681 1855 744 doctm-

308 777 595 855 permiscendarum
617 776 791 854 epularum.
816 775 876 838 Eos
897 790 983 848 uero,
1000 773 1052 852 qui
1108 792 1150 838 na
1170 777 1352 838 imbuendas
1365 775 1510 838 incedere
1526 781 1661 854 pastores
1682 782 1809 854 queant,
1822 777 1855 839 in

309 867 488 932 huiusmodi
509 868 704 931 facultatibus
726 874 871 942 utuntur,
893 866 950 929 sub
966 865 1053 943 gravi
1111 868 1232 946 istoque
1262 877 1317 930 tuo
1342 875 1485 946 suscepto
1517 868 1645 930 consilio
1670 869 1856 946 agnouimus

119 5460 314 5506 Obseruantiam

100 5513 161 5559 sedi
176 5517 261 5570 apost.
275 5523 316 5558 en·

100 5567 213 5612 bibitam
242 5577 315 5614 oom-

100 5621 213 5666 mandat.

309 963 345 1024 ad
368 961 454 1024 binas
476 962 554 1040 ipsas
574 961 766 1024 conditiones
787 959 958 1039 implendas
978 959 1055 1022 obli-

310 1069 387 1132 gari.

351 1166 387 1210 ιι.
411 1153 461 1214 Au
482 1151 524 1222 ii,
552 1147 668 1228 ouibus
694 1165 874 1212 concessum
895 1154 941 1210 est
972 1147 1055 1208 uesci

312 1244 477 1319 carnibus,
488 1245 613 1324 possint
635 1247 670 1307 iu
685 1245 865 1323 vespertina
881 1241 1055 1324 refectiun-

312 1341 387 1404 cula
408 1358 447 1403 eu
465 1339 652 1418 quontitate
672 1339 781 1402 cornis
801 1337 896 1408 uesci,
912 1352 991 1413 puae
1013 1334 1057 1396 ie-

312 1432 508 1500 iunantibus
530 1434 756 1512 permittitur?

350 1529 595 1607 Respondemus:
620 1542 683 1589 non
704 1526 813 1602 licere3
836 1524 887 1586 sed
910 1540 986 1603 opus
1006 1523 1058 1584 ba-

312 1624 386 1686 bere
407 1638 443 1682 eo
471 1620 550 1696 cibo,
579 1637 677 1699 eaque
701 1619 749 1681 uti
776 1617 917 1697 potione,
945 1615 1058 1694 quibus

312 1723 448 1779 utuntur
461 1714 604 1778 homines
626 1714 799 1777 ieiunantes
814 1718 915 1774 rectae
929 1709 1058 1772 meticu-

314 1816 394 1876 losae
415 1809 631 1874 conscientiae.

354 1925 402 1970 ιιι.
426 1911 476 1972 Au
498 1905 552 1984 put
573 1905 691 1968 ieiunii
722 1910 859 1982 tempore
886 1901 968 1962 uesci
990 1915 1059 1962 car·

314 2000 410 2065 uibus
438 2000 690 2078 permittuntur,
720 2006 750 2059 et
779 1994 878 2059 unica
911 2009 1061 2055 comessa·

316 2096 401 2157 tione
412 2094 465 2155 uti
477 2091 601 2164 debent,
612 2092 723 2154 boram
734 2085 959 2152 ieiunantibus
968 2099 1060 2164 prue-

313 2189 470 2266 scriptam
491 2202 619 2248 seruare
641 2200 718 2262 opus
740 2199 812 2246 oum
834 2178 992 2244 oubeomt

355 2279 524 2355 Edioimus,
547 2277 770 2341 observandam
791 2276 828 2338 iis
850 2291 926 2336 esse.

356 2391 397 2436 iv.
425 2374 587 2450 Quaenam
608 2372 677 2433 siut
704 2370 815 2447 epulae
837 2366 959 2438 licitae,
982 2381 1062 2444 puae

315 2473 472 2532 vetantur
493 2483 565 2529 eum
587 2463 773 2528 interdictis
795 2461 969 2540 coutumpit

355 2563 604 2641 Respondemus:
628 2559 741 2638 Epulas
755 2556 852 2619 licitas
866 2571 922 2636 pro
937 2554 984 2630 ιιι,
996 2551 1063 2632 qui-

317 2656 375 2718 bus
395 2654 583 2734 permissum
604 2658 650 2713 est
675 2666 780 2713 carnes
802 2649 975 2718 comedere,
998 2660 1063 2708 esse

318 2766 425 2813 carnes
447 2749 536 2828 ipsas.
554 2749 667 2828 Epulas
683 2747 861 2811 interdictas
875 2761 940 2808 esse
955 2745 1063 2824 pisces,

318 2845 453 2922 adeoque
469 2851 640 2920 utrumque
654 2840 749 2903 simul
767 2839 904 2902 adhiberi
919 2853 982 2899 non
998 2851 1064 2914 pos-

319 2951 361 2998 se.
379 2935 516 2998 Piscibus
531 2941 636 2997 tamen
653 2932 778 2996 edendis
794 2948 857 2994 non
874 2928 1067 2993 interdicun-

319 3036 370 3090 tur
392 3029 426 3102 ii,
448 3028 560 3106 quibus
580 3026 671 3089 datur
693 3031 814 3089 tantum
836 3023 961 3086 facultas
982 3019 1068 3084 adbi-

319 3121 412 3184 bcndi
434 3137 490 3182 ova
512 3128 543 3182 et
563 3119 725 3184 lacticinia.

361 3231 391 3274 v.
415 3216 464 3277 Aa
478 3214 732 3291 praeceptumde
746 3218 882 3290 utroque
897 3208 1067 3290 epulorum

321 3322 432 3386 pecore
452 3322 516 3366 uou
537 3307 696 3368 miscendo
712 3307 777 3368 dies
792 3321 910 3384 auoque
932 3301 1067 3366 domini-

322 3415 372 3459 cos
394 3401 686 3480 quadragesimales
709 3397 963 3478 complectaturt

361 3491 544 3554 Affirmatur
563 3493 735 3572 complecti.

363 3605 405 3648 vi.
433 3585 548 3648 Utrum
571 3585 646 3650 boec
668 3586 773 3648 teuad
794 3602 843 3648 ecs
865 3601 985 3663 auoque
998 3598 1068 3661 per·

325 3685 442 3756 timeat,
459 3683 513 3760 uui
534 3699 574 3743 coc
589 3680 687 3744 Bulla
705 3681 879 3744 Cruciatur
899 3679 987 3740 edere
1000 3693 1069 3756 pos-

323 3784 402 3842 sunt
426 3793 483 3840 occ
504 3781 535 3838 et
557 3775 748 3840 lacticiniot

364 3871 588 3933 Rescribimus:
613 3869 696 3931 Nihil
719 3869 752 3931 in
767 3869 995 3947 praenuntiatis
1015 3883 1070 3930 no·

325 3965 397 4028 stris
418 3963 590 4043 apostolicis
610 3962 710 4024 literis
725 3968 877 4026 statutum
900 3977 975 4037 esse,
989 3959 1070 4039 quod

325 4057 466 4135 respiciat
478 4057 648 4132 gratiosum
662 4056 813 4117 cruciatae
834 4054 978 4133 diploma.
995 4055 1071 4128 Qua-

326 4166 372 4224 re,
384 4149 438 4228 qui
454 4165 489 4210 eo
504 4146 650 4225 gaudent,
664 4147 748 4209 illius
763 4157 906 4210 tenorem
921 4147 1027 4209 stricte
1041 4153 1072 4207 et

326 4242 519 4305 considerate
530 4243 733 4320 perpendant,
746 4256 784 4302 en
798 4241 927 4319 eiusque
947 4246 1072 4302 senten-

327 4336 367 4397 iia
380 4351 412 4398 se
428 4341 547 4412 gerant.
564 4337 699 4398 caveant
713 4341 834 4410 autum,
848 4350 887 4397 ne
903 4334 987 4396 inani
999 4348 1072 4412 qua-

327 4431 409 4510 piam
424 4431 623 4493 excusatione
633 4445 700 4491 sese
713 4428 830 4491 solutos
845 4444 909 4490 esse
923 4429 1072 4490 arbitren-

327 4531 380 4586 tur
401 4524 596 4602 praescriptis
618 4523 660 4585 ibi
682 4523 812 4600 legibus.

367 4637 424 4681 vn.
446 4618 561 4680 Utrum
575 4622 753 4680 coemerata
768 4616 829 4678 duo
839 4622 1006 4694 praccepta
1017 4630 1076 4676 ur-

329 4718 426 4793 geant
448 4719 545 4774 emtro
566 4709 863 4790 quadragesimam?

368 4806 594 4884 Respondetur‚
623 4818 738 4880 urgere
767 4809 853 4864 extra
880 4799 1091 4880 quadragesi.

330 4915 412 4963 mam
434 4907 605 4976 utrumque
623 4907 838 4975 praeceptum
862 4896 939 4957 illud
960 4893 1076 4958 scilicet

331 4993 440 5055 unicae
467 4991 681 5065 comestionis,
705 5006 777 5052 cum
799 4988 926 5067 reliquis
954 4987 1076 5063 legibus

330 5086 364 5148 in
385 5085 521 5160 secundo
543 5090 575 5145 et
597 5083 688 5144 tertio
710 5082 745 5143 ad
766 5083 842 5144 baec
863 5081 1013 5162 postulata
1028 5097 1076 5143 re·

330 5194 442 5257 sponso
468 5176 635 5256 expressim
658 5183 691 5237 et
719 5175 852 5237 alterum
874 5190 938 5238 non
964 5173 1077 5252 permi-

331 5271 435 5334 scendi
457 5270 561 5348 epulas
582 5269 679 5331 licitas
694 5285 765 5332 cum
786 5268 971 5342 interdictis
988 5273 1023 5329 ut
1043 5267 1077 5329 iu

332 5371 442 5443 quarto
463 5362 617 5441 postulato
639 5361 805 5424 definitum
826 5370 882 5424 est.

372 5457 441 5532 ἐι.
466 5456 579 5532 llabes,
611 5455 796 5517 venerabilis
824 5454 931 5530 irater,
954 5454 1078 5532 penitus

334 5552 521 5630 explicatum
550 5548 697 5628 qiiicquid
717 5549 796 5626 apud
823 5563 877 5609 ros
899 5564 938 5609 ex
965 5549 1079 5609 nostris

333 5644 454 5724 saepius
475 5642 660 5722 nuncupatis
681 5639 851 5719 apostolicis
874 5640 972 5702 literis
993 5641 1079 5704 dubi·

334 5741 484 5802 tationem
505 5737 646 5802 attulisse
665 5735 782 5799 scribis.
812 5735 876 5810 Qua
897 5736 1024 5814 quidem
1046 5735 1078 5796 ιιι

334 5849 369 5895 re
391 5833 582 5895 laudavimus
597 5830 760 5894 consilium
777 5833 868 5891 tuum
887 5827 1081 5905 interrogan-

335 5927 391 5988 dae
411 5939 574 6005 supremae
588 5920 866 5996 Romauae'Sedis,
881 5930 916 5985 ut
937 5921 1035 5984 libero
1049 5929 1081 5983 et

1110 962 1267 1040 hispanam
1291 959 1478 1037 religionem
1492 961 1571 1023 nihil
1585 961 1642 1023 sibi
1662 969 1779 1036 tutum,
1796 962 1856 1023 nisi

1112 1057 1218 1119 ollivi
1240 1054 1322 1118 Petri
1345 1055 1495 1118 Catliedra
1517 1062 1687 1134 acceptum,
1710 1063 1856 1134 reputan-

1113 1157 1197 1227 tem;
1233 1165 1292 1229 qua
1326 1147 1570 1229 splendidissima
1605 1147 1703 1226 gloria
1734 1157 1855 1212 tantum

1114 1263 1241 1322 nomen,
1264 1252 1295 1308 et
1323 1245 1519 1321 incorruptae
1549 1243 1618 1307 fidei
1640 1244 1777 1307 trucium
1806 1247 1857 1310 lli·

1107 1345 1215 1432 spania
1235 1343 1292 1405 sibi
1312 1344 1444 1422 peperit.

1153 1439 1172 1512 ἓ
1192 1438 1222 1499 3.
1247 1437 1426 1499 Cavendum
1447 1447 1553 1500 autem
1574 1440 1661 1502 vobis
1682 1450 1728 1506 est
1748 1443 1856 1524 (idque
1910 1451 2008 1495 cariam
2029 1456 2089 1530 nor:

1113 1531 1288 1611 plurimum
1308 1527 1343 1588 ad
1368 1536 1397 1590 te
1419 1529 1565 1607 pertinet,
1581 1533 1636 1611 qui
1657 1534 1786 1598 illustris
1800 1529 1857 1601 Αἰ-
1876 1514 1944 1602 333¹}
1963 1501 2090 1600 ιῖιθῗὲοῗ-

1876 1607 2091 1662 caudamopinan·

1875 1663 1902 1709 di
1918 1660 2057 1708 licentiam.

1114 1621 1298 1701 cbiepiscopi
1312 1626 1343 1681 et
1357 1620 1550 1699 inquisitoris
1565 1626 1646 1700 geris
1657 1630 1857 1710 praecipuum

1115 1715 1245 1794 munus)
1267 1728 1308 1776 ne
1322 1715 1354 1775 in
1369 1715 1579 1792 expendendis
1599 1720 1791 1797 apostolicae
1805 1723 1858 1787 Se-

1115 1807 1161 1870 dis
1176 1807 1463 1882 constitutionibus,
1477 1823 1532 1886 pro
1547 1809 1643 1872 nimia
1658 1813 1860 1880 exhauriendi

1117 1903 1293 1980 argumenti
1306 1921 1308 1924 ·
1322 1901 1535 1981 solicitudine,
1566 1905 1673 1968 nullus
1694 1908 1747 1970 liat
1768 1909 1860 1973 disse·

1116 1998 1204 2061 rendi
1220 1997 1460 2076 ambigendique
1475 1999 1594 2062 modus.
1617 2001 1729 2065 Sedula
1751 2006 1862 2069 deinde

1116 2106 1207 2168 opera
1222 2089 1419 2164 conterenda,
1432 2099 1467 2152 ut
1478 2091 1651 2156 istiusmodi
1665 2095 1767 2172 dubia,
1784 2115 1863 2177 quae

1117 2183 1216 2258 lacile,
1228 2199 1284 2261 pro
1295 2182 1494 2258 ingeniorum
1508 2185 1668 2262 varietate,
1680 2189 1862 2266 disputando

1118 2283 1300 2351 emergunt,
1323 2275 1447 2352 penitus
1469 2275 1552 2338 inter
1573 2293 1627 2340 vos
1655 2279 1862 2358 dirimantur,

1118 2387 1159 2432 ne
1170 2369 1320 2430 diuturna
1331 2384 1467 2447 anquam
1479 2368 1700 2449 disceptatione
1711 2373 1864 2438 fluctuent

1119 2463 1230 2539 animi3
1246 2461 1428 2540 praesertim
1443 2477 1514 2524 cum
1532 2464 1769 2528 constitutiones
1783 2467 1865 2546 ipsae

1120 2555 1302 2636 apostolicae
1312 2571 1451 2634 scopum,
1465 2572 1526 2634 quo
1538 2559 1682 2635 tendunt,
1695 2570 1800 2640 aperte
1814 2559 1865 2624 de-

1121 2656 1309 2720 monstrent,
1332 2654 1364 2710 ei
1384 2648 1457 2711 illuc
1485 2659 1626 2730 prompte
1648 2653 1740 2730 dirigi
1766 2662 1865 2733 potest
1967 2655 1972 2664 “

1121 2743 1267 2821 quicquid
1289 2742 1459 2805 dubitando
1480 2744 1691 2808 interturbare
1712 2747 1863 2811 videatur.

1122 2835 1153 2898 ld
1168 2835 1507 2912 sianimadvertissent‚
1524 2839 1576 2916 qui
1588 2839 1625 2901 de
1645 2842 1798 2918 praesenti
1814 2859 1867 2906 ue-

1123 2931 1206 3008 gotio
1228 2928 1315 3007 plura
1336 2928 1529 3006 dubitarunt,
1552 2932 1668 2994 nodum
1690 2933 1747 2995 sibi
1769 2936 1869 2997 exsol-

1123 3025 1250 3086 vissent.
1275 3024 1396 3085 Patebat
1418 3024 1505 3086 enim
1519 3025 1598 3087 nihil
1619 3024 1700 3090 aliud
1724 3029 1813 3092 nobis
1835 3031 1867 3097 in

1123 3119 1227 3182 animo
1249 3116 1359 3193 luisse,
1381 3133 1475 3196 quam
1502 3119 1645 3181 cobibere
1667 3121 1769 3186 vivida
1791 3140 1869 3187 non·

1124 3213 1285 3276 nullorum
1295 3213 1513 3289 theologorum
1524 3214 1870 3293 ingeniaquinimium

1123 3306 1200 3368 sacri
1221 3306 1330 3368 ieiunii
1352 3306 1431 3368 lines
1446 3309 1676 3383 praetergressi,
1689 3316 1719 3372 et
1741 3325 1804 3373 non
1820 3327 1871 3389 pa·
1986 3325 1988 3330 ·

1124 3415 1197 3460 rum
1218 3398 1305 3460 obliti
1327 3397 1405 3461 illud
1426 3399 1462 3460 ad
1494 3399 1694 3464 retinendum
1716 3404 1749 3466 in
1771 3404 1871 3468 olllcio

1125 3508 1236 3571 corpus
1250 3491 1401 3554 diuinitus
1416 3491 1606 3572 institutum,
1622 3497 1703 3559 hosti
1724 3498 1797 3560 linio
1811 3499 1872 3577 spi-

1126 3589 1205 3651 ritus
1233 3585 1443 3648 infensissimo
1473 3587 1722 3653 blandiebantur.
1760 3591 1871 3655 Statim

1125 3683 1279 3764 siquidem
1300 3681 1535 3759 comperissent,
1558 3684 1631 3762 quid
1654 3685 1686 3746 ιιι
1708 3687 1873 3764 propositis

1126 3779 1357 3860 quaestionibus
1371 3778 1621 3841 constituendum
1633 3787 1727 3858 esset3
1745 3796 1802 3844 nec
1817 3783 1872 3846 tibi

1127 3872 1300 3936 molestiam
1331 3871 1562 3948 exhibuissent,
1589 3887 1647 3935 neo
1674 3875 1774 3952 nobis,
1797 3892 1873 3954 quos

1128 3965 1325 4045 grauissimae
1336 3965 1471 4042 undique
1483 3965 1684 4027 circumstant
1693 3984 1795 4045 curae,
1808 3984 1872 4032 uon

1128 4073 1238 4137 parum
1260 4057 1407 4133 temporis
1428 4067 1643 4136 occupassent:
1668 4061 1749 4137 quod
1768 4061 1873 4124 tamen

1128 4167 1184 4231 pro
1195 4150 1347 4226 singulari
1358 4157 1463 4212 nostro
1478 4151 1510 4211 ιιι
1522 4157 1657 4213 vestram
1669 4161 1794 4230 gentem
1810 4163 1875 4217 stu-

1129 4243 1179 4305 dio
1200 4250 1293 4323 etque
1313 4257 1430 4316 amore,
1454 4243 1587 4306 libenter
1607 4245 1815 4324 impendimus
1837 4247 1874 4308 ad

1130 4347 1251 4401 rectum
1273 4337 1360 4400 vobis
1376 4339 1437 4400 iter
1458 4342 1711 4416 monstrandum,
1728 4342 1759 4402 iu
1776 4349 1875 4420 poste-

1131 4447 1201 4493 rum
1222 4430 1315 4492 simul
1338 4440 1562 4509 praecaventes,
1586 4435 1742 4509 quomodo
1763 4435 1795 4496 in
1817 4435 1875 4497 hu·

1131 4523 1261 4587 iusmodi
1274 4523 1519 4603 ‘quaestionibus
1535 4525 1660 4587 firmare
1681 4540 1804 4602 gressus
1824 4543 1877 4590 re·

1130 4626 1209 4680 stros
1230 4617 1262 4679 in
1285 4625 1431 4696 promptu
1451 4617 1502 4678 sit.

1171 4713 1190 4788 ἓ
1211 4713 1241 4773 ιι.
1265 4710 1431 4788 Reliquum
1447 4719 1504 4784 est,
1520 4712 1705 4776 uenerabilis
1720 4713 1825 4790 irater,
1842 4720 1877 4776 ut

1132 4805 1200 4880 tibi,
1222 4803 1304 4886 quod
1333 4803 1461 4865 lecimus
1485 4819 1525 4864 en
1550 4805 1668 4880 animo,
1698 4807 1878 4884 praecipuae

1132 4897 1370 4960 benevolentiae
1390 4904 1512 4957 nostrae
1533 4895 1660 4974 pignus,
1683 4898 1879 4976 apostolicam

1133 4990 1381 5053 benedictionem
1402 4996 1600 5071 peramanter
1621 4991 1849 5069 impertiamur.

1174 5085 1286 5146 Datum
1317 5083 1432 5146 Romae
1460 5087 1540 5163 apud
1571 5084 1600 5146 S.
1632 5083 1759 5146 Mariam
1789 5085 1880 5148 llaio·

1134 5193 1201 5238 rem
1221 5175 1279 5238 sub
1306 5176 1422 5238 annulo
1451 5177 1610 5239 Piscatoris
1637 5176 1687 5238 die
1716 5194 1784 5239 vin.
1813 5177 1880 5239 iulii

1134 5285 1308 5332 uocantur.
1332 5270 1531 5348 pontificatus
1552 5270 1652 5332 nostri
1673 5285 1756 5333 auno
1777 5287 1819 5332 iv.

1489 5644 1527 5708 t.

1137 5827 1276 5909 deputas
1300 5829 1404 5892 tradit
1427 5831 1463 5892 de
1484 5829 1602 5895 ieiunii
1624 5829 1884 5915 quadrupese‘ma·

1178 5923 1218 5986 iis
1240 5923 1514 6021 dispensatione.¹
