4828 6990
108 568 151 616 ιιι.
164 565 190 614 C.
212 559 278 610 tate

346 692 427 770 cipit
458 691 517 756 cub
548 693 621 756 ritu
653 693 776 772 duplici
797 695 921 772 primae
943 693 1056 756 classis

345 801 418 848 cum
440 795 553 850 octava
576 789 632 867 (l).

476 957 723 1026 attentatus
740 959 798 1026 ΡΡ.
814 958 884 1026 lllll.

426 1079 463 1146 ad
485 1077 657 1163 perpetuam
680 1081 724 1146 rei
752 1079 933 1147 memoriam.

99 1255 287 1361 ,jfflssffigglffissfi
344 1255 504 1318 indiarum
527 1257 671 1334 gentibus
693 1257 774 1318 beati
788 1255 942 1318 Francisci
957 1255 1055 1316 xave-

97 1371 176 1414 cumm
199 1361 286 1424 uenit·
305 1347 343 1408 rii
365 1348 524 1411 societatis
552 1348 630 1425 lesu,
661 1350 714 1427 qui
743 1349 917 1428 apostolicis
944 1346 1057 1408 charis-

98 1423 286 1522 sssslmfflfr'spue
305 1441 437 1502 metibus
452 1441 616 1504 affluenter
627 1443 799 1515 decoratus,
812 1456 965 1502 novarum
981 1454 1055 1514 gen·

306 1533 384 1594 tium
415 1535 571 1612 apostolus
601 1533 743 1596 unanimi
775 1533 869 1595 totius
894 1531 1056 1594 christiani

304 1626 385 1686 orbis
406 1642 559 1688 consensu
581 1627 697 1688 meruit
721 1625 880 1704 appellari,
904 1625 1055 1702 praedica·

306 1717 389 1781 tione
411 1726 441 1780 et
464 1719 632 1796 miraculis,
663 1735 702 1780 ex
724 1726 769 1781 tot
797 1727 921 1797 tamque
941 1717 1055 1779 dissitis

305 1811 485 1888 regionibus
505 1812 672 1874 catholicae
696 1811 848 1874 Ecclesiae
868 1799 1073 1887 aggregatis?

305 1913 339 1965 ut
360 1905 492 1980 gloriosa
514 1906 653 1966 eiusdem
675 1904 784 1966 merita
810 1903 939 1968 alacrius
961 1917 1056 1964 vene-

305 2006 419 2072 rantes,
436 2004 467 2058 et
489 1997 596 2058 relicta
611 1997 669 2058 sibi
685 2013 809 2076 quoque
824 1996 978 2075 praeclara
994 1995 1056 2056 vir·

343 2267 374 2322 (t)
390 2265 515 2324 Sequenti
536 2265 625 2322 litera,
646 2277 677 2311 ex
698 2269 760 2323 Reg.
783 2268 827 2322 Ep.
850 2265 913 2312 anni
934 2278 990 2312 viu.
1012 2266 1053 2311 de·
1079 2269 1082 2307 t

302 2335 433 2390 prompta,
443 2331 553 2378 nunciat
567 2336 592 2378 S.
607 2336 632 2378 P.
648 2332 705 2390 regi
720 2331 872 2378 Lusitaniae
887 2343 963 2378 suam
978 2332 1054 2378 satis-

303 2397 394 2445 fecisse
408 2399 565 2456 petitionem
580 2399 612 2444 de
627 2399 676 2444 tali
690 2401 811 2456 patrono,
821 2401 848 2444 et
859 2397 982 2445 sinerum
993 2399 1054 2446 mis·
1079 2438 1081 2462 ,

303 2465 390 2511 siones
410 2466 586 2522 commendat,
607 2469 700 2512 exorta
721 2465 748 2512 ιιι
770 2464 840 2512 Sinis
861 2465 1053 2523 persecutione,
1079 2473 1081 2547 ξ

301 2535 395 2578 contra
408 2533 603 2578 christifideles.
1079 2568 1081 2586 ,

378 2669 523 2713 Carissimo
537 2671 568 2711 tm
585 2667 688 2712 Christo
703 2669 758 2718 utto
772 2671 866 2712 nostro
881 2669 980 2712 Ioanne

356 2737 540 2787 Portttnallttte
557 2739 581 2778 et
600 2737 791 2786 Atuarbtormm
812 2738 869 2786 regi
889 2737 998 2781 illustri,

494 2841 688 2885 annumeras
702 2842 782 2884 Pers
796 2842 859 2884 xit.

442 2935 585 2978 Oartestme
598 2937 628 2978 tn
644 2935 748 2978 curato
762 2937 801 2988 [tlt
815 2939 914 2983 moster,

391 3003 506 3044 saltitem
520 3005 544 3043 et
558 3003 733 3053 apostolicam
752 3003 964 3046 benedictionem.

124 3141 224 3196 rupina
248 3147 285 3184 ee.
344 3131 401 3178 Etsi
414 3132 519 3178 eximiis
533 3133 679 3179 Maiestatis
694 3137 764 3179 Tuae
782 3133 859 3190 votis,
878 3134 965 3192 quoad
979 3134 1054 3180 nobis

95 3193 285 3256 ilciaeperpt’ctt·
305 3201 439 3256 integrum
453 3199 511 3255 tuit,
527 3211 638 3257 semper,
653 3203 680 3246 et
695 3212 742 3258 pro
755 3203 875 3258 paterna,
890 3213 942 3258 qua
957 3203 983 3247 te
997 3213 1054 3259 pro·

94 3253 188 3354 {fgffisff
205 3249 285 3344 ᾟέἶὲ
304 3267 450 3324 sequimur,
464 3267 585 3322 caritate,
596 3269 622 3312 et
633 3278 766 3324 suprema,
776 3278 829 3324 qua
839 3267 985 3324 fungimur,
997 3278 1055 3325 apo·

94 3356 117 3398 3,
131 3333 150 3396 ις’
162 3311 284 3397 ηαξ-Μ
304 3333 398 3378 stolica
410 3333 572 3378 auctoritate
593 3334 773 3379 obsecundare
788 3334 950 3389 studuimus,
964 3345 1055 3391 preces

92 3365 210 3452 seleucum
234 3405 284 3451 lue·
305 3405 403 3455 tarnem
421 3410 487 3457 quas
509 3410 593 3457 nuper
614 3399 726 3446 dilectus
749 3399 823 3446 tilius
841 3401 998 3446 Emmanuel
1012 3404 1055 3448 Pe-

91 3465 157 3506 tunttr
170 3459 269 3518 attuit-
306 3467 376 3512 reira
390 3466 421 3510 de
437 3467 567 3523 Sampep'o,
577 3466 692 3512 militiae
701 3466 805 3512 Domini
816 3467 904 3511 Nostri
914 3470 972 3512 lesu
983 3467 1055 3512 chri-

304 3534 340 3578 sti
353 3533 560 3588 commendator,
574 3532 656 3589 regiis
668 3533 850 3590 portugalliae
860 3533 975 3590 negotiis
984 3535 1054 3590 apud

305 3611 351 3646 nos
366 3603 393 3646 et
406 3599 584 3658 apostolicam
599 3600 667 3646 banc
681 3603 806 3646 Sanctam
821 3601 913 3646 sedem
924 3601 1056 3659 praeposi-

306 3671 356 3724 tus,
371 3666 520 3728 Maiestatis
531 3670 601 3712 Tuae
617 3667 723 3712 nomine
738 3667 813 3712 nobis
828 3667 935 3723 obtulit,
950 3679 1001 3713 nou
1017 3679 1056 3713 so-

304 3735 359 3779 lum
374 3733 510 3790 pontiacis
529 3733 694 3790 benignitate
713 3733 871 3791 excepimus,
887 3735 932 3780 sed
951 3734 1054 3791 ingenti

304 3799 385 3845 etiam
399 3811 460 3844 cum
474 3799 559 3846 animi
573 3799 659 3846 nostri
673 3799 809 3856 voluptate
823 3811 853 3846 ac
867 3801 972 3847 laetitia
981 3805 1054 3848 ratas
1080 3812 1083 3843 ι

303 3866 388 3912 tacere
401 3865 567 3923 gestirimus.
583 3869 657 3911 Tunc
671 3865 743 3911 enim
765 3867 892 3924 temporis
908 3867 982 3914 nobis
997 3879 1054 3925 por-

304 3937 391 3978 rectae
411 3934 528 3988 fuerunt,
543 3943 603 3977 cnm
625 3932 744 3978 dolentes
765 3933 930 3988 rescivimus,
945 3933 1053 3978 dilectos

304 4000 373 4046 lilios
386 4000 462 4046 verbi
475 3999 521 4044 Dei
536 4009 678 4056 praecones
693 4001 720 4044 et
729 3999 865 4057 operarios
876 3999 904 4044 ιιι
913 4000 1054 4046 excolenda

304 4068 379 4114 vinea
386 4067 491 4112 bomini
499 4067 613 4112 sabaoth
623 4066 693 4122 apud
704 4066 780 4112 Sinas
789 4066 950 4122 laborantes,
960 4067 1054 4113 oborta

303 4134 473 4180 saevissimae
488 4133 680 4190 persecutionis
696 4135 862 4190 tempestate,
872 4134 912 4178 ita
921 4133 1054 4190 dispersos

303 4201 393 4256 inisse,
408 4205 439 4245 ut
452 4199 552 4256 partim
562 4199 668 4256 quidem
678 4205 822 4245 nmacanm
833 4201 860 4244 in
871 4199 980 4245 exilium
992 4199 1054 4256 acti,

303 4269 402 4326 partim
416 4278 479 4312 vero
493 4266 605 4312 vinculis
620 4265 718 4311 tuerint
738 4267 891 4324 mancipati,
905 4267 1004 4323 partim
1019 4268 1055 4314 la-

304 4335 396 4382 tibulis
411 4345 468 4380 sese
488 4333 649 4388 abdiderint,
663 4333 763 4392 partim
777 4333 806 4378 in
820 4333 888 4380 alias
906 4333 1054 4391 provincias

303 4403 411 4448 demum
424 4400 587 4456 aufugerint.

101 4490 119 4528 S.
130 4483 285 4529 pamm-„um
343 4470 490 4525 eapropter
504 4467 638 4524 postulata
652 4467 700 4512 tua
714 4469 850 4524 tamquam
872 4467 934 4512 felix
948 4467 1055 4514 futurae

91 4537 285 4583 ,tceemmstua-
304 4534 509 4592 tranquillitatis
522 4533 669 4590 auspicium
684 4534 822 4590 complexi,
836 4537 961 4580 Sanctum
976 4537 1055 4580 Fran-

91 4595 286 4670 rumpctromumt,
304 4603 403 4650 cisonm
417 4599 559 4648 xaverium
575 4599 714 4646 societatis
733 4603 791 4646 lesu
806 4613 904 4646 novum
918 4601 1055 4648 indiarum

91 4645 286 4742 mamm.
305 4669 467 4726 Apostolum,
475 4678 572 4712 norum
582 4667 806 4724 praecipuumque
817 4666 925 4712 illarum
934 4668 1054 4724 gentium

116 4733 119 4742 ⁴
239 4731 244 4742 “
304 4740 446 4794 patronum
461 4745 491 4780 nc
505 4737 682 4791 protectorem
697 4734 818 4791 deinceps
833 4735 971 4779 colendum
986 4735 1056 4781 iuvo-

305 4804 470 4860 candumque
490 4801 583 4847 statim
604 4800 733 4858 paraliae
748 4802 853 4846 nostras
868 4801 895 4845 ιιι
910 4800 993 4846 simili
1007 4801 1056 4846 for·

305 4881 348 4916 rua
363 4869 450 4915 brevis
460 4869 553 4913 literas
564 4867 766 4922 declaravimus,
778 4867 833 4912 tore
842 4867 870 4912 ιιι
880 4867 990 4912 Domino
999 4879 1056 4914 eon·

305 4937 424 4991 fidentes,
446 4937 476 4980 ut
498 4933 543 4979 ilie
565 4934 788 4990 quemadmodum
809 4933 836 4978 in
859 4933 940 4979 terris
959 4935 1055 4991 degens

304 5001 500 5060 praedicatione
515 5003 542 5045 et
556 4999 694 5051 miraculis
715 5000 820 5046 easdem
841 5004 934 5056 gentes
948 5001 1057 5046 catholi-

304 5081 350 5114 cae
364 5067 489 5114 ecclesiae
508 5077 656 5124 aggregare
672 5067 774 5112 tamdiu
796 5067 877 5112 nullis
897 5077 1006 5124 parcens
1019 5067 1055 5114 la·
1082 5078 1084 5096 ¹

305 5135 422 5190 boribus,
436 5134 513 5180 nulla
526 5133 660 5190 refugiens
681 5134 751 5178 vitae
770 5133 926 5180 discrimina
944 5135 1056 5180 adnixus

304 5201 364 5257 fuit,
374 5201 412 5246 ita
426 5211 540 5256 regnans
551 5201 578 5244 in
588 5199 668 5244 coelis
679 5200 864 5256 potentissimo
874 5211 922 5244 suo
932 5201 999 5256 apud
1011 5200 1056 5244 mi·

305 5267 511 5314 sericordiarum
526 5269 630 5324 patrem
643 5269 669 5310 et
685 5265 767 5310 totius
776 5264 964 5311 consolationis
974 5269 1055 5311 Deum

306 5335 453 5393 patrocinio
474 5333 533 5380 illas
554 5335 686 5389 tueretur,
708 5335 787 5389 atque
806 5332 834 5376 in
855 5333 987 5379 catholica
1005 5333 1056 5378 tide

306 5403 484 5448 confirmaret.

105 5489 165 5536 fun-5
179 5493 224 5538 „eo
234 5503 289 5551 pre,
347 5473 488 5526 Postquam
497 5471 588 5514 autem
599 5476 753 5524 supremum
763 5467 900 5522 pastorum
911 5465 1056 5522 principem

94 5543 290 5604 ribaultepemro.
307 5541 394 5583 Iesum
408 5535 553 5590 christum,
568 5534 643 5579 cuius
658 5534 727 5578 vices
742 5533 819 5590 plane
834 5533 1006 5578 immerentes
1015 5545 1057 5590 ge·

94 5601 135 5652 ια’.
149 5601 173 5643 itt
186 5600 290 5698 relipt'o·
308 5604 401 5657 rimus,
415 5607 442 5647 et
456 5601 485 5646 in
499 5611 550 5658 quo
564 5611 670 5646 omnem
681 5601 788 5646 nostrae
798 5598 958 5656 apostolicae
968 5611 1058 5656 procu·

94 5661 138 5694 Μ
159 5651 234 5751 stiffi
246 5664 289 5716 ια·
308 5670 421 5717 rationis
431 5669 555 5714 fiduciam
565 5667 709 5724 repositam
720 5667 857 5722 babemus,
866 5665 1057 5712 demississime

94 5713 208 5816 22¹2,ssss
217 5717 291 5805 3ιῇῃῆ
309 5736 513 5791 obsecravimus,
528 5739 608 5792 atque
627 5734 803 5788 exoravimus,
818 5735 848 5778 ut
863 5733 966 5778 vineam
981 5745 1057 5780 suam

95 5810 292 5859 minan-umam.
309 5805 337 5850 in
351 5803 541 5860 dispersionem
556 5801 676 5858 gentium
690 5801 780 5848 datam
791 5799 921 5855 visitaret,
931 5809 1058 5857 opemque

95 5867 133 5908 tur.
309 5871 391 5916 terret
414 5869 571 5924 salutarem,
594 5879 646 5925 qua
666 5867 832 5924 evangelicae
855 5865 1058 5924 praedicationis

310 5937 429 5984 ministri
442 5937 470 5982 in
485 5935 558 5983 illam
568 5934 652 5991 missi,
663 5933 690 5979 ιιι
700 5944 783 5980 unum
793 5933 896 5991 pariter
904 5933 1059 5990 congregati

942 574 1139 622 absentatus
1164 577 1225 622 xiv.

1780 559 1837 620 367
1889 502 1942 610 Aa.
1957 560 1987 610 (1.
2009 559 2077 612 ttae

1109 699 1214 756 tutum
1236 693 1376 772 exempla
1398 695 1557 758 ardentius
1581 693 1749 770 imitantes,
1771 709 1857 772 prae·

1108 786 1322 849 santissimum
1355 787 1437 851 illius
1459 788 1491 850 in
1513 789 1604 851 coelis
1633 788 1710 867 apud
1733 789 1858 850 mirabi-

1110 879 1172 942 lem
1193 879 1226 941 ιιι
1247 881 1361 942 sanctis
1382 882 1445 942 suis
1464 883 1563 943 baum
1578 882 1635 943 sibi
1651 882 1857 960 patrocinium

1109 980 1193 1034 certo
1225 973 1362 1051 polliceri
1398 974 1539 1050 valeant,
1576 975 1678 1054 ipsum
1709 972 1857 1038 Sanctum

1109 1064 1304 1128 Franciscum
1321 1067 1409 1128 novis
1424 1068 1581 1128 bonorum
1597 1069 1799 1132 incrementis
1810 1085 1858 1132 co-

1109 1157 1250 1233 lendum,
1273 1175 1418 1237 novoque
1441 1159 1533 1224 titulo
1555 1162 1587 1222 in
1607 1163 1699 1223 terris
1714 1165 1858 1225 decoram

1109 1251 1184 1312 ιιιιιιι
1216 1250 1501 1330 invocandnmqne·
1520 1250 1727 1332 'proponimus
1765 1263 1858 1334 atque

1110 1344 1303 1406 mandamus.

1148 1437 1167 1510 ἓ
1189 1437 1218 1498 l.
1243 1437 1307 1498 Etsi
1328 1444 1433 1502 autem
1449 1455 1504 1518 pro
1519 1440 1669 1518 singulari
1685 1442 1810 1520 pietate,
1827 1450 1857 1504 et
1895 1452 2033 1514 ,testantia
2048 1453 2091 1497 Re·

1110 1529 1280 1592 incredibili
1303 1546 1375 1608 erga
1398 1549 1445 1594 res
1459 1550 1569 1608 sacras,
1585 1544 1795 1598 sacrosanctae
1810 1553 1857 1597 re·
1877 1515 1936 1612 ῗιῗι,
1953 1504 2091 1620 serapeum&

1108 1622 1233 1698 ligionis
1262 1625 1407 1700 rationes,
1438 1633 1469 1687 et
1497 1637 1677 1690 sanctorum
1710 1644 1856 1691 reveren·
1877 1611 2092 1710 fissssffilssssfeffinntss

1110 1715 1184 1776 tiam
1205 1715 1272 1777 zelo
1293 1722 1360 1792 sub,
1384 1718 1561 1780 carissimus
1583 1721 1615 1782 in
1636 1721 1759 1783 Christo
1776 1721 1857 1783 lilius
1877 1717 1935 1780 ⁶¹³!ss
1952 1720 2091 1815 ¹³⁸3?er

1108 1819 1214 1869 noster
1238 1807 1380 1884 loannes,
1411 1811 1617 1887 Portugalliae
1644 1821 1675 1875 et
1700 1814 1857 1891 Algarbio-
1891 1781 2012 1886 ιῖἷιῗξιῖιι
2050 1833 2092 1868 re-

1110 1902 1417 1978 remurmurans,
1435 1919 1489 1982 per
1503 1905 1652 1969 dilectum
1669 1907 1769 1970 lilium
1786 1908 1857 1969 Em·
1878 1875 2091 1976 fiffssss'sfficgdr‘f‘

1110 1995 1286 2057 manuelem
1308 1996 1428 2058 Pereira
1451 1997 1489 2058 de
1510 1995 1651 2078 Sampajo
1671 2001 1800 2062 militiae
1815 2000 1859 2063 le·

1108 2266 1293 2312 intermissum
1308 2265 1488 2312 ministerium
1504 2278 1583 2314 snum
1597 2279 1657 2313 cum
1673 2268 1791 2314 uberiori
1805 2279 1859 2326 epe

1109 2336 1230 2379 satorum
1246 2333 1380 2380 fructuum
1403 2334 1476 2390 copia
1490 2334 1636 2392 adimplere
1654 2337 1803 2392 pergerent,
1818 2347 1861 2393 pa·

1110 2401 1198 2446 ternos
1213 2399 1295 2445 etiam
1310 2399 1426 2456 gemitus
1437 2404 1464 2446 et
1472 2411 1549 2445 voces
1557 2400 1591 2446 ad
1602 2401 1766 2447 Maiestatem
1777 2405 1860 2447 Tuam

1108 2465 1257 2510 deferimus
1279 2468 1334 2511 Rex
1355 2477 1450 2523 regum
1470 2469 1496 2512 et
1517 2467 1642 2512 Dominus
1663 2467 1860 2514 dominantium

1108 2541 1159 2576 non
1173 2531 1229 2576 alia
1243 2531 1346 2576 ratione
1361 2531 1495 2578 Maiestati
1510 2535 1588 2588 Tuae,
1602 2535 1709 2589 praeter
1720 2535 1759 2578 tot
1769 2545 1860 2590 regna,

1108 2597 1209 2653 decora,
1224 2599 1361 2644 commoda
1375 2609 1406 2644 ac
1420 2598 1488 2644 bona
1504 2597 1553 2644 tibi
1567 2599 1673 2656 collata,
1686 2601 1797 2653 tantam,
1809 2611 1862 2647 ma·

1108 2663 1178 2708 xime
1190 2665 1260 2724 apud
1271 2667 1376 2710 exteras
1385 2665 1507 2711 nationes
1518 2667 1661 2722 nostroque
1671 2665 1735 2712 orbe
1744 2665 1861 2724 dissitas,

1107 2730 1296 2776 auctoritatem
1305 2731 1555 2789 venerationemque
1565 2732 1724 2788 conciliavit,
1731 2741 1812 2790 quam
1822 2736 1861 2790 ut,

1109 2796 1331 2852 quemadmodum
1346 2807 1443 2853 magna
1457 2808 1518 2842 cum
1532 2797 1602 2856 regii
1616 2799 1740 2856 nominis,
1753 2799 1861 2857 pietatis

1108 2873 1138 2908 ac
1152 2863 1286 2919 potentiae
1301 2857 1363 2909 tuae
1384 2863 1463 2910 laude
1477 2865 1607 2910 hactenns
1628 2865 1716 2922 reipsa
1730 2867 1861 2924 praestiti-

1109 2929 1153 2984 sti,
1167 2931 1200 2975 ιιι
1214 2929 1325 2976 afflictae
1340 2931 1486 2976 catholicae
1501 2930 1639 2988 religionis
1649 2933 1770 2979 nationes
1781 2934 1808 2978 in
1819 2933 1861 2980 iis·

1108 2995 1167 3040 dem
1182 2996 1304 3052 partibus
1317 2999 1466 3054 opportune
1481 2998 1710 3056 saluberrimeque
1725 3001 1862 3046 sublevan-

1108 3062 1163 3118 das,
1182 3064 1371 3120 provehendas,
1393 3064 1639 3122 confirmandaeque
1654 3064 1820 3112 incumberes
1835 3069 1861 3114 et

1110 3129 1278 3176 adultereris.

1148 3197 1861 3256 PorrolaudatissimisRomanorumPontilicumprae
1936 3216 2094 3262 gramnat

1108 3264 1274 3310 decessorum
1289 3269 1442 3310 nostrorum
1453 3265 1574 3322 vestigiis
1584 3265 1746 3322 insistentes,
1758 3269 1791 3313 ad
1802 3267 1863 3313 illu·
1881 3268 2021 3326 asumptum
2041 3269 2094 3315 lite-

1109 3333 1192 3377 strem
1206 3330 1420 3387 potentissimum
1440 3332 1580 3387 utriusque
1595 3333 1734 3380 Tartariae
1749 3335 1775 3379 et
1790 3335 1862 3382 sina·
1880 3321 2095 3422 {gss‘wffllt’g

1110 3409 1169 3444 rum
1183 3399 1374 3454 imperatorem
1384 3399 1452 3444 aliae
1463 3401 1569 3444 nostras
1578 3399 1606 3444 ιιι
1617 3399 1700 3445 simili
1709 3400 1796 3446 forma
1805 3400 1862 3447 bre-
1880 3428 1937 3474 ,iae
1949 3429 2092 3475 missarum,

1110 3465 1148 3510 vis
1167 3465 1260 3510 literas
1281 3465 1384 3521 damus,
1404 3468 1434 3510 ut
1449 3465 1625 3522 apostoticam
1648 3467 1716 3512 banc
1738 3470 1861 3514 Sanctam

1109 3531 1201 3576 sedem
1215 3531 1287 3577 iuter
1307 3534 1387 3588 atque
1408 3532 1530 3577 eumdem
1551 3531 1741 3590 imperatorem
1760 3534 1862 3581 iamdiu

1109 3598 1204 3644 initam
1219 3601 1245 3644 et
1260 3598 1415 3644 muneribus
1427 3599 1555 3656 utrinque
1566 3599 1655 3645 missis
1666 3611 1744 3658 saepe
1755 3613 1863 3648 renova·

1110 3670 1164 3711 tam
1179 3664 1334 3720 amicitiam,
1345 3665 1372 3710 in
1383 3667 1500 3712 mentem
1517 3677 1678 3724 revocemus,
1693 3669 1863 3725 siquomodo

1109 3733 1142 3777 ad
1152 3731 1236 3776 sacris
1246 3731 1376 3788 operariis
1384 3731 1523 3777 favendum
1534 3733 1641 3778 allicere
1649 3735 1793 3781 valeamus.
1803 3739 1863 3782 Eas-

1109 3798 1168 3842 dem
1183 3809 1246 3844 sane
1261 3801 1365 3843 nostras
1380 3798 1474 3844 literas
1493 3809 1546 3845 una
1560 3811 1621 3845 cum
1636 3801 1756 3858 ipsarum
1771 3813 1864 3848 manu·

1109 3865 1208 3922 scripto
1222 3865 1340 3923 exemplo
1355 3865 1397 3910 bis
1411 3865 1511 3912 nostris
1526 3866 1679 3922 alligamus,
1693 3878 1710 3912 a
1724 3867 1863 3914 Maiestate

1109 3935 1164 3978 Tua
1174 3933 1343 3977 vehementer
1352 3934 1528 3989 exposcentes,
1540 3935 1570 3977 ut
1582 3933 1641 3978 illas
1652 3933 1685 3978 ad
1696 3933 1800 3990 regium
1812 3937 1863 3980 Ma-

1109 3997 1213 4043 iestatis
1227 4001 1297 4044 Tuae
1312 3998 1340 4042 in
1355 3997 1424 4042 Sinis
1443 3998 1597 4044 ministrum
1613 3999 1775 4056 perferendis
1790 4012 1861 4046 man-

1109 4063 1167 4119 des,
1188 4066 1267 4121 atque
1289 4064 1340 4120 ipsi
1362 4064 1506 4110 secundnm
1528 4065 1763 4123 incomparabilem
1785 4069 1860 4114 tuam

1109 4131 1278 4188 prudentiam
1299 4131 1433 4186 iniungas,
1455 4143 1506 4189 quo
1521 4131 1568 4176 ille
1590 4133 1675 4188 modo,
1690 4136 1721 4178 ut
1735 4145 1777 4180 res
1792 4137 1863 4192 opta·

1110 4203 1167 4244 tum
1182 4209 1333 4244 successum
1347 4198 1453 4255 babeat,
1466 4210 1523 4244 sese
1538 4211 1630 4255 gerere
1645 4200 1752 4257 debeat;
1768 4204 1815 4248 tua
1830 4214 1861 4247 ne

1109 4264 1194 4311 officia
1208 4265 1346 4311 dumtaxat
1361 4265 1431 4320 apud
1445 4269 1624 4311 memoratum
1643 4266 1766 4312 Sinarum
1783 4267 1862 4326 impe

1109 4335 1227 4378 retorem
1248 4331 1428 4377 efficacissime
1448 4331 1650 4389 interponenda,
1665 4344 1700 4379 an
1714 4333 1786 4392 ipsas
1800 4335 1863 4382 inei·

1110 4400 1165 4444 mul
1180 4399 1272 4445 literas
1287 4401 1392 4444 nostras
1407 4397 1492 4443 eidem
1508 4399 1654 4445 reddendas
1664 4401 1807 4448 existimet.

1149 4465 1226 4510 vides
1241 4465 1335 4520 igitur,
1350 4464 1487 4510 carissime
1503 4464 1530 4509 in
1541 4465 1645 4511 christo
1656 4467 1693 4512 fili
1707 4471 1805 4525 noster,
1814 4481 1862 4527 pro
1897 4481 1928 4526 00
1942 4483 2043 4530 appulso
2053 4485 2095 4531 ge.

1111 4535 1156 4578 tua
1178 4531 1317 4586 sapientia,
1338 4541 1419 4588 quam
1440 4543 1468 4576 ss
1483 4531 1574 4588 largus
1595 4534 1683 4590 aperit
1703 4545 1820 4592 campus,
1835 4541 1862 4583 et
1881 4536 1922 4597 qis
1938 4540 2026 4598 emtum,
2040 4536 2096 4596 plu·

1109 4610 1189 4656 quam
1203 4609 1300 4654 magua
1315 4609 1343 4642 se
1358 4597 1407 4642 tibi
1422 4597 1498 4642 ottert
1513 4598 1614 4644 occasio
1628 4605 1749 4646 nontam
1760 4613 1862 4660 compa·
1880 4588 1953 4651 ‘illm
1968 4589 2044 4653 “min
2055 4601 2096 4654 ἐπ’

1111 4665 1208 4710 candae
1232 4663 1386 4709 uberiorum
1410 4664 1479 4720 apud
1503 4675 1593 4710 omnes
1617 4666 1727 4712 laudum
1752 4669 1861 4728 segetis,
1881 4645 1961 4688 ‘'m'‘
1975 4647 2077 4690 mma·

1110 4743 1189 4789 quam
1204 4730 1394 4788 promerendae
1408 4731 1478 4787 apud
1499 4731 1628 4778 bonorum
1648 4733 1768 4780 omnium
1783 4735 1863 4793 largi·

1110 4803 1204 4853 torem,
1219 4798 1373 4854 iustumque
1387 4801 1616 4844 remuneratorem
1626 4801 1766 4858 amplioris
1776 4803 1803 4848 in
1812 4807 1863 4848 ter·

1110 4865 1148 4910 ris
1162 4864 1356 4922 prosperitatis,
1366 4866 1393 4908 et
1402 4866 1526 4910 aeternae
1537 4865 1564 4910 in
1575 4866 1655 4912 coelis
1665 4869 1860 4916 retributionis.

1110 4935 1160 4977 Nos
1175 4941 1245 4986 vero,
1260 4931 1305 4987 qui
1326 4930 1463 4987 praeclara
1478 4931 1509 4976 de
1524 4931 1599 4978 filiali
1615 4936 1662 4978 tua
1680 4946 1744 4991 erga
1759 4947 1805 4981 nos
1820 4937 1863 4982 ob·

1111 4997 1245 5044 servantia
1260 4999 1286 5042 et
1300 4997 1433 5052 singulari
1447 5009 1495 5053 pro
1509 4999 1654 5046 catholicae
1666 5000 1729 5046 fidei
1738 5013 1864 5059 propaga·

1111 5065 1182 5110 tione
1197 5066 1223 5108 et
1238 5063 1387 5110 stabilitate
1402 5064 1456 5109 zelo
1472 5065 1599 5111 babemus
1611 5067 1767 5114 testimonia
1777 5069 1826 5114 bac
1836 5070 1863 5115 ιιι

1111 5143 1139 5176 re
1154 5129 1340 5186 luculentiora,
1356 5141 1436 5187 quam
1446 5130 1522 5176 nobis
1531 5133 1660 5188 augurari
1670 5135 1812 5191 possimus,
1823 5147 1861 5180 re-

1111 5198 1148 5254 gii
1162 5197 1245 5244 animi
1260 5197 1362 5254 zelique
1377 5197 1417 5242 tui
1432 5198 1590 5244 documenta
1612 5200 1687 5246 uobis
1701 5205 1774 5247 certo
1788 5201 1865 5258 polli-

1111 5268 1208 5320 centes,
1229 5265 1395 5310 Maiestatem
1417 5267 1499 5310 Tuam
1513 5265 1547 5310 ad
1561 5266 1751 5322 gravissimum
1773 5269 1864 5314 buius-

1112 5332 1182 5376 modi
1196 5331 1340 5388 negotium,
1360 5331 1486 5376 indivisi
1505 5333 1594 5378 cultus
1616 5333 1810 5380 incrementum
1826 5347 1863 5381 ec

1111 5398 1257 5454 etesiaeque
1278 5398 1426 5443 utilitatem
1445 5398 1666 5457 redundaturum,
1681 5400 1800 5446 suaviter
1814 5401 1864 5446 sor-

1112 5465 1227 5521 titerque
1242 5464 1433 5510 conficiendum
1455 5469 1548 5522 sponte
1563 5467 1610 5512 tua
1629 5467 1862 5524 propensissimam

1112 5531 1233 5589 pluribus
1247 5542 1342 5587 rogare
1355 5534 1382 5577 et
1392 5533 1507 5578 excitare
1517 5533 1676 5590 omittimus,
1686 5534 1733 5580 sed
1741 5534 1863 5582 coelestis

1112 5597 1238 5656 praesidii
1252 5599 1409 5656 auspicium,
1429 5603 1587 5657 nostraeque
1602 5601 1736 5646 studiosae
1755 5601 1864 5648 obstric-

1113 5668 1208 5722 taeque
1231 5664 1374 5710 voluntatis
1396 5665 1491 5722 pignus
1512 5666 1684 5722 apostolicam
1707 5667 1864 5714 benedictio·

1113 5743 1173 5778 nem
1187 5733 1322 5780 Maiestati
1335 5737 1405 5779 Tuae
1419 5734 1604 5780 amantissime
1618 5733 1798 5792 impertimur.

1152 5804 1248 5847 Datum
1269 5805 1376 5858 Romae,
1397 5800 1468 5859 apud
1489 5803 1512 5845 S.
1530 5801 1640 5847 Mariam
1664 5803 1799 5860 Maiorem,
1814 5804 1863 5850 sub

1113 5868 1212 5915 annulo
1230 5867 1381 5922 Piscatoris,
1395 5867 1438 5912 dle
1456 5879 1529 5912 xxrv.
1546 5866 1673 5914 februarii
1690 5880 1864 5930 uncextvnr,

1114 5933 1283 5990 pontificatus
1297 5935 1383 5981 nostri
1396 5945 1466 5982 anno
1480 5945 1536 5982 ιιιιι.
