4820 6980
940 591 1137 640 uuuublcrus
1159 594 1222 640 xlv.

309 727 397 774 causa
407 717 572 787 consurgat
583 711 730 790 quiddam
740 713 872 793 amplius
885 730 978 793 supra
991 730 1054 774 sor-

309 812 373 866 tem
395 819 431 866 ex
454 811 565 867 mutuo
586 803 720 870 debitam
735 807 795 870 rite
816 807 971 883 exigendi.
996 805 1055 868 Ne·

309 914 369 976 que
391 897 467 961 item
494 904 641 976 negatur,
664 916 751 978 posse
777 900 936 963 multoties
965 915 1056 978 pecu-

309 992 394 1054 niam
408 991 446 1054 ab
460 1008 648 1072 unoquoque
668 1009 767 1069 suam,
790 1010 845 1072 per
860 993 934 1055 alios
955 994 1056 1057 diver·

308 1101 359 1150 sae
379 1101 504 1164 prorsus
530 1092 659 1151 naturae
680 1104 696 1148 a
718 1088 821 1150 mutui
849 1092 959 1150 natura
984 1103 1056 1149 eon·

310 1185 435 1255 tractus,
451 1187 536 1242 recte
556 1180 699 1243 collocari
720 1185 751 1242 et
772 1179 923 1258 impendi,
939 1179 1005 1242 sive
1020 1179 1056 1240 ad

309 1282 479 1350 proventus
500 1273 558 1336 sibi
586 1290 706 1336 annuos
728 1275 965 1352 conquirendos,
990 1273 1057 1334 sive

310 1365 455 1428 etiamad
470 1365 587 1430 licitam
608 1374 814 1431 mercaturam
827 1375 857 1428 et
872 1365 1056 1443 negociatio-

311 1477 384 1526 nem
407 1463 623 1537 exercendam,
645 1461 835 1540 honestaque
857 1459 996 1522 indidem
1011 1458 1057 1520 lu·

311 1573 360 1619 cra
381 1555 588 1636 percipienda.

72 1652 292 1700 vitanortamon
352 1668 394 1713 ιιι.
418 1649 683 1725 Quemadmodum
705 1665 780 1710 vero
801 1649 833 1710 in
848 1653 892 1710 tot
906 1646 1057 1710 eiusmodi

59 1711 294 1810 i1is⁰t⁰r⁸tiii¹1⁵nf⁰⁰m
312 1744 440 1808 diversis
461 1750 675 1807 contractuum
698 1742 876 1818 generibus,
892 1741 918 1804 si
932 1757 985 1802 sua
1006 1756 1057 1802 ou·

312 1839 422 1916 iusque
443 1854 507 1901 non
535 1843 677 1898 servatur
704 1835 885 1913 aequalitas,
908 1833 1057 1912 quidquid

312 1933 381 2012 plus
403 1933 484 1993 iusto
506 1930 667 2008 recipitur,
689 1929 714 1990 si
736 1928 896 1990 minusad
918 1942 1056 2001 usuram,

313 2029 364 2108 (eo
395 2027 475 2105 quod
508 2040 602 2086 omne
628 2030 777 2086 mutuum
807 2028 871 2084 tam
901 2027 1057 2100 apertum,

312 2137 405 2203 quam
435 2120 595 2199 palliatum
623 2115 731 2196 absit),
754 2122 784 2177 at
805 2123 890 2178 certe
909 2116 946 2176 a'd
967 2113 1058 2175 aliam

313 2231 419 2278 veram
439 2213 636 2288 iniustitiam,
654 2211 836 2277 restituendi
851 2225 929 2270 onus
944 2207 1059 2286 pariter

312 2315 520 2381 asserentem,
542 2312 680 2385 spectare
707 2311 901 2381 compertum
928 2307 993 2377 est;
1017 2300 1058 2360 ita

312 2404 337 2466 si
360 2402 417 2464 rite
446 2399 550 2462 omnia
579 2406 779 2478 peragantur,
806 2397 893 2458 etad
924 2393 1059 2456 iustitiae

312 2498 422 2560 libram
431 2496 606 2572 exigantur,
620 2492 825 2555 dubitandum
836 2505 899 2552 non
912 2494 970 2562 est,
982 2487 1058 2566 quin

313 2590 477 2668 multiplex
493 2587 525 2650 in
541 2585 649 2648 iisdem
664 2583 871 2646 contractibus
889 2581 980 2643 licitis
996 2595 1060 2642 mo-

313 2688 370 2749 dus
392 2692 422 2747 et
443 2682 521 2744 ratio
548 2686 691 2758 suppetat
712 2679 847 2740 humana
876 2674 1059 2738 commercia

314 2786 344 2842 et
366 2778 554 2840 fructuosam
575 2773 670 2852 ipsam
686 2769 931 2846 negociationem
954 2769 989 2830 ad
1005 2783 1060 2844 pu·

313 2873 430 2937 blicum
441 2869 641 2932 commodum
651 2861 853 2928 conservandi
865 2879 899 2922 ac
915 2860 1059 2938 frequen·

315 2965 409 3030 tandi.
424 2964 510 3026 hbsit
530 2961 616 3024 enim
637 2977 652 3020 a
674 2958 915 3022 christianorum
936 2955 1058 3032 animis,

315 3069 350 3124 ut
372 3076 426 3138 per
448 3073 557 3120 usuras
581 3063 634 3116 aut
658 3051 775 3115 similes
796 3051 910 3112 alienas
932 3049 1061 3124 iniurias

315 3157 522 3232 llorereposse
538 3150 656 3212 lucrosa
668 3144 853 3208 commercia
867 3143 1059 3218 existiment;

316 3267 386 3314 cum
415 3255 522 3310 contra
545 3260 583 3305 ex
604 3242 670 3320 ipso
691 3238 814 3302 oraculo
840 3239 945 3300 divino
967 3236 1060 3297 disca-

317 3361 399 3418 mus,
415 3339 495 3420 quod
510 3336 647 3401 Iustitia
662 3334 764 3395 elevat
778 3341 912 3412 gentem,
930 3329 1061 3391 miseros

317 3445 426 3502 cotem
449 3433 531 3516 (ecit
552 3428 683 3509 populos
704 3433 879 3505 peccatum.

86 3543 143 3602 dee
156 3538 226 3586 otuu
239 3537 298 3594 regi·
358 3549 387 3592 v.
411 3529 470 3592 Sed
484 3526 561 3588 illud
574 3523 739 3599 diligenter
750 3518 1060 3582 animadvertendum

73 3599 299 3702 {inoff'nffssniuffle'
318 3633 381 3701 est,
409 3623 483 3685 lalso
504 3620 561 3682 sibi
589 3629 789 3696 quemquam,
813 3618 843 3674 et
870 3611 995 3674 nonnisi
1019 3617 1063 3672 te·

77 3700 299 3800 ffiugssfflsslffi
318 3736 404 3784 mere
436 3727 674 3795 persuasurum,
708 3707 836 3786 reperiri
867 3721 1006 3783 semper,
1029 3721 1062 3766 ac

79 3810 203 3853 ΝΜΟ
218 3807 299 3853 creor·
318 3820 438 3893 praesto
459 3809 573 3886 ubique
597 3821 674 3879 esse,
698 3801 747 3863 vel
769 3816 830 3862 una
858 3816 929 3862 cum
952 3807 1062 3860 mutuo

79 3861 299 3918 sos,ublquesup-

79 3918 184 3974 petunt.

318 3904 425 3970 titulos
449 3902 523 3964 alios
549 3899 716 3976 legitimos,
740 3894 801 3968 vel,
827 3892 946 3954 secluso
966 3893 1062 3953 etiam

288 4065 291 4072 ,
317 4008 440 4072 mutuo,
456 4001 632 4058 contractus
646 3989 719 4051 alios
740 3988 847 4060 iustos,
863 4001 997 4064 quorum
1012 3985 1062 4048 vel

318 4093 481 4157 titulorum
503 4088 553 4150 vel
573 4089 789 4148 contractuum
809 4079 970 4158 praesidio,
987 4095 1063 4157 quo-

318 4189 509 4261 tiescumque
537 4178 683 4258 pecunia,
710 4176 916 4246 humectum,
938 4171 1063 4234 aliudve

318 4283 347 4345 id
363 4278 486 4357 generis
502 4273 591 4336 alteri
605 4271 792 4346 cuicumque
806 4266 954 4338 creditur,
973 4265 1063 4326 toties

317 4389 440 4452 semper
461 4370 550 4431 liceat
564 4365 736 4428 auctarium
759 4360 964 4433 moderatum,
982 4357 1063 4420 ultra

317 4473 433 4531 sortem
463 4465 616 4539 integram
642 4458 819 4534 salvamque
841 4453 988 4530 recipere.
1020 4452 1064 4514 lta

318 4563 342 4624 si
364 4561 433 4640 quis
460 4557 610 4630 senserit,
634 4568 697 4615 non
719 4551 810 4613 modo
837 4547 950 4609 divinis
972 4549 1064 4610 docu-

318 4654 446 4728 mentis,
461 4661 492 4714 et
506 4647 669 4714 catholicae
692 4643 843 4708 Ecclesiae
858 4643 895 4704 de
912 4657 1004 4703 usura
1018 4642 1064 4704 iu·

319 4749 409 4824 dicio,
421 4747 473 4810 sed
490 4745 547 4824 ipsi
561 4744 655 4806 etiam
671 4741 807 4803 humano
822 4737 981 4800 communi
995 4752 1063 4798 sen-

318 4843 378 4916 sui,
400 4859 434 4902 ac
460 4837 591 4902 naturali
620 4835 732 4897 rationi
760 4831 868 4912 procul
894 4831 987 4892 dubio
1015 4832 1063 4894 ad-

319 4934 503 4997 versabitur.
521 4931 686 4992 Neminem
702 4928 785 4988 euim
801 4926 829 4987 id
845 4925 952 4986 saltem
970 4924 1064 4987 latere

320 5035 431 5108 potest,
451 5025 531 5105 quod
553 5024 661 5085 multis
676 5024 708 5081 in
730 5021 847 5082 casibus
871 5027 997 5081 tenetur
1012 5019 1065 5078 ho·

320 5140 372 5186 mo
392 5119 524 5200 simplici
545 5135 578 5180 ac
599 5120 683 5179 nudo
703 5123 813 5177 mutuo
833 5113 922 5176 alteri
940 5129 1065 5175 succur-

321 5232 401 5292 rere,
424 5215 488 5293 ipso
510 5210 693 5290 praesertim
716 5207 979 5272 ChristoDomino
995 5207 1065 5268 edo-

321 5320 425 5374 cente:
446 5311 566 5375 Veienti
580 5310 730 5372 ntctttcri
745 5326 765 5372 o
781 5313 820 5378 te,
838 5323 876 5368 rte
890 5307 1064 5368 coorto-ris.-

321 5417 352 5473 et
374 5409 455 5490 quod
476 5406 618 5470 similiter
629 5405 736 5466 multis
758 5405 790 5464 in
812 5403 1064 5478 circumstantiis,

322 5511 444 5585 praeter
465 5517 565 5564 unum
588 5505 756 5570 mutuum,
776 5496 865 5558 alteri
890 5495 969 5558 nulli
990 5512 1065 5556 vero

324 5599 466 5676 iustoque
478 5593 650 5658 contractui
672 5592 756 5653 locus
771 5607 836 5652 esse
852 5592 956 5668 possit.
978 5590 1065 5664 Quis-

323 5692 392 5770 quis
423 5685 520 5766 ig'itur
549 5702 622 5749 suae
651 5685 854 5746 conscientiae
888 5684 1066 5746 consultum

323 5785 410 5862 velit,
445 5781 579 5860 inquirat
602 5779 684 5858 prius
716 5777 899 5854 diligenter,
929 5785 1063 5855 oportet,

324 5893 398 5939 vere
420 5892 459 5937 ne
481 5889 552 5936 cum
574 5879 684 5935 mutuo
707 5872 806 5933 iustus
834 5870 911 5932 alius
940 5870 1064 5946 titulus,

324 5987 398 6034 vere
419 5985 461 6032 ne
486 5968 586 6029 iustus
611 5965 726 6028 altera
752 5971 862 6027 mutuo
890 5971 1066 6026 contractus

1777 571 1833 636 727
1884 573 1937 624 An.
1951 573 1981 625 d.
2003 571 2072 625 1745

1110 705 1266 787 occurr'at,
1290 729 1430 798 quorum,
1446 713 1607 790 beneficio,
1629 713 1710 792 quod
1732 709 1853 789 quaerit

1110 805 1245 881 lucrum,
1259 806 1360 868 omnis
1376 806 1450 869 labis
1464 823 1573 886 expers
1584 813 1614 870 et
1629 806 1772 868 immune
1786 801 1853 866 red·

1111 903 1211 964 datur.

1150 995 1169 1069 5
1190 994 1218 1056 l.
1242 995 1295 1057 llis
1316 996 1417 1058 verbis
1439 997 1687 1076 complectuntur
1707 1000 1738 1058 et
1759 991 1855 1070 expli·
1871 996 2085 1098 1⁹⁰⁰,}¹'⁰,¹„‘⁰¹,²„'

1110 1098 1182 1150 cant
1202 1089 1371 1150 sententias
1391 1107 1460 1152 suas
1482 1089 1658 1153 cardinales
1685 1104 1718 1151 ac
1738 1086 1853 1149 theolo-
1873 1061 1989 1164 piffhaff
2025 1061 2058 1097 ¹¹³

1111 1182 1142 1258 gi
1164 1189 1195 1242 et
1215 1180 1274 1242 viri
1307 1197 1463 1244 canonum
1494 1181 1691 1261 peritissimi,
1720 1193 1855 1258 quorum

1111 1274 1277 1336 consilium
1307 1273 1339 1336 in
1367 1275 1424 1337 hoc
1445 1275 1627 1352 gravissimo
1658 1273 1782 1351 negotio
1803 1289 1855 1351 po·

1112 1368 1314 1445 stulavimus3
1338 1384 1393 1430 nos
1408 1383 1531 1447 quoque
1545 1367 1702 1447 privatum
1715 1366 1855 1430 studium

1112 1469 1256 1524 nostrum
1270 1461 1412 1524 conterre
1433 1463 1466 1524 in
1486 1463 1628 1524 eamdem
1649 1476 1769 1524 causam
1792 1475 1855 1521 non

1112 1555 1388 1635 praetermisimus,
1404 1565 1571 1633 antequam
1594 1553 1856 1631 congregationes

1112 1649 1317 1724 haberentur,
1338 1655 1370 1709 et
1399 1665 1459 1726 quo
1487 1657 1626 1726 tempore
1652 1646 1855 1720 habebantur,

1114 1749 1144 1806 et
1166 1742 1239 1820 ipsis
1259 1742 1354 1804 etiam
1369 1742 1514 1822 peractis,
1538 1758 1611 1805 nom
1633 1740 1857 1820 praestantium

1113 1837 1254 1898 virorum
1275 1835 1436 1912 suliragia,
1460 1852 1536 1914 quae
1558 1834 1649 1897 modo
1669 1848 1857 1898 commemo·

1114 1929 1261 2004 ravimus,
1278 1928 1516 2005 diligentissime
1532 1928 1753 2006 percurrimus.
1778 1927 1858 1990 Cum

1113 2021 1187 2084 baec
1210 2022 1249 2084 ita
1270 2022 1345 2096 sint,
1362 2021 1564 2101 adprobamus
1584 2030 1616 2083 et
1636 2023 1857 2084 confirmamus

1114 2131 1326 2195 quaecumque
1347 2115 1380 2178 in
1392 2116 1557 2178 sententiis
1576 2117 1719 2193 superius
1739 2114 1858 2194 exposi÷

1112 2209 1153 2270 tis
1173 2209 1395 2286 continentur3
1418 2225 1490 2272 cum
1504 2209 1667 2289 scriptores
1688 2209 1779 2286 plane
1794 2222 1858 2269 om·

1114 2318 1181 2378 nes,
1214 2302 1387 2378 theologiae
1415 2310 1447 2364 et
1477 2317 1632 2364 canonum
1660 2301 1857 2380 professores,

1115 2397 1201 2474 plura
1222 2411 1385 2460 sacrarum¹
1399 2396 1561 2458 literarum
1583 2395 1770 2470 testimonia,
1784 2410 1858 2472 pon·

1116 2489 1234 2552 tilicum
1271 2491 1469 2552 decessorum
1499 2499 1680 2552 nostrorum
1715 2488 1857 2562 dec-veta,

1114 2583 1317 2646 conciliorum
1339 2589 1369 2644 et
1390 2589 1511 2661 patrum
1534 2583 1711 2656 auctoritas,
1740 2581 1775 2642 ad
1797 2597 1858 2644 eas-

1115 2676 1186 2738 dem
1203 2676 1370 2739 sententias
1385 2676 1624 2755 comprobandas
1648 2692 1726 2755 pene
1739 2676 1859 2754 conspi-

1115 2771 1231 2849 spirare
1252 2771 1427 2834 videantur.
1452 2772 1581 2850 lnsuper
1603 2772 1795 2850 apertissime
1808 2788 1858 2835 co-

1116 2867 1284 2944 gnovimus
1305 2871 1454 2938 auctores,
1472 2865 1584 2942 quibus
1606 2865 1776 2928 contrariae
1790 2882 1859 2927 sen-

1117 2961 1231 3024 tentiae
1251 2960 1360 3022 relerri
1382 2959 1511 3035 debeut;
1534 2967 1564 3020 et
1585 2975 1637 3020 eos
1658 2959 1784 3038 pariter,
1806 2959 1860 3038 qui

1116 3054 1183 3117 illas
1203 3055 1312 3116 lovent
1337 3070 1372 3114 ac
1402 3059 1552 3126 tuentur,
1585 3059 1636 3114 aut
1666 3053 1728 3114 illis
1755 3069 1860 3116 ansam

1115 3165 1170 3210 seu
1193 3147 1383 3210 occasionem
1405 3146 1551 3224 praebere
1571 3145 1736 3222 videntum
1759 3161 1861 3225 neque

1117 3242 1297 3318 ignoramus
1327 3245 1441 3318 quanta
1468 3239 1617 3316 sapientia
1649 3245 1680 3299 ct
1710 3240 1861 3315 gravitate

1117 3334 1327 3398 defensionem
1350 3332 1490 3394 veritatis
1514 3332 1703 3410 susceperint
1726 3331 1861 3409 theologi

1117 3429 1243 3492 finitimi
1266 3427 1325 3489 illis
1347 3426 1537 3502 regionibus,
1562 3425 1612 3488 ubi
1634 3425 1861 3488 controversiae

1117 3523 1268 3588 eiusmodi
1290 3523 1477 3601 principium
1499 3521 1684 3583 habuerunt.

1156 3620 1175 3694 5
1196 3619 1225 3679 5.
1247 3617 1346 3691 Quare
1357 3616 1409 3677 has
1425 3616 1527 3678 literas
1542 3613 1709 3692 encyclicas
1720 3613 1861 3676 dedimus
1919 3629 2030 3690 maique
2048 3625 2090 3688 ιφ

1117 3713 1271 3776 universis
1285 3709 1386 3792 ltaliae
1398 3709 1651 3788 hrchiepiscopis,
1665 3709 1819 3788 Episcopis
1830 3714 1861 3772 et
1878 3685 1976 3780 ἷὲἱζῑῗῑ
1997 3691 2090 3726 servan

1117 3806 1295 3879 Ordinariis,
1318 3812 1352 3867 ut
1374 3806 1448 3868 haec
1471 3804 1536 3878 tibi,
1553 3803 1739 3864 venerabilis
1754 3804 1858 3879 irater,

1117 3909 1148 3964 et
1169 3900 1298 3963 caeteris
1311 3898 1455 3960 omnibus
1471 3898 1717 3974 innotescerent3
1741 3908 1771 3963 et
1786 3915 1862 3977 quo-

1119 3997 1174 4057 ties
1196 3995 1334 4072 synodos
1353 3991 1518 4066 celebrare,
1541 3993 1577 4054 ad
1598 3992 1746 4070 populum
1769 3993 1863 4056 verba

1117 4089 1235 4164 iacere,
1258 4103 1393 4164 eumque
1419 4085 1511 4146 sacris
1533 4085 1680 4147 doctrinis
1708 4087 1864 4148 instruere

1118 4184 1294 4260 contigerit,
1317 4181 1395 4242 nihil
1417 4181 1548 4242 omnino
1570 4179 1708 4241 alienum
1730 4175 1863 4258 proiera·

1119 4287 1171 4340 tur
1192 4278 1229 4338 ab
1251 4277 1286 4337 iis
1307 4275 1482 4349 sententiis,
1498 4291 1573 4352 quas
1594 4274 1735 4353 superius
1757 4290 1864 4336 recen-

1118 4373 1247 4434 suimus.
1282 4371 1495 4432 Admonemus
1526 4369 1619 4430 etiam
1647 4371 1862 4442 vehementer,

1119 4483 1244 4530 omnem
1267 4463 1495 4527 solicitudinem
1519 4465 1711 4542 impendere,
1735 4461 1864 4539 nequis

1119 4564 1151 4624 in
1183 4561 1295 4623 vestris
1326 4559 1516 4622 dioecesibus
1543 4558 1653 4620 audeat
1684 4556 1781 4618 literis
1810 4560 1862 4616 aut

1119 4655 1314 4720 sermonibus
1345 4653 1537 4715 contrarium
1572 4649 1701 4712 docere:
1739 4650 1764 4711 si
1795 4649 1864 4727 quis

1119 4762 1223 4814 autem
1253 4763 1361 4826 parere
1391 4744 1621 4821 detrectaverit,
1652 4743 1743 4806 illum
1771 4742 1863 4804 obno-

1122 4847 1207 4907 xium
1228 4852 1259 4904 et
1280 4841 1455 4904 subiectum
1477 4837 1666 4900 declaramus
1686 4836 1790 4914 poenis
1810 4852 1865 4915 per

1119 4954 1218 4998 sacros
1240 4938 1380 4999 canones
1403 4935 1434 4995 in
1454 4949 1506 4994 eos
1520 4929 1694 5012 propositis,
1711 4929 1764 5007 qui
1779 4944 1864 4991 man·

1120 5032 1187 5093 data
1217 5028 1379 5107 apostolica
1408 5023 1652 5103 contempserint
1677 5037 1710 5084 ac
1731 5020 1865 5082 violave-

1120 5124 1197 5186 rint.

1160 5218 1179 5293 5
1200 5217 1228 5279 6.
1253 5217 1295 5278 De
1317 5219 1476 5276 contractu
1496 5221 1611 5286 autem,
1628 5209 1680 5288 qui
1702 5223 1796 5270 novas
1811 5207 1864 5268 has
1884 5215 1943 5312 δὺο
1963 5213 2095 5312 peculiarit-

1120 5308 1344 5374 controversias
1365 5304 1521 5381 excitavit,
1539 5303 1617 5366 nihil
1639 5303 1671 5363 in
1694 5271 2094 5384 pr·aesentian3{1?r‘}1¹ii'i²1²i⁰1ine

1120 5407 1303 5478 statuimus;
1326 5400 1403 5463 nihil
1430 5400 1524 5461 etiarn
1550 5395 1746 5460 decernimus
1774 5396 1865 5456 modo
1883 5373 2002 5420 ΜΝ·

1121 5499 1159 5560 de
1180 5496 1246 5557 aliis
1267 5492 1492 5566 contractibus,
1515 5507 1570 5568 pro
1591 5489 1703 5568 quibus
1728 5485 1865 5562 theologi

1121 5599 1152 5654 et
1173 5603 1328 5652 canonum
1341 5587 1526 5664 interpretes
1548 5585 1580 5645 in
1595 5583 1729 5643 diversas
1751 5579 1866 5641 abeunt

1121 5683 1305 5757 sententiam
1319 5688 1454 5742 attamen
1466 5678 1586 5758 pietatis
1597 5683 1716 5738 vestrae
1727 5671 1866 5758 studium

1121 5796 1154 5840 ac
1168 5777 1352 5852 religionem
1367 5772 1618 5834 inflammandam
1641 5768 1864 5842 existimamus,

1122 5879 1156 5933 ut
1177 5869 1268 5944 haec,
1291 5883 1368 5946 quae
1395 5866 1595 5939 subicimus,
1617 5860 1792 5925 executioni
1814 5860 1866 5922 de·

1122 5961 1285 6024 mmmm.
