4820 6980
356 520 411 574 An.
425 522 455 574 0.
477 521 546 574 1748
595 518 654 582 756

577 656 830 722 demonstratum
843 650 1008 729 ecemplis,
1023 653 1062 711 ut
1073 643 1240 720 Pontifices
1257 639 1319 713 illi,

577 750 631 828 qui
653 759 785 812 causam
806 744 878 824 fidei
899 743 996 822 paulo
1018 739 1148 821 sepnius
1165 741 1321 800 tractave-

577 846 670 914 runt,
687 857 725 906 ac
739 838 906 903 remissius
927 839 1136 904 curaverunt,
1153 849 1172 894 a
1193 829 1322 898 Christo

575 934 734 1014 primario
757 933 900 994 omnium
923 929 1067 1006 Pastore¹
1079 925 1206 1007 tuerint
1227 941 1320 1003 quum

577 1028 725 1091 celeriter
745 1044 784 1089 eac
807 1025 866 1088 hac
887 1023 958 1087 aito
985 1018 1157 1092 subducti,-
1184 1017 1260 1080 adeo
1283 1025 1320 1080 ut

576 1123 747 1204 manifeste
769 1119 873 1200 fuerit
895 1116 1107 1184 declaratum,
1126 1127 1250 1174 summo
1272 1109 1323 1171 iu·

576 1216 670 1295 pique
695 1212 815 1287 studio,
846 1210 978 1290 speciali
1007 1207 1179 1289 dllipcntia
1200 1220 1321 1283 semper

576 1305 764 1389 invigilasse
777 1323 874 1385 super
886 1305 1061 1368 Romanam
1078 1302 1254 1368 Ecclesiam
1266 1299 1320 1362 nt-

576 1405 685 1467 oinam
705 1400 960 1470 Providentiam,
977 1415 1015 1460 ne
1030 1415 1091 1476 quo
1108 1395 1154 1458 oel
1177 1396 1237 1456 leui
1257 1395 1320 1458 sol·

576 1504 637 1560 tem
659 1495 840 1574 suspicione
861 1493 1040 1558 haereticae
1064 1491 1266 1574 contapionis
1287 1507 1321 1552 a·

573 1596 788 1672 spargeretur.

1096 526 1162 571 IUH·
1186 521 1277 568 PONT-
1300 521 1341 566 DE
1362 521 1391 566 1³.
1415 523 1443 567 E.
1468 522 1551 569 PARS
1572 524 1595 570 1.

1378 639 1567 718 multorum,
1597 657 1730 721 quorum
1752 642 1827 705 vitia
1853 659 1928 705 voce
1955 659 1988 706 ac
2008 645 2119 724 scripio

1378 736 1598 812 exagitaverat,
1611 735 1715 799 odium
1737 745 1829 814 atque
1851 736 2053 802 offensionem
2076 741 2120 802 in·

1377 829 1533 891 currisset.
1559 829 1622 892 Nos
1643 827 1735 892 aritiis
1756 832 1948 902 detraentes,
1963 843 2038 894 sunt
2053 849 2120 896 ver·

1376 921 1413 983 ha
1434 922 1627 1002 Hieronymi,
1644 922 1832 1003 offendimus
1847 923 2022 1003 plurimos,-
2043 929 2120 990 etin

1376 1013 1565 1093 praefatione
1586 1017 1622 1078 ad
1654 1016 1769 1078 librum
1797 1016 1919 1097 Dydimi
1948 1017 2065 1080 fatetur
2089 1036 2120 1082 se

1377 1118 1549 1172 comesset
1572 1110 1608 1172 in
1636 1108 1794 1188 Babylone
1821 1110 1892 1190 (hoc
1914 1113 2043 1176 nomine
2065 1113 2122 1176 Ho-

1376 1218 1456 1264 mam
1489 1203 1546 1266 sihi
1571 1203 1725 1268 infensam
1751 1202 1912 1285 appellat),
1945 1205 2120 1285 expositum

1374 1293 1469 1358 fuisse
1489 1296 1559 1359 odio
1579 1297 1746 1361 maledicae
1767 1299 1901 1360 civitatis
1915 1305 1945 1360 ct
1959 1314 2122 1377 purpura-

1377 1394 1428 1452 tae
1448 1391 1641 1454 meretricis.
1665 1391 1735 1455 Mox
1756 1393 1788 1454 in
1810 1394 1998 1455 adversarios
2020 1394 2122 1457 insur-

1374 1499 1461 1560 gens,
1484 1483 1587 1546 subdit
1609 1494 1808 1564 postpauca:
1838 1487 1917 1548 Ecce
1936 1484 2122 1564 pharisaeo

1375 1592 1449 1638 rum
1464 1577 1676 1640 conclamauit
1694 1579 1844 1651 Senatus,
1861 1586 1891 1642 et
1907 1578 2020 1642 nullus
2037 1579 2122 1642 Scri-

360 1695 505 1752 msronymt
521 1697 555 1742 aa
614 1702 690 1748 11111.
715 1687 763 1747 bn
785 1684 872 1759 haec,
887 1699 966 1762 quae
981 1682 1012 1744 in
1028 1679 1175 1744 siricium
1195 1677 1319 1741 vibran—
1375 1666 1423 1744 ba,
1443 1671 1490 1734 oet
1511 1672 1606 1750 plotus
1627 1671 1702 1750 (vel,
1719 1682 1755 1735 ut
1775 1674 1826 1735 alii
1847 1673 1967 1750 legunt,
1983 1675 2122 1754 uelifica-

343 1749 556 1860 ξᾶξζᾞηξιῗέῗιῖ
574 1786 627 1841 tur
648 1777 719 1852 tela,
747 1776 871 1855 aliquod
898 1781 1003 1838 contra
1028 1775 1096 1837 eius
1124 1772 1318 1836 sanctitatem
1376 1762 1454 1846 tus),
1471 1765 1524 1828 sed
1546 1767 1648 1829 omnis
1668 1767 1761 1846 quasi
1783 1767 1906 1830 indicto
1920 1767 2122 1847 sibipraelia

343 1854 557 1968 bbb⁸ub⁰bb⁸hmb¹u¹l
574 1873 853 1950 incorruptumque
874 1869 1064 1946 gubernium
1093 1866 1228 1928 inferant
1250 1865 1319 1927 vul·
1374 1855 1612 1932 doctrinarum,
1636 1859 1790 1924 advertit
1811 1875 1858 1920 ml
1877 1861 2090 1943 1111011111θῖ
2109 1896 2121 1910 ·

342 1963 556 2063 ἷξξῡθῐθωῑῐῑᾶῐὶ·
574 1981 647 2040 nus,
670 1981 709 2026 ex
729 1979 791 2043 quo
813 1969 1001 2024 correctores
1016 1962 1081 2023 eius
1103 1973 1219 2022 nomen
1241 1957 1319 2018 Har·
1373 1951 1438 2014 ctio
1459 1953 1655 2018 coniuravit.

385 2052 390 2062 '
574 2057 726 2136 tyrologio
741 2073 805 2120 non
821 2055 1024 2129 inseruerint,
1041 2054 1073 2115 in
1088 2053 1145 2114 hoc
1163 2059 1318 2130 postremo
1413 2064 1496 2111 xxxx.
1520 2048 1712 2112 hiberionem
1728 2051 1813 2113 hunc
1828 2051 1975 2130 loquendi
1997 2067 2121 2116 morem
2151 2068 2308 2134 eunomus,

572 2152 801 2215 controversiae
815 2151 912 2230 capite
927 2155 1067 2228 superest
1081 2143 1316 2226 inquirendum.
1372 2143 1506 2208 Rufinus
1527 2145 1674 2222 exprobat
1696 2145 1897 2224 Hieronymo,
1920 2164 1953 2210 ac
1974 2147 2118 2211 miratur:
2138 2131 2308 2239 {bfflbs‘qbbss

573 2247 714 2324 Cumque
736 2261 774 2307 ex
797 2243 947 2306 historicis
973 2239 1188 2305 monumentis
1216 2237 1317 2302 Siricii
1376 2236 1532 2312 Quommo
1554 2237 1591 2298 de
1609 2235 1687 2300 Urbe
1702 2238 1811 2310 Roma,
1834 2239 1897 2301 Dea
1912 2242 2053 2321 favente,
2070 2259 2121 2306 ca·
2138 2226 2306 2284 ¹²⁰‘¹⁰⁰⁵²¹¹i¹¹f·

572 2339 703 2404 crimina
726 2345 919 2418 repetantur,
934 2335 1079 2399 historica
1093 2333 1207 2396 veritas
1228 2331 1318 2410 paulo

571 2431 743 2495 accuratius
766 2429 980 2493 examinanda.
1011 2427 1058 2490 hh
1079 2426 1126 2501 iis,
1149 2439 1226 2504 quae
1249 2423 1321 2486 Hie-

571 2543 722 2606 ronymus
743 2540 849 2604 passus
870 2531 927 2597 est,
953 2521 1034 2584 curis
1055 2528 1147 2598 atque
1168 2517 1318 2590 molestiis

572 2619 781 2683 exordiamur.
805 2617 836 2682 S.
867 2615 1075 2692 Hieronymus
1103 2610 1317 2687 duodeviginti

572 2730 669 2777 annos
690 2719 781 2775 natus
799 2712 928 2773 Romam
944 2707 1080 2782 accessit,
1097 2706 1202 2785 ibique
1217 2719 1319 2781 gram·

570 2807 711 2883 malinae,
738 2807 910 2868 rhetoricae
937 2819 970 2866 ac
1002 2799 1210 2880 philosophiae
1230 2798 1316 2860 scho-

570 2900 614 2962 las
628 2899 848 2979 frequentavit.
864 2895 1084 2976 Quinquennio
1098 2892 1214 2955 Hamae
1233 2907 1317 2954 com-

571 3001 722 3069 moratus,
744 2992 816 3058 inde
845 2991 970 3054 recessit
991 3001 1109 3051 annum
1136 3001 1230 3064 agens
1251 2992 1315 3047 ter-

571 3088 651 3151 tium
661 3102 753 3166 supra
767 3085 971 3164 vigesimum
994 3095 1097 3161 neque
1112 3087 1184 3142 ante
1197 3079 1316 3143 Damasi

570 3181 726 3244 Pontificis
747 3187 877 3242 aetatem
900 3179 932 3241 in
946 3177 1062 3266 Urbem,
1080 3191 1240 3252 regressus
1255 3180 1312 3236 est.

570 3275 649 3339 cum
678 3274 763 3336 enim
793 3274 940 3336 Damasus
971 3268 1119 3349 generale
1148 3266 1314 3331 concilium

569 3370 685 3432 Hamae
706 3368 881 3430 habendum
906 3363 1079 3439 indixisset,
1102 3379 1137 3426 ea
1158 3361 1316 3425 occasione

568 3463 777 3541 Hieronymus
798 3476 860 3522 una
881 3475 951 3522 cum
973 3457 1101 3521 Paulino
1123 3455 1315 3520 Antiocheno

568 3564 599 3620 et
620 3556 793 3636 Epiphanio
807 3553 956 3634 Episcopo
974 3551 1147 3617 salaminae
1162 3549 1196 3612 in
1211 3549 1314 3612 lnsula

569 3651 681 3729 Cypro,
703 3666 811 3711 rursus
832 3648 961 3710 Romam
982 3645 1119 3708 advenit.
1144 3645 1233 3708 Tanti
1255 3644 1314 3706 viri

566 3741 647 3805 fama
674 3753 848 3806 commotus
880 3739 1022 3804 Pontifex
1053 3741 1201 3803 Damasus
1228 3739 1314 3822 (erat

567 3837 682 3918 quippe
696 3836 906 3915 Hieronymus
920 3849 1044 3897 summo
1058 3834 1199 3911 ingenio,
1214 3835 1315 3898 excel·

567 3930 646 3993 lenti
667 3929 817 4004 doctrina,
839 3929 1014 4008 sanctisque
1036 3929 1174 3992 moribus
1195 3923 1315 4007 praedi·

567 4031 628 4100 tus,
652 4039 724 4086 eum
745 4022 931 4100 designavit,
948 4032 983 4086 nt
997 4032 1029 4087 et
1050 4025 1087 4086 ah
1109 4022 1245 4104 epistolis
1267 4037 1312 4084 es·

567 4113 639 4196 set),
655 4123 685 4179 et
707 4117 802 4180 totius
823 4116 906 4180 orbis
927 4117 1218 4193 consultationibus,
1234 4131 1313 4196 quae

566 4207 603 4270 ad
616 4210 727 4274 Sedent
739 4210 943 4289 apostolicam
954 4209 1170 4286 mittebantur,
1185 4226 1312 4290 respon·

567 4303 665 4367 deret.
688 4303 819 4384 Exque
841 4304 971 4368 Sanctus
994 4303 1105 4366 Doctor
1125 4303 1235 4366 intima
1256 4305 1311 4367 Da·

568 4397 643 4458 masi
674 4396 881 4460 familiaritate
912 4414 986 4460 usus
1014 4404 1081 4474 est;
1113 4405 1144 4459 et
1174 4396 1312 4461 vicissim

567 4490 668 4553 multo
682 4491 716 4555 in
738 4490 857 4554 honore
871 4508 888 4553 a
902 4491 1030 4554 Damaso
1052 4497 1098 4554 est
1118 4489 1251 4554 habitus.
1268 4493 1312 4555 De

568 4598 717 4661 munere,
740 4603 801 4664 quo
822 4587 902 4666 apud
923 4586 1089 4650 Damasum
1110 4583 1311 4664 fungebatur,

568 4684 607 4745 ita
635 4679 774 4759 loquitur
802 4680 867 4760 ipse
895 4679 1103 4759 Hieronymus
1124 4680 1156 4742 in
1185 4679 1311 4759 epistola

567 4778 601 4839 ad
614 4773 837 4853 ageruchiam:
855 4771 939 4836 Ante
954 4791 1054 4836 anuos
1066 4773 1223 4852 plurimos
1239 4789 1312 4834 cum

568 4869 750 4941 luchartis
777 4866 1002 4930 ecclesiasticis
1028 4867 1174 4932 lunarem
1196 4868 1312 4932 Dama-

566 4980 638 5026 sum
648 4961 810 5026 Romanue
828 4958 918 5026 Urbis
934 4962 1136 5040 Episcopum,
1153 4966 1185 5024 et
1202 4963 1312 5028 ilrieu-

568 5059 611 5120 tis
636 5060 732 5135 atque
756 5054 935 5120 Occidentis
962 5054 1124 5132 synodicis
1149 5055 1311 5120 consulta·

567 5148 710 5214 tionibus
727 5149 954 5228 respondcrem.
972 5149 1043 5214 Solo
1060 5159 1163 5214 tamen
1185 5152 1313 5214 triennii

565 5245 662 5323 spatio
676 5244 889 5308 concreditum
902 5243 960 5306 sihi
975 5260 1091 5306 munus
1103 5244 1212 5319 obivit,
1230 5245 1311 5324 quod

566 5337 693 5402 nonnisi
716 5337 844 5401 triennii
865 5339 962 5417 spatio
983 5337 1146 5401 Damasum
1168 5337 1312 5401 hahuerit

566 5431 777 5511 superstitem.

377 5540 547 5597 nxsmnymm
605 5541 695 5586 111111.
721 5524 831 5588 siricio
851 5525 884 5588 in
906 5525 1025 5586 Damasi
1048 5524 1150 5606 locum
1170 5525 1309 5600 suffecto,

335 5593 418 5641 siricii
433 5599 484 5642 tem

334 5648 425 5694 multis
440 5649 482 5695 inv

334 5706 361 5750 st
374 5712 461 5761 quare.

494 5657 547 5705 m,
567 5616 683 5680 mirum
705 5617 790 5681 dictu
812 5624 858 5680 est
879 5625 953 5698 quot
978 5625 1093 5693 motus,
1116 5626 1312 5696 quantaeque

566 5710 598 5772 in
623 5709 848 5790 Hieronymum
870 5711 1020 5772 excitatae
1041 5709 1102 5772 sint
1129 5710 1255 5789 turhae;
1277 5711 1310 5772 in

565 5819 660 5883 quem
687 5803 800 5867 idcirco
830 5809 893 5866 tota
920 5818 999 5883 pene
1030 5803 1137 5866 civitas
1158 5811 1311 5866 commota

565 5895 745 5976 ridebatur3
767 5896 849 5977 quod
871 5896 924 5961 ille
943 5896 1001 5959 snb
1021 5896 1170 5962 Pontifice
1183 5899 1311 5960 Damaso

1372 2330 1439 2407 pite
1461 2330 1729 2405 christianorum,
1752 2349 1788 2398 ca
1813 2332 1913 2408 dicat,
1936 2351 2017 2412 quac
2039 2336 2123 2402 dice-

1373 2419 1496 2485 bantur
1518 2429 1608 2496 tnnc,
1630 2441 1703 2486 cum
1726 2425 1867 2490 Gentiles
1889 2429 1924 2488 iu
1945 2445 1982 2491 ea
2006 2431 2120 2506 populi

1373 2524 1402 2580 et
1417 2525 1633 2596 persecutores
1646 2519 1808 2598 principos
1823 2517 2049 2585 morabantur.
2064 2525 2120 2586 he-

1371 2611 1461 2690 qnior
1482 2619 1587 2675 tamen
1615 2613 1766 2676 Baronius
1797 2615 1943 2693 rigidiora
1966 2616 2016 2678 illa
2043 2616 2119 2681 San-

1372 2705 1413 2767 oti
1433 2706 1570 2770 Doctoris
1591 2707 1686 2770 verba
1707 2725 1747 2770 ex
1767 2710 1848 2772 iusto
1874 2709 1980 2772 dolore
2001 2712 2119 2790 potius,

1372 2814 1463 2877 quam
1485 2817 1524 2864 ex
1546 2800 1652 2863 furore
1677 2799 1787 2862 odiose
1814 2799 1949 2879 prolata,
1972 2803 2118 2883 explicat,

1370 2893 1526 2973 simulque
1536 2902 1661 2958 excusat
1671 2895 1712 2958 od
1722 2911 1778 2956 aa.
1791 2893 1915 2959 Christi
1926 2913 2119 2976 cccnxxxv,

1371 2987 1412 3049 ita
1433 2987 1584 3052 scribens:
1615 2991 1658 3052 At
1679 2987 1732 3049 hic
1753 2988 1853 3050 lector
1877 2990 2017 3063 attende,
2040 2991 2119 3055 haec

1371 3080 1531 3144 aSancto
1557 3083 1748 3158 Hieronymo
1773 3081 1898 3159 scripto
1924 3084 1960 3146 de
1981 3085 2118 3149 inscitia

1371 3174 1534 3240 Humanae
1556 3174 1716 3239 Ecclesiae
1738 3176 1966 3242 Ministrorum
1986 3196 2049 3242 non
2071 3179 2118 3241 sic

1371 3269 1496 3348 quidem
1527 3269 1712 3348 accipienda
1744 3285 1818 3342 esse,
1847 3275 1945 3349 prout
1965 3270 2120 3350 hyperbo-

1371 3363 1454 3426 licus
1483 3368 1578 3427 sonat
1607 3379 1721 3438 sermo,
1749 3381 1853 3426 omncs
1874 3365 2034 3430 Romanae
2061 3366 2121 3430 Ec-

1370 3459 1483 3520 clesiae
1505 3457 1635 3520 clericas
1657 3458 1759 3540 fuisse
1787 3459 1936 3524 doctrina
1957 3469 2115 3540 eapcrtes,

1371 3568 1443 3614 cum
1464 3551 1557 3624 dicit,
1580 3552 1661 3631 qaod
1683 3551 1795 3615 nullus
1821 3553 1865 3618 ibi
1885 3553 1991 3620 scriba
2012 3557 2061 3618 ael
2082 3556 2119 3638 pi·

1370 3649 1454 3720 otus,
1471 3660 1578 3723 nempe
1599 3645 1720 3718 doctor,
1737 3647 1789 3709 sed
1808 3646 1975 3727 pharisaei
1997 3665 2114 3722 omnes,

1368 3753 1478 3818 nempe
1498 3739 1633 3813 scelesti,
1656 3739 1784 3804 cautela
1805 3758 1880 3804 aero
1901 3749 1931 3804 et
1953 3741 2117 3822 hypocrisi

1368 3833 1488 3898 scelera
1503 3839 1712 3913 coutcpcntes.
1737 3835 1974 3899 concedendum
1989 3837 2117 3916 aliquid

1369 3930 1560 4008 Hieronymo
1582 3928 1766 3992 iustissima
1791 3945 1890 3992 causa
1912 3929 2112 4010 indignanti,

1368 4023 1551 4102 quioculos
1578 4023 1613 4085 in
1635 4040 1683 4084 eos
1708 4027 1838 4086 tantum
1865 4017 2027 4086 conaersbs
2058 4024 2116 4088 ha·

1369 4115 1451 4190 beas,
1464 4115 1580 4196 quibus
1600 4117 1801 4179 coutumeliis
1818 4123 1849 4179 ct
1864 4117 2039 4181 calumniis
2056 4119 2115 4181 lm·

1367 4217 1543 4288 peteretur,
1568 4226 1672 4272 omnes
1693 4208 1766 4272 illos
1794 4225 1907 4287 prauos
1937 4210 2062 4276 dicerit
2084 4217 2116 4274 et

1367 4303 1544 4382 imperitos.
1560 4303 1651 4366 Certe
1662 4303 1799 4382 quidem,
1812 4305 1867 4382 qul
1882 4311 2023 4384 tempora
2038 4305 2115 4369 haec

1367 4402 1479 4461 coacte
1489 4398 1684 4470 considerat,
1697 4396 1958 4479 intelligetplane
1970 4399 2026 4461 hoc
2038 4407 2115 4462 tua·

1366 4506 1442 4569 pore
1463 4491 1619 4554 coaluisse
1640 4491 1675 4552 in
1698 4492 1841 4556 Ecclesia
1856 4491 2000 4557 Romana
2020 4494 2113 4557 cleri-

1368 4602 1417 4646 cos
1449 4584 1599 4648 doctrina
1634 4591 1731 4662 atque
1762 4584 1900 4649 scicntia
1931 4588 2045 4650 claros.
2081 4588 2112 4653 Si

1367 4677 1439 4757 quid
1462 4693 1538 4756 ergo
1559 4677 1789 4741 vehementiori
1810 4679 1890 4758 stylo
1904 4679 2112 4762 Hieronymus

1367 4771 1532 4850 aliquando
1553 4772 1735 4852 protulerit,
1759 4773 1850 4837 venia
1879 4774 2021 4853 dignum,
2048 4792 2111 4838 11111

1367 4866 1453 4929 enim
1484 4867 1517 4930 in
1548 4867 1658 4946 probos
1689 4875 1782 4947 atque
1811 4869 1968 4946 innoxios,
1997 4871 2050 4933 sed
2079 4871 2111 4932 in

1366 4977 1428 5036 eos,
1451 4975 1585 5040 quorum
1606 4961 1681 5024 sitia
1703 4963 1910 5038 damnaverat,
1932 4978 2111 5027 sermonem

1367 5055 1533 5118 convertit.
1560 5055 1731 5118 Enimvero
1751 5056 1815 5118 suis
1840 5055 1978 5135 epistolis
2004 5071 2111 5118 mona·

1366 5148 1438 5210 chos
1459 5148 1626 5211 insectatus
1647 5147 1758 5224 fuerat,
1781 5148 1835 5227 qui
1855 5164 1928 5212 suae
1948 5148 2110 5229 professio

1367 5241 1416 5304 nis
1437 5241 1535 5316 obliti,
1551 5243 1628 5303 vitio
1649 5241 1741 5320 gulae
1753 5255 1786 5304 se
1801 5240 1960 5318 dederant,
1976 5243 2110 5305 divitum

1367 5335 1473 5396 domos
1494 5332 1744 5412 frequentabant,
1769 5332 1977 5396 efferebantur
2003 5350 2110 5413 super·

1366 5426 1425 5502 hia,
1437 5425 1657 5506 superstitione
1666 5426 1864 5491 tenebantur.
1877 5425 2023 5506 Virgines
2037 5445 2112 5508 quo-

1366 5535 1443 5598 que,
1472 5535 1550 5600 quae
1578 5519 1674 5582 nimia
1701 5517 1906 5583 familiaritate
1936 5539 2007 5584 cum
2035 5523 2111 5584 viris
2167 5577 2169 5582 ,

1366 5613 1584 5690 versabantur,
1613 5614 1713 5676 acrius
1743 5613 1996 5694 reprehenderat.
2032 5616 2110 5679 Hine

1366 5705 1445 5783 odia,
1461 5707 1698 5770 obtrectationes
1712 5723 1746 5770 ac
1765 5707 1925 5771 maledicta
1943 5723 2109 5787 pravorum

1365 5801 1544 5877 hominum,
1567 5802 1620 5881 qui
1642 5801 1835 5864 insaniebant
1857 5802 1889 5864 111
1911 5801 2109 5880 medicum,a

1365 5911 1427 5976 quo
1448 5894 1647 5959 sanabantur.
