4744 6976
356 521 456 614 rae.
477 559 545 616 aare
594 563 653 628 tte

574 705 755 768 auctoritate
770 706 932 785 apostoliea
946 708 1106 785 concessit,
1123 716 1153 773 et
1168 708 1313 773 indulsit:

573 794 682 859 volens
710 797 848 878 insuper,
871 808 902 863 et
921 803 1029 866 eadem
1056 804 1239 867 auctoritate
1258 810 1318 865 sta-

573 895 676 964 tuens,
702 907 740 952 ue
763 891 797 952 iu
819 892 896 956 loeis
917 895 1081 958 dicturum
1100 898 1259 976 portium,
1281 896 1317 960 iu

573 979 688 1059 quibus
719 992 820 1048 esseut
851 989 1047 1054 monasterie
1079 991 1315 1070 relipiosorum,

574 1075 630 1154 qui
650 1079 836 1141 uuiruuruur
851 1098 964 1146 curura
979 1091 1174 1156 eaercaruu,
1191 1084 1316 1163 aliquid

572 1185 629 1248 per
651 1171 828 1276 Episcopus
841 1175 1062 1240 innovaretur.

343 1267 555 1368 ,⁰⁹”⁶⁸⁵⁵,{?¹¹⁰l¹²
614 1263 633 1339 5
654 1264 1010 1334 sacramentaneus
1033 1271 1234 1350 privilegium
1251 1272 1317 1334 sive

343 1332 555 1432 diffiducia]
574 1358 732 1424 indultum
759 1379 776 1425 a
802 1373 906 1427 sancto
935 1367 987 1427 Pio
1017 1368 1259 1445 praedecessore,
1282 1377 1317 1430 ut

342 1427 417 1486 ”¹⁰¹³
436 1428 553 1478 suerent.
573 1452 757 1532 praefertur,
789 1474 980 1536 concessum,
1012 1461 1186 1525 immutatis
1213 1461 1315 1524 torsan

572 1563 680 1610 rerum
695 1550 945 1630 circumstantiis,
961 1558 1144 1619 executione
1159 1563 1190 1618 et
1205 1556 1316 1618 ellectu

572 1641 706 1705 caruisse
726 1655 856 1730 oportet.
887 1648 1046 1728 Siquidem
1072 1659 1176 1730 aperte
1197 1649 1316 1728 conspi-

572 1737 671 1800 cimus
697 1738 858 1819 Episcopos
884 1746 1111 1822 praedictarum
1137 1745 1314 1822 regionum,

573 1847 636 1894 nou
658 1833 773 1895 multos
786 1841 854 1912 post
869 1853 977 1914 annos,
992 1839 1127 1902 suamin
1141 1838 1316 1918 praemissis

571 1926 787 1990 auctoritatem
808 1938 838 1992 et
864 1931 1109 1996 iurisdietionem
1135 1935 1318 2012 resumpsis-

570 2037 614 2082 se.
637 2022 762 2084 Etenim
783 2024 815 2085 in
838 2025 936 2102 prima
958 2025 1082 2104 Synodo
1104 2028 1231 2090 Limane
1246 2043 1316 2106 pro-

341 2113 555 2212 siuii¹⁸¹i⁰0⁸v¹r²iff
572 2113 697 2178 vindali
724 2133 805 2180 enno
821 2119 952 2183 'domini
979 2136 1128 2184 unxxxu.
1151 2121 1313 2197 celebrata,

341 2175 413 2265 affixis
433 2176 554 2267 simonae
572 2207 764 2286 praesidente
786 2209 820 2273 in
841 2228 874 2274 ea
906 2221 1010 2276 sancto
1042 2215 1198 2290 Turribio,
1229 2221 1313 2290 tunc,

341 2282 410 2318 ⁸⁰⁰⁰
429 2283 538 2320 ”¹¹¹³
572 2301 647 2364 dum
667 2303 701 2364 in
721 2304 866 2368 humabis
893 2308 1012 2384 agebat,
1041 2310 1194 2374 Ecclesiae
1213 2307 1314 2372 bima-

572 2409 630 2456 nae
650 2395 895 2478 archiepiscopo,
918 2402 1011 2480 ipsius
1033 2402 1149 2484 Synodi
1171 2401 1313 2484 cup-16,

571 2487 613 2548 ita
623 2505 767 2568 expresse
776 2503 902 2558 cautum
911 2499 1221 2576 reperimusllullus
1230 2505 1314 2580 post-

572 2581 632 2645 buc
653 2582 789 2650 clericus
816 2590 1003 2666 parochiam
1024 2595 1177 2658 Isidorum
1200 2593 1315 2674 ubsque

572 2676 721 2756 Episcopi
742 2681 911 2745 collutioue
930 2687 1101 2766 ereseipiut
1114 2689 1160 2750 uel
1176 2688 1314 2752 edmiui·

570 2775 671 2833 stret.-
693 2774 747 2850 qui
769 2775 853 2840 ulier
873 2781 1060 2859 susceperit,
1087 2784 1218 2846 eticrusi
1243 2799 1315 2862 pro-

570 2865 642 2944 prio
664 2872 785 2929 rectore
803 2871 959 2949 parocbia
981 2874 1141 2940 destitute
1162 2877 1220 2954 sit,
1236 2895 1315 2941 uuo·

573 2958 711 3022 tberaete
730 2961 885 3041 feriatur.
909 2965 993 3028 Idem
1007 2985 1027 3031 e
1043 2968 1248 3051 repulsoribus
1265 2968 1314 3034 eb·

569 3058 725 3116 seruetur.
750 3055 921 3136 Eidemque
940 3060 1086 3126 Limenes
1104 3063 1227 3142 Synodo
1241 3080 1315 3127 con-

568 3154 657 3208 sonat
671 3149 868 3226 provincialis
882 3154 991 3218 itidem
1004 3155 1147 3234 synodus
1158 3157 1314 3222 llexicaoa

372 3248 550 3349 ¹¹·.it.8pssfld¹
570 3255 652 3304 anne
673 3244 791 3306 domini
813 3263 975 3310 unexxxv.
998 3250 1057 3312 snb
1077 3250 1175 3313 bonae
1196 3268 1313 3314 memo-

338 3311 468 3401 ξῖἕὲἧξξω
480 3313 552 3404 ξῃῃῗ
570 3333 632 3396 riee
653 3335 742 3399 Petro
762 3338 839 3417 lleja
861 3340 899 3404 de
919 3342 1084 3408 Contreras
1104 3345 1311 3424 archiepisco-

339 3417 461 3458 nomas.
568 3442 608 3506 po
628 3440 811 3510 congregata
832 3441 864 3497 ct
890 3435 1073 3512 successive,
1095 3452 1209 3517 nempe
1230 3455 1311 3502 enno

569 3531 746 3587 untxxxrx.
763 3527 799 3590 ab
814 3526 983 3607 alpcstoliea
999 3529 1076 3593 Sede
1091 3531 1266 3594 examinata
1279 3541 1311 3596 et

568 3619 741 3697 approbata,
764 3637 842 3699 quae
862 3621 919 3683 sub
941 3621 1047 3684 titulo:
1065 3622 1108 3685 Dr
1123 3624 1311 3687 uisitatioue

566 3713 716 3790 propriae
735 3715 920 3792 prouinciae
943 3716 962 3790 5
988 3717 1044 3780 ΙΙΙ.
1067 3719 1186 3794 statuit,
1208 3725 1244 3782 ut
1264 3719 1310 3811 ’μι-

1095 587 1158 633 tue.
1182 587 1274 634 PONT·
1298 588 1339 634 DE
1360 588 1389 636 P·
1413 589 1442 636 F·
1466 591 1550 639 PARS
1572 593 1592 638 l.

2147 586 2200 639 Aa.
2215 585 2246 638 G.
2268 585 2343 636 1745

1409 711 1428 784 5
1447 711 1477 773 le.
1494 713 1639 788 Quemvis
1655 731 1729 778 vere
1743 716 1876 781 subinde
1890 735 1905 778 a
1920 719 1988 797 piae
1999 735 2115 782 memo·
2173 733 2277 798 aruerat
2294 733 2353 778 rare-

1370 804 1433 866 riae
1446 806 1594 883 Gregorio
1606 808 1682 889 Papa
1695 809 1776 874 xlv.
1793 812 2025 891 praedecessore
2038 830 2114 892 quo·
2133 788 2284 938 {ssssrss¹¹xrvv'v⁵f
2295 789 2355 884 ῗιῖιῗῖ

1370 912 1430 975 que
1445 907 1550 961 nostro
1565 900 1641 965 aliae
1655 905 1837 982 apostolicae
1852 905 1970 990 literae,
1983 925 2114 986 quarum
2135 898 2250 994 ,ffi‘ffl
2293 894 2354 940 ‘²¹⁶'

1370 989 1496 1055 initium
1508 1001 1567 1057 est:
1584 995 1749 1072 Quartum
1765 999 1961 1073 reimerum,
1977 1002 2116 1082 aliaeque
2190 981 2196 1003 ’

1370 1083 1569 1163 incipientes:
1605 1091 1734 1168 Eupoui
1761 1090 1862 1164 uobis,
1890 1111 1972 1157 anuo
1998 1113 2111 1158 unxcv.

1370 1182 1604 1258 emanaverint,
1636 1199 1691 1262 per
1722 1201 1797 1264 quas
1827 1189 1971 1266 superius
2002 1189 2115 1254 relatae

1370 1271 1472 1335 Sancti
1494 1274 1539 1336 Pii
1561 1279 1800 1354 praedecessoris
1822 1281 1930 1344 literae
1951 1284 2112 1364 eonfirme-

1370 1372 1417 1427 tae
1438 1365 1555 1430 luerint
1576 1379 1606 1431 et
1627 1371 1806 1452 innovatam
1829 1391 1929 1454 quum
1951 1384 2053 1440 temen
2072 1378 2117 1440 ie-

1370 1457 1435 1521 licis
1457 1463 1675 1528 reeordationis
1696 1469 1910 1547 praedecessor
1929 1472 2044 1548 pariter
2059 1488 2113 1535 no·

1369 1561 1432 1614 ster
1454 1553 1597 1618 Clemens
1629 1557 1707 1637 Papa
1728 1559 1821 1638 llll,
1844 1579 1988 1642 persnas
2010 1565 2113 1628 literas
2159 1593 2194 1629 ιιι.
2210 1583 2352 1630 urortomr-

1369 1646 1402 1708 in
1423 1647 1516 1710 simili
1532 1648 1630 1713 torma
1644 1652 1747 1718 brevis
1760 1656 1818 1718 sub
1831 1655 1880 1718 die
1896 1676 1967 1722 vm.
1985 1675 2113 1724 novem·
2132 1637 2274 1745 fiflffifflg
2285 1640 2352 1737 ᾞῗζ

1369 1738 1431 1800 bris
1452 1742 1526 1803 enni
1548 1759 1637 1808 unca.
1662 1749 1830 1828 expeditas,
1846 1769 1925 1831 quae
1939 1752 2111 1832 incipiunt:
2132 1752 2367 1844 ffffiffiisfflfflss

1370 1833 1604 1914 Relipiesoruru
1619 1857 1889 1924 quorumcumque
1902 1845 1957 1927 (l),
1971 1847 2113 1910 interme
2132 1855 2218 1914 centes
2240 1851 2352 1916 oraine-

1367 1928 1506 2006 specitica
1527 1933 1757 2000 confirmaverit
1778 1946 1809 2001 et
1830 1941 2042 2018 approbaverit
2064 1959 2112 2006 re·
2132 1903 2228 2008 i¹o¹1⁵ore⁸
2232 1907 2351 1954 ΜΝ

1368 2020 1556 2086 solutionem
1578 2031 1826 2106 congregationis
1855 2033 1984 2096 Sanctae
2005 2034 2113 2098 Rome·

1369 2129 1425 2176 nee
1440 2115 1592 2182 Ecclesiae
1607 2122 1819 2187 Cardinalium
1840 2127 1976 2204 negotiis
1997 2137 2028 2191 et
2041 2146 2113 2193 con·

1367 2208 1585 2276 saltationibus
1616 2216 1836 2297 Episccpcrum
1858 2227 1889 2283 et
1910 2221 2113 2299 Regularium

1368 2303 1568 2380 praepositae,
1592 2323 1646 2393 per
1667 2325 1760 2389 quam
1782 2313 1941 2378 firmatum
1956 2317 2111 2394 extiterat,

1369 2394 1543 2472 reputares,
1566 2400 1620 2477 qui
1641 2400 1679 2465 ub
1697 2420 1806 2466 eorum
1820 2401 2042 2484 superioribus
2059 2429 2112 2474 uo·

1367 2489 1499 2562 reiecti,
1522 2497 1552 2554 et
1574 2512 1594 2557 e
1615 2493 1756 2559 locorum
1780 2498 1966 2564 Ordiuuriis
1980 2520 2036 2565 seu
2052 2506 2113 2586 opt·

1368 2581 1505 2646 cialibus
1533 2585 1716 2666 approbati,
1746 2592 1783 2654 ad
1803 2592 1979 2656 animarum
2006 2613 2113 2660 curam

1368 2675 1400 2738 in
1424 2677 1582 2741 indiarum
1607 2683 1744 2759 partibus
1769 2686 1984 2763 exercendam,
2007 2687 2043 2752 ob
2063 2706 2113 2769 pe-

1368 2772 1501 2834 uuriour
1523 2773 1731 2839 Sacerdotem
1756 2780 1987 2854 saecularium,
2011 2783 2112 2848 mitte·

1368 2872 1490 2941 rentur,
1513 2883 1577 2930 non
1598 2869 1723 2947 quidem
1745 2872 1900 2937 habendos
1922 2882 1953 2937 et
1967 2886 2113 2956 reputer·

1367 2955 1421 3018 dos
1448 2975 1513 3022 esse
1541 2968 1699 3041 tamquam
1729 2965 1898 3042 Regulares
1925 2975 2011 3032 exire
2032 2971 2113 3034 clau-

1366 3057 1428 3112 stra
1450 3053 1547 3116 vitem
1567 3055 1730 3134 degentes3
1753 3058 1908 3137 siquidem
1926 3061 2043 3142 aliquot
2058 3079 2112 3142 per

1365 3144 1502 3221 singulas
1518 3147 1720 3214 hebdomadas
1735 3151 1844 3216 diebus
1858 3153 1896 3215 ab
1907 3155 2041 3220 ecclesiis
2054 3157 2112 3221 sibi

1366 3240 1539 3303 commissis
1559 3241 1767 3322 discedentes,
1780 3245 1812 3308 in
1834 3247 1966 3326 propriis
1989 3248 2113 3327 religio-

1365 3331 1406 3394 sis
1432 3332 1572 3398 domibus
1600 3339 1817 3418 versabantur,
1847 3343 1898 3404 sed
1926 3343 1962 3405 iu
1987 3359 2112 3407 eaucer-

1366 3425 1516 3490 ueutt'bue
1528 3446 1641 3493 curcur
1652 3433 1850 3507 cutenorum,
1865 3435 2039 3500 Ordiucrr'o
2051 3439 2112 3504 toci

1364 3522 1501 3597 subesse·
1524 3525 1559 3586 iu
1580 3524 1712 3604 reliquis
1737 3544 1821 3601 uero,
1850 3545 1913 3591 aaa
1936 3532 2111 3599 Ordiuerio

1365 3617 1437 3691 loci,
1460 3617 1512 3680 sed
1532 3618 1601 3679 suis
1632 3619 1853 3698 superioribus
1883 3621 2041 3688 subiectos
2064 3645 2111 3690 re·

1364 3728 1503 3782 uouere,
1526 3710 1563 3773 de
1583 3728 1719 3790 querum
1748 3713 1882 3778 tteeutiu
1904 3724 2000 3782 autre
2021 3723 2110 3786 cleu·

567 3808 624 3884 ira,
640 3808 801 3877 videlicet:
827 3807 962 3871 l'isiteut
978 3809 1124 3888 Episcopi
1140 3811 1310 3886 Ecclesiae,
1362 3813 1434 3868 stru
1456 3805 1586 3885 deputet.
1616 3807 1720 3881 Quum
1747 3808 1858 3871 deinde
1878 3811 1989 3874 similis
2009 3831 2110 3879 recor·
2155 3850 2186 3887 a.
2204 3844 2348 3898 aregarius
2366 3847 2367 3854 ¹

568 3907 598 3962 et
620 3918 698 3980 ques
721 3900 885 3964 doctrines
901 3908 1016 3965 euocat
1029 3920 1085 3966 seu
1101 3905 1309 3977 eruditiores,

562 3992 624 4058 ubi
649 3995 792 4074 retipiosi
821 4001 1060 4059 commoreretur
1090 4003 1148 4060 etc.
1176 4000 1310 4062 Visiteut

562 4076 665 4153 'etiem
695 4089 859 4169 retipiosos
881 4089 916 4151 iu
936 4090 1113 4168 praedictis
1141 4092 1309 4166 doctricis,

508 4207 511 4214 ·
566 4203 622 4247 seu
644 4181 882 4248 cruditiouibue
899 4185 1053 4264 depectus,
1069 4185 1172 4264 quaed
1187 4186 1313 4248 auimo·

568 4295 788 4362 ruuyeuruua,
812 4294 907 4356 quum
927 4283 1098 4352 ouercam,-
1127 4295 1236 4358 eosque
1255 4294 1311 4356 pu·

569 4379 660 4434 terrae
680 4369 748 4434 reto
769 4372 948 4452 corripuit,
964 4388 1073 4435 eoruru
1088 4371 1202 4434 boaori
1218 4379 1248 4435 et
1263 4371 1312 4436 bo-

568 4480 629 4528 uee
659 4467 764 4545 samue
793 4465 1005 4543 prospicieut,
1038 4470 1134 4544 utque
1163 4466 1197 4528 id
1224 4482 1312 4528 omae

567 4563 743 4637 preesteut,
766 4558 846 4636 quod
867 4557 909 4621 ed
929 4558 1074 4639 effectum
1093 4558 1247 4622 eiusmodi
1261 4575 1314 4621 ue-

569 4653 743 4716 cesseriuut
758 4652 815 4724 sit,
832 4652 931 4715 iuerte
946 4653 1109 4716 decreturi
1125 4653 1217 4716 Sacri
1235 4654 1312 4717 Ceu·

568 4744 638 4808 eiiii
658 4745 858 4820 tridentius}
876 4745 1105 4809 collimantibus
1119 4746 1151 4808 iu
1166 4747 1312 4810 eumdem

567 4855 695 4918 scopum
715 4839 775 4916 bis,
797 4856 875 4918 quae
896 4839 1149 4917 praescribuntur
1169 4839 1310 4902 interius:

573 4933 634 4994 Tit.
651 4933 689 4994 de
705 4931 920 5013 Reprelaribus
935 4937 965 4994 et
981 4929 1177 4998 Meuialt‘bur
1192 4935 1211 5008 5
1228 4933 1309 4997 XIX.

568 5027 622 5088 ibi.
645 5026 746 5089 lucete
768 5026 812 5098 id,
829 5026 910 5106 quod
925 5045 944 5089 u
962 5025 1104 5111 Coucitio
1125 5025 1312 5090 Tridentiuo

569 5120 730 5182 decretura
747 5127 806 5191 ert,
822 5126 851 5182 et
865 5135 921 5199 per
935 5118 1080 5182 ecbertum
1094 5119 1201 5199 rapide
1216 5119 1311 5182 recie-

567 5213 665 5277 stutir
687 5213 889 5292 dispositum,
912 5213 1075 5292 reputares
1090 5213 1145 5292 qui
1159 5213 1311 5276 ludorum

569 5321 681 5369 eurum
697 5313 826 5385 peruut,
839 5303 878 5368 eb
892 5305 1078 5368 ttrdiuuriis
1093 5305 1237 5378 visitari,
1253 5307 1312 5368 eis-

569 5399 636 5462 dem
656 5396 780 5462 subditi
801 5415 865 5460 esse
887 5397 1008 5471 debeat,
1033 5403 1098 5462 tour
1120 5399 1222 5477 quaed
1243 5399 1312 5461 doc-

570 5493 693 5555 triuuu
720 5491 917 5566 edocendum,
947 5508 1041 5571 quera
1066 5493 1169 5572 quoad
1198 5491 1312 5558 Sacru-

569 5593 675 5650 ureute
697 5585 970 5650 eduatuistruudu.

610 5853 640 5910 (l)
655 5853 749 5900 Maiori
763 5865 814 5912 quo
825 5854 959 5912 potuimus
974 5857 1061 5902 studio
1076 5855 1254 5915 quaesivimus
1264 5858 1312 5904 bas

569 5917 609 5965 lit.
624 5919 764 5968 clementis
774 5925 846 5978 vill,
857 5923 902 5968 sed
911 5935 995 5981 usque
1004 5936 1073 5972 nuuc
1083 5924 1201 5971 invenire
1210 5937 1262 5972 nou
1271 5937 1312 5984 po

570 5988 683 6036 tuimus:
699 5991 721 6035 si
735 5990 763 6036 in
777 5991 898 6039 archivio
918 5992 1039 6039 Brevium
1054 5993 1096 6040 vel
1116 5993 1180 6040 alibi
1200 5991 1313 6040 invenie·

1364 3898 1495 3961 dationis
1516 3898 1683 3976 Gregorius
1705 3900 1781 3980 Papa
1803 3902 1870 3965 XV.
1893 3905 1988 3968 etiam
2003 3918 2109 3974 noster
2128 3893 2349 4007 ξζῇξξῖῗὲζξζξ

1364 3991 1577 4072 praedecessor
1599 3993 1630 4054 in
1651 4009 1706 4056 sua
1737 3997 1876 4072 generali
1904 4005 1935 4062 et
1960 4011 2110 4082 perpetuo
2128 4009 2350 4104 {ffifflfflfflj

1364 4086 1495 4148 valitura
1507 4085 1740 4163 constitutione,
1754 4104 1833 4166 quae
1844 4090 1967 4171 incipit:
1981 4095 2112 4160 luseru-
2129 4107 2174 4155 rtis
2187 4109 2310 4159 subiecit.

1366 4176 1473 4252 tuditi,
1490 4195 1545 4258 per
1559 4195 1652 4257 quam
1666 4195 1774 4242 omnes
1788 4182 1966 4249 indistinete
1980 4188 2112 4266 Regula-

1365 4291 1413 4336 res
1434 4274 1610 4335 animarum
1628 4290 1734 4335 curam
1748 4276 1951 4340 saecularium
1966 4297 2110 4360 persone·

1365 4384 1437 4432 rum
1457 4376 1648 4443 exercentes,
1671 4376 1724 4430 aut
1745 4385 1869 4449 quoquo
1894 4375 1987 4438 modo
2009 4376 2112 4440 Sacra-

1366 4470 1470 4525 menta
1491 4459 1752 4538 administrantes,
1769 4463 1988 4543 Episeoporum
2004 4469 2110 4534 visita·
2199 4477 2200 4482 ’

1366 4557 1442 4618 tioni
1458 4563 1489 4618 et
1503 4555 1687 4618 correctioni
1702 4556 1848 4636 subiecit;
1863 4560 2111 4646 quibuscumque

1365 4649 1527 4714 contrariis
1558 4649 1832 4713 constitutionibus
1857 4662 1888 4716 et
1908 4657 2109 4724 ordinationi·

1366 4743 1424 4805 bus
1445 4741 1617 4820 apostolicis
1638 4743 1669 4806 iu
1691 4742 1830 4807 favorem
1843 4764 2110 4831 quarumcumque

1365 4851 1580 4916 personarum,
1607 4845 1698 4918 atque
1729 4837 1880 4903 Ordinum
1909 4849 1970 4904 tam
1991 4845 2110 4908 mendi·

1365 4931 1517 5004 cantium,
1538 4946 1631 5009 qnam
1653 4947 1717 4994 non
1743 4933 1999 5010 mendicantium,
2030 4936 2110 5000 mili·

1365 5025 1492 5100 tiaram,
1515 5025 1611 5088 etiam
1633 5025 1735 5089 Sancti
1753 5025 1878 5088 loannis
1892 5028 2111 5108 Hierosolymi-

1367 5119 1442 5194 teni,
1455 5119 1750 5194 Gangregatioaum,
1765 5119 1953 5182 Societatem
1967 5129 1998 5182 et
2009 5125 2111 5186 cuius·

1366 5213 1412 5274 vis
1433 5211 1562 5274 alterius
1576 5211 1723 5286 instituti,
1739 5213 1832 5275 etiem
1847 5216 2017 5277 necessario
2032 5225 2064 5278 et
2076 5218 2109 5281 in

1366 5304 1528 5368 individuo
1556 5306 1767 5386 exprimendi,
1796 5323 1853 5370 nec
1880 5323 1944 5370 non
1971 5313 2108 5389 statutis,

1366 5399 1653 5476 consuetudinibus,
1680 5400 1774 5462 etiem
1800 5387 2108 5482 immemofloilibus,

1366 5495 1627 5574 exemptionibus,
1650 5493 1791 5569 indultis,
1814 5495 1905 5557 etiam
1928 5497 2111 5578 incorpore

1366 5586 1443 5650 iuris
1464 5588 1582 5664 clausis,
1605 5595 1658 5650 aut
1673 5604 1710 5650 ex
1725 5604 1813 5650 causa
1828 5594 1858 5650 et
1875 5591 1968 5667 titulo
1981 5608 2110 5657 oneroso

1368 5868 1434 5913 naus,
1449 5859 1532 5904 lector
1546 5869 1591 5904 eas
1605 5839 1763 5904 iuveniet'in
1777 5861 1840 5906 nota
1853 5859 1887 5906 ed
1901 5861 2036 5907 constitut.
2051 5866 2111 5910 Leo-

1368 5924 1409 5970 nis
1423 5927 1486 5971 x111.
1502 5927 1638 5970 Romanos
1652 5928 1797 5980 Pourtpces.
