4798 6978
89 564 153 621 An.
170 573 208 626 0.
229 574 297 627 itte
354 639 356 651 Ι

327 707 541 798 interdixerit,
572 728 629 786 ne,
663 720 845 775 occurrente
872 712 1073 776 ecclesiarum

326 801 392 864 sive
414 804 674 866 monasteriorum
697 807 880 884 quorumvis
901 806 1072 882 vacatione,

326 895 481 972 pactiones
492 896 585 968 ullae,
599 895 665 960 sive
679 899 923 976 capitulationes,
934 905 987 961 aut
1002 914 1073 961 con-

70 984 306 1088 ,fflssffiff'fflss
325 988 457 1065 conlata,
473 999 525 1052 aut
539 998 663 1067 statuta,
680 994 826 1056 adversus
840 1007 999 1056 sacrorum
1016 992 1069 1056 Ga·

69 1085 306 1141 ratseesvacan-
325 1097 445 1144 nonum
473 1092 505 1147 et
532 1085 768 1163 apostolicarum
801 1086 1070 1150 Constitutiouum

323 1357 481 1416 ubicumque
492 1370 522 1405 ac
530 1370 694 1418 quocumque
705 1362 831 1418 tempore,
839 1361 919 1408 etiam
928 1363 1068 1419 praetextu

322 1424 439 1470 cuiusvis
459 1426 657 1474 consuetudinis
674 1430 885 1486 quantocumque
906 1429 933 1484 (¹)
949 1433 1068 1484 tempore

322 1491 485 1549 observatae,
499 1505 566 1552 quae
580 1494 668 1552 potius
681 1496 832 1552 corruptela
846 1499 917 1542 esset
930 1496 1066 1549 censenda,

322 1559 376 1606 sire
390 1560 418 1605 in
432 1571 528 1617 genere
542 1561 597 1607 sive
611 1561 638 1606 in
653 1561 738 1618 specie
752 1565 897 1618 praestare,
907 1563 1016 1608 reddere
1027 1563 1067 1608 νε]

322 1627 436 1684 exigere,
451 1639 514 1674 neve
532 1640 612 1686 super
626 1628 769 1686 praestitis,
784 1629 894 1676 redditis
914 1631 954 1675 νε]
968 1631 1067 1676 exactis

321 1705 436 1752 eousque
449 1696 600 1754 quempiam
613 1695 639 1742 in
650 1695 748 1742 iudicio
758 1697 799 1743 νε]
808 1701 883 1743 extra
893 1697 958 1743 illud
969 1697 1068 1755 inquie-

323 1767 379 1808 tare
397 1762 526 1808 auderent
544 1772 649 1820 quoquo
669 1763 746 1809 modo
761 1763 801 1808 νε]
816 1765 937 1810 turbare:
953 1763 1066 1817 acilius,

321 1829 367 1886 qui
381 1829 532 1876 iuramenta
551 1829 655 1885 illicita,
675 1830 857 1888 impossibilia,
875 1832 1009 1888 damnosa,
1025 1831 1064 1876 νε]

321 1895 514 1950 ecclesiasticae
534 1896 654 1942 libertati
674 1899 721 1942 aut
742 1897 855 1943 decretis
875 1897 939 1943 dicti
958 1897 1066 1943 concilii

320 1961 455 2008 obviantia
468 1963 574 2020 exigere
588 1963 792 2018 contendissent,
807 1964 945 2022 Episcopus
959 1965 1065 2021 quidem

321 2032 347 2074 et
361 2030 427 2076 alios
440 2041 619 2087 quoscumque
629 2030 774 2086 pontificali
783 2032 914 2088 dignitate
923 2031 1065 2090 praeditos,

321 2107 337 2142 a
350 2096 447 2144 divinis
460 2097 609 2153 suspendia
623 2097 740 2154 capitula
754 2109 816 2142 vero
829 2101 856 2143 et
865 2099 1016 2153 conventus,
1027 2110 1066 2144 eo·

321 2173 433 2220 rumque
446 2162 615 2218 coniecisset
628 2163 686 2210 loca
699 2165 788 2210 omnia
797 2163 939 2210 interdicto
950 2163 1067 2212 ecelesia·

320 2228 387 2274 stico
401 2229 549 2286 supposuit:
564 2240 595 2274 ac
608 2229 758 2286 singulares
776 2241 902 2287 personas
920 2241 1066 2277 excommu-

320 2296 460 2343 nicationis
481 2297 614 2342 sententia
636 2297 780 2354 innodavit,
800 2297 984 2355 inhabilesque
1004 2297 1065 2344 lacit

319 2363 352 2408 ad
366 2364 474 2409 obtenta
488 2365 514 2408 εἰ
527 2363 582 2409 alia
596 2363 738 2410 obtinenda
751 2376 782 2410 eo
795 2364 859 2422 ipso,
870 2363 972 2421 sibique
982 2368 1008 2411 et
1017 2367 1065 2411 rto

319 2441 396 2476 mano
411 2430 529 2476 Pontifici
543 2442 590 2488 pro
605 2433 722 2488 ternpore
737 2430 859 2476 existenti
872 2432 1063 2478 relaxationem

318 2497 498 2554 suspensionis
511 2501 537 2542 et
552 2497 687 2543 interdicti
706 2509 805 2544 necnon
823 2497 1016 2544 absolutionem
1031 2501 1064 2544 ab

318 2565 596 2618 excommunicationis
616 2565 749 2610 sententia
770 2563 922 2610 huiusmodi
936 2569 1064 2621 perpetuo

318 2632 475 2678 reservavit:
497 2633 647 2685 decernens,
668 2643 721 2686 sos,
741 2631 787 2689 qui
809 2632 862 2677 tale
882 2631 1062 2677 iuramentum

318 2699 432 2745 scienter·
445 2699 649 2756 praestitissent,
664 2709 713 2743 usu
729 2703 756 2743 et
769 2698 904 2744 commodo
916 2697 955 2743 rei
965 2710 996 2745 ac
1005 2709 1064 2754 gra-

318 2766 380 2820 tiae,
395 2767 472 2812 cuius
489 2765 569 2811 causa
587 2763 729 2822 iurassent,
744 2777 774 2810 eo
785 2765 845 2822 ¹ipso
860 2765 976 2823 privatos
991 2777 1061 2818 esse:

316 2834 384 2880 alios
398 2843 460 2880 vero
480 2834 633 2891 ignorantes
647 2833 681 2878 ad
698 2828 888 2890 praestitorum
904 2833 1064 2880 iuramento

316 2913 376 2948 rum
393 2899 545 2946 huiusmodi
565 2899 776 2946 observationem
796 2900 904 2946 minime
923 2901 1020 2946 teucri:
1035 2905 1062 2948 et

316 2968 392 3023 alias,
402 2971 480 3025 prout
495 2967 521 3012 in
536 2966 663 3025 praelatis
672 2966 792 3025 Gregorii
802 2967 1011 3024 praedecessoris
1020 2968 1064 3016 lit·

316 3035 391 3090 teris,
405 3045 518 3092 quarum
541 3036 659 3080 tenorem
680 3034 865 3090 praesentibus
884 3046 933 3091 pro
946 3035 1021 3092 plene
1035 3039 1062 3080 et

316 3101 475 3147 sufficienter
489 3111 611 3159 expresso
624 3112 655 3147 ac
665 3102 697 3146 de
711 3103 791 3148 verbo
799 3101 831 3148 ad
841 3101 951 3146 verbum
961 3102 1062 3150 inserto

315 3166 407 3214 baberi
422 3168 552 3224 volumus,
562 3167 675 3214 teberius
689 3169 848 3214 continetur.

147 3243 197 3288 sea
221 3247 298 3290 antea
356 3238 403 3286 aa.
417 3237 506 3289 Porro,
527 3237 669 3293 antequam
691 3235 799 3282 litterae
820 3235 973 3282 huiusmodi
993 3248 1063 3284 ema-

77 3293 145 3357 ?ius
171 3297 192 3341 l'.
201 3349 205 3360 Ι
213 3309 299 3360 oannes
315 3305 432 3357 nascent,
447 3301 544 3347 similis
556 3301 700 3346 memoriae
710 3301 771 3347 Pius
781 3305 849 3358 Papa
859 3305 886 3347 v.
897 3302 979 3348 etiam
989 3315 1062 3361 prae-

74 3360 106 3393 *η
129 3347 298 3414 &emmim
315 3369 436 3416 decessor
450 3373 548 3424 noster,
560 3369 691 3414 eiusmodi
701 3370 808 3415 concilii
818 3369 966 3416 Tridentini
976 3371 1062 3416 decre-

75 3407 299 3516 {ffigcrffipmffi
316 3438 351 3483 tis
367 3437 480 3495 tquibus,
499 3448 531 3482 tre
551 3436 704 3500 quidquam,
725 3437 794 3494 quod
808 3437 833 3482 in
850 3448 915 3484 usus
933 3437 990 3494 pios
1009 3449 1060 3484 non

76 3513 128 3556 rat.
314 3507 494 3558 convertatur,
508 3501 535 3547 in
550 3503 687 3557 electione,
705 3501 925 3560 praesentatione,
945 3504 1062 3549 nomina·

315 3569 396 3624 tione,
404 3570 583 3622 institutione,
590 3569 799 3624 confirmatione,
807 3571 946 3616 collatione
957 3572 996 3616 νε]
1006 3571 1060 3617 alid

315 3637 476 3694 provisione,
497 3637 552 3682 sive
572 3636 733 3682 admissione
752 3637 786 3682 ad
804 3637 995 3695 possessionem
1014 3638 1061 3684 ali-

315 3705 392 3751 cuius
406 3704 567 3752 cathedralis
583 3703 706 3749 ecclesiae
723 3705 763 3750 νε]
780 3704 907 3760 beneficii,
925 3705 1059 3752 canomca·

315 3777 401 3828 tuum,
415 3775 463 3818 aut
476 3771 695 3828 praebendarum,
707 3772 748 3816 νε]
761 3777 863 3828 partem
875 3779 1059 3830 proventuum,

315 3852 362 3886 seu
382 3839 416 3885 ad
435 3838 638 3884 distributiones
659 3837 836 3895 quotidianas,
858 3849 962 3897 quoquo
984 3841 1059 3886 modo

315 3907 430 3965 persolvi
443 3906 534 3964 possit,
549 3905 719 3952 strictissime
729 3906 894 3963 prohibetur)
909 3907 1059 3963 inhaerens,

315 3985 390 4020 suam
406 3975 455 4020 hac
468 3974 495 4019 in
511 3985 538 4018 re
548 3970 764 4018 constitutionem
774 3973 892 4020 ediderat
904 3975 1003 4021 tenoris
1013 3975 1059 4032 qui

315 4040 445 4098 sequitur,
459 4039 593 4085 videlicet:

560 4175 629 4219 erus
647 4152 813 4218 nrrscorus

521 4309 620 4350 Seram
633 4309 780 4349 Servorum
795 4307 850 4354 Det,

464 4377 499 4418 ad
511 4377 672 4426 mperatum
686 4375 726 4414 ret
740 4376 906 4416 memoriam.

119 4503 268 4551 Exordium.
353 4507 453 4550 Durum
469 4505 548 4550 nimis
562 4508 589 4551 et
603 4505 797 4551 incommodum
807 4506 979 4562 arbitramur,
989 4508 1057 4563 quod

313 4571 485 4619 ecclesiarum
507 4569 630 4628 ministri,
645 4573 672 4617 in
692 4572 724 4618 iis
738 4585 805 4631 quae
819 4573 851 4618 ad
870 4573 987 4631 ipsorum
1004 4586 1058 4620 sus·

313 4639 487 4684 tentationem
502 4639 679 4695 suppeditant,
691 4639 828 4696 dispendia
839 4639 986 4700 patiantur.
995 4644 1059 4690 Quo

312 4706 391 4762 circa,
405 4717 464 4750 cum
480 4706 547 4750 hanc
560 4707 593 4751 ad
609 4717 674 4761 rem,
684 4705 815 4763 simulque
826 4706 1014 4763 prohibendam
1024 4708 1057 4752 ab

312 4772 427 4818 Ecclesia
440 4771 485 4817 Dei
505 4772 634 4818 avaritiae
656 4773 823 4830 pravitatem,
843 4773 927 4818 editas
945 4774 1057 4820 antebac

312 4840 460 4886 sanctiones
480 4839 589 4885 minime
609 4840 675 4885 satis
696 4851 752 4885 esse
772 4840 956 4898 intelligimus,
976 4852 1056 4886 norae

226 4911 231 4920 “
310 4905 510 4952 constitutionis
524 4905 642 4951 subsidio
655 4905 776 4962 cogimur
790 4907 934 4963 providere.

88 4983 234 5034 gomarium
243 4985 293 5032 Tri.
351 4979 398 5025 sl.
414 4961 478 5020 cum
500 4973 589 5031 itaque
609 4973 676 5019 alias
696 4985 727 5018 ex
744 4973 862 5030 plurium
884 4974 1056 5019 ecclesiarum

78 5040 223 5092 delitiarum,
236 5050 292 5085 scer.
310 5033 504 5088 cathedralium
518 5047 544 5086 et
554 5039 757 5100 collegiatarum
767 5040 1000 5086 constitutionibus
1009 5043 1056 5086 aut

79 5105 157 5147 ΠΝ]
167 5103 223 5158 “ai''
235 5103 292 5155 ¹er
311 5122 342 5155 ex
356 5119 437 5166 prava
451 5108 639 5153 consuetudine
653 5106 789 5152 observari
804 5106 1002 5162 intelligeretur
1017 5111 1056 5162 ut,

78 5147 215 5246 ssgngmpt
236 5147 294 5246 Ἦ
312 5175 339 5219 ]]]
354 5173 489 5228 electione,
508 5171 728 5230 praesentatione,
749 5170 936 5227 nominatione,
951 5171 1058 5217 institu-

34 5251 35 5258 ’
79 5211 214 5302 pastona
238 5253 294 5300 „aa
312 5241 391 5296 tione,
406 5240 614 5294 confirmatione,
627 5237 765 5284 collatione
785 5239 825 5283 νε]
839 5238 893 5284 alia
907 5238 1055 5295 provisione

81 5318 125 5370 ιιειΙ
146 5311 180 5370 ει,
197 5309 294 5370 statuto
312 5309 366 5354 sire
380 5307 540 5354 admissione
553 5307 586 5352 ad
595 5305 785 5363 possessiouem
797 5305 911 5351 alicuius
920 5306 1055 5352 cathedra-

80 5361 200 5424 ultqupd
227 5370 293 5406 ΝΜ·
312 5375 344 5421 iis
359 5375 483 5420 ecclesiae
498 5375 538 5418 νε]
556 5372 684 5426 beneficii,
698 5372 902 5418 canonicatuum
921 5375 968 5418 aut
983 5383 1056 5429 prae-

79 5414 171 5512 Ρῖξέἑὼ
187 5426 218 5514 ”g
232 5425 295 5524 p'e’fl,
311 5443 457 5488 bandarum
472 5441 513 5486 νε]
528 5443 630 5498 partem
646 5443 821 5496 proventuum
834 5451 880 5484 εειι
890 5440 923 5485 ad
933 5439 1056 5485 distribu-

79 5479 180 5568 ἴωηῖᾗξ
203 5479 295 5568 ,5232oe-
312 5508 396 5555 tiones
410 5508 586 5565 quotidianas,
600 5510 688 5552 certae
696 5506 858 5552 conditiones
868 5518 915 5552 scu
925 5507 1056 5552 deductio

79 5577 141 5621 rent,
159 5575 200 5630 (³⁸)
312 5587 359 5621 nes
373 5587 403 5621 ex
416 5575 556 5628 fructibus,
570 5573 723 5626 solutiones,
737 5571 923 5630 promissiones
937 5584 1055 5630 compen-

313 5644 460 5689 sationesve
480 5642 599 5696 illicitae,
620 5643 668 5687 aut
689 5640 770 5686 etiam
791 5652 858 5698 qnae
878 5639 906 5685 in
920 5640 1054 5698 aliquibus

312 5709 430 5756 ecclesiis
450 5709 575 5756 dicuntur
597 5712 738 5753 ternorum
759 5707 841 5763 lucra,
861 5709 1055 5766 interponeren-

353 5907 381 5963 (⁸)
397 5911 462 5953 Edit.
479 5909 558 5952 Matre.
575 5911 635 5962 leqtt
648 5909 899 5966 quantumcumque.

958 595 1155 642 assentatus
1178 595 1240 640 xlv.

1794 573 1852 641 aaa
1904 574 1957 628 sn.
1972 578 2001 628 o.
2022 576 2092 629 mes

1128 710 1372 791 dispositionem,
1395 714 1432 778 ab
1453 715 1500 790 iis,
1513 714 1548 776 ad
1570 731 1647 794 quos
1669 725 1870 794 personarum
1891 728 2103 788 aequoreosque

1127 805 1404 885 praeficiendorum
1426 807 1536 870 electio
1557 807 1704 888 pertinet,
1717 814 1789 868 ante
1809 804 1871 867 ele·
1890 776 2103 878 {gssis‘ffiss‘ffssss}

1122 900 1263 980 ctionem
1292 899 1341 962 νε]
1371 899 1611 979 postulationem
1639 901 1730 976 lrant3
1754 906 1795 974 et,
1819 898 1871 961 ubi
1890 886 2102 986 figg„³,‚¹,¹⁸,⁰n,{¹,⁰,j
2167 927 2172 939 ·

1126 992 1331 1056 nibilominus
1352 991 1429 1054 inita
1443 991 1574 1068 inerint,
1588 1009 1622 1054 ea
1638 1009 1762 1071 prorsus
1783 992 1871 1054 irrita

1125 1093 1156 1148 et
1177 1086 1328 1162 invalida,
1358 1102 1415 1149 nec
1436 1086 1624 1148 observanda
1645 1103 1728 1160 esse,
1750 1085 1872 1148 etiamsi

1124 1363 1176 1417 tur,
1191 1362 1252 1407 licet
1267 1366 1358 1410 sancta
1373 1363 1497 1420 synodus,
1510 1363 1575 1408 baec
1584 1363 1723 1418 detestata,
1735 1362 1872 1408 mandave-

1123 1426 1168 1483 rit,
1183 1428 1316 1485 episeopis
1337 1431 1367 1474 ut
1381 1440 1562 1486 quaecumque
1583 1428 1743 1482 huiusmodi,
1761 1439 1829 1485 quae
1842 1427 1870 1473 in

1123 1505 1186 1540 usus
1200 1495 1258 1552 pios
1272 1507 1323 1541 non
1338 1500 1566 1552 converterentur,
1576 1499 1656 1552 atque
1671 1495 1809 1551 ingressus
1818 1505 1870 1551 eos,

1121 1559 1167 1616 qui
1182 1561 1341 1608 simoniacae
1355 1562 1423 1608 labis
1437 1567 1486 1608 aut
1500 1562 1622 1608 sordidae
1640 1561 1770 1608 avaritiae
1788 1561 1870 1618 suspi-

1121 1626 1222 1673 cionem
1243 1628 1381 1683 habersnt,
1404 1629 1461 1674 deri
1484 1641 1534 1674 non
1555 1627 1753 1686 permitterent,
1768 1628 1869 1685 ipsique

1120 1691 1264 1749 diligenter
1278 1695 1309 1740 de
1324 1706 1415 1740 eorum
1438 1694 1674 1741 constitutionibus
1696 1695 1750 1740 sive
1765 1706 1870 1740 consue·

1121 1759 1258 1806 tudinibus
1268 1773 1348 1818 super
1358 1761 1499 1818 praedietis
1508 1765 1705 1819 cognoscerent,
1713 1763 1740 1806 et
1751 1760 1805 1806 illis
1815 1764 1870 1806 tan·

1122 1831 1187 1882 tum,
1201 1839 1267 1884 quas
1287 1829 1438 1888 probarent,
1453 1829 1577 1886 exceptis,
1597 1827 1715 1885 reliquas
1730 1829 1759 1872 ut
1774 1837 1868 1884 pravas

1120 1896 1147 1938 et
1161 1893 1327 1940 scandalosas
1349 1893 1502 1950 reiicerent;
1517 1905 1562 1940 eos
1582 1905 1644 1940 vero
1666 1893 1720 1951 qui,
1742 1894 1869 1939 adversus

1120 1960 1264 2016 praedicta,
1277 1962 1370 2018 quavis
1385 1961 1488 2008 ratione
1498 1961 1702 2016 commisissent,
1712 1959 1803 2018 poenis
1812 1970 1871 2005 con-

1121 2028 1163 2072 tra
1177 2026 1336 2074 simoniacos
1350 2029 1429 2074 editis
1445 2029 1529 2074 teneri
1544 2027 1703 2082 decreverim
1719 2027 1867 2072 multorum

1120 2095 1209 2138 tamen
1230 2094 1361 2142 indomita
1381 2095 1534 2153 cupiditate,
1556 2099 1611 2142 tam
1632 2094 1767 2152 praedicta
1788 2105 1868 2151 quarn

1119 2157 1172 2204 alia
1186 2158 1219 2205 ad
1238 2159 1395 2206 beneficium
1415 2163 1442 2206 et
1463 2161 1630 2206 commodum
1652 2159 1770 2217 ipsorum
1793 2158 1869 2204 mini·

1119 2227 1237 2272 strorum
1258 2227 1337 2282 edita,
1356 2230 1404 2274 aut
1420 2227 1529 2274 omniuo
1548 2231 1763 2281 contemnuntur,
1778 2228 1825 2272 aut
1841 2226 1869 2272 in

1118 2291 1206 2338 varios
1221 2304 1313 2339 sensus
1330 2293 1451 2340 traducta
1466 2305 1604 2352 perperam
1618 2293 1771 2339 eluduntur.

1158 2363 1205 2409 tt.
1221 2363 1306 2412 Quare
1328 2372 1383 2418 uos,
1403 2373 1451 2418 pro
1474 2361 1557 2407 divini
1578 2361 1667 2408 cultus
1686 2360 1821 2415 exercitio,
1836 2361 1868 2406 si·
1900 2361 1945 2408 liic
1963 2362 2032 2409 Porti.
2048 2375 2100 2412 mo·

1118 2427 1227 2483 mulque
1248 2431 1417 2474 evocatorum
1432 2429 1464 2474 ad
1479 2428 1556 2474 illum
1578 2428 1679 2474 auxilio
1699 2427 1802 2484 plenius
1817 2427 1868 2474 eri·
1887 2414 1920 2461 ¹¹⁰
1934 2421 2034 2463 ’ΝΟΜ
2044 2428 2100 2466 ⁶⁰⁷²·

1118 2493 1275 2551 dentiusqua
1296 2495 1487 2542 consulendum
1506 2497 1561 2542 iore
1583 2495 1644 2550 rati,
1667 2505 1820 2542 revocamus
1839 2499 1866 2540 et
1885 2470 2028 2571 ῧῇξῖἷῗοηξζ
2043 2482 2100 2573 ⁰3²2

1117 2561 1253 2608 abolemus
1268 2563 1357 2609 omnia
1371 2566 1398 2608 et
1412 2575 1592 2621 quaecumque
1602 2561 1752 2619 privilegia,
1761 2573 1866 2608 cousue-
1885 2575 2007 2634 imag

1120 2629 1225 2674 tudines
1240 2632 1265 2675 et
1281 2631 1384 2676 statuta
1398 2641 1626 2689 quarumcumque
1641 2629 1812 2678 ecclesiarum
1827 2642 1867 2677 ca-

1118 2695 1280 2742 thedralium
1295 2700 1322 2742 et
1337 2697 1603 2756 metropolitanarum
1619 2708 1650 2743 ac
1663 2697 1795 2744 maiorum
1810 2710 1866 2744 nec·

1117 2775 1168 2808 non
1181 2764 1391 2822 collegiatarum,
1402 2765 1483 2811 etiam
1493 2765 1653 2820 iuramento,
1664 2765 1865 2813 confirmatione

1116 2831 1260 2887 apostolica
1283 2837 1331 2878 aut
1351 2833 1404 2879 alio
1427 2833 1520 2890 quovis
1542 2831 1674 2890 praesidio
1696 2833 1815 2889 munita,
1834 2846 1880 2881 ac¹

1116 2897 1198 2942 etiam
1212 2909 1293 2956 supra
1308 2899 1446 2945 bominum
1462 2900 1617 2946 memoriam
1632 2904 1659 2946 et
1669 2901 1824 2958 longissimo
1834 2913 1865 2946 ac

1115 2968 1329 3023 quantocumque
1342 2970 1469 3024 tempore,
1480 2966 1561 3012 stiam
1571 2967 1705 3022 continuo,
1715 2967 1863 3022 observatu,
1920 3015 1923 3024 ,

1116 3031 1170 3076 εἰνε
1184 3043 1232 3089 pro
1245 3033 1377 3078 solvendis
1391 3032 1562 3080 ecclesiarum
1579 3035 1620 3079 vel
1631 3034 1812 3090 praelatorum
1823 3034 1865 3078 de·

1115 3098 1186 3150 bitis.
1201 3099 1255 3144 sive
1269 3111 1316 3157 pro
1331 3101 1518 3158 supportandis
1536 3101 1644 3146 illorum
1658 3100 1792 3154 oneribus,
1808 3101 1863 3146 sire

1114 3164 1182 3220 aliis,
1196 3166 1279 3212 etiarn
1299 3167 1452 3222 maioribus,
1473 3167 1595 3212 inanimis
1614 3170 1641 3211 et
1655 3167 1862 3223 urgentissimis,

1114 3233 1201 3278 causis
1215 3245 1338 3280 concessa
1352 3237 1378 3280 et
1392 3235 1545 3292 approbata,
1561 3245 1592 3278 ac
1606 3233 1688 3279 etiam
1706 3233 1863 3290 multiplica-

1115 3299 1149 3345 tis
1164 3300 1265 3346 vicibus
1278 3301 1412 3356 innovata,
1423 3305 1530 3346 extensa
1540 3303 1566 3346 et
1578 3302 1723 3354 moderata,
1734 3301 1811 3358 quod,
1821 3312 1863 3346 ra-

1113 3367 1234 3412 cantibus
1249 3367 1368 3424 ipsarum
1382 3367 1552 3414 ecclesiarum
1563 3367 1748 3424 dignitatibus,
1759 3367 1862 3414 canoni·

1113 3434 1225 3489 cetibus,
1240 3435 1404 3491 praebendis,
1424 3434 1599 3491 portionibus,
1622 3434 1756 3480 beneflciis
1770 3437 1797 3480 et
1811 3435 1864 3480 offl-

1113 3501 1169 3555 cils,
1188 3495 1289 3546 tructus
1307 3511 1338 3546 ac
1356 3500 1436 3547 etiam
1459 3500 1630 3558 quotidianae
1651 3501 1862 3557 distributiones,

1113 3579 1144 3612 ex
1158 3567 1196 3613 eis
1210 3567 1296 3626 prirno
1315 3569 1348 3614 ab
1362 3567 1420 3625 ipsa
1442 3567 1577 3614 vacatione
1598 3579 1668 3614 anno
1682 3571 1730 3614 aut
1743 3568 1862 3625 longiore

1114 3635 1154 3680 vel
1169 3635 1250 3680 etiam
1261 3635 1381 3680 breviore
1392 3638 1510 3692 tempore
1520 3635 1684 3692 proventuri,
1692 3646 1801 3682 mensae
1811 3637 1863 3694 epi-

1113 3702 1211 3759 scopali
1226 3714 1272 3748 εει]
1291 3701 1433 3758 capitulari
1454 3702 1538 3748 aliove
1553 3703 1609 3748 loco
1631 3703 1734 3760 integre
1749 3704 1791 3750 vel
1804 3716 1862 3762 par·

1113 3769 1162 3814 tim
1177 3772 1333 3816 remaneant
1351 3780 1398 3814 seu
1416 3768 1591 3826 applicentur,
1605 3771 1652 3815 aut
1667 3770 1693 3815 in
1708 3781 1861 3818 communes

1113 3847 1176 3881 usus
1191 3835 1293 3890 cedam,
1308 3847 1354 3880 seu
1369 3835 1440 3880 iuter
1459 3835 1526 3880 alios
1540 3835 1678 3900 canonicos
1693 3839 1720 3880 et
1734 3847 1860 3894 personas

1113 3903 1237 3948 ecclesiae
1252 3911 1299 3948 seu
1313 3902 1424 3960 capituli
1443 3901 1604 3948 dividantur.
1624 3903 1747 3961 Quodque
1762 3905 1860 3961 nullus,

1112 3969 1194 4015 etiam
1205 3970 1349 4026 apostolica
1358 3968 1518 4016 auctoritate
1528 3969 1656 4027 provisus,
1667 3970 1695 4015 in
1704 3971 1860 4018 canonicum

1066 4053 1070 4062 ·
1113 4035 1203 4093 recipi,
1213 4039 1260 4082 aut
1269 4036 1303 4081 ad
1312 4035 1470 4092 dignitatem
1481 4047 1527 4082 seu
1538 4035 1693 4094 portionem,
1704 4037 1860 4085 beneficium

1112 4103 1152 4148 νε]
1167 4102 1281 4148 ο]]]ε]ιιι]ι
1295 4102 1412 4158 admitti,
1427 4104 1468 4148 rel
1481 4104 1548 4149 alias
1563 4103 1589 4148 in
1599 4104 1657 4150 eius
1668 4105 1859 4162 possessionem

1113 4170 1202 4217 induci
1216 4169 1307 4226 possit,
1323 4169 1376 4214 nisi
1390 4169 1463 4226 prius
1478 4171 1509 4214 de
1523 4171 1693 4218 observandis
1707 4171 1860 4220 huiusmodi

1112 4237 1267 4294 privilegiis,
1274 4235 1510 4282 consuetudinibus
1520 4240 1547 4282 et
1558 4237 1668 4284 statutis
1677 4237 1859 4286 iuramentum

1112 4303 1286 4360 praestiterit,
1296 4306 1323 4348 et
1336 4304 1460 4349 obtentae
1474 4303 1583 4350 illorum
1593 4305 1759 4362 derogationi
1768 4318 1798 4354 ac
1808 4307 1860 4354 tru-

1112 4373 1203 4417 ctuum
1218 4374 1245 4416 et
1265 4370 1486 4418 distributionum
1508 4373 1669 4429 perceptioni
1692 4375 1860 4422 renunciave-
1904 4405 1906 4412 ·

1112 4439 1156 4490 rit,
1171 4449 1217 4484 seu
1231 4439 1348 4496 capitulo
1362 4441 1388 4484 et
1403 4438 1521 4495 personis
1531 4441 1673 4497 praedictis
1683 4442 1801 4498 cesserit,
1812 4455 1858 4490 seu

1112 4506 1152 4560 (ut
1165 4506 1309 4562 appeliant)
1324 4504 1455 4551 dulciaria
1469 4509 1515 4551 aut
1526 4507 1588 4562 quid
1599 4507 1672 4553 aliud
1681 4509 1857 4565 praestiterim

1111 4583 1224 4628 quorum
1243 4571 1362 4616 omnium
1384 4573 1497 4626 tenores,
1511 4584 1604 4619 causas
1619 4578 1646 4620 et
1661 4575 1768 4622 eftectus
1783 4577 1860 4622 lrabe-

1112 4649 1171 4682 mus
1185 4637 1369 4695 praesentibus
1384 4650 1431 4695 pro
1444 4640 1582 4696 expressis,
1593 4641 1802 4700 quibuscumque
1812 4643 1859 4690 illa

1111 4710 1235 4761 concepta
1249 4705 1303 4750 sint
1318 4703 1448 4762 formulis,
1462 4717 1561 4751 necnon
1577 4705 1748 4754 irritantibus
1762 4712 1790 4754 et
1799 4710 1859 4755 aliis

1110 4772 1222 4817 decretis
1238 4773 1369 4818 roborata.
1385 4773 1507 4818 volentes
1522 4785 1553 4819 aa
1567 4775 1656 4820 omnia
1675 4776 1744 4821 vires
1760 4778 1787 4821 et
1801 4777 1858 4822 eile-

1110 4841 1182 4884 ctum
1197 4839 1228 4884 de
1242 4843 1331 4884 cetero
1346 4851 1396 4884 non
1412 4839 1517 4886 babere.
1783 4879 1786 4890 .

1150 4913 1162 4954 a
1177 4909 1197 4950 3.
1212 4906 1391 4962 Praecipimus
1407 4907 1490 4962 igitur
1505 4911 1531 4952 et
1542 4908 1726 4954 interdicimus
1736 4911 1859 4958 omnibus
1889 4933 1984 4979 pm,
2002 4931 2090 4979 mli,

1112 4971 1252 5030 episcopis,
1271 4972 1404 5029 capitulis,
1426 4973 1545 5029 collegiis
1560 4979 1587 5019 et
1605 4976 1732 5031 personis,
1746 4977 1779 5023 ad
1793 4990 1858 5035 quos
1894 4985 2089 5045 utarmpqmpp.

1112 5039 1137 5083 id
1151 5039 1275 5096 pertinet,
1289 5051 1322 5084 ne
1336 5039 1445 5096 posthac
1465 5039 1567 5086 tructus
1588 5045 1635 5087 aut
1656 5043 1857 5091 distributiones
1877 4997 1924 5085 gut
1937 5039 2054 5099 imponit·

1111 5105 1273 5161 huiusmodi,
1288 5117 1334 5150 nec
1348 5117 1457 5162 prorsus
1471 5107 1552 5152 ullam
1572 5119 1664 5154 eorum
1679 5114 1781 5166 partam
1797 5112 1859 5156 reti-

1110 5176 1199 5226 neant,
1214 5183 1277 5217 neve
1291 5171 1410 5228 ipsorum
1423 5173 1567 5219 cessionem
1579 5174 1618 5220 vel
1630 5177 1857 5223 renunciationem

1110 5243 1157 5284 aut
1172 5239 1301 5284 dulciaria
1315 5239 1355 5284 rel
1374 5239 1429 5285 alia
1446 5242 1690 5300 quomodocumque
1711 5247 1801 5301 petant
1817 5245 1857 5290 vel

1110 5307 1225 5363 exigant,
1239 5312 1286 5352 aut
1301 5317 1468 5364 quemquam,
1479 5307 1534 5352 sire
1548 5309 1683 5355 ordinaria
1692 5311 1747 5356 sive
1756 5316 1858 5368 aposto-

1109 5373 1161 5419 lica
1175 5373 1335 5419 auctoritate
1356 5375 1501 5431 prouisum,
1515 5376 1547 5420 ad
1562 5376 1749 5431 praestandum
1768 5379 1857 5427 buius·

1111 5440 1179 5486 modi
1193 5440 1375 5486 iuramentum
1390 5441 1524 5498 inducant,
1539 5445 1586 5488 aut
1601 5442 1641 5488 illi
1655 5445 1790 5500 praedicta
1805 5457 1856 5491 non

1109 5507 1216 5552 facienti
1236 5508 1426 5564 possessionem
1448 5508 1594 5566 impediant
1617 5511 1656 5555 rel
1678 5517 1855 5559 remorentur.

1110 5576 1271 5632 Quicumque
1291 5575 1503 5632 contrafecerint,
1519 5577 1542 5622 si
1560 5578 1731 5624 ecclesiarum
1749 5582 1857 5628 Aratisti·

1111 5645 1157 5698 tes,
1173 5641 1274 5687 tamdiu
1294 5652 1310 5686 a
1324 5641 1482 5698 pontificalis
1498 5643 1575 5688 officii
1596 5645 1720 5691 exercitio
1734 5647 1788 5693 sint
1802 5659 1857 5696 sus·

1109 5707 1191 5765 pensi,
1205 5707 1293 5761 donec,
1309 5706 1486 5754 satisfactione
1505 5711 1689 5767 praestantis
1704 5724 1750 5770 per
1765 5715 1856 5760 sedern

1151 5907 1191 5964 (⁸⁸³)
1212 5911 1271 5954 Vide
1291 5911 1371 5952 ettam
1390 5918 1451 5951 sess.
1468 5913 1658 5963 xxr.,cap.·18‚
1679 5915 1704 5954 et
1717 5915 1797 5955 const.
1814 5915 1858 5956 lu·

1111 5978 1140 6019 at
1155 5979 1188 6020 11.
1205 5978 1269 6020 Cum
1286 5980 1340 6020 tam
1354 5971 1443 6020 divino
1456 5979 1501 6019 etc.
