<?xml version="1.0" encoding="UTF-8"?>
<!DOCTYPE html PUBLIC "-//W3C//DTD XHTML 1.0 Transitional//EN"
    "http://www.w3.org/TR/xhtml1/DTD/xhtml1-transitional.dtd">
<html xmlns="http://www.w3.org/1999/xhtml" xml:lang="en" lang="en">
 <head>
  <title>
</title>
<meta http-equiv="Content-Type" content="text/html;charset=utf-8" />
  <meta name='ocr-system' content='tesseract 3.04.00' />
  <meta name='ocr-capabilities' content='ocr_page ocr_carea ocr_par ocr_line ocrx_word'/>
</head>
<body>
  <div class='ocr_page' id='page_1' title='image "./iurispontificii02martgoog_0740.png"; bbox 0 0 4820 6980; ppageno 0'>
   <div class='ocr_carea' id='block_1_1' title="bbox 345 525 2292 596">
    <p class='ocr_par' dir='ltr' id='par_1_1' title="bbox 345 525 2292 596">
     <span class='ocr_line' id='line_1_1' title="bbox 345 525 2292 596; baseline 0.009 -18"><span class='ocrx_word' id='word_1_1' title='bbox 345 525 398 580; x_wconf 76' lang='lat' dir='ltr'><strong>Aa.</strong></span> <span class='ocrx_word' id='word_1_2' title='bbox 412 527 443 580; x_wconf 89' lang='lat' dir='ltr'><strong>c.</strong></span> <span class='ocrx_word' id='word_1_3' title='bbox 465 527 533 584; x_wconf 76' lang='lat'><strong>1756</strong></span> <span class='ocrx_word' id='word_1_4' title='bbox 584 527 641 596; x_wconf 65' lang='lat'><strong>724</strong></span> <span class='ocrx_word' id='word_1_5' title='bbox 1086 545 1151 591; x_wconf 86' lang='lat' dir='ltr'><strong>run.</strong></span> <span class='ocrx_word' id='word_1_6' title='bbox 1175 542 1266 590; x_wconf 83' lang='lat' dir='ltr'><strong>nour.</strong></span> <span class='ocrx_word' id='word_1_7' title='bbox 1290 541 1331 588; x_wconf 85' lang='lat' dir='ltr'><strong>nn</strong></span> <span class='ocrx_word' id='word_1_8' title='bbox 1352 537 1381 588; x_wconf 79' lang='lat' dir='ltr'><strong>a.</strong></span> <span class='ocrx_word' id='word_1_9' title='bbox 1404 543 1433 589; x_wconf 86' lang='lat' dir='ltr'><strong>r.</strong></span> <span class='ocrx_word' id='word_1_10' title='bbox 1458 537 1541 591; x_wconf 77' lang='lat' dir='ltr'><strong>anns</strong></span> <span class='ocrx_word' id='word_1_11' title='bbox 1561 541 1583 590; x_wconf 88' lang='grc' dir='ltr'><strong>ι.</strong></span> <span class='ocrx_word' id='word_1_12' title='bbox 1779 525 1786 538; x_wconf 85' lang='grc'><strong>“</strong></span> <span class='ocrx_word' id='word_1_13' title='bbox 2134 531 2222 589; x_wconf 77' lang='lat' dir='ltr'><strong>duo.</strong></span> <span class='ocrx_word' id='word_1_14' title='bbox 2239 527 2292 596; x_wconf 81' lang='lat' dir='ltr'><strong>itte</strong></span> 
     </span>
    </p>
   </div>
   <div class='ocr_carea' id='block_1_2' title="bbox 301 661 2365 5904">
    <p class='ocr_par' dir='ltr' id='par_1_2' title="bbox 301 661 2365 5904">
     <span class='ocr_line' id='line_1_2' title="bbox 564 661 2108 746; baseline 0 -14"><span class='ocrx_word' id='word_1_15' title='bbox 564 683 643 732; x_wconf 90' lang='lat' dir='ltr'><strong>num</strong></span> <span class='ocrx_word' id='word_1_16' title='bbox 654 667 707 746; x_wconf 92' lang='lat' dir='ltr'><strong>qui</strong></span> <span class='ocrx_word' id='word_1_17' title='bbox 718 666 904 730; x_wconf 86' lang='lat' dir='ltr'><strong>sacrificium</strong></span> <span class='ocrx_word' id='word_1_18' title='bbox 916 664 1018 741; x_wconf 86' lang='lat' dir='ltr'><strong>oilert,</strong></span> <span class='ocrx_word' id='word_1_19' title='bbox 1034 678 1091 728; x_wconf 92' lang='lat' dir='ltr'><strong>nec</strong></span> <span class='ocrx_word' id='word_1_20' title='bbox 1103 672 1207 729; x_wconf 89' lang='lat' dir='ltr'><strong>tamen</strong></span> <span class='ocrx_word' id='word_1_21' title='bbox 1222 661 1309 743; x_wconf 88' lang='lat' dir='ltr'><strong>quid·</strong></span> <span class='ocrx_word' id='word_1_22' title='bbox 1365 663 1589 741; x_wconf 72' lang='lat' dir='ltr'><strong>sumptionem,</strong></span> <span class='ocrx_word' id='word_1_23' title='bbox 1601 663 1689 730; x_wconf 88' lang='lat' dir='ltr'><strong>cuius</strong></span> <span class='ocrx_word' id='word_1_24' title='bbox 1701 665 1862 744; x_wconf 90' lang='lat' dir='ltr'><strong>neglectus</strong></span> <span class='ocrx_word' id='word_1_25' title='bbox 1872 665 2108 732; x_wconf 75' lang='lat' dir='ltr'>admirationem</span> 
     </span>
     <span class='ocr_line' id='line_1_3' title="bbox 563 757 2109 843; baseline 0.001 -19"><span class='ocrx_word' id='word_1_26' title='bbox 563 779 658 843; x_wconf 92' lang='lat' dir='ltr'><strong>qnam</strong></span> <span class='ocrx_word' id='word_1_27' title='bbox 686 759 888 840; x_wconf 80' lang='lat' dir='ltr'>obloquatur,</span> <span class='ocrx_word' id='word_1_28' title='bbox 913 759 1159 838; x_wconf 89' lang='lat' dir='ltr'><strong>necquidquam</strong></span> <span class='ocrx_word' id='word_1_29' title='bbox 1182 767 1309 838; x_wconf 90' lang='lat' dir='ltr'><strong>statuat,</strong></span> <span class='ocrx_word' id='word_1_30' title='bbox 1364 771 1471 820; x_wconf 89' lang='lat' dir='ltr'><strong>secum</strong></span> <span class='ocrx_word' id='word_1_31' title='bbox 1502 757 1622 823; x_wconf 88' lang='lat' dir='ltr'><strong>tulisset</strong></span> <span class='ocrx_word' id='word_1_32' title='bbox 1649 776 1683 823; x_wconf 92' lang='lat' dir='ltr'><strong>ac</strong></span> <span class='ocrx_word' id='word_1_33' title='bbox 1710 761 1906 838; x_wconf 67' lang='lat' dir='ltr'><strong>scandalum</strong></span> <span class='ocrx_word' id='word_1_34' title='bbox 1938 761 2109 842; x_wconf 91' lang='lat' dir='ltr'><strong>eodemque</strong></span> 
     </span>
     <span class='ocr_line' id='line_1_4' title="bbox 562 847 2110 934; baseline 0 -16"><span class='ocrx_word' id='word_1_35' title='bbox 562 872 693 934; x_wconf 89' lang='lat' dir='ltr'><strong>remque</strong></span> <span class='ocrx_word' id='word_1_36' title='bbox 714 857 754 917; x_wconf 90' lang='lat' dir='ltr'><strong>ita</strong></span> <span class='ocrx_word' id='word_1_37' title='bbox 777 853 905 931; x_wconf 80' lang='lat' dir='ltr'>transigi</span> <span class='ocrx_word' id='word_1_38' title='bbox 925 853 1017 930; x_wconf 88' lang='lat' dir='ltr'><strong>sinat;</strong></span> <span class='ocrx_word' id='word_1_39' title='bbox 1040 852 1125 916; x_wconf 91' lang='lat' dir='ltr'><strong>loeus</strong></span> <span class='ocrx_word' id='word_1_40' title='bbox 1147 854 1182 916; x_wconf 89' lang='lat' dir='ltr'><strong>tit</strong></span> <span class='ocrx_word' id='word_1_41' title='bbox 1203 855 1310 918; x_wconf 88' lang='lat' dir='ltr'><strong>tacitae</strong></span> <span class='ocrx_word' id='word_1_42' title='bbox 1365 847 1465 912; x_wconf 76' lang='lat' dir='ltr'><strong>ferme</strong></span> <span class='ocrx_word' id='word_1_43' title='bbox 1485 853 1577 916; x_wconf 86' lang='lat' dir='ltr'><strong>modo</strong></span> <span class='ocrx_word' id='word_1_44' title='bbox 1598 853 1740 916; x_wconf 88' lang='lat' dir='ltr'><strong>obtinere</strong></span> <span class='ocrx_word' id='word_1_45' title='bbox 1751 853 1811 918; x_wconf 90' lang='lat' dir='ltr'><strong>dici</strong></span> <span class='ocrx_word' id='word_1_46' title='bbox 1832 860 1944 933; x_wconf 90' lang='lat' dir='ltr'><strong>potest,</strong></span> <span class='ocrx_word' id='word_1_47' title='bbox 1966 857 2047 934; x_wconf 91' lang='lat' dir='ltr'><strong>quod</strong></span> <span class='ocrx_word' id='word_1_48' title='bbox 2062 872 2110 919; x_wconf 89' lang='lat' dir='ltr'><strong>re·</strong></span> 
     </span>
     <span class='ocr_line' id='line_1_5' title="bbox 562 941 2110 1028; baseline -0.002 -14"><span class='ocrx_word' id='word_1_49' title='bbox 562 947 1311 1028; x_wconf 86' lang='lat' dir='ltr'><strong>cuidamdispensationi,quaetutamellicitcon·</strong></span> <span class='ocrx_word' id='word_1_50' title='bbox 1365 941 1462 1007; x_wconf 90' lang='lat' dir='ltr'><strong>latum</strong></span> <span class='ocrx_word' id='word_1_51' title='bbox 1485 951 1531 1008; x_wconf 90' lang='lat' dir='ltr'><strong>est</strong></span> <span class='ocrx_word' id='word_1_52' title='bbox 1546 946 1585 1008; x_wconf 90' lang='lat' dir='ltr'><strong>de</strong></span> <span class='ocrx_word' id='word_1_53' title='bbox 1605 962 1654 1024; x_wconf 91' lang='lat' dir='ltr'><strong>eo,</strong></span> <span class='ocrx_word' id='word_1_54' title='bbox 1670 949 1725 1028; x_wconf 93' lang='lat' dir='ltr'><strong>qui</strong></span> <span class='ocrx_word' id='word_1_55' title='bbox 1746 957 1837 1012; x_wconf 86' lang='lat' dir='ltr'><strong>nocte</strong></span> <span class='ocrx_word' id='word_1_56' title='bbox 1859 947 1974 1012; x_wconf 89' lang='lat' dir='ltr'><strong>Natalis</strong></span> <span class='ocrx_word' id='word_1_57' title='bbox 1988 949 2110 1012; x_wconf 85' lang='lat' dir='ltr'><strong>Domini</strong></span> 
     </span>
     <span class='ocr_line' id='line_1_6' title="bbox 562 1038 2111 1120; baseline 0 -14"><span class='ocrx_word' id='word_1_58' title='bbox 562 1043 722 1106; x_wconf 90' lang='lat' dir='ltr'><strong>scientiam</strong></span> <span class='ocrx_word' id='word_1_59' title='bbox 744 1041 821 1116; x_wconf 75' lang='lat' dir='ltr'><strong>ciue,</strong></span> <span class='ocrx_word' id='word_1_60' title='bbox 842 1041 896 1119; x_wconf 90' lang='lat' dir='ltr'><strong>qni</strong></span> <span class='ocrx_word' id='word_1_61' title='bbox 917 1056 951 1102; x_wconf 87' lang='lat' dir='ltr'><strong>ea</strong></span> <span class='ocrx_word' id='word_1_62' title='bbox 973 1047 1064 1103; x_wconf 89' lang='lat' dir='ltr'><strong>nocte</strong></span> <span class='ocrx_word' id='word_1_63' title='bbox 1086 1039 1210 1102; x_wconf 90' lang='lat' dir='ltr'><strong>missam</strong></span> <span class='ocrx_word' id='word_1_64' title='bbox 1232 1041 1310 1104; x_wconf 88' lang='lat' dir='ltr'><strong>cele·</strong></span> <span class='ocrx_word' id='word_1_65' title='bbox 1366 1038 1398 1100; x_wconf 91' lang='lat' dir='ltr'><strong>in</strong></span> <span class='ocrx_word' id='word_1_66' title='bbox 1416 1039 1573 1118; x_wconf 80' lang='lat' dir='ltr'><strong>pontificio</strong></span> <span class='ocrx_word' id='word_1_67' title='bbox 1593 1042 1703 1105; x_wconf 87' lang='lat' dir='ltr'><strong>sacello</strong></span> <span class='ocrx_word' id='word_1_68' title='bbox 1724 1057 1845 1106; x_wconf 88' lang='lat' dir='ltr'><strong>sacrum</strong></span> <span class='ocrx_word' id='word_1_69' title='bbox 1865 1041 1953 1120; x_wconf 86' lang='lat' dir='ltr'><strong>iacit;</strong></span> <span class='ocrx_word' id='word_1_70' title='bbox 1976 1059 2047 1107; x_wconf 90' lang='lat' dir='ltr'><strong>cum</strong></span> <span class='ocrx_word' id='word_1_71' title='bbox 2063 1045 2111 1106; x_wconf 91' lang='lat' dir='ltr'><strong>ni·</strong></span> 
     </span>
     <span class='ocr_line' id='line_1_7' title="bbox 563 1132 2111 1215; baseline 0 -17"><span class='ocrx_word' id='word_1_72' title='bbox 563 1135 631 1201; x_wconf 88' lang='lat' dir='ltr'><strong>brat</strong></span> <span class='ocrx_word' id='word_1_73' title='bbox 645 1151 709 1198; x_wconf 93' lang='lat' dir='ltr'><strong>non</strong></span> <span class='ocrx_word' id='word_1_74' title='bbox 725 1134 866 1212; x_wconf 79' lang='lat' dir='ltr'><strong>ieiunus3</strong></span> <span class='ocrx_word' id='word_1_75' title='bbox 889 1133 934 1196; x_wconf 93' lang='lat' dir='ltr'><strong>uti</strong></span> <span class='ocrx_word' id='word_1_76' title='bbox 949 1151 965 1196; x_wconf 93' lang='lat' dir='ltr'><strong>a</strong></span> <span class='ocrx_word' id='word_1_77' title='bbox 980 1133 1069 1197; x_wconf 91' lang='lat' dir='ltr'><strong>nohis</strong></span> <span class='ocrx_word' id='word_1_78' title='bbox 1090 1132 1149 1196; x_wconf 90' lang='lat' dir='ltr'><strong>luit</strong></span> <span class='ocrx_word' id='word_1_79' title='bbox 1168 1134 1309 1214; x_wconf 92' lang='lat' dir='ltr'><strong>pluribus</strong></span> <span class='ocrx_word' id='word_1_80' title='bbox 1366 1133 1424 1194; x_wconf 87' lang='lat' dir='ltr'><strong>mis</strong></span> <span class='ocrx_word' id='word_1_81' title='bbox 1452 1143 1578 1211; x_wconf 88' lang='lat' dir='ltr'><strong>urgeat,</strong></span> <span class='ocrx_word' id='word_1_82' title='bbox 1610 1151 1650 1198; x_wconf 92' lang='lat' dir='ltr'><strong>ne</strong></span> <span class='ocrx_word' id='word_1_83' title='bbox 1679 1137 1885 1215; x_wconf 82' lang='lat' dir='ltr'><strong>praeiudicata</strong></span> <span class='ocrx_word' id='word_1_84' title='bbox 1913 1145 2003 1201; x_wconf 90' lang='lat' dir='ltr'><strong>nocte</strong></span> <span class='ocrx_word' id='word_1_85' title='bbox 2027 1153 2111 1199; x_wconf 89' lang='lat' dir='ltr'><strong>sacra</strong></span> 
     </span>
     <span class='ocr_line' id='line_1_8' title="bbox 562 1223 2113 1310; baseline 0.001 -17"><span class='ocrx_word' id='word_1_86' title='bbox 562 1232 808 1294; x_wconf 88' lang='lat' dir='ltr'><strong>demonstratum</strong></span> <span class='ocrx_word' id='word_1_87' title='bbox 823 1229 974 1292; x_wconf 92' lang='lat' dir='ltr'><strong>innostro</strong></span> <span class='ocrx_word' id='word_1_88' title='bbox 989 1233 1121 1292; x_wconf 88' lang='lat' dir='ltr'><strong>tractatu</strong></span> <span class='ocrx_word' id='word_1_89' title='bbox 1136 1228 1174 1290; x_wconf 91' lang='lat' dir='ltr'><strong>de</strong></span> <span class='ocrx_word' id='word_1_90' title='bbox 1186 1228 1309 1307; x_wconf 74' lang='lat' dir='ltr'><strong>synodo</strong></span> <span class='ocrx_word' id='word_1_91' title='bbox 1365 1223 1485 1290; x_wconf 85' lang='lat' dir='ltr'><strong>iunctio</strong></span> <span class='ocrx_word' id='word_1_92' title='bbox 1499 1227 1532 1291; x_wconf 92' lang='lat' dir='ltr'><strong>in</strong></span> <span class='ocrx_word' id='word_1_93' title='bbox 1547 1229 1702 1308; x_wconf 88' lang='lat' dir='ltr'><strong>pontilicia</strong></span> <span class='ocrx_word' id='word_1_94' title='bbox 1725 1229 1860 1310; x_wconf 89' lang='lat' dir='ltr'><strong>cappella</strong></span> <span class='ocrx_word' id='word_1_95' title='bbox 1881 1233 2055 1309; x_wconf 90' lang='lat' dir='ltr'><strong>omittatur,</strong></span> <span class='ocrx_word' id='word_1_96' title='bbox 2070 1232 2113 1294; x_wconf 87' lang='lat' dir='ltr'><strong>si-</strong></span> 
     </span>
     <span class='ocr_line' id='line_1_9' title="bbox 562 1319 2112 1405; baseline 0.001 -19"><span class='ocrx_word' id='word_1_97' title='bbox 562 1323 767 1396; x_wconf 83' lang='lat' dir='ltr'><strong>Dioecesono,</strong></span> <span class='ocrx_word' id='word_1_98' title='bbox 790 1337 931 1400; x_wconf 84' lang='lat' dir='ltr'><strong>nuperae</strong></span> <span class='ocrx_word' id='word_1_99' title='bbox 952 1320 1043 1396; x_wconf 80' lang='lat' dir='ltr'><strong>adiu,</strong></span> <span class='ocrx_word' id='word_1_100' title='bbox 1065 1320 1119 1385; x_wconf 88' lang='lat' dir='ltr'><strong>lid.</strong></span> <span class='ocrx_word' id='word_1_101' title='bbox 1137 1327 1172 1396; x_wconf 85' lang='lat'><strong>6,</strong></span> <span class='ocrx_word' id='word_1_102' title='bbox 1188 1338 1256 1401; x_wconf 86' lang='lat' dir='ltr'><strong>cop.</strong></span> <span class='ocrx_word' id='word_1_103' title='bbox 1272 1323 1307 1396; x_wconf 82' lang='lat'><strong>8,</strong></span> <span class='ocrx_word' id='word_1_104' title='bbox 1365 1319 1496 1398; x_wconf 89' lang='lat' dir='ltr'><strong>mulque</strong></span> <span class='ocrx_word' id='word_1_105' title='bbox 1519 1322 1599 1386; x_wconf 90' lang='lat' dir='ltr'><strong>haud</strong></span> <span class='ocrx_word' id='word_1_106' title='bbox 1622 1323 1664 1387; x_wconf 91' lang='lat' dir='ltr'><strong>ita</strong></span> <span class='ocrx_word' id='word_1_107' title='bbox 1692 1321 1780 1388; x_wconf 90' lang='lat' dir='ltr'><strong>iacile</strong></span> <span class='ocrx_word' id='word_1_108' title='bbox 1801 1324 1840 1386; x_wconf 91' lang='lat' dir='ltr'><strong>sit</strong></span> <span class='ocrx_word' id='word_1_109' title='bbox 1861 1325 1965 1389; x_wconf 89' lang='lat' dir='ltr'><strong>adesse</strong></span> <span class='ocrx_word' id='word_1_110' title='bbox 1989 1341 2112 1405; x_wconf 88' lang='lat' dir='ltr'><strong>semper</strong></span> 
     </span>
     <span class='ocr_line' id='line_1_10' title="bbox 563 1411 2077 1482; baseline 0.001 -2"><span class='ocrx_word' id='word_1_111' title='bbox 563 1434 641 1481; x_wconf 88' lang='lat' dir='ltr'><strong>uum</strong></span> <span class='ocrx_word' id='word_1_112' title='bbox 667 1421 710 1482; x_wconf 87' lang='lat'><strong>13</strong></span> <span class='ocrx_word' id='word_1_113' title='bbox 732 1421 925 1478; x_wconf 86' lang='lat' dir='ltr'><strong>etseueut.</strong></span> <span class='ocrx_word' id='word_1_114' title='bbox 1366 1411 1560 1480; x_wconf 84' lang='lat' dir='ltr'><strong>Cardinalem</strong></span> <span class='ocrx_word' id='word_1_115' title='bbox 1606 1419 1637 1482; x_wconf 88' lang='lat' dir='ltr'><strong>ni</strong></span> <span class='ocrx_word' id='word_1_116' title='bbox 1663 1435 1759 1482; x_wconf 94' lang='lat' dir='ltr'><strong>nono</strong></span> <span class='ocrx_word' id='word_1_117' title='bbox 1828 1427 1863 1482; x_wconf 92' lang='lat' dir='ltr'><strong>nt</strong></span> <span class='ocrx_word' id='word_1_118' title='bbox 1946 1438 1994 1482; x_wconf 90' lang='lat' dir='ltr'><strong>ae</strong></span> <span class='ocrx_word' id='word_1_119' title='bbox 2061 1437 2077 1481; x_wconf 93' lang='lat' dir='ltr'><strong>a</strong></span> 
     </span>
     <span class='ocr_line' id='line_1_11' title="bbox 358 1420 2112 1603; baseline 0.001 -29"><span class='ocrx_word' id='word_1_120' title='bbox 358 1515 423 1562; x_wconf 76' lang='lat' dir='ltr'><strong>nuce</strong></span> <span class='ocrx_word' id='word_1_121' title='bbox 439 1524 545 1603; x_wconf 56' lang='lat' dir='ltr'><strong>orooro</strong></span> <span class='ocrx_word' id='word_1_122' title='bbox 603 1517 622 1592; x_wconf 61' lang='grc' dir='ltr'><strong>ἓ</strong></span> <span class='ocrx_word' id='word_1_123' title='bbox 646 1513 693 1576; x_wconf 88' lang='lat' dir='ltr'><strong>ill.</strong></span> <span class='ocrx_word' id='word_1_124' title='bbox 717 1434 866 1590; x_wconf 59' lang='lat' dir='ltr'><strong>arenga</strong></span> <span class='ocrx_word' id='word_1_125' title='bbox 888 1511 1002 1574; x_wconf 75' lang='lat' dir='ltr'><strong>isthaec</strong></span> <span class='ocrx_word' id='word_1_126' title='bbox 1024 1511 1160 1590; x_wconf 90' lang='lat' dir='ltr'><strong>prolecto</strong></span> <span class='ocrx_word' id='word_1_127' title='bbox 1184 1515 1309 1593; x_wconf 88' lang='lat' dir='ltr'><strong>propius</strong></span> <span class='ocrx_word' id='word_1_128' title='bbox 1365 1507 1550 1589; x_wconf 86' lang='lat' dir='ltr'><strong>plerumque</strong></span> <span class='ocrx_word' id='word_1_129' title='bbox 1563 1433 1662 1590; x_wconf 60' lang='lat' dir='ltr'><strong>agunt</strong></span> <span class='ocrx_word' id='word_1_130' title='bbox 1682 1420 1835 1592; x_wconf 51' lang='lat' dir='ltr'><strong>praegsctaa</strong></span> <span class='ocrx_word' id='word_1_131' title='bbox 1850 1428 2005 1593; x_wconf 40' lang='lat' dir='ltr'><strong>dignitate,</strong></span> <span class='ocrx_word' id='word_1_132' title='bbox 2018 1437 2112 1579; x_wconf 41' lang='grc' dir='ltr'><strong>ἱ(111ιέιὲ</strong></span> 
     </span>
     <span class='ocr_line' id='line_1_12' title="bbox 301 1569 2111 1694; baseline 0.002 -26"><span class='ocrx_word' id='word_1_133' title='bbox 301 1679 303 1686; x_wconf 18' lang='grc' dir='ltr'><strong><em>Α</em></strong></span> <span class='ocrx_word' id='word_1_134' title='bbox 331 1569 545 1680; x_wconf 54' lang='grc' dir='ltr'><strong>ἓῖιῗοῖῧῗιᾞιιᾞο</strong></span> <span class='ocrx_word' id='word_1_135' title='bbox 564 1609 599 1672; x_wconf 92' lang='lat' dir='ltr'><strong>ad</strong></span> <span class='ocrx_word' id='word_1_136' title='bbox 620 1623 723 1671; x_wconf 88' lang='lat' dir='ltr'><strong>casum</strong></span> <span class='ocrx_word' id='word_1_137' title='bbox 739 1616 883 1668; x_wconf 92' lang='lat' dir='ltr'><strong>nostrum</strong></span> <span class='ocrx_word' id='word_1_138' title='bbox 905 1607 1064 1681; x_wconf 88' lang='lat' dir='ltr'><strong>accedunt,</strong></span> <span class='ocrx_word' id='word_1_139' title='bbox 1081 1622 1174 1684; x_wconf 91' lang='lat' dir='ltr'><strong>quam</strong></span> <span class='ocrx_word' id='word_1_140' title='bbox 1189 1614 1308 1670; x_wconf 90' lang='lat' dir='ltr'><strong>caetera</strong></span> <span class='ocrx_word' id='word_1_141' title='bbox 1366 1604 1435 1680; x_wconf 89' lang='lat' dir='ltr'><strong>rati,</strong></span> <span class='ocrx_word' id='word_1_142' title='bbox 1468 1611 1578 1683; x_wconf 91' lang='lat' dir='ltr'><strong>potens</strong></span> <span class='ocrx_word' id='word_1_143' title='bbox 1597 1607 1637 1668; x_wconf 92' lang='lat' dir='ltr'><strong>sit</strong></span> <span class='ocrx_word' id='word_1_144' title='bbox 1658 1608 1836 1686; x_wconf 77' lang='lat' dir='ltr'>protrahere</span> <span class='ocrx_word' id='word_1_145' title='bbox 1864 1608 2006 1672; x_wconf 90' lang='lat' dir='ltr'><strong>naturale</strong></span> <span class='ocrx_word' id='word_1_146' title='bbox 2034 1609 2111 1694; x_wconf 87' lang='lat' dir='ltr'><strong>ieiu-</strong></span> 
     </span>
     <span class='ocr_line' id='line_1_13' title="bbox 331 1677 2110 1782; baseline -0.001 -17"><span class='ocrx_word' id='word_1_147' title='bbox 331 1677 527 1726; x_wconf 54' lang='lat' dir='ltr'><strong>⁰⁰⁰¹⁰⁰⁸ts²²¹¹⁵</strong></span> <span class='ocrx_word' id='word_1_148' title='bbox 562 1701 705 1782; x_wconf 90' lang='lat' dir='ltr'><strong>superius</strong></span> <span class='ocrx_word' id='word_1_149' title='bbox 717 1700 826 1777; x_wconf 79' lang='lat' dir='ltr'><strong>relata3</strong></span> <span class='ocrx_word' id='word_1_150' title='bbox 842 1715 953 1762; x_wconf 88' lang='lat' dir='ltr'><strong>rernm</strong></span> <span class='ocrx_word' id='word_1_151' title='bbox 965 1715 1023 1762; x_wconf 90' lang='lat' dir='ltr'><strong>nec</strong></span> <span class='ocrx_word' id='word_1_152' title='bbox 1037 1699 1128 1778; x_wconf 90' lang='lat' dir='ltr'><strong>plane</strong></span> <span class='ocrx_word' id='word_1_153' title='bbox 1142 1717 1210 1762; x_wconf 90' lang='lat' dir='ltr'><strong>rem</strong></span> <span class='ocrx_word' id='word_1_154' title='bbox 1223 1717 1309 1780; x_wconf 91' lang='lat' dir='ltr'><strong>prae·</strong></span> <span class='ocrx_word' id='word_1_155' title='bbox 1365 1697 1484 1760; x_wconf 88' lang='lat' dir='ltr'><strong>niume</strong></span> <span class='ocrx_word' id='word_1_156' title='bbox 1502 1700 1603 1763; x_wconf 91' lang='lat' dir='ltr'><strong>media</strong></span> <span class='ocrx_word' id='word_1_157' title='bbox 1624 1707 1715 1764; x_wconf 88' lang='lat' dir='ltr'><strong>nocte</strong></span> <span class='ocrx_word' id='word_1_158' title='bbox 1730 1703 1891 1782; x_wconf 86' lang='lat' dir='ltr'><strong>superiore</strong></span> <span class='ocrx_word' id='word_1_159' title='bbox 1911 1705 1947 1766; x_wconf 92' lang='lat' dir='ltr'><strong>ad</strong></span> <span class='ocrx_word' id='word_1_160' title='bbox 1969 1703 2110 1779; x_wconf 89' lang='lat' dir='ltr'><strong>alteram,</strong></span> 
     </span>
     <span class='ocr_line' id='line_1_14' title="bbox 562 1791 2110 1872; baseline -0.001 -14"><span class='ocrx_word' id='word_1_161' title='bbox 562 1804 686 1861; x_wconf 89' lang='lat' dir='ltr'><strong>sentem</strong></span> <span class='ocrx_word' id='word_1_162' title='bbox 700 1795 876 1872; x_wconf 86' lang='lat' dir='ltr'><strong>attingunt:</strong></span> <span class='ocrx_word' id='word_1_163' title='bbox 901 1809 974 1856; x_wconf 90' lang='lat' dir='ltr'><strong>cum</strong></span> <span class='ocrx_word' id='word_1_164' title='bbox 988 1809 1072 1857; x_wconf 91' lang='lat' dir='ltr'><strong>nunc</strong></span> <span class='ocrx_word' id='word_1_165' title='bbox 1087 1793 1256 1858; x_wconf 88' lang='lat' dir='ltr'><strong>disseratur</strong></span> <span class='ocrx_word' id='word_1_166' title='bbox 1271 1796 1309 1858; x_wconf 91' lang='lat' dir='ltr'><strong>de</strong></span> <span class='ocrx_word' id='word_1_167' title='bbox 1365 1791 1397 1854; x_wconf 93' lang='lat' dir='ltr'><strong>in</strong></span> <span class='ocrx_word' id='word_1_168' title='bbox 1419 1808 1478 1870; x_wconf 91' lang='lat' dir='ltr'><strong>qua</strong></span> <span class='ocrx_word' id='word_1_169' title='bbox 1499 1791 1640 1856; x_wconf 88' lang='lat' dir='ltr'><strong>solemne</strong></span> <span class='ocrx_word' id='word_1_170' title='bbox 1665 1794 1746 1857; x_wconf 90' lang='lat' dir='ltr'><strong>intra</strong></span> <span class='ocrx_word' id='word_1_171' title='bbox 1769 1805 1977 1859; x_wconf 89' lang='lat' dir='ltr'><strong>memoratum</strong></span> <span class='ocrx_word' id='word_1_172' title='bbox 2009 1795 2110 1860; x_wconf 88' lang='lat' dir='ltr'><strong>Sacel-</strong></span> 
     </span>
     <span class='ocr_line' id='line_1_15' title="bbox 562 1886 2111 1969; baseline 0 -15"><span class='ocrx_word' id='word_1_173' title='bbox 562 1908 663 1955; x_wconf 90' lang='lat' dir='ltr'><strong>sacrae</strong></span> <span class='ocrx_word' id='word_1_174' title='bbox 680 1889 917 1954; x_wconf 78' lang='lat' dir='ltr'><strong>communionis</strong></span> <span class='ocrx_word' id='word_1_175' title='bbox 933 1887 1177 1969; x_wconf 79' lang='lat' dir='ltr'><strong>participatione,</strong></span> <span class='ocrx_word' id='word_1_176' title='bbox 1193 1905 1232 1951; x_wconf 81' lang='lat' dir='ltr'><strong>ex</strong></span> <span class='ocrx_word' id='word_1_177' title='bbox 1246 1889 1309 1951; x_wconf 89' lang='lat' dir='ltr'><strong>sin·</strong></span> <span class='ocrx_word' id='word_1_178' title='bbox 1364 1886 1431 1949; x_wconf 89' lang='lat' dir='ltr'><strong>lum</strong></span> <span class='ocrx_word' id='word_1_179' title='bbox 1452 1887 1543 1950; x_wconf 87' lang='lat' dir='ltr'><strong>oilert</strong></span> <span class='ocrx_word' id='word_1_180' title='bbox 1557 1888 1752 1952; x_wconf 76' lang='lat' dir='ltr'><strong>sacrificium.</strong></span> <span class='ocrx_word' id='word_1_181' title='bbox 1776 1889 1901 1953; x_wconf 74' lang='lat' dir='ltr'><strong>Accedit</strong></span> <span class='ocrx_word' id='word_1_182' title='bbox 1923 1889 2061 1969; x_wconf 90' lang='lat' dir='ltr'><strong>insuper,</strong></span> <span class='ocrx_word' id='word_1_183' title='bbox 2078 1891 2111 1954; x_wconf 93' lang='lat' dir='ltr'><strong>in</strong></span> 
     </span>
     <span class='ocr_line' id='line_1_16' title="bbox 563 1981 2113 2065; baseline 0 -17"><span class='ocrx_word' id='word_1_184' title='bbox 563 1986 662 2065; x_wconf 92' lang='lat' dir='ltr'><strong>gulari</strong></span> <span class='ocrx_word' id='word_1_185' title='bbox 690 1985 842 2062; x_wconf 86' lang='lat' dir='ltr'><strong>religione</strong></span> <span class='ocrx_word' id='word_1_186' title='bbox 862 2001 895 2046; x_wconf 92' lang='lat' dir='ltr'><strong>ac</strong></span> <span class='ocrx_word' id='word_1_187' title='bbox 917 1983 1030 2062; x_wconf 87' lang='lat' dir='ltr'><strong>pietate</strong></span> <span class='ocrx_word' id='word_1_188' title='bbox 1058 1991 1216 2062; x_wconf 79' lang='lat' dir='ltr'><strong>exoptata3</strong></span> <span class='ocrx_word' id='word_1_189' title='bbox 1240 2000 1310 2062; x_wconf 92' lang='lat' dir='ltr'><strong>pro·</strong></span> <span class='ocrx_word' id='word_1_190' title='bbox 1364 1981 1485 2058; x_wconf 80' lang='lat' dir='ltr'><strong>praxim</strong></span> <span class='ocrx_word' id='word_1_191' title='bbox 1506 1983 1633 2045; x_wconf 93' lang='lat' dir='ltr'><strong>omnino</strong></span> <span class='ocrx_word' id='word_1_192' title='bbox 1654 1983 1760 2047; x_wconf 92' lang='lat' dir='ltr'><strong>induci</strong></span> <span class='ocrx_word' id='word_1_193' title='bbox 1783 1999 1847 2046; x_wconf 94' lang='lat' dir='ltr'><strong>non</strong></span> <span class='ocrx_word' id='word_1_194' title='bbox 1868 2000 1966 2064; x_wconf 89' lang='lat' dir='ltr'><strong>posse,</strong></span> <span class='ocrx_word' id='word_1_195' title='bbox 1983 1992 2030 2058; x_wconf 92' lang='lat' dir='ltr'><strong>ut,</strong></span> <span class='ocrx_word' id='word_1_196' title='bbox 2045 2001 2113 2048; x_wconf 90' lang='lat' dir='ltr'><strong>me·</strong></span> 
     </span>
     <span class='ocr_line' id='line_1_17' title="bbox 562 2075 2113 2156; baseline -0.002 -14"><span class='ocrx_word' id='word_1_197' title='bbox 562 2079 647 2142; x_wconf 83' lang='lat' dir='ltr'><strong>xime</strong></span> <span class='ocrx_word' id='word_1_198' title='bbox 675 2088 780 2141; x_wconf 89' lang='lat' dir='ltr'><strong>autem</strong></span> <span class='ocrx_word' id='word_1_199' title='bbox 813 2077 941 2140; x_wconf 89' lang='lat' dir='ltr'><strong>indicata</strong></span> <span class='ocrx_word' id='word_1_200' title='bbox 973 2075 1113 2156; x_wconf 80' lang='lat' dir='ltr'><strong>exempla</strong></span> <span class='ocrx_word' id='word_1_201' title='bbox 1143 2083 1309 2139; x_wconf 86' lang='lat' dir='ltr'><strong>versentur</strong></span> <span class='ocrx_word' id='word_1_202' title='bbox 1363 2075 1412 2136; x_wconf 91' lang='lat' dir='ltr'><strong>dia</strong></span> <span class='ocrx_word' id='word_1_203' title='bbox 1433 2083 1525 2138; x_wconf 91' lang='lat' dir='ltr'><strong>nocte</strong></span> <span class='ocrx_word' id='word_1_204' title='bbox 1555 2083 1724 2153; x_wconf 87' lang='lat' dir='ltr'><strong>transacta,</strong></span> <span class='ocrx_word' id='word_1_205' title='bbox 1747 2078 1955 2141; x_wconf 87' lang='lat' dir='ltr'><strong>constituatur</strong></span> <span class='ocrx_word' id='word_1_206' title='bbox 1982 2077 2113 2140; x_wconf 88' lang='lat' dir='ltr'><strong>initium</strong></span> 
     </span>
     <span class='ocr_line' id='line_1_18' title="bbox 562 2169 2114 2250; baseline -0.001 -16"><span class='ocrx_word' id='word_1_207' title='bbox 562 2173 639 2235; x_wconf 89' lang='lat' dir='ltr'><strong>circa</strong></span> <span class='ocrx_word' id='word_1_208' title='bbox 667 2171 778 2234; x_wconf 86' lang='lat' dir='ltr'><strong>missae</strong></span> <span class='ocrx_word' id='word_1_209' title='bbox 805 2169 1046 2232; x_wconf 85' lang='lat' dir='ltr'><strong>celebrationem</strong></span> <span class='ocrx_word' id='word_1_210' title='bbox 1077 2169 1127 2232; x_wconf 85' lang='lat' dir='ltr'><strong>nel</strong></span> <span class='ocrx_word' id='word_1_211' title='bbox 1158 2170 1307 2248; x_wconf 83' lang='lat' dir='ltr'><strong>sumptio</strong></span> <span class='ocrx_word' id='word_1_212' title='bbox 1365 2169 1485 2245; x_wconf 88' lang='lat' dir='ltr'><strong>missae,</strong></span> <span class='ocrx_word' id='word_1_213' title='bbox 1509 2171 1584 2234; x_wconf 90' lang='lat' dir='ltr'><strong>dom</strong></span> <span class='ocrx_word' id='word_1_214' title='bbox 1598 2169 1656 2250; x_wconf 94' lang='lat' dir='ltr'><strong>ipsi</strong></span> <span class='ocrx_word' id='word_1_215' title='bbox 1672 2170 1829 2234; x_wconf 90' lang='lat' dir='ltr'><strong>intersunt</strong></span> <span class='ocrx_word' id='word_1_216' title='bbox 1851 2171 2038 2247; x_wconf 84' lang='lat' dir='ltr'><strong>Cardinales,</strong></span> <span class='ocrx_word' id='word_1_217' title='bbox 2054 2173 2114 2234; x_wconf 82' lang='lat' dir='ltr'><strong>hr-</strong></span> 
     </span>
     <span class='ocr_line' id='line_1_19' title="bbox 562 2261 2111 2344; baseline -0.001 -15"><span class='ocrx_word' id='word_1_218' title='bbox 562 2282 635 2329; x_wconf 91' lang='lat' dir='ltr'><strong>nem</strong></span> <span class='ocrx_word' id='word_1_219' title='bbox 651 2263 871 2339; x_wconf 85' lang='lat' dir='ltr'><strong>Eucharistiae,</strong></span> <span class='ocrx_word' id='word_1_220' title='bbox 884 2262 1110 2342; x_wconf 90' lang='lat' dir='ltr'><strong>quodammodo</strong></span> <span class='ocrx_word' id='word_1_221' title='bbox 1125 2261 1309 2326; x_wconf 88' lang='lat' dir='ltr'><strong>necessarias</strong></span> <span class='ocrx_word' id='word_1_222' title='bbox 1363 2261 1546 2342; x_wconf 89' lang='lat' dir='ltr'><strong>ohiepiscopi</strong></span> <span class='ocrx_word' id='word_1_223' title='bbox 1568 2270 1598 2325; x_wconf 92' lang='lat' dir='ltr'><strong>et</strong></span> <span class='ocrx_word' id='word_1_224' title='bbox 1624 2263 1775 2343; x_wconf 81' lang='lat' dir='ltr'><strong>Episcopi,</strong></span> <span class='ocrx_word' id='word_1_225' title='bbox 1799 2265 1852 2343; x_wconf 93' lang='lat' dir='ltr'><strong>qui</strong></span> <span class='ocrx_word' id='word_1_226' title='bbox 1874 2274 2026 2344; x_wconf 86' lang='lat' dir='ltr'><strong>sequente</strong></span> <span class='ocrx_word' id='word_1_227' title='bbox 2047 2266 2111 2342; x_wconf 90' lang='lat' dir='ltr'><strong>die,</strong></span> 
     </span>
     <span class='ocr_line' id='line_1_20' title="bbox 561 2355 2113 2438; baseline 0 -16"><span class='ocrx_word' id='word_1_228' title='bbox 561 2365 592 2422; x_wconf 88' lang='lat' dir='ltr'><strong>et</strong></span> <span class='ocrx_word' id='word_1_229' title='bbox 613 2374 691 2438; x_wconf 91' lang='lat' dir='ltr'><strong>quae</strong></span> <span class='ocrx_word' id='word_1_230' title='bbox 711 2357 946 2437; x_wconf 89' lang='lat' dir='ltr'><strong>praetermissae</strong></span> <span class='ocrx_word' id='word_1_231' title='bbox 959 2356 1195 2420; x_wconf 85' lang='lat' dir='ltr'><strong>admirationem</strong></span> <span class='ocrx_word' id='word_1_232' title='bbox 1217 2357 1308 2420; x_wconf 91' lang='lat' dir='ltr'><strong>indu·</strong></span> <span class='ocrx_word' id='word_1_233' title='bbox 1364 2355 1500 2434; x_wconf 86' lang='lat' dir='ltr'><strong>horaque</strong></span> <span class='ocrx_word' id='word_1_234' title='bbox 1522 2372 1671 2434; x_wconf 90' lang='lat' dir='ltr'><strong>congrua,</strong></span> <span class='ocrx_word' id='word_1_235' title='bbox 1686 2355 1724 2418; x_wconf 89' lang='lat' dir='ltr'><strong>ad</strong></span> <span class='ocrx_word' id='word_1_236' title='bbox 1746 2357 1878 2438; x_wconf 90' lang='lat' dir='ltr'><strong>reliquas</strong></span> <span class='ocrx_word' id='word_1_237' title='bbox 1899 2359 2049 2438; x_wconf 85' lang='lat' dir='ltr'><strong>pontificii</strong></span> <span class='ocrx_word' id='word_1_238' title='bbox 2065 2377 2113 2422; x_wconf 88' lang='lat' dir='ltr'><strong>sa·</strong></span> 
     </span>
     <span class='ocr_line' id='line_1_21' title="bbox 560 2447 2113 2531; baseline -0.001 -15"><span class='ocrx_word' id='word_1_239' title='bbox 560 2455 691 2529; x_wconf 72' lang='lat' dir='ltr'><strong>sissent,</strong></span> <span class='ocrx_word' id='word_1_240' title='bbox 707 2452 757 2515; x_wconf 86' lang='lat' dir='ltr'><strong>rel</strong></span> <span class='ocrx_word' id='word_1_241' title='bbox 773 2453 866 2514; x_wconf 91' lang='lat' dir='ltr'><strong>etiam</strong></span> <span class='ocrx_word' id='word_1_242' title='bbox 878 2451 1095 2514; x_wconf 77' lang='lat' dir='ltr'><strong>offensionem.</strong></span> <span class='ocrx_word' id='word_1_243' title='bbox 1118 2449 1307 2514; x_wconf 82' lang='lat' dir='ltr'><strong>Facultatem</strong></span> <span class='ocrx_word' id='word_1_244' title='bbox 1364 2447 1433 2510; x_wconf 90' lang='lat' dir='ltr'><strong>oelli</strong></span> <span class='ocrx_word' id='word_1_245' title='bbox 1455 2448 1629 2512; x_wconf 79' lang='lat' dir='ltr'><strong>functiones</strong></span> <span class='ocrx_word' id='word_1_246' title='bbox 1651 2450 1753 2512; x_wconf 89' lang='lat' dir='ltr'><strong>redire</strong></span> <span class='ocrx_word' id='word_1_247' title='bbox 1772 2448 1898 2527; x_wconf 90' lang='lat' dir='ltr'><strong>debent,</strong></span> <span class='ocrx_word' id='word_1_248' title='bbox 1914 2453 1997 2530; x_wconf 91' lang='lat' dir='ltr'><strong>quod</strong></span> <span class='ocrx_word' id='word_1_249' title='bbox 2017 2467 2113 2531; x_wconf 89' lang='lat' dir='ltr'><strong>porro</strong></span> 
     </span>
     <span class='ocr_line' id='line_1_22' title="bbox 560 2541 2112 2626; baseline -0.004 -14"><span class='ocrx_word' id='word_1_250' title='bbox 560 2547 633 2612; x_wconf 88' lang='lat' dir='ltr'><strong>iecit</strong></span> <span class='ocrx_word' id='word_1_251' title='bbox 653 2548 725 2610; x_wconf 86' lang='lat' dir='ltr'><strong>Pius</strong></span> <span class='ocrx_word' id='word_1_252' title='bbox 745 2545 810 2622; x_wconf 80' lang='lat' dir='ltr'><strong>itt,</strong></span> <span class='ocrx_word' id='word_1_253' title='bbox 834 2547 879 2609; x_wconf 91' lang='lat' dir='ltr'><strong>uti</strong></span> <span class='ocrx_word' id='word_1_254' title='bbox 901 2555 1115 2626; x_wconf 90' lang='lat' dir='ltr'><strong>praenotatum</strong></span> <span class='ocrx_word' id='word_1_255' title='bbox 1136 2553 1193 2622; x_wconf 88' lang='lat' dir='ltr'><strong>est,</strong></span> <span class='ocrx_word' id='word_1_256' title='bbox 1209 2546 1309 2609; x_wconf 88' lang='lat' dir='ltr'><strong>india·</strong></span> <span class='ocrx_word' id='word_1_257' title='bbox 1364 2557 1427 2604; x_wconf 94' lang='lat' dir='ltr'><strong>non</strong></span> <span class='ocrx_word' id='word_1_258' title='bbox 1461 2548 1633 2618; x_wconf 89' lang='lat' dir='ltr'><strong>praestant,</strong></span> <span class='ocrx_word' id='word_1_259' title='bbox 1657 2541 1717 2604; x_wconf 92' lang='lat' dir='ltr'><strong>nisi</strong></span> <span class='ocrx_word' id='word_1_260' title='bbox 1738 2542 1817 2605; x_wconf 87' lang='lat' dir='ltr'><strong>lecto</strong></span> <span class='ocrx_word' id='word_1_261' title='bbox 1839 2543 1900 2604; x_wconf 89' lang='lat' dir='ltr'><strong>iarn</strong></span> <span class='ocrx_word' id='word_1_262' title='bbox 1927 2544 2055 2622; x_wconf 86' lang='lat' dir='ltr'><strong>privatis</strong></span> <span class='ocrx_word' id='word_1_263' title='bbox 2077 2543 2112 2606; x_wconf 92' lang='lat' dir='ltr'><strong>in</strong></span> 
     </span>
     <span class='ocr_line' id='line_1_23' title="bbox 561 2634 2109 2716; baseline 0.003 -12"><span class='ocrx_word' id='word_1_264' title='bbox 561 2657 631 2704; x_wconf 89' lang='lat' dir='ltr'><strong>rum</strong></span> <span class='ocrx_word' id='word_1_265' title='bbox 647 2641 855 2704; x_wconf 89' lang='lat' dir='ltr'><strong>sacerdotibus</strong></span> <span class='ocrx_word' id='word_1_266' title='bbox 871 2640 1047 2703; x_wconf 88' lang='lat' dir='ltr'><strong>celebrandi</strong></span> <span class='ocrx_word' id='word_1_267' title='bbox 1068 2641 1308 2706; x_wconf 86' lang='lat' dir='ltr'><strong>missamadhuc</strong></span> <span class='ocrx_word' id='word_1_268' title='bbox 1363 2634 1480 2698; x_wconf 68' lang='lat' dir='ltr'><strong>sacellis</strong></span> <span class='ocrx_word' id='word_1_269' title='bbox 1513 2635 1595 2710; x_wconf 66' lang='lat'><strong>³⁰1⁸.</strong></span> <span class='ocrx_word' id='word_1_270' title='bbox 1628 2635 1791 2714; x_wconf 72' lang='lat' dir='ltr'><strong>⁰bl³i0q1¹0</strong></span> <span class='ocrx_word' id='word_1_271' title='bbox 1825 2637 1909 2698; x_wconf 76' lang='lat' dir='ltr'><strong>trino</strong></span> <span class='ocrx_word' id='word_1_272' title='bbox 1939 2638 2109 2716; x_wconf 73' lang='lat' dir='ltr'><strong>sacrificio,</strong></span> 
     </span>
     <span class='ocr_line' id='line_1_24' title="bbox 537 2726 2112 2815; baseline -0.004 -17"><span class='ocrx_word' id='word_1_273' title='bbox 537 2726 653 2800; x_wconf 85' lang='lat' dir='ltr'><strong>&#39;etiam</strong></span> <span class='ocrx_word' id='word_1_274' title='bbox 675 2743 742 2815; x_wconf 91' lang='lat' dir='ltr'><strong>post</strong></span> <span class='ocrx_word' id='word_1_275' title='bbox 767 2741 941 2815; x_wconf 90' lang='lat' dir='ltr'><strong>sumptum,</strong></span> <span class='ocrx_word' id='word_1_276' title='bbox 974 2735 1098 2797; x_wconf 85' lang='lat' dir='ltr'><strong>evoluta</strong></span> <span class='ocrx_word' id='word_1_277' title='bbox 1123 2735 1185 2798; x_wconf 90' lang='lat' dir='ltr'><strong>iam</strong></span> <span class='ocrx_word' id='word_1_278' title='bbox 1207 2737 1307 2800; x_wconf 90' lang='lat' dir='ltr'><strong>media</strong></span> <span class='ocrx_word' id='word_1_279' title='bbox 1363 2729 1662 2809; x_wconf 88' lang='lat' dir='ltr'><strong>quemadmoduma</strong></span> <span class='ocrx_word' id='word_1_280' title='bbox 1691 2729 1779 2792; x_wconf 91' lang='lat' dir='ltr'><strong>nobis</strong></span> <span class='ocrx_word' id='word_1_281' title='bbox 1807 2731 1898 2794; x_wconf 92' lang='lat' dir='ltr'><strong>latius</strong></span> <span class='ocrx_word' id='word_1_282' title='bbox 1928 2739 2112 2794; x_wconf 88' lang='lat' dir='ltr'><strong>enarratum</strong></span> 
     </span>
     <span class='ocr_line' id='line_1_25' title="bbox 496 2822 2112 2908; baseline 0 -20"><span class='ocrx_word' id='word_1_283' title='bbox 496 2881 502 2888; x_wconf 94' lang='lat'><strong>.</strong></span> <span class='ocrx_word' id='word_1_284' title='bbox 560 2839 663 2903; x_wconf 86' lang='lat' dir='ltr'><strong>nocte,</strong></span> <span class='ocrx_word' id='word_1_285' title='bbox 686 2829 744 2893; x_wconf 89' lang='lat' dir='ltr'><strong>cibi</strong></span> <span class='ocrx_word' id='word_1_286' title='bbox 766 2827 879 2907; x_wconf 87' lang='lat' dir='ltr'><strong>aliquid</strong></span> <span class='ocrx_word' id='word_1_287' title='bbox 902 2827 953 2892; x_wconf 89' lang='lat' dir='ltr'><strong>rel</strong></span> <span class='ocrx_word' id='word_1_288' title='bbox 974 2834 1082 2908; x_wconf 60' lang='lat' dir='ltr'><strong>potum</strong></span> <span class='ocrx_word' id='word_1_289' title='bbox 1106 2845 1219 2893; x_wconf 87' lang='lat' dir='ltr'><strong>rerum</strong></span> <span class='ocrx_word' id='word_1_290' title='bbox 1234 2847 1307 2894; x_wconf 85' lang='lat' dir='ltr'><strong>cum</strong></span> <span class='ocrx_word' id='word_1_291' title='bbox 1362 2822 1422 2886; x_wconf 87' lang='lat' dir='ltr'><strong>luit</strong></span> <span class='ocrx_word' id='word_1_292' title='bbox 1442 2825 1475 2886; x_wconf 94' lang='lat' dir='ltr'><strong>in</strong></span> <span class='ocrx_word' id='word_1_293' title='bbox 1497 2831 1604 2887; x_wconf 90' lang='lat' dir='ltr'><strong>nostro</strong></span> <span class='ocrx_word' id='word_1_294' title='bbox 1625 2831 1756 2888; x_wconf 90' lang='lat' dir='ltr'><strong>tractatu</strong></span> <span class='ocrx_word' id='word_1_295' title='bbox 1778 2823 1814 2886; x_wconf 89' lang='lat' dir='ltr'><strong>de</strong></span> <span class='ocrx_word' id='word_1_296' title='bbox 1840 2825 1963 2902; x_wconf 76' lang='lat' dir='ltr'><strong>synodo</strong></span> <span class='ocrx_word' id='word_1_297' title='bbox 1984 2825 2112 2888; x_wconf 86' lang='lat' dir='ltr'><strong>Dioece·</strong></span> 
     </span>
     <span class='ocr_line' id='line_1_26' title="bbox 559 2917 1741 3004; baseline -0.008 -17"><span class='ocrx_word' id='word_1_298' title='bbox 559 2941 616 3004; x_wconf 88' lang='lat' dir='ltr'><strong>per</strong></span> <span class='ocrx_word' id='word_1_299' title='bbox 635 2941 684 2988; x_wconf 85' lang='lat' dir='ltr'><strong>aas</strong></span> <span class='ocrx_word' id='word_1_300' title='bbox 715 2923 858 3001; x_wconf 79' lang='lat' dir='ltr'><strong>regiones</strong></span> <span class='ocrx_word' id='word_1_301' title='bbox 886 2923 964 2986; x_wconf 87' lang='lat' dir='ltr'><strong>haud</strong></span> <span class='ocrx_word' id='word_1_302' title='bbox 988 2925 1028 2986; x_wconf 91' lang='lat' dir='ltr'><strong>ita</strong></span> <span class='ocrx_word' id='word_1_303' title='bbox 1055 2922 1201 3003; x_wconf 77' lang='lat' dir='ltr'><strong>frequens</strong></span> <span class='ocrx_word' id='word_1_304' title='bbox 1228 2931 1307 2988; x_wconf 77' lang='lat' dir='ltr'><strong>emet</strong></span> <span class='ocrx_word' id='word_1_305' title='bbox 1362 2934 1455 2990; x_wconf 72' lang='lat' dir='ltr'><strong>saun,</strong></span> <span class='ocrx_word' id='word_1_306' title='bbox 1478 2917 1643 2997; x_wconf 82' lang='lat' dir='ltr'><strong>desipuuto</strong></span> <span class='ocrx_word' id='word_1_307' title='bbox 1664 2917 1741 2980; x_wconf 90' lang='lat' dir='ltr'><strong>ioco.</strong></span> 
     </span>
     <span class='ocr_line' id='line_1_27' title="bbox 559 3010 2308 3100; baseline 0.001 -19"><span class='ocrx_word' id='word_1_308' title='bbox 559 3019 812 3100; x_wconf 81' lang='lat' dir='ltr'><strong>presbyterorum</strong></span> <span class='ocrx_word' id='word_1_309' title='bbox 835 3033 996 3094; x_wconf 87' lang='lat' dir='ltr'><strong>numerus,</strong></span> <span class='ocrx_word' id='word_1_310' title='bbox 1017 3020 1157 3080; x_wconf 89' lang='lat' dir='ltr'><strong>sacerdos</strong></span> <span class='ocrx_word' id='word_1_311' title='bbox 1178 3017 1307 3097; x_wconf 87' lang='lat' dir='ltr'><strong>quilibet</strong></span> <span class='ocrx_word' id='word_1_312' title='bbox 1401 3015 1420 3090; x_wconf 72' lang='lat'>5</span> <span class='ocrx_word' id='word_1_313' title='bbox 1445 3011 1491 3074; x_wconf 86' lang='lat' dir='ltr'><strong>ll.</strong></span> <span class='ocrx_word' id='word_1_314' title='bbox 1507 3010 1642 3075; x_wconf 84' lang='lat' dir='ltr'><strong>Unicum</strong></span> <span class='ocrx_word' id='word_1_315' title='bbox 1658 3012 1763 3092; x_wconf 88' lang='lat' dir='ltr'><strong>itaque</strong></span> <span class='ocrx_word' id='word_1_316' title='bbox 1778 3015 1958 3094; x_wconf 81' lang='lat' dir='ltr'><strong>exemplum</strong></span> <span class='ocrx_word' id='word_1_317' title='bbox 1970 3015 2111 3094; x_wconf 82' lang='lat' dir='ltr'><strong>privatae</strong></span> <span class='ocrx_word' id='word_1_318' title='bbox 2146 3034 2308 3090; x_wconf 65' lang='lat' dir='ltr'><strong>exemptaru-</strong></span> 
     </span>
     <span class='ocr_line' id='line_1_28' title="bbox 559 3089 2365 3192; baseline -0.001 -18"><span class='ocrx_word' id='word_1_319' title='bbox 559 3129 680 3176; x_wconf 90' lang='lat' dir='ltr'><strong>sacrum</strong></span> <span class='ocrx_word' id='word_1_320' title='bbox 709 3111 842 3188; x_wconf 90' lang='lat' dir='ltr'><strong>singuiis</strong></span> <span class='ocrx_word' id='word_1_321' title='bbox 862 3111 971 3174; x_wconf 90' lang='lat' dir='ltr'><strong>diebus</strong></span> <span class='ocrx_word' id='word_1_322' title='bbox 998 3111 1109 3173; x_wconf 85' lang='lat' dir='ltr'><strong>olierre</strong></span> <span class='ocrx_word' id='word_1_323' title='bbox 1131 3111 1304 3174; x_wconf 86' lang='lat' dir='ltr'><strong>tenebatur.</strong></span> <span class='ocrx_word' id='word_1_324' title='bbox 1362 3107 1590 3170; x_wconf 91' lang='lat' dir='ltr'><strong>communionis</strong></span> <span class='ocrx_word' id='word_1_325' title='bbox 1611 3123 1649 3168; x_wconf 85' lang='lat' dir='ltr'><strong>ex</strong></span> <span class='ocrx_word' id='word_1_326' title='bbox 1669 3108 1782 3170; x_wconf 85' lang='lat' dir='ltr'><strong>devoto</strong></span> <span class='ocrx_word' id='word_1_327' title='bbox 1810 3109 1969 3186; x_wconf 81' lang='lat' dir='ltr'><strong>religionis</strong></span> <span class='ocrx_word' id='word_1_328' title='bbox 1996 3111 2110 3174; x_wconf 87' lang='lat' dir='ltr'><strong>allecta</strong></span> <span class='ocrx_word' id='word_1_329' title='bbox 2129 3089 2307 3192; x_wconf 47' lang='lat' dir='ltr'><strong>{mm</strong></span> <span class='ocrx_word' id='word_1_330' title='bbox 2364 3171 2365 3186; x_wconf 12' lang='grc' dir='ltr'>ἶ</span> 
     </span>
     <span class='ocr_line' id='line_1_29' title="bbox 563 3198 2192 3285; baseline 0 -18"><span class='ocrx_word' id='word_1_331' title='bbox 563 3205 712 3285; x_wconf 80' lang='lat' dir='ltr'><strong>Quodque</strong></span> <span class='ocrx_word' id='word_1_332' title='bbox 725 3203 875 3268; x_wconf 84' lang='lat' dir='ltr'><strong>nonnulii</strong></span> <span class='ocrx_word' id='word_1_333' title='bbox 891 3203 1080 3282; x_wconf 73' lang='lat' dir='ltr'><strong>presbyteri,</strong></span> <span class='ocrx_word' id='word_1_334' title='bbox 1094 3205 1222 3284; x_wconf 88' lang='lat' dir='ltr'><strong>quiuut</strong></span> <span class='ocrx_word' id='word_1_335' title='bbox 1236 3219 1307 3282; x_wconf 86' lang='lat' dir='ltr'><strong>pro·</strong></span> <span class='ocrx_word' id='word_1_336' title='bbox 1361 3209 1513 3281; x_wconf 88' lang='lat' dir='ltr'><strong>sumptae,</strong></span> <span class='ocrx_word' id='word_1_337' title='bbox 1534 3201 1568 3263; x_wconf 92' lang='lat' dir='ltr'><strong>in</strong></span> <span class='ocrx_word' id='word_1_338' title='bbox 1590 3201 1655 3263; x_wconf 85' lang='lat' dir='ltr'><strong>vim</strong></span> <span class='ocrx_word' id='word_1_339' title='bbox 1676 3201 1820 3264; x_wconf 89' lang='lat' dir='ltr'><strong>obtentae</strong></span> <span class='ocrx_word' id='word_1_340' title='bbox 1841 3219 1857 3264; x_wconf 92' lang='lat' dir='ltr'><strong>a</strong></span> <span class='ocrx_word' id='word_1_341' title='bbox 1879 3201 2008 3267; x_wconf 90' lang='lat' dir='ltr'><strong>Summo</strong></span> <span class='ocrx_word' id='word_1_342' title='bbox 2029 3205 2112 3267; x_wconf 90' lang='lat' dir='ltr'><strong>Pon·</strong></span> <span class='ocrx_word' id='word_1_343' title='bbox 2129 3198 2192 3246; x_wconf 64' lang='lat'>‘¹¹¹²-</span> 
     </span>
     <span class='ocr_line' id='line_1_30' title="bbox 559 3293 2111 3380; baseline -0.001 -18"><span class='ocrx_word' id='word_1_344' title='bbox 559 3299 652 3378; x_wconf 82' lang='lat' dir='ltr'><strong>priua</strong></span> <span class='ocrx_word' id='word_1_345' title='bbox 675 3299 894 3380; x_wconf 74' lang='lat' dir='ltr'><strong>infirmitatis,</strong></span> <span class='ocrx_word' id='word_1_346' title='bbox 917 3304 977 3362; x_wconf 87' lang='lat' dir='ltr'><strong>out</strong></span> <span class='ocrx_word' id='word_1_347' title='bbox 999 3299 1085 3362; x_wconf 86' lang='lat' dir='ltr'><strong>ueris</strong></span> <span class='ocrx_word' id='word_1_348' title='bbox 1106 3299 1307 3378; x_wconf 87' lang='lat' dir='ltr'><strong>intemperiei</strong></span> <span class='ocrx_word' id='word_1_349' title='bbox 1363 3295 1445 3358; x_wconf 86' lang='lat' dir='ltr'><strong>tiirce</strong></span> <span class='ocrx_word' id='word_1_350' title='bbox 1474 3293 1628 3358; x_wconf 78' lang='lat' dir='ltr'><strong>facultatis</strong></span> <span class='ocrx_word' id='word_1_351' title='bbox 1654 3294 1794 3358; x_wconf 81' lang='lat' dir='ltr'><strong>eamdent</strong></span> <span class='ocrx_word' id='word_1_352' title='bbox 1823 3298 1987 3374; x_wconf 89' lang='lat' dir='ltr'><strong>sumendi,</strong></span> <span class='ocrx_word' id='word_1_353' title='bbox 2010 3297 2111 3360; x_wconf 87' lang='lat' dir='ltr'><strong>adhue</strong></span> 
     </span>
     <span class='ocr_line' id='line_1_31' title="bbox 561 3387 2109 3472; baseline -0.001 -18"><span class='ocrx_word' id='word_1_354' title='bbox 561 3393 734 3465; x_wconf 82' lang='lat' dir='ltr'><strong>ocreatum,</strong></span> <span class='ocrx_word' id='word_1_355' title='bbox 748 3391 937 3472; x_wconf 85' lang='lat' dir='ltr'><strong>quidusdam</strong></span> <span class='ocrx_word' id='word_1_356' title='bbox 959 3391 1107 3454; x_wconf 79' lang='lat' dir='ltr'><strong>remediis</strong></span> <span class='ocrx_word' id='word_1_357' title='bbox 1129 3390 1309 3456; x_wconf 87' lang='lat' dir='ltr'><strong>comestihi·</strong></span> <span class='ocrx_word' id='word_1_358' title='bbox 1362 3387 1455 3450; x_wconf 92' lang='lat' dir='ltr'><strong>etiam</strong></span> <span class='ocrx_word' id='word_1_359' title='bbox 1477 3395 1544 3468; x_wconf 92' lang='lat' dir='ltr'><strong>post</strong></span> <span class='ocrx_word' id='word_1_360' title='bbox 1565 3387 1742 3452; x_wconf 87' lang='lat' dir='ltr'><strong>relectionis</strong></span> <span class='ocrx_word' id='word_1_361' title='bbox 1761 3387 1874 3468; x_wconf 90' lang='lat' dir='ltr'><strong>aliquid</strong></span> <span class='ocrx_word' id='word_1_362' title='bbox 1896 3389 2109 3467; x_wconf 88' lang='lat' dir='ltr'><strong>degustatum,</strong></span> 
     </span>
     <span class='ocr_line' id='line_1_32' title="bbox 560 3480 2224 3566; baseline -0.001 -18"><span class='ocrx_word' id='word_1_363' title='bbox 560 3484 645 3548; x_wconf 86' lang='lat' dir='ltr'><strong>lidus</strong></span> <span class='ocrx_word' id='word_1_364' title='bbox 666 3493 726 3550; x_wconf 91' lang='lat' dir='ltr'><strong>eut</strong></span> <span class='ocrx_word' id='word_1_365' title='bbox 748 3483 944 3564; x_wconf 78' lang='lat' dir='ltr'><strong>putribilibus</strong></span> <span class='ocrx_word' id='word_1_366' title='bbox 965 3491 1055 3548; x_wconf 86' lang='lat' dir='ltr'><strong>nocte</strong></span> <span class='ocrx_word' id='word_1_367' title='bbox 1074 3485 1127 3548; x_wconf 88' lang='lat' dir='ltr'><strong>uti</strong></span> <span class='ocrx_word' id='word_1_368' title='bbox 1143 3501 1307 3548; x_wconf 83' lang='lat' dir='ltr'><strong>consuere·</strong></span> <span class='ocrx_word' id='word_1_369' title='bbox 1361 3481 1403 3542; x_wconf 85' lang='lat' dir='ltr'><strong>ita</strong></span> <span class='ocrx_word' id='word_1_370' title='bbox 1424 3480 1660 3561; x_wconf 80' lang='lat' dir='ltr'><strong>exposcentibus</strong></span> <span class='ocrx_word' id='word_1_371' title='bbox 1680 3482 1893 3546; x_wconf 85' lang='lat' dir='ltr'><strong>imbecillitate</strong></span> <span class='ocrx_word' id='word_1_372' title='bbox 1922 3484 2111 3562; x_wconf 88' lang='lat' dir='ltr'><strong>indigentia·</strong></span> <span class='ocrx_word' id='word_1_373' title='bbox 2222 3561 2224 3566; x_wconf 65' lang='lat'>,</span> 
     </span>
     <span class='ocr_line' id='line_1_33' title="bbox 561 3575 2110 3659; baseline 0 -17"><span class='ocrx_word' id='word_1_374' title='bbox 561 3583 653 3654; x_wconf 86' lang='lat' dir='ltr'><strong>runt,</strong></span> <span class='ocrx_word' id='word_1_375' title='bbox 685 3577 855 3654; x_wconf 87' lang='lat' dir='ltr'><strong>duditant,</strong></span> <span class='ocrx_word' id='word_1_376' title='bbox 878 3579 908 3640; x_wconf 87' lang='lat' dir='ltr'><strong>si</strong></span> <span class='ocrx_word' id='word_1_377' title='bbox 929 3580 1013 3658; x_wconf 87' lang='lat' dir='ltr'><strong>ipsos</strong></span> <span class='ocrx_word' id='word_1_378' title='bbox 1041 3579 1210 3659; x_wconf 74' lang='lat' dir='ltr'><strong>contingat</strong></span> <span class='ocrx_word' id='word_1_379' title='bbox 1235 3587 1306 3658; x_wconf 86' lang='lat' dir='ltr'><strong>post</strong></span> <span class='ocrx_word' id='word_1_380' title='bbox 1360 3591 1422 3654; x_wconf 90' lang='lat' dir='ltr'><strong>que</strong></span> <span class='ocrx_word' id='word_1_381' title='bbox 1443 3590 1607 3654; x_wconf 86' lang='lat' dir='ltr'><strong>corporeae</strong></span> <span class='ocrx_word' id='word_1_382' title='bbox 1621 3575 1809 3639; x_wconf 91' lang='lat' dir='ltr'><strong>habitudinis</strong></span> <span class='ocrx_word' id='word_1_383' title='bbox 1824 3577 1857 3640; x_wconf 93' lang='lat' dir='ltr'><strong>in</strong></span> <span class='ocrx_word' id='word_1_384' title='bbox 1873 3577 1982 3641; x_wconf 78' lang='lat' dir='ltr'><strong>carolo</strong></span> <span class='ocrx_word' id='word_1_385' title='bbox 1999 3577 2110 3642; x_wconf 65' lang='lat' dir='ltr'><strong>Elm-</strong></span> 
     </span>
     <span class='ocr_line' id='line_1_34' title="bbox 560 3669 2109 3750; baseline 0 -16"><span class='ocrx_word' id='word_1_386' title='bbox 560 3673 697 3736; x_wconf 89' lang='lat' dir='ltr'><strong>mediom</strong></span> <span class='ocrx_word' id='word_1_387' title='bbox 722 3678 844 3736; x_wconf 87' lang='lat' dir='ltr'><strong>noctem</strong></span> <span class='ocrx_word' id='word_1_388' title='bbox 866 3673 982 3734; x_wconf 85' lang='lat' dir='ltr'><strong>eisdam</strong></span> <span class='ocrx_word' id='word_1_389' title='bbox 1011 3671 1245 3746; x_wconf 76' lang='lat' dir='ltr'><strong>remediandi,</strong></span> <span class='ocrx_word' id='word_1_390' title='bbox 1268 3673 1308 3737; x_wconf 90' lang='lat' dir='ltr'><strong>ti·</strong></span> <span class='ocrx_word' id='word_1_391' title='bbox 1360 3676 1503 3748; x_wconf 88' lang='lat' dir='ltr'><strong>peratore</strong></span> <span class='ocrx_word' id='word_1_392' title='bbox 1523 3669 1670 3748; x_wconf 89' lang='lat' dir='ltr'><strong>suppetit.</strong></span> <span class='ocrx_word' id='word_1_393' title='bbox 1694 3670 1721 3732; x_wconf 90' lang='lat' dir='ltr'><strong>ls</strong></span> <span class='ocrx_word' id='word_1_394' title='bbox 1734 3685 1840 3733; x_wconf 90' lang='lat' dir='ltr'><strong>secum</strong></span> <span class='ocrx_word' id='word_1_395' title='bbox 1862 3671 1927 3750; x_wconf 91' lang='lat' dir='ltr'><strong>ipse</strong></span> <span class='ocrx_word' id='word_1_396' title='bbox 1948 3673 2109 3750; x_wconf 84' lang='lat' dir='ltr'><strong>cogitarit,</strong></span> 
     </span>
     <span class='ocr_line' id='line_1_35' title="bbox 561 3762 2106 3842; baseline -0.001 -14"><span class='ocrx_word' id='word_1_397' title='bbox 561 3783 630 3828; x_wconf 90' lang='lat' dir='ltr'><strong>cere</strong></span> <span class='ocrx_word' id='word_1_398' title='bbox 650 3764 712 3830; x_wconf 86' lang='lat' dir='ltr'><strong>aidi</strong></span> <span class='ocrx_word' id='word_1_399' title='bbox 734 3767 877 3838; x_wconf 88' lang='lat' dir='ltr'><strong>missum,</strong></span> <span class='ocrx_word' id='word_1_400' title='bbox 890 3766 932 3830; x_wconf 88' lang='lat' dir='ltr'><strong>ud</strong></span> <span class='ocrx_word' id='word_1_401' title='bbox 948 3767 1042 3830; x_wconf 85' lang='lat' dir='ltr'><strong>cuius</strong></span> <span class='ocrx_word' id='word_1_402' title='bbox 1063 3764 1307 3830; x_wconf 85' lang='lat' dir='ltr'><strong>celebrationem</strong></span> <span class='ocrx_word' id='word_1_403' title='bbox 1362 3763 1585 3842; x_wconf 87' lang='lat' dir='ltr'><strong>constituitque</strong></span> <span class='ocrx_word' id='word_1_404' title='bbox 1605 3762 1644 3826; x_wconf 91' lang='lat' dir='ltr'><strong>de</strong></span> <span class='ocrx_word' id='word_1_405' title='bbox 1663 3764 1810 3827; x_wconf 87' lang='lat' dir='ltr'><strong>German.</strong></span> <span class='ocrx_word' id='word_1_406' title='bbox 1835 3763 1924 3827; x_wconf 81' lang='lat' dir='ltr'><strong>Prov.</strong></span> <span class='ocrx_word' id='word_1_407' title='bbox 1948 3765 2106 3842; x_wconf 88' lang='lat' dir='ltr'><strong>cedendis,</strong></span> 
     </span>
     <span class='ocr_line' id='line_1_36' title="bbox 562 3855 2111 3941; baseline -0.001 -18"><span class='ocrx_word' id='word_1_408' title='bbox 562 3860 597 3925; x_wconf 86' lang='lat' dir='ltr'><strong>oh</strong></span> <span class='ocrx_word' id='word_1_409' title='bbox 622 3862 795 3941; x_wconf 87' lang='lat' dir='ltr'><strong>penuriam</strong></span> <span class='ocrx_word' id='word_1_410' title='bbox 822 3861 963 3924; x_wconf 86' lang='lat' dir='ltr'><strong>eliorum</strong></span> <span class='ocrx_word' id='word_1_411' title='bbox 991 3858 1249 3938; x_wconf 76' lang='lat' dir='ltr'><strong>presbyterorum</strong></span> <span class='ocrx_word' id='word_1_412' title='bbox 1271 3861 1307 3923; x_wconf 87' lang='lat' dir='ltr'><strong>iu</strong></span> <span class='ocrx_word' id='word_1_413' title='bbox 1362 3855 2111 3934; x_wconf 84' lang='lat' dir='ltr'><strong>uticontigit,Eerdinandotratri,subindeetiam</strong></span> 
     </span>
     <span class='ocr_line' id='line_1_37' title="bbox 561 3949 2111 4032; baseline 0 -17"><span class='ocrx_word' id='word_1_414' title='bbox 561 3953 629 4017; x_wconf 86' lang='lat' dir='ltr'><strong>iliis</strong></span> <span class='ocrx_word' id='word_1_415' title='bbox 650 3952 800 4032; x_wconf 84' lang='lat' dir='ltr'><strong>portibus</strong></span> <span class='ocrx_word' id='word_1_416' title='bbox 830 3953 975 4032; x_wconf 88' lang='lat' dir='ltr'><strong>quotidie</strong></span> <span class='ocrx_word' id='word_1_417' title='bbox 997 3958 1161 4023; x_wconf 83' lang='lat' dir='ltr'><strong>tenentur,</strong></span> <span class='ocrx_word' id='word_1_418' title='bbox 1192 3953 1242 4017; x_wconf 89' lang='lat' dir='ltr'><strong>die</strong></span> <span class='ocrx_word' id='word_1_419' title='bbox 1262 3971 1307 4017; x_wconf 86' lang='lat' dir='ltr'><strong>se·</strong></span> <span class='ocrx_word' id='word_1_420' title='bbox 1362 3950 1558 4029; x_wconf 84' lang='lat' dir='ltr'><strong>imperatori;</strong></span> <span class='ocrx_word' id='word_1_421' title='bbox 1575 3951 1674 4030; x_wconf 89' lang='lat' dir='ltr'><strong>deque</strong></span> <span class='ocrx_word' id='word_1_422' title='bbox 1689 3949 1907 4014; x_wconf 79' lang='lat' dir='ltr'><strong>transferendis</strong></span> <span class='ocrx_word' id='word_1_423' title='bbox 1923 3951 2050 4031; x_wconf 87' lang='lat' dir='ltr'><strong>reliquis</strong></span> <span class='ocrx_word' id='word_1_424' title='bbox 2063 3952 2111 4015; x_wconf 92' lang='lat' dir='ltr'><strong>di-</strong></span> 
     </span>
     <span class='ocr_line' id='line_1_38' title="bbox 560 4043 2110 4127; baseline -0.001 -17"><span class='ocrx_word' id='word_1_425' title='bbox 560 4047 672 4127; x_wconf 87' lang='lat' dir='ltr'><strong>quenti</strong></span> <span class='ocrx_word' id='word_1_426' title='bbox 688 4046 855 4111; x_wconf 85' lang='lat' dir='ltr'><strong>celebrare.</strong></span> <span class='ocrx_word' id='word_1_427' title='bbox 879 4047 960 4112; x_wconf 91' lang='lat' dir='ltr'><strong>Sunt</strong></span> <span class='ocrx_word' id='word_1_428' title='bbox 981 4047 1038 4109; x_wconf 91' lang='lat' dir='ltr'><strong>hae</strong></span> <span class='ocrx_word' id='word_1_429' title='bbox 1056 4047 1307 4110; x_wconf 89' lang='lat' dir='ltr'><strong>circumstantiae</strong></span> <span class='ocrx_word' id='word_1_430' title='bbox 1362 4043 1509 4119; x_wconf 89' lang='lat' dir='ltr'><strong>tionibus,</strong></span> <span class='ocrx_word' id='word_1_431' title='bbox 1536 4043 1566 4106; x_wconf 92' lang='lat' dir='ltr'><strong>id</strong></span> <span class='ocrx_word' id='word_1_432' title='bbox 1581 4045 1671 4122; x_wconf 81' lang='lat' dir='ltr'><strong>&#39;quod</strong></span> <span class='ocrx_word' id='word_1_433' title='bbox 1698 4043 1792 4106; x_wconf 89' lang='lat' dir='ltr'><strong>otiam</strong></span> <span class='ocrx_word' id='word_1_434' title='bbox 1813 4045 1959 4124; x_wconf 91' lang='lat' dir='ltr'><strong>periecit,</strong></span> <span class='ocrx_word' id='word_1_435' title='bbox 1982 4046 2016 4108; x_wconf 93' lang='lat' dir='ltr'><strong>in</strong></span> <span class='ocrx_word' id='word_1_436' title='bbox 2038 4044 2110 4108; x_wconf 88' lang='lat' dir='ltr'><strong>Phi·</strong></span> 
     </span>
     <span class='ocr_line' id='line_1_39' title="bbox 560 4135 2110 4221; baseline -0.001 -17"><span class='ocrx_word' id='word_1_437' title='bbox 560 4157 646 4204; x_wconf 90' lang='lat' dir='ltr'><strong>casus</strong></span> <span class='ocrx_word' id='word_1_438' title='bbox 668 4143 703 4204; x_wconf 89' lang='lat' dir='ltr'><strong>ad</strong></span> <span class='ocrx_word' id='word_1_439' title='bbox 726 4141 909 4204; x_wconf 86' lang='lat' dir='ltr'><strong>Pontificem</strong></span> <span class='ocrx_word' id='word_1_440' title='bbox 937 4141 1045 4220; x_wconf 73' lang='lat' dir='ltr'><strong>delati,</strong></span> <span class='ocrx_word' id='word_1_441' title='bbox 1067 4157 1143 4221; x_wconf 90' lang='lat' dir='ltr'><strong>quas</strong></span> <span class='ocrx_word' id='word_1_442' title='bbox 1168 4141 1250 4204; x_wconf 91' lang='lat' dir='ltr'><strong>idem</strong></span> <span class='ocrx_word' id='word_1_443' title='bbox 1273 4141 1306 4203; x_wconf 91' lang='lat' dir='ltr'><strong>in</strong></span> <span class='ocrx_word' id='word_1_444' title='bbox 1361 4135 1480 4215; x_wconf 91' lang='lat' dir='ltr'><strong>lippum</strong></span> <span class='ocrx_word' id='word_1_445' title='bbox 1502 4135 1603 4200; x_wconf 89' lang='lat' dir='ltr'><strong>tilium</strong></span> <span class='ocrx_word' id='word_1_446' title='bbox 1624 4153 1729 4214; x_wconf 88' lang='lat' dir='ltr'><strong>suum,</strong></span> <span class='ocrx_word' id='word_1_447' title='bbox 1751 4137 1969 4217; x_wconf 89' lang='lat' dir='ltr'><strong>Hispaniarum</strong></span> <span class='ocrx_word' id='word_1_448' title='bbox 1990 4139 2110 4218; x_wconf 82' lang='lat' dir='ltr'><strong>Regem</strong></span> 
     </span>
     <span class='ocr_line' id='line_1_40' title="bbox 560 4229 2109 4314; baseline -0.001 -16"><span class='ocrx_word' id='word_1_449' title='bbox 560 4236 622 4314; x_wconf 91' lang='lat' dir='ltr'><strong>ipsa</strong></span> <span class='ocrx_word' id='word_1_450' title='bbox 645 4235 843 4298; x_wconf 90' lang='lat' dir='ltr'><strong>concessione</strong></span> <span class='ocrx_word' id='word_1_451' title='bbox 870 4241 1030 4314; x_wconf 86' lang='lat' dir='ltr'><strong>repetens,</strong></span> <span class='ocrx_word' id='word_1_452' title='bbox 1060 4237 1100 4298; x_wconf 92' lang='lat' dir='ltr'><strong>ita</strong></span> <span class='ocrx_word' id='word_1_453' title='bbox 1129 4235 1246 4298; x_wconf 90' lang='lat' dir='ltr'><strong>subdit:</strong></span> <span class='ocrx_word' id='word_1_454' title='bbox 1272 4235 1306 4298; x_wconf 86' lang='lat' dir='ltr'><strong>Si</strong></span> <span class='ocrx_word' id='word_1_455' title='bbox 1361 4231 1428 4294; x_wconf 88' lang='lat' dir='ltr'><strong>eius</strong></span> <span class='ocrx_word' id='word_1_456' title='bbox 1449 4229 1586 4292; x_wconf 90' lang='lat' dir='ltr'><strong>nominis</strong></span> <span class='ocrx_word' id='word_1_457' title='bbox 1601 4230 1656 4309; x_wconf 72' lang='lat' dir='ltr'><strong>lt,</strong></span> <span class='ocrx_word' id='word_1_458' title='bbox 1680 4238 1795 4294; x_wconf 80' lang='lat' dir='ltr'><strong>tumre</strong></span> <span class='ocrx_word' id='word_1_459' title='bbox 1810 4233 1926 4313; x_wconf 90' lang='lat' dir='ltr'><strong>recepit</strong></span> <span class='ocrx_word' id='word_1_460' title='bbox 1946 4233 1980 4297; x_wconf 90' lang='lat' dir='ltr'><strong>in</strong></span> <span class='ocrx_word' id='word_1_461' title='bbox 2002 4250 2109 4297; x_wconf 91' lang='lat' dir='ltr'><strong>mona-</strong></span> 
     </span>
     <span class='ocr_line' id='line_1_41' title="bbox 559 4321 2111 4408; baseline 0 -18"><span class='ocrx_word' id='word_1_462' title='bbox 559 4345 609 4391; x_wconf 87' lang='lat' dir='ltr'><strong>eos</strong></span> <span class='ocrx_word' id='word_1_463' title='bbox 631 4329 728 4392; x_wconf 87' lang='lat' dir='ltr'><strong>dictis</strong></span> <span class='ocrx_word' id='word_1_464' title='bbox 754 4328 903 4391; x_wconf 78' lang='lat' dir='ltr'><strong>remediis</strong></span> <span class='ocrx_word' id='word_1_465' title='bbox 931 4335 1001 4407; x_wconf 88' lang='lat' dir='ltr'><strong>post</strong></span> <span class='ocrx_word' id='word_1_466' title='bbox 1026 4328 1162 4390; x_wconf 86' lang='lat' dir='ltr'><strong>medium</strong></span> <span class='ocrx_word' id='word_1_467' title='bbox 1184 4335 1307 4390; x_wconf 83' lang='lat' dir='ltr'><strong>noctem</strong></span> <span class='ocrx_word' id='word_1_468' title='bbox 1361 4324 1492 4387; x_wconf 88' lang='lat' dir='ltr'><strong>sterium</strong></span> <span class='ocrx_word' id='word_1_469' title='bbox 1513 4321 1543 4386; x_wconf 90' lang='lat' dir='ltr'><strong>S.</strong></span> <span class='ocrx_word' id='word_1_470' title='bbox 1568 4325 1644 4387; x_wconf 91' lang='lat' dir='ltr'><strong>lusti</strong></span> <span class='ocrx_word' id='word_1_471' title='bbox 1664 4325 1883 4390; x_wconf 85' lang='lat' dir='ltr'><strong>lionachorum</strong></span> <span class='ocrx_word' id='word_1_472' title='bbox 1903 4326 1935 4392; x_wconf 87' lang='lat' dir='ltr'><strong>S.</strong></span> <span class='ocrx_word' id='word_1_473' title='bbox 1959 4329 2111 4408; x_wconf 79' lang='lat' dir='ltr'><strong>iherony-</strong></span> 
     </span>
     <span class='ocr_line' id='line_1_42' title="bbox 560 4417 2110 4503; baseline -0.001 -17"><span class='ocrx_word' id='word_1_474' title='bbox 560 4423 609 4486; x_wconf 87' lang='lat' dir='ltr'><strong>uii</strong></span> <span class='ocrx_word' id='word_1_475' title='bbox 631 4423 819 4503; x_wconf 72' lang='lat' dir='ltr'><strong>eontigerit,</strong></span> <span class='ocrx_word' id='word_1_476' title='bbox 834 4424 862 4482; x_wconf 86' lang='lat' dir='ltr'><strong>si</strong></span> <span class='ocrx_word' id='word_1_477' title='bbox 886 4421 1117 4501; x_wconf 82' lang='lat' dir='ltr'><strong>urqentissimo</strong></span> <span class='ocrx_word' id='word_1_478' title='bbox 1140 4423 1245 4502; x_wconf 76' lang='lat' dir='ltr'><strong>suerit</strong></span> <span class='ocrx_word' id='word_1_479' title='bbox 1261 4439 1308 4483; x_wconf 87' lang='lat' dir='ltr'><strong>ce·</strong></span> <span class='ocrx_word' id='word_1_480' title='bbox 1363 4421 1406 4478; x_wconf 89' lang='lat' dir='ltr'><strong>ml</strong></span> <span class='ocrx_word' id='word_1_481' title='bbox 1426 4417 1523 4480; x_wconf 93' lang='lat' dir='ltr'><strong>situm</strong></span> <span class='ocrx_word' id='word_1_482' title='bbox 1546 4418 1578 4480; x_wconf 92' lang='lat' dir='ltr'><strong>in</strong></span> <span class='ocrx_word' id='word_1_483' title='bbox 1600 4417 1834 4495; x_wconf 79' lang='lat' dir='ltr'><strong>Extremadura,</strong></span> <span class='ocrx_word' id='word_1_484' title='bbox 1857 4420 2015 4500; x_wconf 84' lang='lat' dir='ltr'><strong>vitamque</strong></span> <span class='ocrx_word' id='word_1_485' title='bbox 2036 4422 2110 4485; x_wconf 91' lang='lat' dir='ltr'><strong>iniit</strong></span> 
     </span>
     <span class='ocr_line' id='line_1_43' title="bbox 562 4511 2109 4593; baseline -0.001 -15"><span class='ocrx_word' id='word_1_486' title='bbox 562 4514 707 4579; x_wconf 85' lang='lat' dir='ltr'><strong>lebrandi</strong></span> <span class='ocrx_word' id='word_1_487' title='bbox 738 4515 930 4589; x_wconf 85' lang='lat' dir='ltr'><strong>necessitas,</strong></span> <span class='ocrx_word' id='word_1_488' title='bbox 960 4531 999 4578; x_wconf 87' lang='lat' dir='ltr'><strong>oc</strong></span> <span class='ocrx_word' id='word_1_489' title='bbox 1031 4515 1202 4593; x_wconf 84' lang='lat' dir='ltr'><strong>paulutum</strong></span> <span class='ocrx_word' id='word_1_490' title='bbox 1234 4515 1308 4578; x_wconf 88' lang='lat' dir='ltr'><strong>iude</strong></span> <span class='ocrx_word' id='word_1_491' title='bbox 1363 4511 1569 4587; x_wconf 88' lang='lat' dir='ltr'><strong>eremiticam,</strong></span> <span class='ocrx_word' id='word_1_492' title='bbox 1592 4511 1713 4574; x_wconf 87' lang='lat' dir='ltr'><strong>adstans</strong></span> <span class='ocrx_word' id='word_1_493' title='bbox 1736 4513 1829 4576; x_wconf 89' lang='lat' dir='ltr'><strong>simul</strong></span> <span class='ocrx_word' id='word_1_494' title='bbox 1850 4529 1923 4577; x_wconf 90' lang='lat' dir='ltr'><strong>cum</strong></span> <span class='ocrx_word' id='word_1_495' title='bbox 1950 4515 2109 4578; x_wconf 90' lang='lat' dir='ltr'><strong>monachis</strong></span> 
     </span>
     <span class='ocr_line' id='line_1_44' title="bbox 561 4603 2110 4688; baseline -0.001 -16"><span class='ocrx_word' id='word_1_496' title='bbox 561 4608 762 4683; x_wconf 85' lang='lat' dir='ltr'><strong>dormierint,</strong></span> <span class='ocrx_word' id='word_1_497' title='bbox 788 4608 1002 4671; x_wconf 84' lang='lat' dir='ltr'><strong>nihilominus</strong></span> <span class='ocrx_word' id='word_1_498' title='bbox 1024 4609 1074 4670; x_wconf 87' lang='lat' dir='ltr'><strong>die</strong></span> <span class='ocrx_word' id='word_1_499' title='bbox 1094 4609 1244 4688; x_wconf 78' lang='lat' dir='ltr'><strong>sequenti</strong></span> <span class='ocrx_word' id='word_1_500' title='bbox 1261 4627 1308 4672; x_wconf 93' lang='lat' dir='ltr'><strong>ce·</strong></span> <span class='ocrx_word' id='word_1_501' title='bbox 1363 4604 1486 4668; x_wconf 85' lang='lat' dir='ltr'><strong>divinae</strong></span> <span class='ocrx_word' id='word_1_502' title='bbox 1496 4603 1694 4684; x_wconf 72' lang='lat' dir='ltr'><strong>psalmodiam</strong></span> <span class='ocrx_word' id='word_1_503' title='bbox 1708 4613 1830 4684; x_wconf 90' lang='lat' dir='ltr'><strong>patrum</strong></span> <span class='ocrx_word' id='word_1_504' title='bbox 1842 4607 2001 4670; x_wconf 89' lang='lat' dir='ltr'><strong>volumina</strong></span> <span class='ocrx_word' id='word_1_505' title='bbox 2013 4607 2110 4686; x_wconf 88' lang='lat' dir='ltr'><strong>perle-</strong></span> 
     </span>
     <span class='ocr_line' id='line_1_45' title="bbox 562 4697 2109 4778; baseline 0 -13"><span class='ocrx_word' id='word_1_506' title='bbox 562 4701 683 4766; x_wconf 86' lang='lat' dir='ltr'><strong>ledrore</strong></span> <span class='ocrx_word' id='word_1_507' title='bbox 705 4700 803 4766; x_wconf 88' lang='lat' dir='ltr'><strong>iibere</strong></span> <span class='ocrx_word' id='word_1_508' title='bbox 830 4708 861 4764; x_wconf 87' lang='lat' dir='ltr'><strong>et</strong></span> <span class='ocrx_word' id='word_1_509' title='bbox 884 4701 971 4764; x_wconf 86' lang='lat' dir='ltr'><strong>licite</strong></span> <span class='ocrx_word' id='word_1_510' title='bbox 999 4703 1140 4776; x_wconf 84' lang='lat' dir='ltr'><strong>doleant,</strong></span> <span class='ocrx_word' id='word_1_511' title='bbox 1165 4705 1309 4767; x_wconf 86' lang='lat' dir='ltr'><strong>auctori·</strong></span> <span class='ocrx_word' id='word_1_512' title='bbox 1363 4714 1451 4777; x_wconf 84' lang='lat' dir='ltr'><strong>gens,</strong></span> <span class='ocrx_word' id='word_1_513' title='bbox 1473 4713 1522 4760; x_wconf 89' lang='lat' dir='ltr'><strong>res</strong></span> <span class='ocrx_word' id='word_1_514' title='bbox 1533 4697 1654 4762; x_wconf 88' lang='lat' dir='ltr'><strong>divinas</strong></span> <span class='ocrx_word' id='word_1_515' title='bbox 1667 4714 1757 4778; x_wconf 87' lang='lat' dir='ltr'><strong>saepe</strong></span> <span class='ocrx_word' id='word_1_516' title='bbox 1770 4715 2027 4777; x_wconf 88' lang='lat' dir='ltr'><strong>commemorans,</strong></span> <span class='ocrx_word' id='word_1_517' title='bbox 2043 4718 2109 4765; x_wconf 86' lang='lat' dir='ltr'><strong>sae·</strong></span> 
     </span>
     <span class='ocr_line' id='line_1_46' title="bbox 563 4793 2109 4878; baseline 0 -19"><span class='ocrx_word' id='word_1_518' title='bbox 563 4800 631 4860; x_wconf 88' lang='lat' dir='ltr'><strong>tote</strong></span> <span class='ocrx_word' id='word_1_519' title='bbox 652 4795 827 4874; x_wconf 84' lang='lat' dir='ltr'><strong>apostolico</strong></span> <span class='ocrx_word' id='word_1_520' title='bbox 848 4804 906 4858; x_wconf 87' lang='lat' dir='ltr'><strong>etc.</strong></span> <span class='ocrx_word' id='word_1_521' title='bbox 932 4795 1097 4860; x_wconf 87' lang='lat' dir='ltr'><strong>licentiam</strong></span> <span class='ocrx_word' id='word_1_522' title='bbox 1120 4804 1149 4859; x_wconf 89' lang='lat' dir='ltr'><strong>et</strong></span> <span class='ocrx_word' id='word_1_523' title='bbox 1165 4797 1308 4878; x_wconf 76' lang='lat' dir='ltr'><strong>saeuitu-</strong></span> <span class='ocrx_word' id='word_1_524' title='bbox 1363 4811 1401 4874; x_wconf 90' lang='lat' dir='ltr'><strong>pe</strong></span> <span class='ocrx_word' id='word_1_525' title='bbox 1414 4793 1625 4858; x_wconf 87' lang='lat' dir='ltr'><strong>sacramentali</strong></span> <span class='ocrx_word' id='word_1_526' title='bbox 1639 4793 1833 4858; x_wconf 78' lang='lat' dir='ltr'><strong>confessione</strong></span> <span class='ocrx_word' id='word_1_527' title='bbox 1847 4795 2026 4873; x_wconf 87' lang='lat' dir='ltr'><strong>abstergens</strong></span> <span class='ocrx_word' id='word_1_528' title='bbox 2040 4811 2109 4875; x_wconf 87' lang='lat' dir='ltr'><strong>pec-</strong></span> 
     </span>
     <span class='ocr_line' id='line_1_47' title="bbox 564 4887 2108 4969; baseline 0.001 -19"><span class='ocrx_word' id='word_1_529' title='bbox 564 4896 625 4951; x_wconf 88' lang='lat' dir='ltr'><strong>tem</strong></span> <span class='ocrx_word' id='word_1_530' title='bbox 659 4887 860 4952; x_wconf 85' lang='lat' dir='ltr'><strong>concedimus</strong></span> <span class='ocrx_word' id='word_1_531' title='bbox 891 4897 920 4952; x_wconf 90' lang='lat' dir='ltr'><strong>et</strong></span> <span class='ocrx_word' id='word_1_532' title='bbox 953 4889 1171 4969; x_wconf 85' lang='lat' dir='ltr'><strong>impertimur.</strong></span> <span class='ocrx_word' id='word_1_533' title='bbox 1208 4892 1309 4957; x_wconf 80' lang='lat' dir='ltr'><strong>Facile</strong></span> <span class='ocrx_word' id='word_1_534' title='bbox 1363 4893 1439 4964; x_wconf 87' lang='lat' dir='ltr'><strong>cata,</strong></span> <span class='ocrx_word' id='word_1_535' title='bbox 1457 4903 1637 4968; x_wconf 89' lang='lat' dir='ltr'><strong>sacramque</strong></span> <span class='ocrx_word' id='word_1_536' title='bbox 1655 4889 1909 4952; x_wconf 90' lang='lat' dir='ltr'><strong>communionem</strong></span> <span class='ocrx_word' id='word_1_537' title='bbox 1928 4889 1980 4968; x_wconf 94' lang='lat' dir='ltr'><strong>pio</strong></span> <span class='ocrx_word' id='word_1_538' title='bbox 1998 4889 2108 4952; x_wconf 86' lang='lat' dir='ltr'><strong>aheetu</strong></span> 
     </span>
     <span class='ocr_line' id='line_1_48' title="bbox 561 4980 2109 5062; baseline 0 -17"><span class='ocrx_word' id='word_1_539' title='bbox 561 4983 727 5062; x_wconf 88' lang='lat' dir='ltr'><strong>quisquam</strong></span> <span class='ocrx_word' id='word_1_540' title='bbox 760 4982 998 5058; x_wconf 79' lang='lat' dir='ltr'><strong>animaduertat,</strong></span> <span class='ocrx_word' id='word_1_541' title='bbox 1029 4985 1123 5062; x_wconf 92' lang='lat' dir='ltr'><strong>quod,</strong></span> <span class='ocrx_word' id='word_1_542' title='bbox 1156 5001 1228 5048; x_wconf 89' lang='lat' dir='ltr'><strong>cum</strong></span> <span class='ocrx_word' id='word_1_543' title='bbox 1259 4987 1310 5048; x_wconf 90' lang='lat' dir='ltr'><strong>de·</strong></span> <span class='ocrx_word' id='word_1_544' title='bbox 1363 4980 1574 5061; x_wconf 79' lang='lat' dir='ltr'><strong>frequentans,</strong></span> <span class='ocrx_word' id='word_1_545' title='bbox 1591 4982 1637 5044; x_wconf 94' lang='lat' dir='ltr'><strong>uti</strong></span> <span class='ocrx_word' id='word_1_546' title='bbox 1659 4981 1751 5044; x_wconf 88' lang='lat' dir='ltr'><strong>latius</strong></span> <span class='ocrx_word' id='word_1_547' title='bbox 1772 4984 1971 5062; x_wconf 88' lang='lat' dir='ltr'><strong>prosequitur</strong></span> <span class='ocrx_word' id='word_1_548' title='bbox 1991 4983 2109 5045; x_wconf 80' lang='lat' dir='ltr'><strong>Fannia·</strong></span> 
     </span>
     <span class='ocr_line' id='line_1_49' title="bbox 562 5073 2109 5156; baseline -0.001 -17"><span class='ocrx_word' id='word_1_549' title='bbox 562 5076 655 5139; x_wconf 87' lang='lat' dir='ltr'><strong>beant</strong></span> <span class='ocrx_word' id='word_1_550' title='bbox 677 5089 765 5154; x_wconf 84' lang='lat' dir='ltr'><strong>reges</strong></span> <span class='ocrx_word' id='word_1_551' title='bbox 786 5074 966 5154; x_wconf 90' lang='lat' dir='ltr'><strong>summique</strong></span> <span class='ocrx_word' id='word_1_552' title='bbox 978 5075 1145 5156; x_wconf 87' lang='lat' dir='ltr'><strong>principes,</strong></span> <span class='ocrx_word' id='word_1_553' title='bbox 1160 5093 1222 5156; x_wconf 93' lang='lat' dir='ltr'><strong>quo</strong></span> <span class='ocrx_word' id='word_1_554' title='bbox 1235 5094 1309 5140; x_wconf 89' lang='lat' dir='ltr'><strong>con·</strong></span> <span class='ocrx_word' id='word_1_555' title='bbox 1363 5090 1423 5137; x_wconf 90' lang='lat' dir='ltr'><strong>nus</strong></span> <span class='ocrx_word' id='word_1_556' title='bbox 1444 5075 1552 5138; x_wconf 77' lang='lat' dir='ltr'><strong>strada</strong></span> <span class='ocrx_word' id='word_1_557' title='bbox 1572 5075 1617 5140; x_wconf 84' lang='lat' dir='ltr'><strong>De</strong></span> <span class='ocrx_word' id='word_1_558' title='bbox 1638 5073 1717 5138; x_wconf 85' lang='lat' dir='ltr'><strong>helio</strong></span> <span class='ocrx_word' id='word_1_559' title='bbox 1743 5075 1884 5155; x_wconf 77' lang='lat' dir='ltr'><strong>Belgica,</strong></span> <span class='ocrx_word' id='word_1_560' title='bbox 1909 5075 2022 5140; x_wconf 83' lang='lat' dir='ltr'><strong>decade</strong></span> <span class='ocrx_word' id='word_1_561' title='bbox 2042 5075 2109 5154; x_wconf 87' lang='lat' dir='ltr'><strong>pri·</strong></span> 
     </span>
     <span class='ocr_line' id='line_1_50' title="bbox 561 5166 2106 5247; baseline -0.001 -15"><span class='ocrx_word' id='word_1_562' title='bbox 561 5178 723 5232; x_wconf 85' lang='lat' dir='ltr'><strong>sacrantur</strong></span> <span class='ocrx_word' id='word_1_563' title='bbox 736 5167 798 5245; x_wconf 90' lang='lat' dir='ltr'><strong>die,</strong></span> <span class='ocrx_word' id='word_1_564' title='bbox 814 5185 897 5231; x_wconf 88' lang='lat' dir='ltr'><strong>sacra</strong></span> <span class='ocrx_word' id='word_1_565' title='bbox 914 5168 1105 5232; x_wconf 87' lang='lat' dir='ltr'><strong>Eucharistia</strong></span> <span class='ocrx_word' id='word_1_566' title='bbox 1127 5171 1223 5247; x_wconf 87' lang='lat' dir='ltr'><strong>rehci,</strong></span> <span class='ocrx_word' id='word_1_567' title='bbox 1241 5180 1308 5234; x_wconf 90' lang='lat' dir='ltr'><strong>tum</strong></span> <span class='ocrx_word' id='word_1_568' title='bbox 1362 5184 1427 5240; x_wconf 87' lang='lat' dir='ltr'><strong>mo,</strong></span> <span class='ocrx_word' id='word_1_569' title='bbox 1451 5166 1533 5231; x_wconf 86' lang='lat' dir='ltr'><strong>libro</strong></span> <span class='ocrx_word' id='word_1_570' title='bbox 1552 5169 1669 5246; x_wconf 82' lang='lat' dir='ltr'><strong>primo,</strong></span> <span class='ocrx_word' id='word_1_571' title='bbox 1691 5166 1749 5232; x_wconf 83' lang='lat' dir='ltr'><strong>sud</strong></span> <span class='ocrx_word' id='word_1_572' title='bbox 1779 5169 1890 5243; x_wconf 87' lang='lat' dir='ltr'><strong>tituto,</strong></span> <span class='ocrx_word' id='word_1_573' title='bbox 1916 5170 2051 5234; x_wconf 83' lang='lat' dir='ltr'><strong>Coretus</strong></span> <span class='ocrx_word' id='word_1_574' title='bbox 2075 5169 2106 5232; x_wconf 86' lang='lat' dir='ltr'><strong>V.</strong></span> 
     </span>
     <span class='ocr_line' id='line_1_51' title="bbox 562 5261 2108 5343; baseline 0 -17"><span class='ocrx_word' id='word_1_575' title='bbox 562 5268 597 5326; x_wconf 88' lang='lat' dir='ltr'><strong>ut</strong></span> <span class='ocrx_word' id='word_1_576' title='bbox 617 5263 740 5326; x_wconf 90' lang='lat' dir='ltr'><strong>statutis</strong></span> <span class='ocrx_word' id='word_1_577' title='bbox 760 5263 877 5340; x_wconf 91' lang='lat' dir='ltr'><strong>regulis</strong></span> <span class='ocrx_word' id='word_1_578' title='bbox 890 5271 922 5324; x_wconf 91' lang='lat' dir='ltr'><strong>et</strong></span> <span class='ocrx_word' id='word_1_579' title='bbox 936 5261 1107 5326; x_wconf 83' lang='lat' dir='ltr'><strong>ilitualium</strong></span> <span class='ocrx_word' id='word_1_580' title='bbox 1128 5263 1250 5343; x_wconf 90' lang='lat' dir='ltr'><strong>legibus</strong></span> <span class='ocrx_word' id='word_1_581' title='bbox 1264 5283 1310 5328; x_wconf 86' lang='lat' dir='ltr'><strong>sa-</strong></span> <span class='ocrx_word' id='word_1_582' title='bbox 1363 5261 1506 5340; x_wconf 78' lang='lat' dir='ltr'><strong>Cumque</strong></span> <span class='ocrx_word' id='word_1_583' title='bbox 1525 5263 1594 5342; x_wconf 88' lang='lat' dir='ltr'><strong>pius</strong></span> <span class='ocrx_word' id='word_1_584' title='bbox 1622 5263 1793 5342; x_wconf 89' lang='lat' dir='ltr'><strong>imperator</strong></span> <span class='ocrx_word' id='word_1_585' title='bbox 1821 5263 2045 5328; x_wconf 87' lang='lat' dir='ltr'><strong>Eucharistiam</strong></span> <span class='ocrx_word' id='word_1_586' title='bbox 2066 5265 2108 5326; x_wconf 92' lang='lat' dir='ltr'><strong>ie·</strong></span> 
     </span>
     <span class='ocr_line' id='line_1_52' title="bbox 563 5355 2108 5438; baseline 0.003 -20"><span class='ocrx_word' id='word_1_587' title='bbox 563 5355 726 5433; x_wconf 88' lang='lat' dir='ltr'><strong>tisiaciant,</strong></span> <span class='ocrx_word' id='word_1_588' title='bbox 739 5361 808 5418; x_wconf 90' lang='lat' dir='ltr'><strong>tum</strong></span> <span class='ocrx_word' id='word_1_589' title='bbox 819 5362 854 5418; x_wconf 90' lang='lat' dir='ltr'><strong>ut</strong></span> <span class='ocrx_word' id='word_1_590' title='bbox 865 5355 987 5435; x_wconf 90' lang='lat' dir='ltr'><strong>populis</strong></span> <span class='ocrx_word' id='word_1_591' title='bbox 997 5373 1053 5420; x_wconf 92' lang='lat' dir='ltr'><strong>suo</strong></span> <span class='ocrx_word' id='word_1_592' title='bbox 1068 5358 1210 5436; x_wconf 83' lang='lat' dir='ltr'><strong>exemplo</strong></span> <span class='ocrx_word' id='word_1_593' title='bbox 1222 5373 1309 5438; x_wconf 88' lang='lat' dir='ltr'><strong>prae·</strong></span> <span class='ocrx_word' id='word_1_594' title='bbox 1363 5358 1458 5420; x_wconf 94' lang='lat' dir='ltr'><strong>iunus</strong></span> <span class='ocrx_word' id='word_1_595' title='bbox 1478 5371 1604 5420; x_wconf 90' lang='lat' dir='ltr'><strong>sumere</strong></span> <span class='ocrx_word' id='word_1_596' title='bbox 1618 5359 1775 5436; x_wconf 92' lang='lat' dir='ltr'><strong>nequiret,</strong></span> <span class='ocrx_word' id='word_1_597' title='bbox 1792 5357 1892 5420; x_wconf 89' lang='lat' dir='ltr'><strong>eidem</strong></span> <span class='ocrx_word' id='word_1_598' title='bbox 1906 5375 2030 5422; x_wconf 87' lang='lat' dir='ltr'><strong>suasere</strong></span> <span class='ocrx_word' id='word_1_599' title='bbox 2043 5373 2108 5422; x_wconf 84' lang='lat' dir='ltr'><strong>me-</strong></span> 
     </span>
     <span class='ocr_line' id='line_1_53' title="bbox 561 5448 2108 5529; baseline 0.003 -18"><span class='ocrx_word' id='word_1_600' title='bbox 561 5448 697 5528; x_wconf 88' lang='lat' dir='ltr'><strong>luceant,</strong></span> <span class='ocrx_word' id='word_1_601' title='bbox 718 5450 744 5512; x_wconf 90' lang='lat' dir='ltr'><strong>si</strong></span> <span class='ocrx_word' id='word_1_602' title='bbox 765 5465 837 5513; x_wconf 89' lang='lat' dir='ltr'><strong>oum</strong></span> <span class='ocrx_word' id='word_1_603' title='bbox 859 5449 895 5511; x_wconf 94' lang='lat' dir='ltr'><strong>iis</strong></span> <span class='ocrx_word' id='word_1_604' title='bbox 922 5448 1134 5529; x_wconf 86' lang='lat' dir='ltr'><strong>dispensatur,</strong></span> <span class='ocrx_word' id='word_1_605' title='bbox 1158 5459 1192 5513; x_wconf 93' lang='lat' dir='ltr'><strong>ut</strong></span> <span class='ocrx_word' id='word_1_606' title='bbox 1212 5467 1310 5513; x_wconf 89' lang='lat' dir='ltr'><strong>sacra·</strong></span> <span class='ocrx_word' id='word_1_607' title='bbox 1363 5451 1433 5528; x_wconf 88' lang='lat' dir='ltr'><strong>diei,</strong></span> <span class='ocrx_word' id='word_1_608' title='bbox 1450 5457 1486 5514; x_wconf 90' lang='lat' dir='ltr'><strong>ot</strong></span> <span class='ocrx_word' id='word_1_609' title='bbox 1505 5451 1648 5513; x_wconf 92' lang='lat' dir='ltr'><strong>nonnihil</strong></span> <span class='ocrx_word' id='word_1_610' title='bbox 1671 5458 1760 5513; x_wconf 90' lang='lat' dir='ltr'><strong>antea</strong></span> <span class='ocrx_word' id='word_1_611' title='bbox 1773 5451 1833 5514; x_wconf 91' lang='lat' dir='ltr'><strong>cibi</strong></span> <span class='ocrx_word' id='word_1_612' title='bbox 1854 5451 2042 5529; x_wconf 89' lang='lat' dir='ltr'><strong>degustaret.</strong></span> <span class='ocrx_word' id='word_1_613' title='bbox 2064 5453 2108 5517; x_wconf 86' lang='lat' dir='ltr'><strong>ita</strong></span> 
     </span>
     <span class='ocr_line' id='line_1_54' title="bbox 563 5543 2133 5625; baseline 0.002 -20"><span class='ocrx_word' id='word_1_614' title='bbox 563 5550 707 5606; x_wconf 89' lang='lat' dir='ltr'><strong>mentum</strong></span> <span class='ocrx_word' id='word_1_615' title='bbox 735 5559 772 5605; x_wconf 89' lang='lat' dir='ltr'><strong>eo</strong></span> <span class='ocrx_word' id='word_1_616' title='bbox 802 5543 852 5605; x_wconf 91' lang='lat' dir='ltr'><strong>dio</strong></span> <span class='ocrx_word' id='word_1_617' title='bbox 883 5551 1026 5620; x_wconf 90' lang='lat' dir='ltr'><strong>sumant,</strong></span> <span class='ocrx_word' id='word_1_618' title='bbox 1053 5543 1126 5606; x_wconf 90' lang='lat' dir='ltr'><strong>licet</strong></span> <span class='ocrx_word' id='word_1_619' title='bbox 1152 5544 1309 5624; x_wconf 90' lang='lat' dir='ltr'><strong>quidpiam</strong></span> <span class='ocrx_word' id='word_1_620' title='bbox 1362 5544 1552 5625; x_wconf 89' lang='lat' dir='ltr'><strong>aliquamdiu</strong></span> <span class='ocrx_word' id='word_1_621' title='bbox 1571 5560 1605 5606; x_wconf 89' lang='lat' dir='ltr'><strong>se</strong></span> <span class='ocrx_word' id='word_1_622' title='bbox 1636 5546 1747 5624; x_wconf 71' lang='lat' dir='ltr'><strong>gessit,</strong></span> <span class='ocrx_word' id='word_1_623' title='bbox 1769 5553 1799 5608; x_wconf 90' lang='lat' dir='ltr'><strong>at</strong></span> <span class='ocrx_word' id='word_1_624' title='bbox 1821 5561 1893 5608; x_wconf 89' lang='lat' dir='ltr'><strong>cum</strong></span> <span class='ocrx_word' id='word_1_625' title='bbox 1923 5546 2133 5624; x_wconf 78' lang='lat' dir='ltr'><strong>rescivisset,</strong></span> 
     </span>
     <span class='ocr_line' id='line_1_55' title="bbox 561 5637 2107 5719; baseline 0.004 -21"><span class='ocrx_word' id='word_1_626' title='bbox 561 5639 647 5716; x_wconf 88' lang='lat' dir='ltr'><strong>prius</strong></span> <span class='ocrx_word' id='word_1_627' title='bbox 668 5639 870 5715; x_wconf 87' lang='lat' dir='ltr'><strong>comederint,</strong></span> <span class='ocrx_word' id='word_1_628' title='bbox 888 5637 966 5700; x_wconf 88' lang='lat' dir='ltr'><strong>hano</strong></span> <span class='ocrx_word' id='word_1_629' title='bbox 989 5647 1091 5700; x_wconf 88' lang='lat' dir='ltr'><strong>tamen</strong></span> <span class='ocrx_word' id='word_1_630' title='bbox 1112 5638 1309 5718; x_wconf 90' lang='lat' dir='ltr'><strong>dispensatio·</strong></span> <span class='ocrx_word' id='word_1_631' title='bbox 1363 5639 1528 5718; x_wconf 89' lang='lat' dir='ltr'><strong>apostolica</strong></span> <span class='ocrx_word' id='word_1_632' title='bbox 1554 5653 1631 5718; x_wconf 86' lang='lat' dir='ltr'><strong>opus</strong></span> <span class='ocrx_word' id='word_1_633' title='bbox 1651 5655 1717 5701; x_wconf 89' lang='lat' dir='ltr'><strong>esse</strong></span> <span class='ocrx_word' id='word_1_634' title='bbox 1747 5639 1993 5719; x_wconf 88' lang='lat' dir='ltr'><strong>dispensatione,</strong></span> <span class='ocrx_word' id='word_1_635' title='bbox 2016 5650 2051 5703; x_wconf 92' lang='lat' dir='ltr'><strong>ut</strong></span> <span class='ocrx_word' id='word_1_636' title='bbox 2073 5642 2107 5705; x_wconf 85' lang='lat' dir='ltr'><strong>li-</strong></span> 
     </span>
     <span class='ocr_line' id='line_1_56' title="bbox 563 5731 2109 5813; baseline 0.005 -21"><span class='ocrx_word' id='word_1_637' title='bbox 563 5746 637 5793; x_wconf 90' lang='lat' dir='ltr'><strong>nem</strong></span> <span class='ocrx_word' id='word_1_638' title='bbox 658 5731 789 5794; x_wconf 90' lang='lat' dir='ltr'><strong>minime</strong></span> <span class='ocrx_word' id='word_1_639' title='bbox 815 5732 974 5810; x_wconf 89' lang='lat' dir='ltr'><strong>pertinere</strong></span> <span class='ocrx_word' id='word_1_640' title='bbox 995 5733 1030 5794; x_wconf 91' lang='lat' dir='ltr'><strong>ad</strong></span> <span class='ocrx_word' id='word_1_641' title='bbox 1052 5733 1204 5812; x_wconf 89' lang='lat' dir='ltr'><strong>privatam</strong></span> <span class='ocrx_word' id='word_1_642' title='bbox 1225 5749 1309 5798; x_wconf 92' lang='lat' dir='ltr'><strong>com·</strong></span> <span class='ocrx_word' id='word_1_643' title='bbox 1362 5741 1448 5797; x_wconf 88' lang='lat' dir='ltr'><strong>ceret</strong></span> <span class='ocrx_word' id='word_1_644' title='bbox 1468 5731 1602 5813; x_wconf 88' lang='lat' dir='ltr'><strong>praelato</strong></span> <span class='ocrx_word' id='word_1_645' title='bbox 1622 5735 1714 5798; x_wconf 91' lang='lat' dir='ltr'><strong>modo</strong></span> <span class='ocrx_word' id='word_1_646' title='bbox 1734 5736 1769 5797; x_wconf 91' lang='lat' dir='ltr'><strong>ad</strong></span> <span class='ocrx_word' id='word_1_647' title='bbox 1791 5735 2044 5798; x_wconf 88' lang='lat' dir='ltr'><strong>communionem</strong></span> <span class='ocrx_word' id='word_1_648' title='bbox 2062 5751 2109 5799; x_wconf 82' lang='lat' dir='ltr'><strong>ao·</strong></span> 
     </span>
     <span class='ocr_line' id='line_1_57' title="bbox 562 5825 2108 5904; baseline 0.004 -18"><span class='ocrx_word' id='word_1_649' title='bbox 562 5825 769 5901; x_wconf 90' lang='lat' dir='ltr'><strong>munionem,</strong></span> <span class='ocrx_word' id='word_1_650' title='bbox 792 5841 830 5887; x_wconf 85' lang='lat' dir='ltr'><strong>ex</strong></span> <span class='ocrx_word' id='word_1_651' title='bbox 851 5825 971 5903; x_wconf 84' lang='lat' dir='ltr'><strong>privato</strong></span> <span class='ocrx_word' id='word_1_652' title='bbox 998 5825 1172 5890; x_wconf 81' lang='lat' dir='ltr'><strong>devotionis</strong></span> <span class='ocrx_word' id='word_1_653' title='bbox 1197 5827 1309 5890; x_wconf 86' lang='lat' dir='ltr'><strong>allecto</strong></span> <span class='ocrx_word' id='word_1_654' title='bbox 1362 5827 1485 5904; x_wconf 86' lang='lat' dir='ltr'><strong>cadere,</strong></span> <span class='ocrx_word' id='word_1_655' title='bbox 1499 5843 1660 5891; x_wconf 89' lang='lat' dir='ltr'><strong>recursum</strong></span> <span class='ocrx_word' id='word_1_656' title='bbox 1675 5827 1781 5890; x_wconf 92' lang='lat' dir='ltr'><strong>habuit</strong></span> <span class='ocrx_word' id='word_1_657' title='bbox 1795 5829 1957 5892; x_wconf 90' lang='lat' dir='ltr'><strong>adlulium</strong></span> <span class='ocrx_word' id='word_1_658' title='bbox 1971 5829 2108 5892; x_wconf 89' lang='lat' dir='ltr'><strong>lll.Pon-</strong></span> 
     </span>
    </p>
   </div>
   <div class='ocr_carea' id='block_1_3' title="bbox 563 5919 2106 6016">
    <p class='ocr_par' dir='ltr' id='par_1_3' title="bbox 563 5919 2106 6016">
     <span class='ocr_line' id='line_1_58' title="bbox 563 5919 2106 6016; baseline 0.005 -36"><span class='ocrx_word' id='word_1_659' title='bbox 563 5925 753 6016; x_wconf 61' lang='lat' dir='ltr'><strong>susceptam,</strong></span> <span class='ocrx_word' id='word_1_660' title='bbox 776 5919 828 5982; x_wconf 91' lang='lat' dir='ltr'><strong>sed</strong></span> <span class='ocrx_word' id='word_1_661' title='bbox 849 5921 885 5982; x_wconf 93' lang='lat' dir='ltr'><strong>ad</strong></span> <span class='ocrx_word' id='word_1_662' title='bbox 915 5919 1067 5999; x_wconf 89' lang='lat' dir='ltr'><strong>publicam</strong></span> <span class='ocrx_word' id='word_1_663' title='bbox 1097 5921 1310 5986; x_wconf 82' lang='lat' dir='ltr'><strong>Eucharistiae</strong></span> <span class='ocrx_word' id='word_1_664' title='bbox 1364 5921 1499 6001; x_wconf 82' lang='lat' dir='ltr'><strong>illicem,</strong></span> <span class='ocrx_word' id='word_1_665' title='bbox 1521 5923 1576 6002; x_wconf 94' lang='lat' dir='ltr'><strong>qui</strong></span> <span class='ocrx_word' id='word_1_666' title='bbox 1605 5921 1719 6000; x_wconf 89' lang='lat' dir='ltr'><strong>eidem,</strong></span> <span class='ocrx_word' id='word_1_667' title='bbox 1742 5923 1824 6003; x_wconf 89' lang='lat' dir='ltr'><strong>quod</strong></span> <span class='ocrx_word' id='word_1_668' title='bbox 1845 5924 1879 5986; x_wconf 91' lang='lat' dir='ltr'><strong>in</strong></span> <span class='ocrx_word' id='word_1_669' title='bbox 1905 5925 2106 6004; x_wconf 86' lang='lat' dir='ltr'><strong>praeteritum</strong></span> 
     </span>
    </p>
   </div>
   <div class='ocr_carea' id='block_1_4' title="bbox 0 0 2414 6980">
    <p class='ocr_par' dir='ltr' id='par_1_4' title="bbox 0 0 2414 6980">
     <span class='ocr_line' id='line_1_59' title="bbox 0 0 2414 6980; baseline 0 0"><span class='ocrx_word' id='word_1_670' title='bbox 0 0 2414 6980; x_wconf 95' lang='lat' dir='ltr'><strong> </strong></span> 
     </span>
    </p>
   </div>
  </div>
 </body>
</html>
