4856 6984
301 560 355 614 44.
369 562 399 616 4.
421 563 488 617 4444
540 565 598 628 444

274 5365 486 5468 otiamndduelmacrrjriff

274 5471 396 5529 stranea,
428 5486 486 5521 cum
506 5459 617 5538 quibus
628 5475 809 5538 persuasum
822 5460 872 5534 sit,
886 5461 990 5521 omnia
1006 5461 1038 5522 in
1055 5467 1160 5523 nostra
1176 5471 1253 5525 tem-

273 5527 487 5638 },ffi‘fflssffisslfi
506 5566 579 5630 pora
590 5553 843 5614 inconvenientia
855 5553 1005 5628 incidere,
1019 5561 1111 5632 atque
1123 5571 1156 5616 ea
1168 5570 1253 5633 prae-

273 5630 367 5687 4444444.

520 703 687 780 mavimus,
711 723 727 768 4
748 723 809 785 quo
830 704 956 785 quidem
977 705 1049 766 satis
1071 703 1263 780 intelligetis,

519 799 599 878 qnod
623 799 762 877 legendis
784 807 814 864 et
836 799 1066 864 considerandis
1094 798 1266 877 apostolicis

519 892 630 955 litteris
651 895 887 978 concessionum
908 894 1047 970 oratorii,
1069 892 1264 955 decessorum

520 995 699 1051 nostrornm
712 989 853 1064 decretis,
863 988 972 1051 barum
986 988 1264 1064 congregationum

519 1081 770 1158 resolutionibus,
790 1099 870 1160 quae
890 1100 906 1144 a
921 1082 1009 1144 nobis
1024 1081 1118 1146 etiam
1133 1081 1165 1143 in
1180 1097 1265 1158 prae·

518 1168 616 1238 sentia
637 1179 819 1239 confirmata
840 1185 924 1251 sunt,
948 1176 1054 1248 nullus
1076 1174 1207 1253 amplius
1229 1173 1265 1236 li-

518 1267 601 1330 tibus
629 1275 659 1330 44
691 1270 909 1332 4444444444114
940 1269 1025 1332 14444
1052 1267 1191 1346 reliquus
1211 1269 1262 1329 sit.

519 1359 647 1437 Verum,
661 1363 731 1442 qnia
743 1379 797 1424 vos
809 1361 884 1426 illud
896 1362 1023 1424 14444444
1035 1361 1125 1425 nobis
1139 1377 1264 1439 respon·

519 1472 608 1518 suros
629 1457 827 1532 arbitramur,
853 1456 969 1534 optime
998 1455 1122 1542 quidem
1145 1454 1219 1518 baec
1233 1471 1264 1515 o-

519 1549 603 1612 mnia
625 1549 748 1625 babere,
772 1565 884 1612 verum
905 1565 941 1610 44
960 1547 1175 1611 dilllcuitatem
1196 1549 1264 1611 red·

520 1642 577 1718 ire,
599 1646 681 1722 qnod
712 1659 926 1723 quaecumque
951 1644 1071 1704 decreta
1102 1647 1196 1718 atque
1216 1657 1263 1703 or·

520 1735 623 1798 dinata
634 1743 719 1810 sont,
733 1736 863 1798 minime
875 1735 1097 1811 observantur,
1114 1749 1155 1794 ne
1170 1748 1264 1809 grave

519 1827 606 1889 vobis
622 1829 673 1902 sit,
689 1830 747 1891 boc
758 1844 813 1907 per
828 1845 883 1890 nos
899 1828 1019 1906 reponi,
1033 1827 1114 1905 quod
1135 1827 1159 1888 si
1176 1826 1263 1890 inob-

517 1923 672 1985 servantia
695 1939 733 1984 ex
755 1923 894 2000 neglecta
909 1923 1057 1984 Brevium
1079 1921 1211 1984 lectione
1232 1929 1264 1982 ct

518 2015 782 2092 consideratione,
805 2023 859 2079 aut
880 2033 917 2076 ex
939 2015 1135 2092 ignoratione
1160 2017 1263 2080 decre-

517 2114 623 2170 torum
644 2116 676 2170 et
697 2109 925 2186 pontificiarum
947 2109 1186 2184 resolutionem,
1203 2111 1265 2172 ori-

517 2201 624 2277 ginem
646 2202 748 2277 babet,
772 2217 827 2263 nos
842 2202 968 2280 quidem
985 2203 1016 2264 in
1032 2204 1261 2282 hocnunquam

516 2293 660 2372 culpandi
672 2296 802 2372 erimus3
819 2295 911 2374 idque
923 2313 1007 2360 nnnc
1021 2297 1165 2372 maxime,
1182 2305 1263 2376 post-

516 2403 622 2464 quam,
646 2387 882 2464 ingravesceute
904 2389 977 2452 licet
993 2397 1092 2452 aetate
1113 2399 1217 2452 nostra
1233 2397 1264 2452 et

516 2479 624 2541 multis
639 2497 673 2543 ac
686 2481 878 2543 difficillimis
892 2483 975 2544 curis
989 2483 1109 2544 assidue
1124 2498 1179 2544 nos
1194 2499 1263 2560 pre-

516 2573 693 2648 mentibus,
717 2574 748 2634 in
776 2575 964 2651 encyclicam
989 2575 1070 2638 banc
1099 2575 1262 2654 epistolam

516 2673 665 2741 nostram,
689 2666 837 2746 quidquid
859 2667 915 2730 bac
929 2685 1023 2746 super
1044 2685 1078 2730 re
1093 2669 1171 2730 44144
1186 2683 1263 2746 4444

516 2768 596 2834 4444,
619 2758 758 2822 14444444
780 2776 843 2822 non
866 2761 1116 2824 detrectavimus.

284 2861 385 2959 ,¹222ssss
392 2872 419 2970 2¹}
423 2861 498 2960 14431οὲ
555 2853 575 2928 5
596 2852 644 2914 26.
667 2853 753 2927 Quod
768 2853 793 2914 si
808 2869 862 2915 vos
877 2855 971 2917 etiam
993 2853 1022 2917 id
1041 2863 1195 2931 praestare
1210 2873 1262 2917 cu·

283 2967 497 3068 gqpevggggcsrffiu-
516 2947 634 3022 rabitis,
659 2953 693 3008 44
714 2946 746 3007 44
769 2947 955 3009 dioecesanis
982 2947 1114 3026 Synodis
1136 2947 1259 3023 vestris,

516 3057 548 3103 44
570 3041 683 3104 vestris
704 3030 791 3102 iren?
809 3041 928 3116 edictis,
960 3057 1038 3118 qnae
1060 3057 1076 3102 a
1097 3040 1184 3101 vobis
1205 3056 1261 3119 pro

514 3134 596 3196 bono
617 3134 763 3198 dioecesis
785 3141 906 3196 4444444
927 3133 1081 3210 regimine
1102 3132 1259 3211 publican-

514 3233 577 3304 tur,
601 3229 833 3306 pontificiorum
856 3232 1050 3293 decretorum
1080 3248 1114 3293 ac
1141 3232 1260 3294 resolu-

514 3321 636 3386 tionnm
658 3324 790 3401 desuper
807 3323 1011 3386 iudicatarum
1032 3324 1259 3391 observantiam

513 3415 690 3492 inculcetis3
714 3415 829 3494 duplex
850 3415 922 3478 inde
939 3416 1058 3479 bonum
1079 3418 1207 3495 extabit,
1224 3431 1259 3484 44

512 3517 543 3572 44
565 3509 669 3571 vivam
692 3511 725 3572 in
747 3508 980 3589 vobismetipsis
996 3513 1178 3575 eorumdem
1194 3529 1258 3576 me-

511 3603 643 3665 moriam
667 3603 808 3678 teneatis,
831 3611 923 3682 atque
944 3604 980 3667 ab
1008 3604 1075 3666 aliis
1096 3613 1149 3668 aut
1172 3606 1258 3684 igno·

512 3697 645 3760 rantiam
676 3695 848 3774 expellatis,
878 3703 932 3758 ant
964 3699 1123 3774 eamdem,
1151 3707 1258 3778 utpote

511 3804 641 3852 crassam
664 3789 809 3868 deinceps
831 3797 924 3868 atque
948 3790 1107 3869 supinam,
1131 3792 1257 3856 inexcu-

510 3882 638 3944 sabilem
659 3883 802 3944 reddatis.
824 3883 908 3945 Hanc
923 3884 1033 3960 agendi
1056 3885 1210 3947 rationem
1225 3904 1258 3950 44

511 3991 653 4038 normani
686 3983 874 4050 tenuerunt,
904 3985 998 4055 atque
1026 3978 1256 4056 inpraesentia

511 4075 632 4145 tenent,
649 4069 746 4130 nostri
762 4067 866 4130 ltaliae
881 4069 1033 4148 Episcopi,
1047 4072 1100 4148 qni
1114 4079 1166 4134 aut
1181 4088 1258 4150 pon-

511 4163 680 4224 tillciorum
702 4163 911 4236 decretorum,
929 4179 1007 4240 qnae
1021 4180 1115 4242 snper
1129 4166 1256 4244 privatis

509 4256 652 4317 oratoriis
672 4255 795 4316 condita
824 4262 913 4330 sunt,
943 4270 1100 4317 summam
1123 4257 1154 4319 in
1178 4257 1257 4336 Syn-

509 4348 575 4409 odis
596 4348 659 4409 4444
681 4347 894 4423 inseruerunt,
910 4356 964 4410 aut
980 4348 1014 4410 in
1029 4348 1206 4427 appendice
1220 4353 1254 4413 ad

510 4441 586 4518 ipsas
609 4440 750 4518 Synodos
764 4440 872 4501 eadem
886 4439 1006 4502 decreta
1017 4456 1075 4518 por
1086 4445 1255 4504 4444444444

508 4533 737 4608 adiunxernnt,
771 4533 1035 4610 quemadmodum
1068 4534 1100 4596 in
1132 4533 1255 4614 Synodo

508 4643 590 4688 anno
611 4642 788 4688 uoocxxrv.
813 4627 918 4688 41444.
936 4643 1030 4688 mem.
1049 4627 1203 4691 cardinali
1218 4630 1256 4691 de

507 4719 561 4782 Via
574 4719 708 4781 Arimini
723 4719 835 4794 habita,
849 4719 881 4780 in
897 4719 991 4783 altera
1007 4737 1057 4782 an.
1076 4737 1253 4784 uncoxxvr.

507 4813 657 4876 celebrata
679 4829 694 4872 4
717 4811 789 4873 1444.
803 4827 897 4874 mem.
913 4813 1068 4875 cardinali
1089 4814 1252 4888 Pignatelli

507 4904 742 4982 archiepiscopo
763 4903 976 4982 Neapolitano,
999 4915 1092 4984 atque
1113 4907 1204 4968 etiam
1221 4908 1252 4969 in

507 5014 552 5073 ea,
582 5013 660 5075 quae
690 5012 771 5058 anno
799 5011 998 5060 noccxxxvr.
1028 4998 1130 5061 babila
1158 4999 1254 5061 inita

506 5106 614 5152 vener.
643 5089 739 5152 144444
767 5097 872 5152 444444
905 5091 1060 5154 Annibale
1092 5093 1254 5155 cardinale

506 5182 637 5258 Albano,
661 5182 822 5246 Sabinensi
840 5189 913 5245 tnnc
929 5185 1077 5262 temporis
1093 5185 1252 5264 Episcopo,

505 5283 598 5352 atque
620 5275 652 5337 in
675 5275 742 5336 aliis
764 5275 883 5351 multis,
906 5275 1012 5338 videre
1033 5283 1091 5338 est.

545 5369 564 5442 5
585 5366 634 5428 27.
659 5366 1046 5429 Nonexeornmnumero
1062 5385 1252 5448 nossemus,

505 5644 645 5706 sentibus
667 5645 774 5706 diebus
796 5645 979 5722 contingere
1000 5646 1151 5723 scandala,
1174 5665 1253 5726 quae

505 5751 679 5813 numquam
713 5737 886 5814 praeteritis
921 5739 1114 5817 temporibus
1141 5755 1252 5802 evene-

504 5827 580 5889 rint.
612 5827 690 5890 Satis
716 5845 871 5908 superque
893 5847 947 5909 pro
976 5840 1062 5893 certo
1090 5832 1250 5908 babemus,

504 5935 550 5996 44,
564 5935 641 6000 quae
652 5921 744 5984 bodie
760 5922 924 5998 nantolio
940 5931 1080 6002 tompore
1096 5924 1249 5987 accidisse.

1039 586 1105 630 ton·
1129 585 1218 630 PONT.
1245 583 1284 627 DE
1306 583 1335 626 Ρ.
1359 585 1388 630 F.
1412 585 1493 630 PARS
1515 585 1536 628 1.

2096 567 2150 620 An.
2165 569 2198 621 C.
2222 562 2308 617 1751

1324 703 1375 779 44,
1398 717 1436 766 44
1457 720 1473 764 4
1494 705 1649 784 444444144
1675 721 1709 767 44
1729 705 1853 782 longius
1874 703 2065 782 recedamus,

1323 795 1399 858 illud
1421 797 1570 873 dicemus,
1594 797 1687 876 quod,
1704 800 1727 861 si
1749 799 1841 864 bodie
1860 815 1961 862 sacrae
1983 801 2066 876 leges

1322 889 1357 952 ad
1379 891 1497 967 privata
1518 891 1650 954 oratoria
1676 893 1872 970 pertinentes
1892 910 1908 954 a
1928 895 2068 957 sacerdo-

1323 983 1404 1044 tibus
1426 985 1603 1062 violantur,
1626 996 1753 1066 propter
1780 986 2066 1066 praesidiumque

1323 1076 1488 1154 nituntur,
1518 1089 1700 1156 magnatum
1730 1081 1860 1156 saeculi,
1890 1080 1967 1160 apud
1989 1097 2066 1159 quos

1321 1174 1489 1255 cappellani
1511 1190 1644 1237 munere
1658 1175 1854 1252 inserviunt,
1878 1175 1960 1238 idem
1982 1189 2066 1236 nono

1321 1269 1415 1330 etiam
1437 1267 1559 1330 saeculo
1581 1267 1759 1343 eveniebat,
1783 1284 1855 1330 cum
1878 1268 1908 1332 S.
1932 1266 2066 1344 44441444-

1321 1360 1389 1436 dns,
1406 1368 1482 1423 4444
1497 1361 1644 1438 temporis
1666 1360 1919 1437 brobiepiscopns
1941 1361 2065 1436 Lugdu·

1322 1453 1438 1528 nensis,
1455 1452 1615 1516 decadem
1631 1469 1665 1515 re
1680 1453 1867 1533 querebatur
1883 1453 1915 1514 in
1932 1469 1990 1514 sno
2005 1459 2065 1514 tra-

1321 1552 1404 1607 ctatu
1415 1547 1451 1608 444
1460 1544 1630 1625 privilegio
1642 1551 1673 1608 et
1686 1547 1757 1608 4444
1771 1546 1956 1617 4444444444,
1971 1545 2062 1606 411.

1321 1637 1390 1700 Non
1413 1647 1517 1700 tamen
1539 1640 1651 1702 idcirco
1673 1640 1759 1702 vobis
1780 1638 1973 1703 sacerdotalis
1995 1656 2066 1702 con·

1320 1733 1430 1793 stantia
1452 1739 1545 1810 atque
1567 1733 1689 1794 animus
1714 1733 1915 1812 deponendus
1935 1739 1992 1796 est.
2016 1732 2065 1794 Pia

1321 1840 1353 1885 ac
1382 1823 1524 1900 religiosa
1554 1824 1741 1886 Polonorum
1770 1827 1854 1887 natio
1882 1831 1945 1902 est;
1975 1833 2018 1900 et,
2039 1826 2064 1886 si

1321 1917 1443 1994 quando
1464 1916 1574 1995 aliquis
1595 1917 1707 1980 abusus
1729 1917 1762 1978 in
1778 1917 1903 1994 privatis
1923 1917 2065 1980 eiusdem

1320 2009 1462 2071 oratoriis
1483 2009 1653 2086 contingat,
1676 2027 1748 2073 cum
1770 2011 1798 2072 id
1813 2010 1960 2087 magnati,
1977 2010 2065 2074 44444

1320 2101 1353 2164 14
1376 2103 1468 2163 domo
1489 2103 1671 2165 commissus
1705 2111 1758 2166 aut
1788 2103 1985 2166 introductus
2006 2113 2062 2179 est,

1321 2200 1432 2256 notum
1460 2197 1523 2272 1144,
1547 2195 1682 2258 44414444
1707 2197 1896 2270 4441444444,
1913 2205 1944 2259 44
1963 2205 2064 2259 osten-

1320 2287 1432 2362 dendo,
1455 2287 1536 2367 qnod
1552 2288 1733 2367 4444144444
1755 2287 1955 2367 privilegium
1975 2291 2065 2352 amit-

1321 2381 1407 2456 titur,
1430 2397 1554 2460 sperare
1575 2389 1633 2457 cst,
1651 2383 1752 2460 ipsum
1772 2397 1865 2444 omne
1883 2399 1976 2446 suum
1998 2384 2064 2446 ino·

1319 2473 1456 2536 bedienti
1471 2474 1648 2554 cappellano
1665 2475 1851 2552 praesidinm
1866 2483 1950 2537 certo
1964 2475 2065 2538 subla·

1321 2575 1438 2629 turum.
1463 2567 1536 2629 Etsi
1548 2568 1670 2646 quando
1683 2568 1890 2630 intortunium
1902 2568 2063 2645 accideret,

1319 2666 1354 2720 ut
1375 2659 1430 2721 bac
1451 2660 1571 2723 ratione
1586 2660 1657 2722 finis
1672 2676 1736 2723 non
1751 2660 1957 2736 obtineretur,
1980 2677 2065 2740 prae-

1318 2759 1365 2814 sto
1394 2753 1480 2814 vobis
1510 2769 1632 2832 semper
1660 2753 1831 2832 spiritualia
1862 2769 1947 2816 arma
1976 2761 2062 2830 sunt,

1318 2845 1430 2924 quibos
1461 2855 1568 2908 contra
1600 2847 1816 2925 cappellannm
1847 2848 1893 2908 441
1924 2848 2061 2925 potestis.

1317 2939 1458 3000 Fortasse
1485 2947 1590 3001 antem
1611 2940 1635 3000 si
1659 2941 1715 3002 1444
1735 2941 1854 3004 4441444
1880 2939 1996 3004 tactum
2018 2957 2064 3002 es·

1316 3039 1374 3106 444,
1397 3049 1495 3111 quum
1517 3034 1655 3110 primum
1671 3035 1709 3096 de
1718 3033 1952 3096 inconvenienti
1973 3034 2063 3098 resci-

1317 3131 1385 3187 tum
1407 3125 1477 3202 luit,
1507 3141 1579 3204 pace
1600 3127 1744 3188 omnium
1765 3125 1914 3199 dicemus,
1929 3143 1977 3188 res
1999 3143 2061 3188 non

1316 3232 1353 3278 eo
1374 3233 1588 3295 progressuras
1610 3219 1715 3294 inisse,
1737 3220 1771 3280 44
1793 3235 1854 3297 qno
1876 3235 1960 3282 nnnc
1980 3228 2062 3284 statu

1316 3318 1402 3386 sunt,
1418 3312 1498 3374 sicut
1519 3328 1559 3374 ex
1574 3312 1750 3375 recursibus
1767 3312 1803 3373 ad
1819 3328 1875 3374 444
1889 3312 1996 3374 delatis
2009 3329 2063 3374 no·

1318 3415 1385 3469 tum
1405 3407 1521 3468 lactum
1543 3411 1599 3480 est,
1613 3421 1748 3483 quornm
1769 3419 1857 3466 cansa
1872 3406 1907 3467 ad
1929 3404 2064 3483 4444414-

1315 3515 1381 3562 cam
1409 3500 1489 3562 banc
1514 3499 1675 3577 epistolam
1702 3504 1841 3560 nostram
1867 3497 2062 3560 conscriben-

1316 3594 1386 3656 dam
1407 3594 1549 3656 animum
1571 3593 1766 3656 adduximus.

1355 3687 1444 3762 §lb
1467 3689 1506 3750 rlt
1533 3689 1620 3749 enim
1647 3685 1900 3750 inconvenientia
1922 3705 1937 3750 a
1965 3687 2061 3766 privi-
2102 3696 2215 3751 44444444
2232 3707 2299 3770 444-

1315 3783 1436 3860 legiatis
1457 3789 1486 3844 44
1506 3781 1660 3860 exemptis
1688 3783 1837 3860 proficisci
1859 3797 1912 3843 vos
1933 3781 2061 3845 tortasse
2078 3759 2297 3848 33}„8;³,¹2⁰²¹5⁸{{

1314 3878 1450 3940 dicturos
1472 3877 1704 3955 praevidemus,
1727 3875 1878 3938 nimirum
1900 3896 1915 3937 a
1940 3876 2060 3953 regula·
2081 3859 2180 3900 ''⁰⁰²⁰‘'

1315 3971 1417 4046 ribus,
1440 3971 1610 4049 dequibus
1632 3969 1664 4031 in
1690 3969 1844 4048 praedicto
1874 3985 2002 4032 recursu
2024 3971 2058 4031 ad

1315 4065 1392 4124 banc
1415 4061 1556 4125 Sanctam
1573 4061 1683 4125 Sedem
1705 4061 1783 4124 lacto
1798 4062 1886 4141 plura
1901 4060 2060 4124 insinuan-

1315 4164 1375 4217 tur.
1411 4153 1472 4216 Nos
1504 4155 1662 4217 autemid
1690 4154 1777 4217 vobis
1803 4155 1946 4230 dicimus,
1975 4154 2060 4216 nulla

1313 4247 1477 4326 privilegia
1504 4263 1560 4310 nec
1581 4249 1795 4326 exemptiones
1816 4263 1893 4322 esse,
1910 4263 1989 4325 quae
2003 4249 2061 4310 im-

1313 4341 1418 4419 pedire
1439 4340 1568 4418 possint,
1591 4341 1760 4418 quominus
1780 4339 1892 4402 4144444
1914 4341 2059 4404 extermi-

1314 4441 1441 4500 nentur.

1352 4527 1371 4602 ἓ
1392 4528 1442 4590 29.
1466 4528 1624 4591 Habebant
1637 4529 1704 4589 sine
1716 4528 1809 4590 dubio
1825 4528 1983 4605 regulares
1998 4530 2060 4607 pri·
2109 4530 2294 4630 inlegqtanlum

1312 4621 1465 4698 vilegium
1486 4621 1589 4684 altaris
1609 4622 1726 4697 viatici,
1741 4630 1773 4684 et
1788 4629 1823 4684 ut
1843 4637 1936 4701 super
1950 4625 2055 4686 eodem
2078 4594 2107 4682 ll
2117 4595 2166 4683 vi?
2169 4595 2295 4702 31414441ῗὲ

1312 4714 1398 4782 414444
1421 4717 1557 4791 missam,
1570 4716 1760 4795 ubicumque
1781 4715 1921 4778 iocorum
1943 4693 2294 4800 lorent,?f¹¹,l¹q²,‘,²,t⁰1{'‚2f¹¹,¹,‘l

1311 4809 1379 4870 sine
1400 4808 1465 4871 ulla
1488 4809 1709 4889 Episcoporum
1737 4810 1873 4885 licentia,
1902 4809 2059 4872 celebrare
2077 4799 2195 4854 1111111111
2210 4799 2292 4843 111111·

2077 4853 2115 4895 444
2130 4851 2293 4906 Episcopis

1311 4910 1451 4980 possent,
1481 4903 1744 4980 quemadmodum
1767 4903 1798 4963 in
1827 4901 1972 4964 decretali
1999 4903 2059 4964 llo·
2076 4903 2294 5012 fflffi’psssssissi

1312 4995 1392 5057 norii
1414 4993 1463 5057 111.
1488 4996 1524 5057 444
1551 5012 1620 5074 444.
1652 4998 1689 5059 lo
1714 4995 1775 5068 444,
1806 4996 1842 5058 dc
1861 4993 2054 5074 privilegiis,
2076 5009 2107 5072 aa
2146 5009 2292 5056 observan-

1311 5087 1417 5149 viderc
1438 5095 1499 5165 est3
1522 5105 1538 5150 4
1559 5105 1622 5167 qno
1643 5088 1754 5152 deinde
1768 5089 1931 5167 privilegio
1952 5062 2292 5178 1144444ῗέςῗεξξὲἷθὲῧξ

1312 5187 1346 5240 nt
1369 5180 1491 5242 missam
1512 5190 1637 5258 possent
1658 5182 1813 5244 celebrare
1835 5181 1929 5244 etiam
1950 5182 1983 5243 in
2006 5169 2213 5244 414-1111111111·

1312 5273 1413 5336 mibus
1435 5274 1596 5349 laicorum,
1618 5275 1682 5336 4144
1704 5291 1797 5354 44444
1821 5274 1908 5338 414441
1933 5275 2055 5349 4144444,

1309 5368 1376 5428 4444
1396 5384 1490 5446 44444
1511 5367 1600 5429 414444
1621 5369 1694 5442 1444,
1707 5369 1826 5430 etiamsi
1848 5368 1941 5431 laicus
1963 5367 2058 5446 priri-

1311 5459 1427 5536 legium
1456 5460 1581 5522 oratorii
1606 5460 1718 5538 privati
1748 5460 1878 5523 minime
1910 5459 2055 5536 baberet;

1310 5559 1436 5630 propter
1458 5569 1525 5614 eam
1556 5553 1727 5627 rationem,
1751 5553 1831 5630 qnod
1856 5551 2057 5630 privilegium
2089 5633 2092 5637 .

1310 5645 1495 5707 celebrantis
1526 5661 1619 5707 sunm
1641 5645 1784 5721 vigorem
1814 5643 1957 5719 baberet,
1986 5644 2057 5707 licet

1310 5736 1524 5800 celebrationis
1555 5738 1640 5800 locus
1678 5737 1811 5799 minime
1843 5736 2056 5815 privilegiatus

1309 5829 1398 5893 14444.
1431 5829 1560 5907 Verum,
1587 5846 1658 5892 cum
1683 5846 1804 5891 sacrum
1835 5830 2055 5894 Tridentinnm

1310 5923 1482 5986 Concilium
1510 5923 1542 5985 44
1574 5923 1662 5985 citata
1691 5939 1764 5983 4444.
1792 5922 1839 5984 22
1868 5923 1899 5986 in
1932 5923 2055 5988 decreto
