4744 6976
1720 600 1780 662 gqg
1831 589 1930 646 And.
1952 591 2022 645 1745
2076 619 2080 626 ·

27 661 28 682 ,
72 605 141 661 inc.
160 600 221 652 rus

883 609 1079 656 bursolenus
1102 611 1164 658 xlv.

1054 732 1110 794 bus
1132 732 1380 798 coadiutoribus:
1411 737 1583 800 creationes
1604 737 1636 799 in
1665 735 1798 799 militem

1054 830 1177 887 auratae
1200 826 1340 903 militiae,
1356 835 1388 890 et
1403 828 1435 891 in
1449 831 1593 892 comitem
1609 829 1797 910 palatinum:

1054 917 1196 982 licentiae
1218 919 1412 997 ingrediendi
1435 921 1705 984 inmonasterium
1727 925 1799 986 edu-

1053 1013 1181 1074 cationis
1208 1029 1313 1076 causa:
1343 1013 1504 1076 facultates
1530 1015 1734 1092 permanendi
1767 1016 1796 1078 in

27 715 28 800 t
86 744 230 807 nuisement
289 729 360 806 §3-
385 731 426 794 Ut
455 738 561 794 autem
593 739 676 795 certa
708 731 829 792 ratione
860 735 995 804 constet,

27 821 28 834 ³
63 805 232 914 gffpissssssissi
250 839 406 902 quaenam
431 827 603 902 gratiarum
625 831 657 887 et
688 823 925 886 concessionum
947 838 997 900 ge·

63 906 231 1028 ffffiffifflss
250 933 326 980 nera
349 934 404 996 per·
425 919 579 981 llatariam
600 919 797 998 praedictam,
820 925 851 979 et
873 919 928 996 per
950 933 999 979 or-

63 1021 231 1118 fsssspfflfflgpssf
249 1026 369 1088 ganum
400 1011 579 1073 huiusmodi
612 1011 749 1086 Magistri
784 1011 931 1072 Brevium
965 1010 996 1072 in

63 1135 107 1170 cen
130 1117 227 1174 :anethi
250 1113 410 1182 posterum
426 1103 565 1184 expediri
580 1111 734 1182 oporteat:
757 1119 911 1181 quaenam
923 1119 997 1164 vero

64 1182 143 1237 pisunt

247 1197 311 1259 sint
332 1197 558 1275 expeditiones,
572 1211 651 1275 quae
672 1213 727 1274 per
748 1196 852 1258 literas
873 1196 930 1258 sub
944 1212 998 1257 an·

246 1289 325 1350 nulo
342 1289 503 1352 Piscatoris
518 1297 549 1351 et
565 1305 619 1368 pcr
631 1288 833 1352 secretariam
848 1288 995 1349 Brevium

246 1389 430 1443 nostrorum
450 1391 645 1445 secretorum
661 1383 727 1444 fleri
751 1381 995 1460 permittuntur:

244 1477 415 1554 omnisque
436 1476 625 1539 inordinatio
648 1482 678 1538 et
699 1474 840 1538 confusio
857 1474 995 1549 tollatur,

244 1585 326 1648 quae
349 1585 385 1630 en
408 1571 584 1648 promiscuo
613 1585 741 1631 recursu
763 1571 798 1631 ad
827 1569 996 1648 praedictas

244 1663 400 1724 Datariam
431 1670 462 1724 et
488 1663 693 1727 secretariam
725 1661 890 1737 Brerium,
924 1661 996 1723 alias

244 1755 372 1830 usitato,
397 1755 567 1831 orielntur,
596 1770 659 1816 non
680 1755 750 1816 sine
778 1753 923 1816 fraudum
944 1770 996 1833 pe-

245 1847 358 1924 riculo,
382 1857 413 1910 et
434 1849 606 1910 officiorum
634 1847 819 1909 vacabilium
846 1846 883 1908 de
904 1863 995 1925 espe-

245 1939 419 2004 ditionibus
446 1941 717 2020 participantium,
741 1941 880 2018 adeoque
901 1940 995 2018 ipsius

244 2032 394 2095 Gamerae
423 2040 548 2095 nostrae
574 2033 765 2110 apostolicae
787 2033 993 2108 detrimento:

242 2127 461 2188 mandavimus
483 2125 595 2189 dilecto
618 2125 682 2186 frlio
704 2113 809 2187 nostro
834 2125 995 2188 Dominico

243 2218 342 2280 Tituli
365 2219 470 2282 Sancti
486 2217 634 2280 Bernardi
650 2219 684 2280 ad
702 2218 850 2280 Thermas
866 2218 994 2281 Sanctae

244 2313 402 2374 Romanae
437 2311 591 2374 Ecclesiae
627 2312 809 2391 presbytero
841 2311 993 2374 cardinali

242 2405 408 2466 Passioneo
431 2412 611 2482 nuncupato
637 2405 784 2466 Brevium
812 2411 992 2466 nostrorum

242 2504 439 2560 secretorum
462 2497 645 2572 secretario,
658 2513 781 2560 necnon
803 2497 914 2560 dilecto
930 2497 993 2558 tilio

244 2591 393 2668 magistro
418 2590 525 2652 loanni
554 2590 661 2652 lacobo
682 2589 767 2652 llillo
792 2590 914 2650 Datario
939 2605 993 2651 no-

241 2691 319 2758 stro,
343 2691 379 2745 ut
400 2683 545 2746 unanimi
566 2682 685 2757 studio,
711 2683 872 2761 perpensis
893 2685 992 2744 veteri

240 2779 324 2857 stylo
350 2787 382 2840 et
410 2778 652 2852 consuetudine,
681 2784 773 2856 atque
804 2778 898 2840 etiam
930 2779 993 2856 ipsa

242 2871 427 2949 multiplicis
448 2872 572 2947 generis
594 2870 764 2946 gratiarum
780 2878 811 2932 et
825 2872 993 2933 concessio·

241 2979 321 3025 num
345 2971 468 3038 natura,
481 2963 648 3025 consilium
670 2978 763 3025 suum
787 2963 874 3024 uobis
895 2965 993 3042 aperi-

241 3062 314 3118 rent
326 3071 422 3134 super
433 3055 610 3117 huiusmodi
624 3054 826 3133 negotiorum
841 3055 994 3122 divisione

240 3155 273 3211 et
294 3165 435 3225 congrua
449 3147 618 3227 partitione
630 3149 713 3210 inter
727 3149 880 3226 praedicta
895 3148 992 3212 officia

241 3241 465 3302 inviolabiliter
479 3241 512 3301 in
528 3249 686 3320 posterum
702 3240 884 3304 stabilienda
900 3248 930 3304 et
944 3257 992 3304 re·

239 3334 380 3412 spcetive
401 3335 569 3402 servanda,

281 3425 354 3500 §ln
380 3426 437 3504 lpsi
460 3441 536 3486 vero
558 3426 725 3504 praemissa
751 3427 855 3488 omnia
884 3425 992 3488 sedulo

240 3527 271 3580 et
286 3526 430 3580 accurate
444 3525 623 3597 pensantes,
639 3518 752 3580 auditis
766 3519 861 3580 etiam
876 3520 991 3581 utrius-

241 3627 304 3691 que
338 3612 430 3674 officii
458 3610 605 3689 praedicti
637 3612 790 3673 ministris
821 3611 853 3672 in
882 3627 989 3674 eorum

241 3707 342 3786 praxi,
364 3705 437 3767 stilo
462 3712 493 3766 et
514 3704 804 3779 consuetudinibus,
821 3707 991 3784 respective

241 3800 364 3878 peritis,
388 3807 455 3877 post
477 3806 636 3860 maturum
658 3813 800 3872 eramen,
824 3797 991 3860 elenchum

239 3893 422 3972 quemdam,
432 3891 590 3953 communi
604 3891 743 3972 ipsorum
755 3904 906 3952 consensu
919 3907 991 3954 con-

238 3993 368 4064 ceptum
390 3992 422 4046 et
447 3985 613 4062 utriusque
638 3982 865 4063 subscriptione
889 3984 993 4060 signa·

238 4084 312 4140 tum
334 4078 422 4140 nobis
450 4076 652 4152 obtulerunt,
679 4076 712 4136 in
741 4091 803 4155 quo
830 4075 990 4152 sigillatim

238 4172 484 4234 continebantur
512 4170 715 4230 materiarum
737 4185 792 4231 seu
819 4170 989 4246 gratiarnm

238 4265 479 4344 apostolicarum
507 4279 638 4340 genera:
664 4263 764 4341 primo
793 4263 922 4341 quidem
943 4279 991 4324 ea-

240 4375 326 4433 rum,
349 4373 482 4436 quarum
504 4357 735 4435 expeditionem
749 4355 785 4417 ad
807 4357 920 4420 dictam
937 4356 990 4420 Se·

238 4456 404 4513 cretariam
426 4450 575 4512 Brevium
601 4448 798 4512 secretorum
821 4449 988 4528 privative:

238 4547 378 4608 secundo
390 4559 509 4618 earum,
523 4559 655 4622 quarum
671 4543 912 4622 expeditionem,
927 4551 989 4604 tam

239 4640 276 4700 ad
298 4638 395 4716 ipsam
418 4635 636 4711 secretariam,
659 4651 751 4714 quam
775 4635 811 4695 ad
837 4636 990 4698 Datariam

239 4729 449 4809 apostolicam
471 4729 662 4807 promiscue3
686 4728 778 4790 tertio
797 4729 926 4790 demum
942 4744 991 4790 ea·

240 4839 325 4898 rum,
348 4837 483 4900 quarum
505 4821 736 4901 expeditionem
758 4820 794 4881 ad
816 4821 913 4898 ipsam
934 4821 989 4882 lla-

242 4916 352 4979 cariam
359 4917 515 4996 privative
525 4923 664 4993 spectare
677 4913 788 4976 debere
799 4914 990 4976 convenien-

241 5009 304 5070 tius
325 5008 513 5071 iudicarunt.

78 5109 224 5170 selinon:-
282 5102 352 5178 §5-
376 5101 470 5162 Porro
492 5100 704 5163 concessiones
719 5107 750 5160 et
773 5100 899 5176 gratiae,
915 5115 989 5178 qua-

67 5168 126 5208 lliflllh
140 5178 176 5222 per
188 5169 224 5214 Se.

67 5221 155 5264 cinq„
171 5223 224 5267 nm.
242 5212 313 5258 rum
325 5195 492 5274 expeditio,
506 5195 589 5254 iuxta
602 5193 795 5271 praedictum
810 5193 987 5268 elenchum,

67 5271 108 5312 :inu
121 5273 224 5326 privative

66 5323 180 5374 eiqdirnda.

242 5287 433 5352 Secretariae
453 5287 601 5348 Brerium
623 5295 816 5349 secretorum
834 5285 989 5364 privative

243 5381 405 5455 tribuitur,
422 5379 496 5442 tales
510 5387 599 5441 sunt:
624 5379 730 5441 altaria
751 5377 922 5455 portatilia:
946 5376 987 5439 al·

242 5473 317 5535 taria
333 5473 542 5552 privilegiata:
566 5472 780 5534 concessiones
796 5471 916 5533 habitus
931 5471 989 5534 mi·

242 5565 326 5628 litiae
347 5566 471 5628 Domini
499 5564 604 5628 Nostri
625 5565 692 5626 lesu
719 5563 844 5637 Christi,
872 5570 925 5625 aut
946 5562 987 5624 al-

242 5660 339 5721 terius
360 5660 493 5721 militiae
520 5658 644 5720 similis:
669 5657 865 5718 avocationes
887 5671 988 5716 causa·

239 5768 324 5828 rom,
341 5761 371 5814 et
387 5753 595 5814 extinctiones
607 5749 724 5811 litium:
743 5747 988 5810 abbreviatoriae

239 5846 516 5908 nunciaturarum:
540 5843 659 5907 indulta
685 5841 840 5920 gaudendi
861 5839 986 5918 privile-

239 5939 291 6015 gio
310 5939 503 6002 antianitatis
523 5954 580 6018 pro
601 5937 752 6004 advocatis
767 5933 986 5996 consistoriali-

1054 1105 1243 1168 monastecio
1264 1105 1297 1167 in
1329 1105 1436 1168 habitu
1463 1107 1630 1168 saeculari:
1660 1107 1798 1186 capiendi

1053 1197 1277 1275 possessionem
1307 1199 1437 1260 nomine
1468 1199 1629 1262 Gamerae:
1653 1201 1797 1262 vescendi

1053 1290 1232 1367 prohibitis:
1257 1291 1362 1353 brevia
1391 1290 1567 1354 facultativa
1592 1292 1714 1369 magnis
1736 1307 1800 1353 ma-

1053 1381 1156 1458 gistris
1178 1383 1342 1445 cuiuslibet
1362 1383 1480 1446 ordinis
1501 1385 1653 1462 equestris
1673 1385 1722 1447 vel
1742 1384 1799 1446 mi-

1053 1473 1152 1536 litiae:
1176 1475 1407 1537 henedictiones
1433 1493 1578 1554 agrorum
1606 1487 1713 1541 contra
1733 1478 1799 1539 ani·

1053 1567 1144 1628 malia
1165 1568 1291 1630 nociva:
1315 1570 1578 1634 commutationes
1607 1570 1797 1632 voluntatis:

1052 1661 1507 1724 confirmationesdecretorom
1520 1664 1798 1742 congregationum

1051 1759 1082 1814 et
1110 1753 1273 1816 literarum
1302 1755 1475 1832 patentium
1508 1755 1716 1831 Nuntiorum,
1745 1766 1799 1822 aut

1051 1843 1239 1922 Legatorum
1271 1845 1358 1909 Sedis
1388 1846 1596 1924 spostolicae:
1626 1859 1796 1912 commuta-

1052 1939 1153 2000 tiones
1168 1937 1257 2000 otlicii
1273 1938 1372 2001 divini
1388 1939 1420 2001 in
1435 1940 1509 2001 alias
1525 1957 1646 2020 preces:
1670 1945 1799 2006 creatio-

1052 2047 1107 2093 nes
1128 2031 1161 2093 in
1191 2031 1389 2108 generalem,
1412 2038 1466 2094 aut
1489 2033 1522 2095 in
1553 2034 1626 2096 alios
1656 2035 1799 2099 officiales

1051 2124 1222 2202 regulares:
1237 2124 1399 2187 clericatus
1415 2127 1574 2190 Gamerae:
1598 2129 1798 2192 admissiones

1050 2219 1084 2280 ad
1098 2218 1260 2296 privilegia
1275 2219 1419 2294 civitatis,
1436 2222 1531 2298 vulgo
1548 2221 1796 2285 Cittodioooze:

1050 2311 1263 2388 deputationes
1285 2311 1498 2374 coadiutorem
1513 2315 1546 2375 in
1562 2315 1668 2376 ciliciis
1683 2323 1715 2377 et
1729 2331 1797 2380 mu-

1051 2403 1178 2466 neribus
1189 2403 1409 2466 saecularibus:
1428 2408 1725 2470 communicationes
1736 2409 1799 2487 pri-

1050 2495 1237 2572 vilegiorum
1259 2504 1290 2557 et
1320 2497 1603 2574 indulgentiarum:
1634 2502 1798 2564 confirma-

1050 2586 1149 2649 tiones
1171 2585 1358 2649 electionum
1380 2603 1597 2666 personarum,
1611 2607 1675 2654 nou
1692 2601 1798 2655 tamen

1049 2693 1141 2756 super
1164 2695 1198 2740 re
1209 2679 1418 2742 beneficiaria:
1442 2683 1613 2745 creationes
1635 2685 1798 2761 magistro-

1048 2785 1136 2845 rum,
1169 2771 1314 2833 abbatum
1344 2778 1374 2832 et
1407 2772 1540 2836 aliorum
1574 2776 1794 2852 graduatorum

1049 2863 1256 2940 regularium:
1281 2864 1514 2928 commissiones
1539 2876 1646 2930 contra
1674 2870 1798 2949 Episco-

1048 2971 1120 3033 pos:
1144 2955 1387 3034 dispensationes
1415 2973 1510 3037 super
1538 2959 1660 3024 defectu
1688 2962 1796 3024 aetatis

1049 3049 1198 3110 tredecim
1220 3050 1388 3125 mensium,
1411 3051 1460 3112 vel
1483 3051 1612 3115 alterius
1634 3057 1794 3133 temporis,

1048 3143 1083 3204 ad
1094 3142 1240 3206 eflectum
1255 3145 1443 3223 suscipiendi
1459 3147 1601 3208 ordines:
1620 3149 1798 3212 declaratio·

1047 3251 1103 3298 nes
1123 3235 1257 3314 capellae
1285 3236 1440 3314 publicae:
1469 3239 1686 3315 derogationes
1710 3241 1795 3304 fidei-

1047 3329 1299 3391 commissorum:
1317 3331 1508 3392 doctoratus:
1525 3331 1740 3408 depurationes
1761 3336 1796 3396 fr·

1046 3419 1347 3496 deicommissornm,
1357 3422 1566 3500 visitatorum,
1580 3424 1793 3504 collectorum,

1046 3515 1224 3577 auditorum
1252 3523 1283 3576 et
1309 3516 1505 3577 notariorum
1538 3519 1792 3584 nuntiaturarum

1047 3613 1078 3668 et
1098 3607 1230 3668 aliorum
1248 3607 1417 3669 similium:
1441 3610 1687 3688 dispensationes
1701 3629 1794 3692 super

1047 3700 1189 3777 bigamia,
1213 3706 1266 3762 aut
1292 3701 1352 3762 alio
1371 3702 1466 3764 simili
1496 3703 1721 3781 impedimento
1742 3706 1795 3768 ob-

1045 3792 1176 3855 sistente
1197 3795 1368 3872 receptioni
1390 3796 1422 3858 in
1444 3797 1562 3859 Militiis
1576 3805 1608 3858 et
1629 3798 1794 3862 Ordinibus

1047 3885 1266 3963 Equestribus:
1292 3887 1434 3950 licentiae
1450 3892 1635 3954 concedendi
1651 3894 1731 3956 bona
1746 3911 1793 3956 ec·

1046 3978 1212 4042 clesiastica
1234 3981 1266 4042 in
1289 3980 1521 4060 emphyteusim
1547 3985 1582 4046 ad
1613 3993 1734 4066 tempus
1762 3995 1794 4049 et

1046 4073 1081 4134 ad
1104 4073 1227 4134 tertiam
1244 4075 1491 4152 generationem,
1504 4077 1674 4140 dummodo
1688 4087 1792 4143 tamen

1047 4181 1159 4240 canon,
1181 4175 1235 4228 aut
1261 4181 1372 4229 census
1394 4183 1534 4244 annuus,
1564 4187 1721 4234 summam
1742 4174 1793 4234 de·

1045 4274 1113 4320 cem
1134 4259 1316 4321 ducatorum
1337 4261 1403 4322 auri
1425 4263 1463 4324 de
1478 4261 1604 4324 camera
1619 4279 1683 4326 non
1705 4280 1792 4330 erce-

1046 4352 1107 4426 dat,
1131 4359 1223 4429 prout
1238 4353 1395 4432 reperitur
1406 4354 1440 4416 in
1451 4355 1597 4432 regestis:
1621 4359 1793 4422 erectiones

1046 4444 1279 4510 marchionatus
1294 4445 1327 4508 in
1343 4447 1565 4525 principatum,
1578 4459 1629 4512 aut
1646 4451 1792 4514 ducatum
1805 4458 1810 4466 '

1046 4537 1097 4599 vel
1116 4538 1314 4600 comitatum:
1339 4539 1513 4602 erectiones
1541 4529 1709 4619 montium,
1732 4545 1792 4606 col·

1046 4629 1200 4706 legionum
1216 4637 1246 4692 et
1263 4632 1492 4709 provinciarum
1514 4650 1569 4712 pro
1583 4636 1789 4712 regularibus:

1046 4721 1335 4786 dismembrationes
1372 4735 1587 4791 conventuum
1626 4731 1663 4793 ab
1691 4730 1791 4808 aliqua

1046 4815 1205 4892 provincia
1226 4818 1262 4880 ad
1283 4818 1431 4882 ellectum
1447 4822 1588 4898 erigendi
1609 4821 1718 4884 aliam:
1741 4839 1793 4886 oe·

1045 4915 1243 4970 eonomatus:
1275 4913 1446 4975 erectiones
1473 4915 1794 4979 archiconfraternita-

1046 5008 1115 5062 tum
1136 5016 1208 5062 cum
1229 5002 1374 5066 laenitate
1402 5008 1609 5084 aggregandi:
1631 5007 1792 5082 facultates

1045 5094 1301 5158 universitatibus
1323 5098 1517 5161 studiorum:
1541 5099 1701 5162 facultates
1722 5101 1791 5181 Epi·

1043 5187 1142 5266 scopis
1168 5189 1356 5268 suscipiendi
1388 5205 1504 5254 munus
1532 5195 1788 5257 consecrationis:

1045 5278 1189 5342 licentiae
1209 5284 1421 5360 patrocinandi
1446 5286 1480 5348 iu
1503 5287 1600 5347 causis
1626 5286 1788 5350 civilibus:

1045 5374 1201 5437 retinendi
1223 5377 1371 5440 famulam
1393 5379 1425 5441 in
1441 5381 1643 5442 monasterio:
1666 5379 1790 5443 faculta-

1044 5472 1090 5527 tes
1111 5467 1328 5531 ahsolvendia
1356 5472 1475 5534 casibus
1507 5474 1687 5536 reservatis:
1717 5475 1791 5536 reti·

1044 5559 1140 5622 nendi
1160 5577 1283 5626 sacrum
1303 5563 1407 5627 oleum
1429 5567 1626 5630 intirmorum
1648 5574 1680 5629 et
1694 5584 1790 5630 asser·

1044 5653 1137 5716 randi
1148 5656 1378 5720 sanctissimum
1391 5659 1598 5720 Eucharistiae
1610 5659 1789 5723 Sacramen-

1046 5754 1131 5808 tum:
1169 5747 1330 5812 facultates
1363 5753 1394 5815 S·
1421 5753 1458 5814 ll.
1485 5753 1520 5814 E.
1556 5751 1787 5829 cardinalium,

1043 5843 1250 5920 Legatorum,
1285 5846 1478 5910 Nuntiorum
1505 5855 1537 5908 et
1566 5847 1788 5926 Episcoporum

1043 5937 1199 6016 pontificio
1220 5938 1297 6003 solio
1312 5942 1538 6005 assistentium:
1562 5940 1724 6004 facultates
1744 5957 1788 6002 as·
