4828 6990
123 533 167 584 Iu.
180 531 206 581 c.
225 523 292 578 1749

155 957 176 1004 Si
195 953 250 1012 quis
268 952 304 998 il-

110 1013 153 1058 taro
168 1013 305 1054 contemna-

110 1079 131 1112 re
145 1071 305 1124 pmcsumpse-

16 1147 18 1162 ι
110 1114 305 1170 ritiontilictde·

110 1171 210 1218 nuntiari
229 1179 305 1226 prae-

109 1225 194 1282 cipitur.

135 2925 309 2971 Praesentium

104 2980 206 3040 executio
233 2979 310 3026 oroi-

105 3034 172 3078 narns
195 3033 310 3078 deman-

106 3088 172 3132 tatur.

139 5365 283 5412 Exordium.

952 533 1148 583 beneolentis
1169 535 1234 582 XIV.

321 658 462 732 statutis,
489 657 534 720 uti
571 674 609 718 ex
629 672 779 733 responso
806 661 889 733 patet
921 653 1064 717 Clemen-

323 751 362 813 tis
394 751 442 813 III.
475 751 715 830 praedecessoris
748 749 845 811 nostri
873 749 908 810 ιἰι
939 763 1006 825 cop.
1040 747 1066 810 A

322 842 413 907 cobis
423 846 466 905 21
483 844 518 906 de
532 843 699 908 Sententia
711 841 1065 905 cacommcoicationia,

323 938 370 1000 Ne
391 955 465 1001 vero
481 939 518 1002 ab
534 939 711 1002 huiusmodi
733 937 931 1001 immunitate
953 935 1066 1013 aliquid

323 1032 398 1094 mali
420 1034 588 1108 exoriatur,
604 1033 749 1096 volumus
770 1038 801 1095 et
823 1029 1016 1103 mandamus,
1033 1035 1068 1090 ιιι

323 1127 349 1187 si
369 1126 534 1205 aliquando
555 1127 732 1204 contigerit,
749 1119 830 1204 quo'd
844 1125 988 1187 loturum
1003 1137 1066 1183 non

323 1219 492 1295 credimus,
504 1227 539 1283 ut
554 1235 664 1284 eorum
685 1220 792 1299 aliqui,
804 1235 880 1297 quos
900 1232 1067 1296 suprame-

324 1313 532 1384 moravimus,
554 1312 590 1375 ad
618 1313 804 1375 monasteria
831 1310 1014 1373 menlatium
1036 1325 1068 1370 sa

323 1407 485 1470 conterant
495 1414 525 1469 at
541 1421 613 1470 cum
625 1408 662 1468 iis
673 1405 815 1486 Episcopi
830 1407 949 1466 iniussu
964 1411 1067 1480 agant,

324 1501 532 1578 infringentes
554 1501 749 1578 synodorum
770 1499 954 1573 sanctiones,
976 1506 1068 1575 atqua

325 1595 547 1674 Episcoporum
569 1596 678 1669 edicta,
695 1594 851 1664 volumus,
874 1593 1015 1670 inquam,
1037 1598 1080 1652 et

325 1689 526 1768 imperamus,
548 1697 584 1751 ut
605 1688 745 1767 Episcopi
768 1703 823 1750 nos
851 1694 903 1749 aut
931 1687 1067 1762 Congre-

325 1783 483 1860 gatIonem
496 1782 716 1861 Episcoporom
738 1787 768 1844 et
789 1782 991 1858 {tegolariam
1005 1795 1069 1842 cer-

326 1877 439 1938 tiorem
459 1876 582 1950 iaciant,
606 1884 641 1937 ut
661 1875 762 1954 ailqua
784 1877 904 1938 ratione
930 1882 1069 1938 contam-

325 1979 375 2050 pta
391 1971 568 2050 episcopalis
579 1973 742 2034 auctoritas
757 1971 948 2047 vindicatnr3
971 1985 1070 2048 eoque

326 2065 473 2127 libentius
504 2065 682 2127 huiusmodi
716 2063 881 2128 consilinm
912 2062 1070 2142 amplecti-

326 2175 408 2235 mur,
431 2159 512 2237 quod
535 2158 940 2237 idemapraedecessoribus
957 2159 1070 2220 nostris

326 2255 487 2316 decretum
506 2253 666 2327 novimus,
695 2253 817 2331 quoties
837 2253 874 2314 ab
901 2251 1071 2316 ordinariis

326 2347 472 2408 adversus
494 2361 640 2423 personas
661 2345 830 2420 immunes,
846 2352 877 2408 et
899 2343 970 2408 Sedi
991 2345 1072 2423 hpo-

325 2438 450 2502 stolicae
470 2438 648 2500 immediata
662 2437 824 2512 subiectas,
840 2438 1070 2517 procedendum

326 2532 383 2609 sit;
399 2531 527 2594 Ioannes
538 2531 633 2595 XXII.
649 2531 684 2593 ιἰι
699 2547 767 2610 cop.
783 2532 859 2595 Com
871 2530 1070 2604 Matthaeus,

329 2626 365 2688 de
386 2626 567 2698 haereticis,
591 2626 626 2686 tn
649 2627 829 2704 Eatrovoq.
856 2641 947 2696 com,
970 2626 1070 2702 Euge·

329 2717 1072 2798 mmmmfflmmmmm

330 2814 508 2892 Eoetroooq.
532 2828 609 2874 com.

367 2907 436 2982 §a
461 2907 540 2969 llaec
570 2914 655 2981 sunt,
684 2922 764 2984 quae
784 2923 799 2966 a
822 2907 909 2968 nobis
936 2906 1072 2970 facienda

329 3017 394 3063 assa
415 3001 577 3075 duximus,
599 3008 689 3062 tuum
711 3016 796 3062 nunc
820 3008 865 3062 est
886 3001 1072 3064 venerabilis

329 3094 435 3168 Iratar,
460 3095 537 3155 hanc
558 3093 720 3172 epistolam
742 3101 879 3155 nostram
900 3095 933 3156 in
949 3095 1073 3157 Cancel-

328 3188 400 3249 laria
423 3195 475 3249 tua
502 3187 669 3263 dIIIgenter
693 3202 833 3262 servare,
857 3203 987 3267 eamque
1008 3203 1072 3250 me-

328 3281 409 3356 liori,
431 3297 492 3359 qua
513 3281 612 3354 decet,
625 3278 723 3340 torma
740 3280 947 3358 promulgare,
960 3282 1071 3362 iisque,

328 3374 362 3436 ad
386 3390 463 3453 quos
485 3374 630 3452 pertinet,
647 3373 794 3449 indicere,
812 3375 940 3453 elusquo
961 3391 1072 3439 execu-

329 3469 447 3529 tionem
469 3481 650 3544 procurare:
678 3482 711 3527 ac
733 3465 960 3530 fraternitatem
988 3477 1073 3534 tuam

328 3562 360 3623 in
382 3561 514 3624 Domino
536 3559 768 3638 amplectentes,
785 3559 840 3620 tibi
862 3568 894 3623 et
915 3564 1002 3640 gregi
1017 3565 1074 3627 tibi

328 3656 446 3718 credito
466 3653 661 3732 apostolicam
693 3653 939 3716 benedictionem
961 3657 1072 3736 imper·

332 3749 438 3810 timor.

369 3831 480 3904 batum
508 3841 639 3914 Romae,
665 3840 744 3918 apud
774 3839 805 3904 S.
829 3842 953 3905 llarIam
982 3847 1074 3908 biuio-

329 3935 477 4010 ram,sub
499 3933 615 3995 annulo
638 3933 807 4008 Piscatoris,
821 3935 871 3997 die
885 3950 974 3999 xxxi.
993 3947 1074 4004 octo·

329 4031 391 4093 bris
412 4043 604 4102 uoccxtrx,
626 4025 735 4106 pontii.
759 4029 858 4090 nostri
879 4045 961 4093 anno
984 4049 1015 4094 x.

663 4407 739 4472 cix.
798 4393 802 4402 '

332 4595 504 4676 Collegium
515 4595 676 4658 Illic-icam
693 4594 727 4655 in
742 4595 876 4658 ciuitate
887 4597 1074 4659 Locretoao

369 4707 389 4752 o
422 4688 573 4768 Gregorio
609 4689 694 4752 XIII.
728 4688 940 4763 institutum,
974 4703 1074 4751 ercem-

368 4789 501 4860 ptumo
528 4779 693 4860 quibusvis
726 4779 854 4843 iuribus
880 4780 1078 4860 parochiali·

370 4872 427 4936 bas
450 4873 590 4936 decernit
612 4878 642 4934 et
663 4872 883 4954 declarati).

502 5041 743 5111 cantoratus
760 5042 819 5111 ΡΡ.
835 5043 905 5112 ltili.

451 5166 486 5235 ad
509 5171 681 5250 perpetuen
707 5167 751 5232 rai
772 5166 953 5233 nemoriani.

372 5346 451 5409 Cum
471 5345 551 5407 sIcut
566 5343 749 5423 accepimus,
762 5345 879 5406 dudum
893 5343 943 5406 iel.
955 5343 1073 5405 record.

331 5439 499 5517 Gregorius
520 5439 597 5516 Papa
625 5437 703 5500 xlii.
732 5436 944 5514 praedecessor
972 5444 1077 5499 noster

331 5533 530 5596 miseratione
551 5539 652 5594 tantae
665 5530 767 5608 gentis
782 5530 956 5607 Collegium
978 5530 1078 5609 Illyri-

372 5804 403 5860 ιι)
418 5805 455 5848 Ex
469 5802 608 5850 tabulario
622 5805 682 5860 hyp.
699 5805 728 5847 R.
744 5807 813 5850 com.
828 5807 874 5860 hp.

372 5873 403 5926 (a)
419 5871 467 5915 Lit.
483 5870 581 5916 Urbani
595 5873 657 5915 VIII.
673 5873 730 5915 Zeto
744 5874 841 5914 doinus
855 5869 1076 5925 Dei.videvol.1.,

332 5947 390 5994 pag.
404 5939 444 5992 ’τις
460 5937 554 5982 literas
569 5947 630 5981 varo
648 5939 722 5992 drag.
738 5939 812 5992 xvii,
827 5937 922 5994 quibua
937 5936 1076 5992 collequm

1123 671 1214 718 canae
1235 656 1408 721 iuventutis
1424 657 1595 721 incivitate
1617 666 1692 723 tunc
1704 677 1770 735 sua,
1783 676 1867 724 nunc

1124 757 1239 826 nostra,
1249 751 1420 846 Lauretapa
1431 753 1515 815 illius
1527 753 1739 816 sacrosanctae
1752 753 1866 817 Danaus

1122 845 1325 921 proventibus
1351 845 1495 922 alendae,
1526 847 1677 925 bonisque
1697 848 1814 910 artibus
1835 858 1867 910 et

1123 937 1290 1016 disprIinis
1312 939 1532 1014 iustituandae,
1548 941 1684 1018 praefixo
1699 948 1775 1004 tunc
1789 950 1875 1004 tem·¹

1123 1031 1206 1108 poris
1227 1046 1360 1093 numero
1375 1031 1411 1093 ad
1434 1033 1563 1110 triginta
1578 1033 1786 1097 adolescentes
1800 1049 1866 1097 are-

1122 1122 1218 1185 xisset
1228 1131 1259 1186 at
1270 1125 1465 1201 instituisset,
1479 1133 1509 1187 at
1519 1126 1651 1190 subinde
1662 1127 1754 1190 recol.
1768 1145 1863 1190 mam.

1123 1215 1265 1280 Urbanus
1280 1219 1357 1298 Papa
1372 1218 1448 1281 VIII.
1463 1220 1570 1282 itinero
1585 1223 1797 1300 praedecessor
1813 1240 1867 1286 no-

1122 1315 1187 1371 ster
1209 1326 1280 1372 cum
1312 1311 1399 1390 pium
1426 1329 1501 1390 opus
1533 1313 1722 1392 praedictum
1751 1317 1868 1396 aliquot

1124 1410 1191 1480 post
1206 1405 1302 1466 annis
1323 1406 1505 1482 quibusdam
1527 1407 1679 1470 decausis
1701 1410 1867 1472 admodum

1124 1494 1329 1560 imminutum
1359 1499 1454 1562 luisse
1484 1499 1606 1562 redacto
1637 1495 1674 1562 ad
1705 1503 1868 1566 duodecim

1125 1596 1247 1652 tantum
1285 1591 1427 1654 alumnos
1459 1593 1703 1658 adolescentium
1738 1597 1867 1658 Romam

1125 1683 1258 1745 Laureto
1281 1686 1500 1748 translatorum
1523 1702 1671 1763 numero,
1694 1687 1868 1752 Lauretano

1124 1773 1249 1853 penitus
1277 1778 1432 1854 extincto,
1466 1779 1545 1842 banc
1573 1775 1807 1846 translationeni
1837 1791 1868 1846 et

1125 1869 1251 1931 numeri
1266 1869 1465 1934 alumnorum
1487 1873 1744 1954 imminutionem
1759 1879 1791 1939 in
1806 1893 1870 1941 ma·

1125 1961 1247 2025 nimum
1277 1961 1427 2027 damnum
1455 1965 1526 2026 lidei
1550 1966 1584 2028 in
1612 1967 1673 2030 illis
1702 1971 1869 2048 provinciis

1124 2056 1291 2134 contigIsse
1305 2065 1386 2120 carta
1401 2059 1528 2123 scicntia
1540 2061 1745 2139 cognovisset,
1762 2065 1797 2126 ao
1813 2065 1880 2126 ιιιι-Ι

1125 2149 1258 2212 iusmodi
1279 2167 1355 2229 opus
1381 2151 1500 2214 dictum
1521 2151 1687 2230 collegium
1709 2157 1742 2217 in
1767 2159 1870 2236 pristi-

1126 2258 1203 2304 num
1217 2250 1260 2318 et,
1279 2253 1431 2323 quantum
1448 2246 1514 2307 lieri
1531 2255 1642 2325 posset,
1660 2248 1692 2310 in
1708 2251 1869 2315 meliorem

1126 2343 1241 2399 statum
1263 2338 1493 2401 restituendum
1514 2348 1545 2402 et
1567 2345 1784 2408 renovandum
1805 2348 1871 2410 ani-

1125 2445 1211 2491 mum
1233 2446 1325 2492 suum
1350 2433 1566 2509 convertisset,
1590 2436 1780 2512 praadIctum
1803 2439 1870 2502 Col·

1126 2522 1245 2599 legium
1266 2524 1298 2585 in
1325 2525 1403 2587 dicta
1431 2525 1554 2589 civitate
1579 2526 1761 2608 Lauretana,
1784 2549 1870 2612 prae·

1125 2616 1250 2694 scriptio
1273 2633 1406 2681 numero
1425 2619 1638 2698 alumnorum,
1654 2639 1687 2686 ac
1702 2623 1800 2687 forma
1815 2644 1871 2706 pro

1126 2708 1188 2770 illis
1209 2709 1403 2788 recipiendis,
1420 2713 1457 2774 de
1479 2728 1560 2775 novo
1575 2717 1710 2779 erexerit
1731 2725 1763 2780 et
1786 2719 1873 2782 iusti-

1127 2802 1237 2878 tuerit,
1265 2819 1299 2864 ac
1325 2805 1426 2867 aldem
1452 2805 1607 2884 Collegio,
1629 2809 1819 2875 scholaribus
1840 2821 1872 2875 et

1126 2897 1308 2973 rectoribus,
1323 2914 1381 2960 nec
1402 2915 1467 2961 non
1488 2901 1745 2977 gubernatoribus
1767 2923 1799 2968 ac
1813 2907 1871 2968 mi·

1128 2991 1243 3066 nistris,
1259 2999 1295 3052 ut
1308 2992 1555 3074 quibuscumque
1570 2995 1752 3074 privilegiis
1768 3014 1871 3062 exem-

1127 3087 1295 3166 ptionibus,
1325 3087 1518 3150 libertatibus
1539 3098 1569 3151 at
1593 3089 1733 3168 indultis,
1756 3093 1870 3172 quibus

1127 3183 1264 3244 studium
1286 3181 1431 3258 generale
1444 3183 1542 3245 almae
1556 3184 1640 3246 urbis
1655 3195 1779 3248 nostrae
1794 3196 1824 3250 et
1836 3189 1874 3250 il·

1126 3274 1187 3338 lius
1204 3283 1305 3339 rector
1322 3276 1523 3356 doctoresque
1542 3277 1574 3339 in
1590 3294 1626 3340 co
1637 3279 1787 3357 legantes
1800 3283 1872 3343 alia·

1128 3382 1189 3448 que
1210 3369 1338 3447 collegIa
1359 3387 1628 3450 quarumcumque
1656 3375 1819 3437 nationum
1842 3385 1873 3439 et

1128 3464 1291 3526 seminaria
1307 3472 1369 3526 tam
1392 3465 1424 3526 in
1446 3467 1554 3527 eadem
1574 3466 1658 3528 Urba
1678 3484 1771 3546 quarn
1785 3477 1872 3532 extra

1128 3557 1213 3619 illam
1235 3572 1290 3636 per
1310 3557 1464 3619 Romanos
1485 3558 1648 3622 Pontifices
1662 3563 1872 3640 praedecesso·

1129 3667 1177 3712 res
1198 3667 1269 3714 suos
1296 3651 1437 3714 instituta
1460 3653 1644 3728 utebantur,
1672 3645 1873 3732 pellebantur

1128 3753 1159 3807 et
1180 3745 1364 3822 gaudebant,
1378 3761 1412 3807 ac
1426 3745 1484 3820 uti,
1497 3747 1588 3825 potiri
1603 3756 1634 3810 et
1649 3747 1784 3824 gaudere
1798 3767 1873 3829 quo·

1129 3838 1297 3900 modolibet
1317 3846 1441 3918 possent
1462 3839 1496 3900 in
1517 3838 1675 3918 loturum,
1691 3858 1755 3905 non
1770 3843 1872 3907 solum

1128 3934 1164 3995 ad
1186 3948 1296 3994 eorum
1324 3933 1434 4009 instar,
1461 3933 1514 3994 sad
1536 3949 1633 4013 aeque
1662 3936 1873 4016 principaliter

1129 4033 1159 4088 et
1180 4025 1390 4105 pariformiter
1411 4026 1444 4089 in
1471 4028 1615 4090 omnibus
1637 4038 1667 4091 et
1693 4047 1748 4110 per
1768 4033 1873 4094 omnia

1128 4121 1191 4196 uti,
1220 4120 1295 4196 lrui,
1321 4128 1352 4182 et
1381 4122 1517 4198 gaudere
1544 4122 1663 4186 valeret
1692 4127 1873 4188 auctoritate

1129 4214 1280 4295 praedicta
1302 4214 1465 4276 indulserit
1485 4232 1520 4277 ac
1540 4217 1826 4296 communicaverit,
1842 4227 1874 4282 et

1128 4308 1201 4370 alias
1221 4315 1314 4386 prout
1334 4308 1367 4368 in
1389 4307 1530 4385 Gregorii
1557 4325 1591 4372 ac
1612 4310 1727 4373 Urbani
1748 4315 1875 4391 praede·

1128 4417 1286 4464 cessorum
1307 4401 1535 4480 praedictorum
1557 4402 1654 4466 literis
1675 4406 1733 4468 sub
1746 4407 1874 4485 plumbo
1903 4455 1906 4462 .

1128 4496 1289 4577 expeditis,
1306 4512 1439 4574 quarum
1452 4505 1575 4560 tenores
1590 4499 1802 4577 praesenthus
1818 4517 1874 4580 pro

1129 4606 1273 4670 expresso
1287 4589 1393 4664 haberi
1414 4590 1570 4667 volumus,
1587 4592 1714 4656 uberius
1734 4595 1875 4659 contina-

1130 4692 1181 4746 tur
1202 4682 1259 4763 (ab

1169 4781 1188 4854 5
1211 4780 1238 4839 I.
1261 4780 1340 4843 Hinc
1361 4786 1419 4855 est,
1442 4785 1524 4858 quod
1546 4797 1601 4843 nos
1622 4782 1723 4844 eidam
1746 4782 1874 4862 collegio
1906 4812 2107 4870 egregium.

1893 4865 1941 4911 mit
1965 4877 1981 4911 a
2003 4867 2105 4915 Iuribus

1894 4919 2089 4975 parochialibus.

1129 4874 1293 4954 specialem
1319 4874 1450 4951 gratiam
1475 4873 1575 4938 iacere
1596 4876 1754 4954 volentes,
1784 4884 1873 4941 motu

1129 4969 1265 5050 proprio,
1278 4985 1310 5031 ac
1332 4984 1370 5029 ex
1386 4975 1468 5030 corta
1489 4969 1614 5030 scientia
1636 4979 1667 5033 et
1688 4980 1809 5034 matura
1824 4974 1874 5035 de·

1130 5062 1313 5125 liberatione
1334 5060 1458 5137 nostris,
1475 5061 1574 5140 daque
1589 5065 1769 5142 apostoIIcae
1790 5073 1876 5143 pote-

1130 5156 1216 5218 statis
1244 5155 1460 5234 planitudine,
1489 5156 1656 5233 collegium
1685 5157 1875 5238 praedictum

1130 5250 1258 5330 eiusque
1279 5249 1453 5326 collegiales
1478 5266 1512 5311 ac
1532 5250 1692 5312 ministros
1712 5268 1729 5311 a
1751 5252 1875 5331 quibus-

1130 5343 1177 5404 vis
1199 5343 1317 5404 inribus
1339 5341 1561 5420 parochialibus
1585 5350 1768 5424 exemptum
1791 5355 1821 5408 et
1845 5364 1875 5408 e-

1131 5442 1271 5516 xemptos
1297 5452 1362 5497 esse
1390 5435 1588 5499 decernimos
1614 5445 1645 5500 et
1671 5439 1874 5516 declaramus,

1131 5538 1162 5592 et
1183 5530 1265 5593 idem
1286 5528 1454 5606 collegium
1475 5546 1509 5591 ac
1531 5545 1640 5593 omnes
1661 5539 1691 5593 et
1713 5547 1877 5610 quoscum·

1131 5802 1286 5848 institutum
1300 5799 1351 5846 tuit
1365 5799 1481 5845 nondum
1495 5797 1659 5854 invenimus;
1674 5799 1719 5844 sed
1733 5799 1757 5846 si
1770 5799 1877 5848 iuventa

1132 5870 1212 5914 IuerIt
1225 5869 1310 5914 lector
1323 5867 1350 5912 in
1364 5867 1505 5924 appendIce
1521 5867 1596 5922 legat.

1789 521 1846 586 2103
1896 521 1951 577 Ab.
1965 524 1995 578 (I.
2018 521 2086 578 1749
