4798 6978
958 569 1153 630 heraclonus
1175 571 1238 630 xlv.

326 697 404 760 titur
431 698 641 762 exactissimae
662 690 745 761 illius
773 699 970 778 diligentiae,
993 717 1072 779 quae

325 793 494 856 necessaria
516 802 573 868 est,
591 810 633 857 ne
653 792 766 872 aliqua,
782 803 835 857 aut
855 809 910 872 per
931 793 1071 857 lraudem

326 892 380 948 ant
409 903 464 966 per
494 887 666 964 inscitiam,
697 887 864 951 identidem
895 887 1072 950 inserantur

325 987 379 1042 aut
399 980 594 1057 adiiciantur,
606 995 684 1060 quae
699 981 731 1042 in
748 981 913 1060 primaevis
924 981 1071 1060 purisque

244 1115 253 1126 .
326 1073 514 1137 editionibus
535 1091 599 1138 non
614 1083 719 1152 erant:
742 1091 881 1154 quaeque
896 1074 1007 1136 deinde
1025 1090 1071 1135 re·

90 2111 307 2222 ehgtlrggeeqffiu-

131 2952 242 2998 Summa
261 2961 308 2997 eo-

93 3016 158 3068 rum,
177 3015 245 3063 quae
260 3005 308 3068 hec

92 3059 203 3115 epistola
224 3063 308 3105 contr—

93 3117 197 3160 nentur.

104 4461 308 4524 mqbolaglicor-

95 4519 181 4572 raclio,
193 4513 307 4572 quondo,

94 4567 243 4632 quibusque
276 4569 309 4616 tle

91 4633 177 4686 causm
196 4633 308 4680 primum

92 4679 222 4723 instituta

325 1169 452 1230 secanda
472 1183 572 1247 quum
585 1167 649 1230 sint
664 1174 716 1230 aut
730 1167 832 1246 aliquo
848 1167 939 1228 modo
955 1175 1071 1245 tempe·

325 1261 434 1336 tanda,
464 1269 565 1323 tractu
594 1261 743 1340 temporis
774 1275 894 1323 causam
926 1260 1070 1338 praebent

324 1353 527 1416 instituendis
542 1353 783 1418 correctionibus
798 1354 951 1432 novisque
964 1368 1071 1432 repur-

326 1447 403 1522 gatis
431 1447 638 1524 editionibus3
666 1448 928 1526 quemadmodum
950 1447 982 1508 in
1007 1447 1070 1526 ipsa

325 1555 449 1618 quoque
469 1539 570 1604 cccid.
602 1541 747 1616 Ecclesia,
766 1537 977 1620 'quantumvis
1000 1555 1071 1619 prae

325 1633 443 1697 crient.
475 1634 649 1698 minoribus
679 1635 823 1714 periculis
854 1635 991 1712 exposita
1019 1635 1069 1709 sit,

325 1728 464 1791 euenisse
480 1730 688 1807 dignoscitur:
712 1729 853 1808 quocirca
874 1728 963 1790 honr.
983 1743 1071 1805 saepe

325 1821 490 1885 Pontifices
504 1823 599 1886 coacti
617 1828 692 1886 sunt
707 1833 882 1902 opportune
896 1821 1070 1892 consulere,

325 1922 361 1977 ut
375 1915 833 1992 Missalia,llitualia,Breviaria
849 1925 879 1980 et
893 1914 1072 1994 blertyrolo-

326 2011 385 2089 gie¹
396 2010 637 2077 emendarentur
658 2016 689 2072 et
704 2011 848 2088 castigata
863 2010 988 2072 noviter
1002 2010 1071 2071 ede-

326 2111 449 2168 rentur.
472 2105 600 2179 Verum,
617 2106 697 2184 quod
719 2105 829 2166 attinet
850 2105 886 2166 ad
908 2103 1073 2166 correctio-

326 2215 401 2262 nem
429 2201 524 2262 uestri
556 2197 751 2275 Euchologii,
774 2199 873 2278 quod,
897 2207 931 2260 ul
956 2197 1072 2276 optime

327 2293 436 2369 nostis,
460 2292 540 2354 nihil
560 2291 641 2354 aliud
664 2299 720 2366 est,
744 2308 837 2370 quam
863 2290 1003 2352 collectio
1025 2305 1072 2351 ec·

326 2386 565 2450 olesiasticarum
601 2401 727 2464 precum
762 2391 854 2463 atque
886 2382 1072 2446 benedictio·

326 2497 417 2556 num,
438 2479 581 2558 ideoque,
603 2487 637 2542 ut
658 2478 786 2542 Goarius
807 2476 949 2556 explicat,
969 2476 1073 2539 Eccle-

324 2576 387 2638 siae
407 2581 529 2636 vestrae
555 2573 667 2636 rituale
688 2591 743 2636 seu
770 2573 930 2648 manuale,
953 2581 1006 2634 aut
1027 2587 1073 2631 sa-

325 2667 480 2730 cerdotale
502 2673 533 2729 et
554 2667 729 2746 pontificale
749 2668 910 2752 commode
925 2665 1072 2744 appellari

325 2773 442 2841 posset:
466 2762 527 2824 duo
548 2761 743 2839 potissimum
769 2761 816 2822 his
838 2760 952 2822 nostris
974 2758 1072 2820 literis

326 2855 442 2932 agenda
456 2854 661 2932 suscepimus:
680 2853 840 2914 historiam
852 2852 1004 2914 nimirum
1020 2867 1070 2913 en·

326 2963 444 3026 ponere
477 2947 676 3010 correctionis
710 2961 871 3024 novaeque
903 2945 1070 3020 editionis,

327 3057 406 3121 quae
426 3058 528 3120 nuper
542 3042 674 3121 perlecta
696 3041 773 3118 luit:
795 3049 826 3101 et
841 3040 958 3102 monita
980 3053 1071 3117 quae·

327 3135 396 3196 dam
420 3137 510 3199 latius
526 3135 689 3214 explicare,
701 3150 780 3212 quae
794 3135 825 3196 in
841 3133 937 3212 ipsius
952 3132 1071 3194 Euche-

328 3235 402 3312 logii
423 3231 578 3295 vestibulo
600 3236 774 3308 opportune
789 3229 959 3308 praeposita
979 3234 1068 3290 sunt:

325 3327 420 3391 dilato
441 3329 474 3388 in
496 3326 579 3388 aliud
610 3330 733 3402 tempus
758 3323 886 3386 consilio
914 3321 1071 3400 aperiendi

328 3421 425 3495 uobis,
440 3420 467 3482 si
481 3419 562 3481 Deus
583 3419 678 3480 vitem
700 3423 731 3479 et
753 3416 836 3478 vires
858 3415 946 3478 nobis
961 3414 1071 3490 largie-

326 3523 389 3590 tur,
412 3531 462 3577 res
482 3513 554 3574 alias
581 3512 755 3592 complures
779 3511 815 3572 ad
844 3509 1071 3586 Euchologium

326 3609 428 3688 ipsum
456 3606 664 3687 pertinentes,
695 3620 773 3683 quae
801 3619 859 3666 nec
889 3603 959 3665 satis
990 3611 1072 3664 recta

327 3701 539 3780 praesentibus
561 3698 659 3761 literis
681 3699 774 3760 nimis
795 3698 827 3758 in
850 3697 982 3773 longum
1003 3711 1072 3774 pro-

327 3794 484 3857 trahendis
506 3793 719 3854 insererentur
738 3797 769 3852 et
794 3791 996 3852 immodicum
1018 3805 1072 3850 no·

327 3889 374 3951 bis
394 3887 542 3949 alternent
562 3885 709 3959 laborem,
732 3885 823 3948 aetati
843 3893 965 3946 nostrae
985 3900 1073 3963 pror-

327 3999 379 4044 sus
400 3981 550 4054 alienum,
574 3994 631 4041 nec
652 3987 721 4056 apte
749 3978 979 4042 conciliandum
1000 3995 1071 4040 oum

326 4074 455 4153 reliquis
476 4073 584 4149 magni
606 4071 757 4134 momenti
778 4071 871 4147 curis,
896 4089 974 4151 quae
988 4088 1073 4134 nunc

326 4167 508 4248 praesertim
520 4181 575 4227 nos
597 4166 630 4227 in
650 4164 807 4244 apostolici
821 4166 988 4227 ministerii
1003 4182 1072 4244 pro-

326 4261 487 4324 curatione
501 4259 703 4322 circumstant
715 4265 745 4319 el
757 4276 773 4320 a
784 4259 896 4336 quibus
911 4274 967 4320 nos
982 4261 1072 4321 modo

326 4354 473 4434 expedire
493 4370 557 4416 uon
580 4368 751 4431 possumus.

366 4452 386 4528 ἓ
406 4451 436 4513 2.
460 4447 618 4526 Philippus
638 4446 692 4511 IV.
715 4447 931 4528 Hispaniarum
946 4450 1011 4510 Rex
1026 4464 1072 4510 ca·

327 4543 459 4604 thelicus
481 4542 505 4602 is
526 4539 596 4616 luit,
619 4541 672 4619 qui
693 4541 751 4603 sub
770 4558 889 4604 annum
911 4557 1069 4605 unoxrxr.

327 4637 432 4699 habito
452 4636 488 4698 ad
510 4635 713 4715 Apostolicam
738 4635 847 4698 Sedena
866 4651 1005 4711 recursu,
1021 4652 1072 4698 ex-

326 4730 440 4809 posuit,
464 4727 601 4792 delatum
628 4728 684 4791 sibi
706 4743 770 4790 esse
791 4745 807 4788 a
828 4728 950 4792 craecis
971 4729 1072 4792 Unitis

327 4822 455 4884 ditionis
480 4836 555 4884 suae
583 4826 679 4884 terras
707 4822 928 4898 incolentibus,
952 4822 1072 4885 editum

326 4915 420 4978 losse
441 4931 457 4975 a
478 4913 601 4977 craecis
621 4913 821 4976 schismaticis
846 4915 1073 4992 Euchologium

327 5009 469 5090 pluribus
489 5008 647 5070 erroribus
669 5009 824 5086 vitiatum,
847 5011 1003 5089 simulque
1024 5027 1073 5072 ro-

328 5102 424 5179 garit,
448 5106 483 5163 ut
504 5101 654 5177 absurdis,
670 5117 749 5179 quae
763 5101 836 5163 inde
857 5117 984 5164 manare
1006 5119 1074 5182 pos-

327 5204 417 5272 sent,
450 5197 633 5274 opportunis
662 5195 809 5258 remediis
844 5207 1070 5259 occurreretur.

328 5289 476 5352 Summus
488 5293 593 5350 autem
614 5287 757 5351 Pontilen
773 5289 913 5351 Urbanus
926 5288 1003 5352 lllll.
1013 5298 1073 5353 sta-

328 5384 387 5446 tim
408 5382 534 5460 cgregio
556 5382 641 5462 operi
662 5397 793 5445 manum
813 5383 962 5460 admovit,
980 5387 1074 5464 depu-

330 5483 390 5539 tata
411 5478 448 5540 ad
470 5474 652 5552 Euchologii
673 5475 900 5538 correctionem
927 5478 1073 5556 peculiari

330 5569 595 5648 congregatione,
617 5570 665 5632 cui
688 5577 720 5632 et
745 5571 810 5648 ipse
832 5571 967 5650 primum
996 5588 1074 5634 non·

329 5664 432 5728 nullos
456 5663 488 5726 S.
510 5665 546 5726 lt.
571 5663 606 5726 E.
637 5664 829 5741 cardinales,
860 5663 1073 5744 Romanaeque

330 5759 434 5826 curiae
459 5761 628 5842 praelatos,
658 5767 751 5840 atque
783 5760 940 5832 theologos
969 5760 1074 5838 magni

330 5856 479 5932 nominis,
493 5856 667 5935 adscripsit,
685 5862 717 5918 et
730 5856 804 5918 alios
815 5871 870 5936 per
880 5855 987 5918 orbem
999 5865 1075 5918 tunc

1794 558 1853 628 529
1903 561 1957 616 Aa.
1971 563 2002 618 c.
2023 551 2092 616 175ss

1127 708 1243 764 stantes
1263 703 1358 779 viros,
1374 701 1476 766 eidem
1498 700 1741 780 congregationi
1762 699 1873 764 adscri-

1128 796 1254 872 bendos,
1277 797 1405 859 Romam
1428 797 1546 860 accivit.
1569 797 1657 859 lnter
1676 795 1732 856 hos
1748 800 1873 857 uocatus

1128 889 1186 952 luit
1209 891 1368 968 dionysius
1384 890 1525 954 Petavius
1538 890 1700 968 presbyter
1714 889 1872 954 societatis

1127 983 1193 1047 lesu
1215 984 1247 1046 in
1269 983 1374 1048 Galliis
1395 985 1522 1061 degens,
1545 983 1598 1062 qui
1620 991 1724 1045 tamen
1746 982 1875 1046 iustissi·
1951 981 1955 993 '

1127 1093 1177 1139 ma
1199 1077 1322 1140 allectae
1350 1077 1457 1140 aetatis
1479 1077 1677 1140 excusatione
1706 1093 1780 1139 usus
1801 1075 1871 1152 luit,

1127 1186 1168 1233 ne
1188 1177 1316 1233 tantum
1337 1171 1398 1232 iter
1418 1170 1582 1250 arriperet,
1611 1179 1642 1233 et
1662 1171 1791 1233 loannes
1811 1169 1873 1230 lllo-

1127 1264 1216 1326 rinus
1237 1263 1382 1326 Gallicani
1408 1264 1539 1328 Oratorii
1567 1265 1740 1343 presbyter,
1763 1263 1817 1342 qui
1842 1269 1872 1324 et

1127 1356 1162 1417 ad
1184 1357 1299 1419 Urbem
1328 1356 1451 1420 accessit
1472 1365 1503 1419 et
1525 1357 1664 1436 pluribus
1689 1357 1874 1420 sessionibus

1126 1450 1280 1527 interluit,
1297 1450 1330 1512 in
1352 1451 1463 1530 quibus
1485 1450 1582 1513 multa
1597 1451 1676 1513 scitu
1698 1451 1790 1526 digna
1805 1466 1875 1528 pro-

1128 1544 1211 1621 tulit,
1235 1546 1271 1607 ad
1293 1561 1359 1606 rem
1381 1551 1465 1607 recte
1493 1543 1718 1608 instituendam
1739 1543 1874 1619 dirigen-

1127 1639 1260 1717 damque
1282 1640 1516 1718 opportuna,de
1530 1639 1643 1717 quibus
1663 1638 1736 1701 alibi
1756 1653 1875 1700 sermo·

1127 1745 1201 1792 nem
1221 1731 1413 1794 habebimus.

1167 1824 1186 1898 ἓ
1206 1825 1235 1885 3.
1260 1821 1425 1886 Summum
1447 1823 1584 1904 prolecto
1605 1824 1743 1887 studium
1759 1841 1792 1887 ac
1806 1824 1873 1888 dili·
1952 1827 2106 1924 Quantos&

1128 1916 1265 1993 gentiam
1287 1918 1320 1978 in
1350 1919 1567 1980 demandatum
1588 1918 1646 1979 sibi
1668 1934 1744 1998 opus
1765 1933 1873 1980 contu·
1892 1875 2051 1978 ῗιῗιῗᾶοιῗιῗῗ
2080 1935 2106 1977 es

1127 2010 1233 2074 lerunt
1254 2011 1287 2086 ii,
1310 2013 1363 2090 qui
1391 2013 1669 2090 congregationem
1691 2012 1728 2074 ab
1749 2013 1873 2075 Urbano
1892 1987 1983 2084 {333³ss
1996 1987 2103 2086 :ffisrff'

1128 2105 1276 2168 Porttilice
1287 2105 1464 2184 deputatam
1480 2107 1727 2183 constituebant:
1750 2122 1874 2170 eorum·

1128 2214 1188 2277 que
1209 2215 1297 2260 curas
1317 2205 1409 2278 atque
1439 2198 1557 2262 labores
1579 2201 1682 2262 innuit
1711 2200 1772 2262 Leo
1794 2201 1874 2262 Alla-

1128 2293 1201 2366 tius,
1224 2309 1322 2370 quum
1344 2294 1382 2356 de
1410 2309 1517 2370 graeco
1547 2293 1737 2370 Euchologio
1757 2309 1873 2356 sermo-

1128 2401 1201 2447 nem
1223 2386 1352 2462 habens,
1375 2387 1415 2448 ita
1440 2387 1579 2466 scripsit:
1603 2387 1647 2449 Dc
1673 2385 1754 2450 libro
1775 2387 1873 2465 plora

1127 2494 1245 2556 possem
1277 2482 1399 2560 referre
1421 2485 1451 2540 et
1475 2482 1683 2544 esrom-inore:
1711 2486 1874 2543 verumta-

1128 2589 1208 2645 men,
1234 2589 1306 2634 cora
1337 2571 1395 2636 stab
1418 2589 1553 2636 corworo
1579 2591 1617 2637 ae
1638 2575 1760 2636 iudicio
1787 2590 1875 2636 accr-

1128 2666 1287 2727 rintornm
1309 2668 1454 2728 dirorum
1475 2673 1550 2739 stet,
1573 2669 1766 2730 sententiam
1790 2668 1826 2729 de
1840 2683 1873 2727 eo

1127 2775 1234 2822 ocrem
1255 2765 1286 2821 et
1302 2761 1463 2822 iodicium
1479 2760 1656 2842 infallibile
1677 2767 1816 2839 aspecto.
1836 2762 1874 2823 Et

1127 2853 1253 2932 quidem
1268 2855 1346 2917 duee
1360 2871 1452 2933 supra
1464 2856 1617 2932 octoginta
1629 2855 1778 2916 sessiones
1790 2855 1873 2916 inter

1128 2962 1178 3008 eos
1199 2947 1319 3009 habitae
1348 2945 1488 3022 luerunt,
1513 2957 1547 3010 ut
1575 2947 1650 3009 olim
1679 2955 1807 3010 testatus
1828 2957 1873 3012 est

1127 3039 1297 3102 cardinalis
1316 3042 1496 3104 Franciscus
1510 3041 1697 3104 Barberinus
1711 3043 1826 3119 senior,
1840 3043 1872 3105 in

1127 3134 1376 3212 congregatione
1397 3137 1435 3196 de
1456 3135 1654 3212 Propaganda
1681 3135 1771 3212 Fide,
1795 3154 1873 3216 quae

1127 3226 1176 3288 die
1197 3243 1291 3290 ιιιιιιι.
1309 3229 1440 3290 ianuarii
1455 3229 1528 3291 anni
1545 3246 1684 3293 uooxnv.
1699 3239 1798 3293 coacta
1814 3231 1873 3293 luit

1128 3337 1230 3382 coram
1254 3323 1357 3383 lnnoc.
1381 3321 1459 3400 Papa
1481 3323 1518 3386 ll.
1544 3323 1633 3402 paulo
1662 3331 1731 3402 post
1752 3324 1872 3387 obitum

1127 3413 1210 3476 illins
1232 3415 1397 3477 decessoris
1408 3416 1535 3492 Urbani,
1548 3418 1687 3479 eiusdem
1703 3417 1872 3481 cardinalis

1127 3507 1239 3585 patrui.
1263 3507 1331 3569 Non
1353 3507 1420 3570 ideo
1443 3517 1544 3572 tamen
1572 3510 1709 3572 absoluta
1730 3511 1790 3574 luit
1813 3512 1872 3573 Eu·

1127 3599 1260 3676 chologii
1282 3602 1468 3679 emendatio,
1486 3619 1542 3666 nec
1560 3619 1640 3666 noua
1655 3605 1748 3666 editio
1763 3604 1872 3666 conlici

1127 3695 1237 3773 potuit.

1166 3791 1185 3863 g
1206 3790 1235 3849 l.
1253 3788 1518 3869 Subsequentium
1530 3791 1717 3854 Pontificum
1733 3801 1873 3871 tempore
1905 3803 1986 3866 ,opus
2000 3813 2106 3858 sequen-

1127 3885 1318 3963 propositum
1334 3899 1410 3961 opus
1425 3900 1587 3964 nunquam
1601 3889 1732 3948 omnino
1747 3886 1805 3949 luit
1821 3889 1873 3950 de·
1890 3855 2104 3956 }},¹}g,⁸„,f,⁰,{¹³„}¹,‘,','g

1126 3987 1265 4054 sertum,
1287 3979 1340 4039 sed
1361 3993 1470 4057 parum
1502 3979 1648 4058 lenteque
1672 3961 2105 4064 pr'omolum;}fflfl{2,¹'1?‚¹¹‘·¹¹¹'

1128 4071 1202 4134 dum
1234 4071 1333 4146 novis,
1354 4079 1391 4133 ut
1414 4071 1539 4147 assolet,
1562 4073 1697 4148 negotiis
1725 4091 1873 4152 superve-

1128 4165 1297 4238 nientibus,
1313 4165 1530 4242 incoepturum
1552 4173 1640 4227 antea
1662 4167 1765 4229 cuitus
1786 4179 1816 4230 et
1838 4171 1872 4231 ll·

1128 4259 1176 4319 nis
1197 4257 1382 4319 retardatur.
1411 4257 1513 4332 Quum
1538 4267 1641 4320 autem
1664 4260 1726 4321 Deo
1748 4261 1871 4341 Optimo

1127 4351 1260 4412 Maximo
1281 4349 1384 4412 risum
1406 4351 1500 4412 luerit
1522 4368 1589 4427 nos,
1612 4352 1684 4414 licet
1705 4355 1873 4419 immeren-

1127 4453 1184 4520 teS,
1200 4445 1236 4506 ad
1251 4459 1412 4506 summum
1434 4446 1647 4523 pontificatum
1669 4449 1813 4526 evehere,
1827 4451 1872 4512 in·

1129 4548 1176 4602 ter
1197 4540 1323 4618 primas,
1338 4555 1413 4616 quas
1428 4537 1561 4600 libenter
1576 4543 1807 4620 assumpsimus,
1821 4560 1872 4606 ou·

1128 4650 1192 4709 res,
1224 4633 1298 4694 haec
1329 4632 1404 4707 luit,
1432 4631 1470 4692 de
1497 4634 1689 4696 correctione
1720 4636 1870 4699 librorum

1128 4727 1292 4790 orientalis
1321 4726 1488 4801 Ecclesiae,
1511 4715 1789 4804 praesertim'vero
1811 4731 1871 4793 Eu-

1129 4819 1469 4897 ohologiicraecorum.
1493 4817 1604 4895 Quare,
1622 4829 1655 4882 ut
1670 4830 1803 4900 optatam
1818 4841 1872 4887 no-

1130 4915 1174 4976 bis
1202 4923 1318 4975 metam
1349 4913 1513 4992 aliquando
1541 4916 1726 4992 contingere
1754 4917 1871 4998 liceret,

1128 5011 1217 5084 haec,
1247 5023 1326 5086 quae
1356 5013 1550 5086 sequuntur,
1579 5013 1719 5073 mandata
1741 5027 1796 5090 per
1818 5031 1873 5077 nos

1129 5104 1313 5182 tempestive
1327 5102 1419 5178 edita,
1436 5105 1610 5166 executioni
1631 5103 1799 5183 diligenter
1814 5115 1875 5170 tra-

1128 5198 1191 5259 dita
1211 5198 1350 5260 luerunt.
1374 5196 1515 5259 Primum
1536 5198 1639 5278 itaque
1653 5199 1779 5262 collecta
1794 5209 1825 5263 et
1839 5203 1872 5265 in

1129 5293 1271 5354 ordinem
1283 5293 1400 5368 digesta
1415 5299 1488 5354 sunt
1499 5301 1564 5354 acta
1575 5293 1872 5373 congregationum,

1129 5401 1207 5464 quae
1220 5385 1278 5446 snb
1289 5385 1413 5447 Urbano
1426 5385 1501 5448 llll.
1515 5393 1547 5448 et
1558 5389 1781 5452 successoribus
1795 5390 1874 5452 Pon·

1130 5479 1263 5541 illicibus
1284 5478 1405 5540 habitae
1420 5479 1552 5557 luerent,
1565 5489 1599 5542 ul
1614 5491 1770 5560 comperta
1786 5483 1874 5546 fieret

1129 5574 1874 5655 captarumresolutionumsententia,quantum·

1131 5667 1176 5727 ris
1197 5665 1271 5727 illae
1291 5667 1446 5745 pontilioia
1463 5668 1699 5730 confirmatione
1714 5671 1873 5731 roboratae

1131 5775 1193 5822 non
1206 5757 1355 5837 luissent:
1369 5761 1565 5839 nequeenim
1579 5777 1727 5840 umquam
1739 5765 1775 5826 ad
1789 5779 1873 5826 sum
1951 5792 1953 5796 ·

1131 5867 1196 5913 mos
1218 5851 1381 5915 Pontifices
1405 5851 1482 5915 lacta
1507 5855 1668 5933 apparebat
1696 5871 1804 5918 earum
1826 5873 1874 5918 re-

287 5989 288 5992 =
331 5950 466 6016 manime
477 5949 694 6014 ecclesiasticae
704 5949 886 6012 eruditionis
894 5948 1077 6028 laudeprae-
1131 5945 1255 6022 laxatio,
1266 5945 1319 6007 sed
1340 5945 1372 6008 in
1388 5947 1607 6026 opportuniora
1623 5954 1773 6028 tempora,
1787 5949 1874 6018 iustis
