4744 6976
349 514 402 567 An.
417 515 447 570 O.
468 515 537 570 1745
586 517 645 580 226

545 712 548 718 .
566 654 724 732 conflictu,
747 671 840 721 nemo
855 666 912 735 est,
925 659 978 741 qui
993 663 1084 726 hodie
1098 665 1231 728 validam
1246 681 1310 728 non

565 746 698 811 fateatur
732 752 960 818 ordinationem
991 773 1007 818 a
1039 758 1184 822 ministro
1218 760 1311 823 etiarn

565 842 758 907 schismatico
768 846 893 910 factam:
911 851 1082 914 necessario
1096 853 1249 932 sequitur,
1264 861 1309 928 ut,

564 937 827 1013 quemadmodum
849 941 881 1004 in
903 941 1036 1006 Ecclesia
1057 944 1243 1010 Occidentali
1258 965 1312 1010 aa·

565 1025 627 1088 lide
647 1029 853 1095 conferuntur
882 1035 1010 1100 Ordines
1043 1039 1124 1103 Sacri
1147 1041 1239 1103 etiam
1262 1042 1310 1105 in-

564 1118 713 1198 fantibus,
736 1123 777 1186 ita
798 1127 926 1206 Gophtis
945 1147 1029 1194 sacer
1042 1132 1219 1198 diaconatus
1234 1136 1309 1198 ordo

562 1211 596 1274 in
620 1212 756 1280 infantili
776 1227 875 1284 aetate
894 1223 1000 1288 aalide
1020 1227 1206 1290 conferatur.

349 1301 545 1404 ,fflffmmssnssfg
602 1307 691 1379 §aa
716 1311 827 1398 immo,
849 1315 928 1379 siin
951 1319 1082 1382 Ecclesia
1108 1321 1307 1399 Occidentali,

332 1364 429 1509 {qusque
451 1411 545 1460 rauua-
564 1405 598 1461 ut
619 1404 824 1480 praemissum
851 1417 909 1486 est,
932 1413 1116 1478 eximuntur
1136 1417 1173 1478 ab
1194 1415 1310 1492 obliga·

350 1463 438 1510 ΝΟΜ·
563 1492 648 1557 tione
667 1497 855 1564 recitationis
886 1505 984 1568 divini
1007 1508 1099 1572 officii
1120 1525 1184 1572 non
1205 1511 1307 1574 solum

562 1589 661 1666 pueri,
684 1594 737 1655 sed
768 1595 861 1659 etiam
894 1597 1070 1678 impuberes
1100 1603 1248 1684 assumpti
1270 1605 1306 1666 ad

562 1679 711 1747 Ordinem
724 1704 856 1766 sacrum,
869 1692 928 1754 nisi
943 1695 1123 1759 confirmata
1138 1697 1197 1760 iarn
1210 1705 1308 1760 astate

562 1793 649 1841 suam
671 1781 899 1848 ordinationem
920 1792 1134 1866 expresserat
1155 1792 1246 1855 tacite
1260 1809 1306 1856 ra·

562 1877 626 1932 tam
646 1872 787 1950 habeant,
810 1892 849 1940 eu
869 1880 998 1958 paritate
1018 1884 1148 1947 rationis
1167 1885 1249 1947 idem
1264 1885 1278 1947 l
1295 1920 1307 1931 ·

561 1966 696 2028 rendum
718 1975 763 2030 est
784 1962 816 2032 in
838 1971 894 2033 lrac
914 1988 1037 2052 quoque
1058 1983 1146 2054 parte
1158 1976 1307 2041 iudicium

561 2057 599 2120 de
619 2057 754 2122 diaconis
785 2063 850 2127 ritu
882 2067 1000 2146 Cophto
1026 2069 1059 2132 in
1080 2077 1186 2133 tenera
1208 2079 1308 2136 aetate

561 2149 720 2229 ordinatis,
751 2153 935 2222 recurrente
956 2161 989 2224 in
1018 2178 1081 2225 uno
1102 2171 1133 2226 et
1154 2164 1187 2226 in
1210 2165 1307 2228 altero

559 2259 631 2306 casu
658 2245 780 2312 delectu
812 2250 900 2316 liberi
930 2270 1086 2333 assensus,
1117 2257 1248 2336 singulis
1268 2259 1305 2322 ad

560 2336 746 2406 electionem
772 2351 803 2407 et
831 2345 1053 2424 professionem
1079 2357 1177 2415 status
1202 2369 1305 2416 neces·

559 2447 642 2494 sarn.

329 2578 377 2624 scu
390 2535 542 2636 pggssotgffig
600 2529 687 2605 §an
711 2531 747 2594 ln
769 2533 906 2601 Concilio
928 2539 1076 2606 Toletano
1097 2542 1133 2607 ll.
1157 2543 1253 2608 relato
1269 2546 1304 2608 in

329 2632 396 2694 ratio
417 2632 541 2681 vorunu-
560 2637 631 2684 can.
655 2624 691 2687 de
705 2627 759 2701 iis,
776 2630 851 2694 dist.
868 2633 926 2706 28,
942 2636 996 2697 ulti
1010 2651 1113 2700 sermo
1128 2638 1305 2704 instituitur

328 2684 541 2789 ἓέιῗὲὥὲῗῖῗῖ
559 2715 597 2778 de
618 2717 665 2794 iis,
688 2737 764 2799 qaas
785 2727 936 2792 uoluntas
956 2739 1129 2807 parentum
1151 2738 1305 2816 aprinis

559 2811 724 2894 infantiae
744 2820 841 2882 annis
862 2823 1037 2890 clericatus
1064 2831 1162 2910 officio
1183 2833 1306 2895 manci·

557 2909 661 2986 pavit,
683 2912 758 2976 haec
783 2915 962 2997 disciplinae
991 2924 1099 3001 regula
1130 2935 1304 3006 opportune

558 3005 792 3080 praescribitur:
814 3009 869 3074 ilbi
880 3021 1029 3078 octonum
1044 3018 1202 3082 decimum
1216 3029 1305 3084 aeta·

558 3098 600 3162 tis
618 3117 696 3164 sune
711 3103 935 3182 compleverint
950 3127 1085 3186 annun,
1103 3131 1209 3178 coram
1225 3113 1302 3176 cleri

556 3191 714 3274 plebisque
746 3203 915 3278 conspectu
946 3203 1097 3270 noluntas
1128 3223 1237 3270 aarum
1266 3209 1301 3271 de

556 3289 729 3364 enpctsndo
749 3293 900 3374 couinqio
921 3295 960 3359 alr
983 3298 1136 3377 Episcopo
1156 3317 1304 3380 persaru-

558 3385 659 3455 tetur,
682 3381 797 3461 quibas
817 3388 846 3448 si
867 3390 977 3468 qratia
992 3395 1159 3457 castitatis
1175 3395 1236 3458 fleo
1252 3397 1301 3459 in-

556 3475 702 3552 spirante
728 3479 902 3556 placuerit,
929 3482 1184 3552 subdiaconatus
1205 3491 1303 3553 mini-

487 3615 495 3633 .
556 3570 709 3645 sterium,
738 3571 851 3638 lubitu
878 3575 1067 3654 probatione
1092 3586 1301 3666 professionis

555 3678 677 3736 suana
692 3665 842 3745 uiqasimo
855 3685 941 3732 anno
955 3674 1138 3752 suscipiant
1150 3685 1209 3741 etc.
1225 3678 1301 3754 Qui-

556 3753 614 3818 das
634 3764 744 3820 nutem
765 3760 927 3836 voluutas,
949 3768 1099 3844 propriae
1121 3771 1301 3852 internoqu-

557 3849 655 3911 tionis
679 3856 1043 3931 conquassationem
1071 3862 1211 3925 nudandi
1231 3881 1300 3943 per-

554 3943 708 4016 suassrii,
724 3963 901 4011 concessam
920 3948 959 4014 ab
975 3953 1122 4031 Apostslo
1136 3955 1299 4021 licentiam

555 4037 686 4118 anferre
707 4054 771 4100 non
801 4056 980 4118 possamus.
1006 4048 1178 4112 Canonicae
1208 4050 1300 4114 huius

554 4130 721 4194 sanctionis
744 4131 832 4196 litera
858 4146 964 4216 aperte
985 4141 1101 4220 edocet,
1130 4143 1263 4206 infantes
1283 4162 1299 4207 a

553 4224 734 4302 parentibus
755 4228 966 4294 ecclesiasticis
987 4234 1168 4298 ministeriis
1183 4237 1299 4300 dedica·

553 4325 611 4393 tos,
627 4329 732 4382 exacto
747 4322 867 4386 decimo
881 4335 989 4390 octavo
1003 4342 1085 4390 anuo
1099 4329 1136 4391 ab
1150 4329 1299 4411 Episcopo

554 4411 740 4490 interrogari
772 4425 927 4495 oportere,
959 4436 997 4482 an
1018 4421 1118 4485 uelint
1139 4424 1173 4486 iu
1194 4434 1299 4490 sancto

553 4521 752 4584 perseverare
772 4513 938 4590 proposito,
962 4515 1012 4578 sel
1034 4518 1204 4597 temporale
1219 4519 1299 4584 inire

553 4599 745 4677 coniugium.
770 4605 816 4667 Ab
836 4606 1014 4670 huiusmodi
1029 4617 1113 4673 recte
1127 4612 1238 4689 agendi
1252 4629 1300 4676 se·

553 4691 628 4753 mita
643 4709 706 4756 non
722 4696 862 4762 deflectat
876 4702 1048 4780 praefectus
1062 4705 1231 4782 missionis,
1245 4707 1299 4770 sed

554 4789 695 4854 diaconos
716 4792 748 4854 in
771 4795 869 4872 prima
895 4802 993 4860 aetate
1014 4799 1172 4862 ordinatos
1193 4810 1298 4879 aperte

554 4884 728 4963 interroget
748 4902 804 4966 per
823 4905 858 4951 se
878 4889 991 4968 ipsum,
1013 4892 1039 4954 si
1053 4893 1215 4956 commode
1229 4897 1298 4958 deri

553 4977 664 5056 possit,
686 4979 734 5042 sin
756 4980 872 5058 minus,
895 4998 950 5062 per
970 4983 1066 5048 alium
1088 5004 1104 5049 a
1124 5003 1158 5050 se
1172 4987 1298 5067 deputa-

553 5079 633 5148 tum,
646 5080 689 5149 et,
705 5089 784 5153 quae
799 5075 923 5138 illorum
939 5077 979 5139 sit
994 5094 1082 5143 mens
1096 5087 1127 5144 et
1140 5081 1296 5161 voluntas,

553 5163 720 5242 diligenter
741 5168 889 5247 exploret.

593 5259 680 5336 528.
704 5262 785 5325 llaec
806 5279 897 5342 porro
918 5267 1121 5345 iuterrogatio
1142 5277 1172 5332 et
1194 5268 1297 5349 inqui-

552 5353 623 5416 sitio
644 5355 695 5417 flat
726 5363 888 5437 postquam
919 5360 1037 5424 diaconi
1068 5363 1224 5426 decimum
1250 5379 1297 5426 se·

553 5455 643 5511 ntum
658 5451 765 5515 aetatis
776 5469 894 5517 annum
905 5456 1107 5534 excesserinn
1123 5472 1296 5521 consonum

552 5544 667 5623 quippe
688 5555 745 5623 est,
768 5547 909 5611 diaconos
930 5565 966 5612 eo
988 5559 1127 5630 tempore
1147 5553 1296 5615 delibera·

552 5653 597 5713 re,
620 5655 709 5716 quae,
733 5641 816 5703 iuxta
838 5642 921 5706 Trid.
946 5644 1078 5721 decreta,
1101 5646 1133 5708 in
1148 5663 1294 5724 quacum-

552 5745 613 5809 que
635 5731 787 5808 religione
807 5739 871 5796 tam
893 5736 1046 5812 uirorum,
1069 5754 1162 5817 quam
1183 5741 1294 5804 mulie-

552 5838 636 5900 rum,
648 5824 798 5888 solemnia
809 5828 964 5904 castitatis,
977 5833 1164 5910 paupertatis
1180 5839 1210 5896 et
1224 5835 1296 5897 obe·

552 5915 686 5980 dientiae
707 5926 778 5980 vota
799 5935 853 5999 per
874 5923 1051 5999 regularem
1072 5925 1294 6003 professionem

322 5251 532 5354 sasnu-

1090 544 1155 590 ttttt.
1179 543 1270 592 PONE·
1293 545 1334 592 DE
1355 544 1385 591 Ρ.
1409 547 1439 593 tt.
1463 548 1545 597 PARS
1567 553 1589 598 1.

2143 543 2242 600 unc.
2263 551 2326 606 uta
2359 537 2360 572 ³

1365 669 2111 761 emittuntur.St,completodecimosertoauno,

1365 760 1572 842 interroganti
1595 769 1824 848 responderint,
1848 774 1932 837 nolle
1946 777 2063 840 «liutius
2078 779 2112 840 in

1365 854 1515 919 diaconali
1537 861 1636 923 officio
1657 865 1840 942 persistere3
1864 867 1954 932 liceat
1976 869 2036 932 illis
2050 871 2112 950 pri·

1364 963 1461 1024 mum,
1485 967 1585 1031 eoque
1600 953 1742 1034 legitime
1755 959 1868 1036 soluto,
1885 961 2020 1024 alterum
2035 980 2110 1043 quo-

1363 1057 1424 1119 que
1446 1042 1525 1108 inire
1541 1050 1787 1114 matrimonium.
1807 1054 1961 1118 Certiores
1977 1063 2112 1134 praeter-

1363 1150 1396 1196 ea
1419 1137 1505 1213 fiant,
1528 1140 1615 1203 nulla
1636 1145 1835 1211 ecclesiastica
1858 1148 1938 1226 lege,
1958 1148 2008 1212 vel
2024 1165 2112 1230 prae·

1362 1235 1461 1306 cepto,
1474 1232 1510 1294 ad
1526 1233 1720 1302 recitandum
1737 1241 1874 1304 officium
1889 1243 2047 1319 divinum,
2059 1243 2110 1306 vel

1363 1337 1468 1400 preces
1488 1341 1505 1385 a
1526 1324 1609 1390 clero
1631 1330 1749 1410 Goplrto
1764 1335 1901 1413 usitatas,
1918 1337 2073 1417 compelli.

1401 1415 1489 1490 529.
1515 1417 1577 1483 Nec
1599 1429 1691 1504 turpe
1712 1429 1811 1490 videri
1833 1431 1935 1506 debet,
1951 1440 2003 1495 aut
2023 1431 2108 1494 iude·
2126 1433 2335 1537 vgffiffifgsslffili}

1361 1523 1479 1585 corum,
1504 1513 1639 1578 diaconis
1660 1533 1677 1578 a
1698 1521 1806 1598 quavis
1825 1525 2024 1591 ecclesiastica
2039 1525 2108 1605 lege
2127 1551 2179 1587 non
2202 1499 2334 1597 profilen-

1360 1601 1469 1665 solutis
1491 1605 1609 1670 aditum
1630 1613 1666 1674 ad
1687 1615 1811 1679 iteratas
1837 1621 1960 1699 nuptias
1981 1622 2103 1702 aperiri.
2126 1599 2334 1704 armigerum

1361 1695 1419 1757 Pro
1452 1696 1594 1763 libertate
1624 1709 1753 1770 secundi
1784 1712 1975 1776 matrimonii
2006 1731 2107 1778 sacrae

1361 1788 1496 1853 clamant
1518 1792 1635 1873 literae,
1659 1805 1689 1861 et
1710 1798 1843 1865 doctoris
1865 1806 2009 1883 gentium
2027 1807 2108 1870 salu-

1361 1880 1495 1946 berrima
1516 1888 1653 1950 consilia.
1677 1893 1722 1956 nd
1751 1895 1901 1962 foeminas
1929 1917 2107 1967 sermonem

1359 1973 1529 2041 instituens
1550 1984 1713 2061 llpostolus
1734 1988 1766 2051 in
1788 1991 1922 2068 epistola
1937 1995 1979 2058 ad
1994 1995 2108 2062 Roma-

1361 2085 1417 2132 nos
1438 2089 1464 2133 c.
1482 2071 1516 2136 7.·
1536 2073 1571 2137 Si
1592 2085 1713 2154 autam,
1736 2083 1849 2163 inquit,
1866 2096 2015 2153 mortuus
2036 2093 2106 2173 {ns-

1360 2163 1583 2240 silvicolas,
1608 2169 1745 2238 liberata
1771 2186 1818 2240 est
1839 2197 1859 2242 a
1881 2179 1945 2262 lsqs
1967 2185 2045 2258 oiri,
2067 2194 2106 2250 nt

1359 2270 1423 2316 non
1443 2258 1488 2319 sit
1509 2260 1672 2337 adultera,
1698 2267 1724 2328 si
1746 2269 1851 2349 suerit
1872 2289 1945 2336 cum
1966 2276 2032 2339 alio
2060 2281 2105 2342 vi-

1360 2364 1406 2409 rs.
1436 2349 1474 2414 Et
1495 2353 1526 2416 in
1549 2354 1585 2417 ll.
1609 2357 1650 2419 ad
1682 2357 1828 2426 Cariati.
1859 2382 1928 2446 cup.
1953 2369 1994 2430 7.·
2026 2371 2105 2435 Dico

1359 2451 1466 2507 autem
1488 2463 1552 2510 non
1577 2453 1690 2530 nuptis
1711 2461 1742 2516 st
1763 2457 1892 2522 viduis.-
1919 2460 2036 2526 donum
2058 2475 2105 2530 ast

1359 2537 1438 2610 illis,
1451 2539 1480 2602 si
1494 2541 1541 2602 sic
1552 2555 1775 2622 permaneant,
1787 2550 1875 2614 sicut
1889 2560 1920 2616 et
1931 2558 2105 2712 apostasii

1356 2631 1386 2693 si
1408 2649 1472 2694 non
1492 2650 1524 2696 se
1545 2639 1723 2714 continent,
1757 2641 1900 2721 paduan
1920 2650 1994 2712 meli
2057 2661 2104 2717 est

1357 2725 1442 2786 anim
1471 2726 1599 2803 undare,
1634 2748 1729 2810 qnam
1759 2739 1826 2800 ari.
1851 2740 1985 2805 Demnm
2005 2762 2053 2825 ep.
2076 2747 2101 2810 l.

1355 2819 1391 2880 ad
1415 2819 1494 2882 Tim.
1518 2837 1544 2881 c.
1568 2825 1603 2896 5,
1626 2825 1766 2914 florentis
1788 2833 1855 2893 aevi
1877 2834 1985 2898 viduas
2000 2839 2104 2904 denuo

1356 2915 1394 2976 ad
1415 2917 1652 2983 matrimonium
1672 2930 1703 2984 et
1724 2925 1760 2986 ad
1780 2926 1920 2990 sobolem
1940 2946 2104 3009 procrean-

1355 3005 1426 3069 dam
1446 3007 1600 3088 hortatur,
1623 3030 1664 3076 ne
1686 3014 1765 3078 forte
1779 3019 1812 3080 in
1827 3028 2041 3102 contemptum
2055 3043 2103 3089 ca·

1354 3101 1466 3164 stitatis
1480 3104 1621 3169 sordibus
1636 3107 1882 3178 incontinentiae
1897 3117 2102 3198 coinquinen-

1356 3199 1418 3256 tur.
1440 3195 1502 3272 Qua
1525 3197 1595 3262 freti
1618 3204 1798 3268 auctoritate
1818 3207 1983 3272 Orientalis
1999 3213 2101 3278 Eccle-

1354 3287 1416 3349 siae
1426 3295 1528 3367 patres
1539 3293 1677 3369 graviter
1691 3299 1804 3361 erroris
1815 3309 1964 3380 arguunt,
1977 3311 2009 3366 et
2025 3315 2102 3370 tam-

1355 3397 1449 3460 quam
1470 3385 1637 3449 haereticos
1652 3389 1812 3468 damnant,
1827 3394 1881 3472 qui
1895 3403 2016 3476 putant,
2033 3407 2101 3478 post

1353 3476 1472 3554 primae
1486 3478 1591 3542 uxoris
1605 3481 1724 3544 obitum
1737 3483 1821 3548 nefas
1836 3503 1902 3550 esse
1916 3488 1953 3550 ad
1966 3495 2099 3556 secunda

1355 3575 1425 3630 vota
1446 3571 1590 3650 transire,
1613 3582 1648 3637 ut
1668 3575 1776 3639 videre
1800 3587 1847 3642 est
1871 3581 1951 3660 apud
1971 3581 2099 3648 Petrum

1355 3663 1525 3727 Aroudium
1546 3664 1583 3726 dc
1604 3670 1773 3733 concordia
1796 3673 1914 3734 Eccles.
1937 3674 2097 3743 Occident.

1353 3764 1385 3819 st
1409 3757 1532 3820 Oriens.
1556 3758 1577 3820 i.
1600 3761 1635 3832 7,
1659 3777 1727 3842 cup.
1750 3765 1808 3827 27.

1393 3854 1412 3930 5
1433 3853 1482 3919 30.
1507 3855 1531 3917 E
1551 3865 1668 3936 contra,
1690 3862 1716 3922 si
1737 3862 1857 3926 diaconi
1877 3864 1955 3929 ritus
1977 3869 2098 3948 Cophti,
2166 3879 2269 3936 nonin,
2289 3881 2328 3926 eti·
2359 3919 2360 3922 η

1353 3949 1506 4028 compluto
1527 3951 1646 4015 decimo
1666 3961 1754 4017 sento
1775 3972 1869 4034 anno,
1893 3959 2099 4040 interroganti
2117 3935 2185 4050 ἓξὲξ
2198 3943 2327 4033 adlisit?
2359 3977 2360 4052 ἦ

1354 4050 1385 4103 et
1406 4042 1533 4106 illorum
1554 4044 1749 4112 voluntatem
1770 4049 1943 4130 inquirenti
1963 4056 2043 4118 serio
2064 4073 2099 4124 ac
2117 4043 2195 4085 ⁸²⁰¹¹⁰
2211 4040 2273 4087 Μ’
2359 4073 2360 4152 ξ

1353 4135 1518 4201 deliberate
1539 4139 1767 4220 responderint,
1789 4144 1871 4207 velle
1891 4163 1924 4209 se
1938 4148 1970 4210 in
1986 4147 2096 4229 adepto
2359 4155 2360 4166 ’

1353 4229 1466 4294 Ordine
1487 4244 1744 4311 perseverarem
1765 4237 1977 4304 ecclesiasticis
1990 4258 2099 4308 uacare

1353 4325 1553 4404 muneribus3
1577 4343 1613 4389 eo
1631 4345 1703 4391 casu
1715 4329 1774 4392 sub
1787 4329 1919 4395 districti
1932 4338 2098 4400 severitate

1353 4419 1458 4482 iudicii
1478 4420 1630 4484 secundae
1651 4423 1779 4502 nuptiae
1799 4423 1860 4486 illis
1881 4435 1986 4505 aperte
2003 4429 2099 4492 inter-

1353 4513 1506 4590 dicantur,
1522 4514 1675 4578 clamante
1689 4518 1845 4597 apostolo,
1862 4535 1910 4599 ep.
1925 4519 1947 4581 l.
1964 4521 2001 4584 ad
2016 4523 2095 4586 Tim.

1354 4621 1421 4685 cap.
1447 4611 1481 4669 3.·
1503 4606 1642 4672 diaconi
1662 4611 1730 4674 sint
1752 4613 1853 4674 anius
1875 4615 1991 4676 auaris
2012 4617 2088 4680 oiri.

1392 4701 1411 4776 ἓ
1432 4699 1482 4762 31.
1505 4702 1646 4781 insuper,
1669 4719 1739 4766 curn
1755 4721 1898 4784 personas
1913 4709 1976 4772 Deo
1990 4725 2096 4773 conse·
2148 4731 2246 4786 coruus
2260 4734 2324 4780 inni·
2359 4723 2360 4788 3

1352 4803 1450 4860 cratas
1471 4797 1606 4859 manime
1627 4798 1744 4876 puritas
1758 4801 1965 4880 sanctitasque
1979 4803 2095 4881 deceat,
2116 4784 2325 4898 ffqssfbfflss'
2359 4811 2360 4870 ζ

1352 4890 1481 4970 provide
1503 4907 1637 4954 canones
1658 4891 1887 4970 apostalici17
1902 4901 1932 4958 et
1948 4898 2004 4968 18,
2020 4913 2097 4976 quos

1354 4986 1515 5068 praecipua
1545 4989 1747 5051 veneratione
1782 4997 1812 5052 et
1845 4989 1932 5052 cultu
1963 4991 2097 5054 Ecclesia

1351 5080 1562 5158 prosequitur,
1585 5080 1750 5158 prohibent
1781 5081 1949 5162 Episcopis,
1972 5084 2097 5164 presby·

1352 5173 1437 5248 teris,
1461 5180 1492 5235 et
1518 5173 1652 5236 diaconis
1683 5175 1798 5237 nedum
1831 5172 2005 5258 didonium
2024 5193 2096 5257 pro-

1350 5268 1469 5345 priam,
1492 5283 1571 5347 quae
1591 5269 1719 5346 profluit
1733 5285 1771 5330 ex
1785 5271 1922 5332 secundo
1937 5275 2095 5335 matrimo-

1351 5361 1417 5437 nio,
1432 5362 1484 5423 sed
1505 5361 1600 5422 etiam
1619 5363 1927 5428 similitudinariam
1942 5372 2042 5427 ortam
2056 5383 2096 5428 en

1350 5455 1452 5534 primo
1473 5457 1673 5520 matrimonio
1694 5475 1767 5522 sum
1786 5459 1878 5524 uidua
1899 5459 1949 5522 sel
1970 5476 2097 5541 corrup-

1350 5556 1379 5611 ta
1408 5558 1573 5615 contracto.
1607 5553 1756 5632 Disposita
1786 5570 1842 5633 per
1865 5569 1998 5617 canones
2026 5572 2095 5635 apo-

1348 5644 1472 5708 stolicos
1487 5647 1633 5710 innovata
1648 5649 1776 5712 fuerunt
1795 5648 1828 5710 in
1848 5651 1999 5714 canones
2015 5649 2095 5712 Ocn-

1349 5739 1412 5801 cilii
1433 5738 1590 5818 Trullani3
1613 5743 1700 5806 cuius
1721 5743 1886 5824 auctoritas
1905 5745 1976 5808 licet
1990 5746 2023 5808 in
2040 5747 2095 5810 Ec·

1348 5831 1439 5894 alesia
1471 5833 1657 5899 Occidentali
1687 5848 1808 5919 recepta
1839 5857 1902 5904 non
1930 5845 1981 5920 sit,
2009 5844 2094 5908 illam

1348 5933 1452 5990 tamen
1474 5928 1638 5994 Orientalis
1660 5933 1793 5997 Ecclesia
1813 5937 1940 6018 suscipit
1955 5948 1986 6002 et
2000 5957 2094 6006 vene·
2182 5935 2188 5950 ‘'
