4820 6980
354 517 411 574 An.
425 520 455 574 d.
476 519 545 576 1748
595 521 654 585 750
1098 537 1162 583 tun.
1187 536 1277 582 nour.
1301 535 1341 582 on
1363 535 1392 580 r.
1416 537 1445 580 r.
1470 537 1551 582 rans
1573 537 1594 584 1.

531 735 537 743 ¹
575 667 643 722 stro
667 658 788 730 Seuero,
814 658 869 721 cui
890 657 972 720 duce
997 655 1073 720 ilinc
1094 654 1246 734 epistolae
1267 655 1322 718 nd·
1378 671 1480 732 suere,
1504 656 1565 719 buc
1592 672 1690 736 nsque
1719 656 1924 720 narravimus.
1957 657 2123 722 Historioae

575 751 759 816 scribendae
790 751 958 822 uidentur,
982 747 1158 829 presbyteri
1184 747 1320 811 titulum
1378 748 1516 825 veritati,
1539 765 1618 828 quae
1639 766 1676 812 ex
1698 751 1772 814 actis
1797 752 2056 828 congregationis
2078 753 2124 816 in·

577 865 596 910 a
619 845 767 910 librariis
789 845 950 916 additum,
978 841 1224 922 aliquantutum
1247 841 1323 904 binc
1379 843 1470 906 dubia
1491 852 1549 919 est,
1565 843 1657 922 plane
1677 853 1859 906 consonant.
1879 845 1933 908 bei
1957 853 2059 922 gestae
2079 862 2125 908 se·

578 939 646 1001 cius
668 936 848 1002 sentcntiae
868 935 1029 1001 accederet
1051 935 1213 996 momenti.
1379 937 1459 998 riem
1481 937 1584 1015 paucis
1606 937 1655 998 trio
1677 943 1818 1016 repetere
1839 952 1898 998 nec
1918 937 2029 1000 inutile
2052 940 2124 1012 erit,

367 1037 419 1084 Suo
434 1037 559 1102 nnosut-
618 1047 702 1093 nutv.
726 1031 891 1094 Eallnntur
909 1045 996 1106 ergo,
1012 1028 1065 1106 qui
1090 1034 1199 1107 putant
1220 1027 1322 1106 Sulpi·
1349 1051 1352 1065 ·
1379 1047 1436 1094 nec
1452 1031 1671 1094 iniucundum.
1687 1030 1926 1092 liienvu.ian.
1940 1047 2124 1094 nucuxvru.

345 1089 503 1208 ffliffcsitvff
517 1101 560 1192 ῗᾶῗ
579 1126 659 1188 tium
681 1124 845 1198 Severum,
869 1124 956 1187 cuius
985 1121 1135 1184 memoria
1162 1119 1269 1182 incidit
1289 1121 1322 1183 in
1380 1123 1481 1186 habita
1504 1131 1549 1186 est
1571 1124 1771 1186 celeberrima
1794 1125 2001 1200 congregatio
2022 1141 2125 1188 coram

345 1197 475 1245 ⁰⁰¹¹¹⁸¹¹⁶¹·
578 1218 661 1282 diem
673 1233 761 1279 xxix.
773 1217 915 1291 ianuarii,
929 1214 1192 1293 essedisoipnlum
1203 1213 1235 1276 S.
1247 1212 1323 1276 liar·
1380 1217 1535 1280 cardinali
1556 1216 1594 1280 de
1616 1217 1738 1292 Torres,
1764 1218 1813 1278 cui
1835 1229 1956 1295 praeter
1983 1218 2059 1280 alios
2081 1217 2127 1280 in-

580 1312 657 1388 tini3
680 1327 752 1376 cum
781 1308 931 1389 Sulpitius
952 1308 1004 1370 ille
1030 1307 1231 1370 bituricensis
1253 1307 1324 1386 Epi·
1381 1307 1520 1372 terluere
1552 1311 1740 1373 Fortunatus
1772 1309 1935 1385 Scbaccus,
1968 1310 2128 1374 bartholo-

578 1421 686 1484 scopus
706 1406 838 1478 dicatur,
853 1403 904 1464 bic
920 1417 995 1464 vero
1009 1400 1073 1462 sola
1094 1401 1324 1479 presbyteratus
1380 1417 1487 1463 macas
1509 1401 1676 1478 Garantus,
1693 1391 1859 1466 Darentius
1880 1403 2015 1466 Alciatus
2028 1411 2062 1466 et
2076 1404 2128 1465 lli-

578 1497 787 1578 praerogativa
815 1494 1017 1574 praefulgent.
1050 1493 1095 1556 Ex
1117 1510 1177 1572 qua
1198 1507 1323 1572 praepo·
1380 1493 1478 1557 lerion
1502 1496 1602 1558 abbas
1623 1495 1753 1560 Sanctae
1765 1496 1871 1560 Crucis
1894 1497 1925 1558 iu
1947 1495 2127 1571 ierusalem,

578 1598 660 1654 stera
673 1589 830 1652 sententia
845 1587 922 1652 illud
938 1586 1110 1650 necessario
1123 1585 1276 1664 sequitur,
1289 1592 1324 1648 ut
1381 1594 1416 1648 nt
1437 1603 1474 1652 ex
1497 1589 1586 1663 actis,
1619 1605 1698 1668 quae
1724 1595 1928 1653 recensentur
1949 1589 1984 1652 in
2014 1587 2129 1650 Codice

579 1699 596 1746 c
612 1683 725 1764 duplici
748 1681 881 1762 Sulpitio
896 1677 1022 1758 Seuero,
1046 1679 1219 1741 ministerio
1232 1695 1265 1740 ac
1279 1677 1324 1740 di·
1384 1681 1474 1744 1240
1493 1683 1792 1760 manuscriptorum
1812 1683 1950 1762 insignis
1963 1681 2130 1745 bibliothe-

579 1778 699 1856 gnitate
719 1776 810 1854 plane
824 1774 980 1848 dissimili,
997 1789 1079 1835 unus
1100 1770 1322 1845 confletur‚cui
1381 1791 1435 1837 cae
1450 1771 1659 1846 barberinae,
1670 1792 1742 1858 paq.
1755 1774 1835 1846 527,
1853 1774 2053 1838 manifestum
2069 1785 2132 1837 est.

580 1871 640 1933 duo
655 1870 728 1932 baec
742 1868 836 1930 simul
858 1867 1047 1930 conveniant
1061 1865 1141 1944 quod
1159 1863 1324 1940 Episcopus
1381 1867 1484 1930 Primo
1507 1869 1573 1930 laco
1595 1869 1691 1946 igitur
1713 1877 1802 1931 vetas
1825 1869 1969 1946 talogium
1991 1884 2030 1930 aa
2051 1868 2129 1930 Mar-

579 1963 780 2026 bituricensis
795 1961 902 2034 luerit,
915 1961 1053 2038 itemque
1068 1956 1236 2035 discipulus
1250 1954 1325 2018 San·
1381 1961 1535 2039 tyrologio
1547 1962 1631 2026 iussu
1645 1962 1787 2040 Gregorii
1802 1962 1881 2026 tttlt.
1898 1961 2044 2038 castigato
2059 1977 2131 2040 pro-

579 2057 620 2118 cti
642 2055 775 2118 Martini.
799 2055 864 2130 Quo
886 2051 959 2132 quid
981 2050 1161 2114 absurdiusi
1183 2049 1261 2111 Haec
1283 2055 1325 2108 ta·
1381 2054 1510 2117 ductum
1525 2061 1685 2134 astatque
1702 2057 1863 2119 internata
1881 2054 2131 2119 retatumcutus

579 2163 653 2210 meu
687 2161 888 2226 personarum
918 2144 1096 2207 commixtio
1127 2157 1215 2204 suam
1236 2141 1325 2202 duxit
1383 2153 1484 2222 tenor,
1508 2148 1560 2226 qui
1582 2148 1740 2224 sequitur:
1767 2149 1916 2212 ianuarii
1931 2165 2021 2212 xxix.
2040 2148 2131 2226 opud

579 2241 733 2317 originem
755 2239 792 2302 ab
813 2238 952 2318 apologia
984 2235 1100 2298 abbatis
1125 2232 1324 2297 Gemblaceu-
1382 2239 1550 2302 bituricas
1572 2239 1603 2304 s.
1622 2240 1760 2318 Sutpitii
1777 2241 1883 2304 Seueri
1905 2243 2065 2319 Episcopi,
2083 2241 2131 2302 di-

579 2333 632 2408 sis,
659 2334 746 2396 cuius
776 2333 879 2409 opinio
909 2329 1091 2407 sigonium,
1120 2327 1323 2402 Galesinium,
1381 2331 1501 2410 scipuli
1514 2333 1706 2396 Ebionitai.
1720 2335 1796 2409 Quid
1809 2335 2131 2412 deeiusmodiElogio

580 2425 754 2502 Victorem,
787 2425 978 2498 Gisclinum,
1008 2422 1145 2501 aliosque
1165 2421 1270 2500 plures
1290 2421 1323 2482 in
1380 2426 1536 2488 senserint
1553 2427 1670 2504 egregii
1683 2427 1755 2502 viri,
1768 2428 1855 2505 queis
1871 2428 2048 2490 emendatio
2062 2435 2131 2490 erat

505 2507 510 2520 ’
580 2523 727 2583 camalam
748 2533 887 2582 errorem
909 2515 1068 2597 pertraxit.
1381 2519 1624 2592 concreditam
1646 2520 1802 2592 historica,
1818 2535 1911 2596 quem
1932 2520 2130 2594 subiicimus,

408 2635 562 2682 controver—
622 2631 692 2676 xcv.
710 2613 816 2694 Neque
831 2614 973 2692 egregios
986 2611 1053 2672 illos
1068 2610 1161 2685 viros,
1177 2609 1230 2688 qui
1248 2609 1324 2673 blar-
1382 2612 1561 2673 narratione
1582 2613 1757 2676 audiamus:
1786 2609 1960 2676 Videbatur
1985 2612 2041 2674 boc
2064 2612 2131 2674 loco

347 2685 562 2798 {igmpssgsffflffik
581 2707 726 2785 tyrologii
748 2707 998 2770 emendationem
1015 2704 1072 2768 sub
1087 2703 1211 2767 Urbano
1233 2719 1324 2766 etcu·
1381 2705 1436 2784 aqi
1459 2704 1496 2766 de
1516 2719 1561 2776 eo,
1579 2705 1633 2782 qni
1654 2705 1787 2782 scripsit
1809 2708 1911 2770 citam
1928 2705 1960 2769 S.
1972 2707 2129 2779 Martini,

347 2798 561 2904 {bffggffifffflffl
581 2797 1325 2878 derunt,latuitabsurdahaecopinio;quamvis
1382 2799 1437 2874 qui
1460 2801 1566 2859 tomen
1598 2803 1748 2860 mortuus
1778 2808 1825 2862 est
1853 2799 2033 2878 presbyter,
2065 2818 2131 2863 non

485 2883 490 2894 '
580 2900 775 2974 compertum
790 2894 842 2967 sit,
855 2893 933 2956 nibil
949 2892 985 2954 dc
1001 2906 1034 2951 ea
1049 2889 1216 2954 reiicienda
1231 2887 1325 2952 tuisse
1383 2887 1570 2964 Episcopus,
1595 2894 1626 2949 et
1649 2889 1766 2952 incidit
1790 2891 1825 2953 in
1839 2907 1962 2952 errores
1981 2893 2131 2971 bripe‘nis

579 2987 723 3050 solicitos.
749 2987 828 3048 Cum
851 2986 935 3047 enim
957 2990 1043 3046 certo
1064 2992 1202 3055 nossent,
1226 2979 1324 3059 Sulpi·
1381 2985 1412 3040 ct
1424 2978 1562 3060 Pelagii,
1574 2981 1648 3042 iicet
1661 2984 1847 3060 resipuerit,
1860 2981 1994 3048 testibus
2004 2983 2130 3047 Genna-

578 3082 659 3144 tium
681 3079 844 3151 Severum,
857 3079 894 3140 de
916 3094 977 3156 quo
1000 3077 1033 3138 in
1054 3075 1194 3136 Romano
1215 3074 1326 3151 Marty-
1381 3073 1447 3145 dic,
1473 3073 1666 3137 bellarmino
1688 3076 1724 3138 de
1744 3076 1960 3154 scriptoribus
1981 3078 2131 3141 ecciesia-

579 3175 699 3252 rologio
714 3172 749 3234 ad
765 3171 848 3233 diem
864 3183 954 3230 xxix.
979 3169 1120 3242 ianuarii,
1138 3168 1323 3246 Episcopum
1380 3166 1483 3240 sticis,
1498 3174 1527 3229 et
1543 3167 1684 3230 baronio
1698 3171 1733 3233 in
1743 3170 1936 3236 Annalibus.
1950 3171 2029 3234 buit
2040 3171 2130 3236 clius

580 3267 806 3330 bituricensem
829 3265 935 3337 luisse,
959 3262 1091 3340 ideoque
1113 3260 1202 3339 plane
1223 3262 1324 3322 diver·
1381 3257 1481 3322 buius
1503 3261 1643 3322 nominis
1656 3260 1832 3341 Episcopus
1855 3265 2071 3326 bituricensis
2089 3281 2129 3326 ee

578 3375 649 3423 snm
664 3377 679 3421 a
696 3359 827 3438 Sulpicio
844 3359 958 3423 Severo
970 3353 1001 3418 S.
1015 3354 1139 3440 blartiui
1161 3352 1322 3431 discipulo,
1381 3351 1522 3416 Antonio
1534 3355 1732 3418 Demccorin
1744 3358 2129 3438 cotoiopoEpiscopornm

579 3453 659 3516 nibil
673 3452 734 3515 illis
756 3469 846 3516 curae
868 3452 928 3514 luit
942 3465 977 3513 ea
992 3451 1027 3512 ad
1049 3462 1180 3511 eramen
1203 3461 1322 3520 vocare,
1381 3447 1653 3520 bituricensium,
1671 3449 1726 3526 qui
1742 3453 1850 3512 tamen
1864 3468 1927 3513 non
1947 3452 2045 3524 eiecit,
2061 3451 2130 3513 nisi

579 3562 658 3627 quae
678 3555 785 3608 contra
807 3545 1010 3624 posteriorem
1038 3541 1209 3619 Sulpitium
1230 3537 1323 3602 Sere·
1382 3541 1472 3619 ionqe
1494 3550 1561 3618 post
1585 3541 1740 3606 Sanctum
1763 3543 1945 3606 Martinam
1965 3545 2127 3606 Turorcen-

579 3657 651 3704 rum
673 3639 788 3719 opponi
808 3637 921 3706 solent,
939 3651 979 3700 ne
993 3635 1107 3714 alioqui
1128 3641 1215 3694 extra
1237 3648 1323 3710 prac-
1350 3644 1353 3769 Ι
1379 3649 1443 3693 sem
1466 3633 1671 3712 Episcopum,
1684 3635 1780 3698 cuius
1803 3637 1871 3716 snit
1893 3637 2038 3716 alioquin
2055 3637 2129 3699 imi-

577 3735 703 3796 stitutos
714 3733 791 3794 fines
806 3731 910 3808 rugari
925 3728 1119 3790 viderentur.
1144 3727 1221 3788 lluic
1231 3741 1322 3804 quae·
1382 3731 1482 3798 tator,
1499 3743 1539 3789 eu·
1554 3726 1652 3790 Petro
1665 3728 1701 3789 de
1716 3728 1901 3792 Natalibus,
1927 3729 2047 3804 Quibus
2063 3747 2128 3791 om-

578 3826 671 3888 stioni
694 3825 778 3888 locus
800 3823 926 3901 quidem
949 3821 1069 3894 luisset,
1084 3820 1109 3880 si
1131 3820 1168 3880 de
1190 3817 1322 3896 Sulpitio
1380 3818 1476 3882 nibus
1508 3821 1738 3896 consideratis,
1771 3823 1932 3884 decretum
1954 3829 2001 3885 est
2026 3823 2128 3886 deleri

580 3919 695 3983 Severo
717 3918 749 3983 S.
772 3916 897 3980 Martini
919 3913 1066 3992 discipulo
1084 3920 1135 3974 aut
1157 3912 1190 3974 in
1212 3913 1323 3990 Marly·
1380 3911 1545 3987 caterba,
1568 3917 1711 3995 discipuli
1733 3918 1836 3982 Sancti
1864 3919 2006 3994 llartini,
2030 3923 2068 3980 ut
2091 3919 2129 3981 dc

579 4013 737 4089 rologium
759 4010 934 4083 inserendo,
947 4013 1002 4068 aut
1017 4007 1086 4068 inde
1102 4007 1321 4084 expungendo,
1381 4008 1536 4086 Episcopo
1559 4010 1761 4074 bituricensi
1781 4013 1894 4073 statim
1917 4011 2129 4092 intelligatur

579 4105 730 4168 iudicium
743 4102 971 4164 institueretur.
985 4097 1102 4161 Verum
1117 4113 1188 4160 curn
1204 4099 1247 4160 nil
1263 4100 1322 4161 tale
1379 4101 1607 4180 Martyrotoqii
1640 4110 1768 4174 tentus,
1796 4119 1860 4164 non
1881 4103 1916 4165 de
1944 4105 2011 4166 olio
2031 4106 2128 4168 disci·

580 4198 612 4260 in
633 4197 874 4276 disputationem
895 4195 1034 4268 veniret,
1058 4207 1125 4254 rem
1146 4195 1224 4253 banc
1245 4192 1323 4253 inta-
1378 4192 1455 4270 pulo
1479 4191 1511 4255 S.
1535 4192 1687 4267 Martini,
1711 4201 1741 4255 et
1762 4197 1921 4274 scriptore
1942 4197 2036 4262 citae.

580 4299 660 4354 ctam
691 4289 873 4368 relinquero
902 4288 997 4349 satius
1031 4287 1202 4348 duxerunt.
1238 4285 1352 4360 Quod.
1421 4301 1517 4350 xtvu.
1541 4288 1625 4363 Quae
1648 4289 2122 4370 rer-bacumsatisapertasint‚
2171 4307 2317 4372 suturarum.

581 4385 667 4447 enim
688 4383 724 4444 aa
746 4383 874 4445 totusue
896 4379 1020 4457 sotatur
1040 4379 1234 4442 sanctitatem
1255 4380 1323 4441 ater·
1349 4364 1352 4437 t
1380 4380 1535 4458 notrisque
1568 4381 1749 4458 ambagibus
1781 4383 1933 4460 involuta,
1968 4385 2048 4446 nitu
2075 4385 2125 4460 us,
2144 4363 2319 4470 bigitti&

582 4483 647 4554 net,
670 4492 761 4539 nemo
779 4483 825 4538 cst
841 4490 880 4536 ex
895 4472 1029 4550 antiquis
1042 4473 1254 4551 scriptoribus,
1270 4474 1323 4550 qui
1350 4448 1353 4545 Ι
1379 4489 1457 4550 quae
1478 4489 1570 4550 supra
1593 4474 1769 4550 retulimus,
1785 4477 2123 4557 addendumsuperest.
2144 4481 2190 4570 {³3¹5
2210 4479 2318 4515 nuncias—

582 4588 654 4634 eum
677 4569 781 4634 Sancti
804 4567 894 4630 titulo
916 4571 1062 4627 exornet:
1086 4565 1168 4628 Sanc
1184 4563 1222 4628 ob
1237 4567 1319 4628 anti·
1350 4576 1353 4691 ᾗ
1379 4565 1442 4628 Hoc
1464 4581 1577 4641 unum,
1594 4573 1762 4645 antequam
1776 4571 2006 4632 controversiae
2029 4573 2124 4634 tinem
2187 4558 2192 4568 ’
2363 4601 2364 4650 t

582 4666 652 4742 quis
673 4659 864 4724 sanctitatis
896 4660 995 4722 titulo
1022 4658 1109 4722 band
1135 4659 1324 4730 decoratum
1380 4660 1587 4738 imponamus,
1611 4659 1696 4721 iuvat
1723 4661 1773 4722 bic
1794 4663 1959 4738 adnotare,
1982 4665 2057 4726 duos
2079 4666 2128 4725 ni·
2363 4653 2364 4742 l

582 4759 622 4819 ita
645 4755 779 4832 legimns
805 4753 840 4814 in
872 4749 1117 4832 btbtthrapnic
1146 4753 1244 4812 Patris
1270 4751 1325 4814 bli-
1380 4753 1496 4813 miram
1511 4748 1836 4832 SulpitiosEpiscopos
1851 4755 2059 4818 bituricenses
2073 4773 2126 4819 ex·
2363 4749 2364 4836 l

580 4849 703 4923 chaelis,
717 4854 790 4911 tant.
804 4847 835 4917 4,
851 4862 922 4926 pap.
936 4846 989 4906 55.
1003 4845 1089 4920 Quod
1102 4845 1127 4906 si
1142 4849 1221 4922 apud
1234 4845 1323 4908 Saus·
1382 4846 1488 4920 titisse,
1505 4847 1617 4924 quibus
1633 4845 1712 4908 nibil
1727 4863 1894 4910 commune
1908 4857 1954 4910 est
1969 4864 2040 4910 cum
2056 4849 2127 4912 S'ul-

580 4941 680 5019 sajum
701 4951 732 5004 et
753 4941 880 5002 Petrum
902 4941 939 5001 de
959 4939 1128 5014 Natalibus,
1145 4938 1249 5002 Sancti
1269 4956 1323 5002 no·
1350 4974 1353 5081 ἱ
1380 4939 1456 5016 pitia
1478 4937 1594 5000 Seuero
1616 4937 1647 5002 S.
1671 4939 1793 5002 ldartini
1819 4941 1977 5019 discipulo.
2004 4942 2126 5004 Primus
2363 4943 2364 4956 ³

580 5037 666 5098 mine
687 5034 852 5114 aliquando
866 5035 1012 5108 donetur,
1035 5033 1113 5094 nibil
1136 5033 1209 5094 iude
1230 5035 1323 5095 consr-
1380 5029 1456 5091 obiit
1477 5047 1527 5092 an.
1542 5045 1646 5107 nucu,
1659 5033 1736 5095 alter
1751 5034 1813 5096 vita
1828 5035 1917 5096 cessit
1931 5051 1980 5094 an.
1992 5050 2122 5096 ccxciv.

581 5129 678 5204 citur3
703 5129 763 5190 iam
785 5128 870 5190 enim
894 5127 1090 5206 praemonuit
1111 5125 1268 5204 Longeral
1289 5127 1324 5188 in
1349 5092 1353 5221 J
1380 5123 1422 5184 De
1438 5124 1530 5200 priori
1547 5123 1954 5204 loquiturblartyrologium
1969 5129 2017 5189 die
2033 5143 2122 5191 xutx.

580 5221 726 5286 Historia
749 5219 978 5284 Ecclesiastico
1001 5219 1162 5282 Ecclesiae
1187 5219 1324 5284 Gallica·
1351 5230 1353 5245 ¹
1379 5217 1456 5293 iam,
1474 5218 1675 5296 posteriorem
1697 5218 1746 5279 die
1761 5233 1837 5280 xvu.
1852 5220 1991 5282 eiusdem
2009 5223 2124 5282 mensis

581 5332 650 5385 noe,
670 5320 744 5377 tom.
762 5316 793 5386 1,
817 5313 871 5376 tib.
892 5312 922 5387 3,
940 5329 1013 5392 paq.
1033 5309 1101 5374 397
1124 5314 1160 5375 in
1181 5319 1248 5376 not.
1265 5313 1324 5378 sab
1351 5374 1353 5389 ,
1380 5316 1612 5372 commemorat.
1644 5308 1688 5371 Ne
1721 5313 1858 5373 nominis
1889 5322 1981 5390 atque
2009 5313 2124 5392 episco-

581 5409 633 5472 tit.
657 5411 695 5480 A,
725 5410 895 5486 optandum
923 5423 989 5468 esse
1009 5407 1114 5468 ambos
1136 5423 1169 5468 ea
1190 5410 1323 5471 auctori·
1379 5413 1469 5481 patus
1490 5403 1621 5466 affinitas
1642 5403 1858 5468 contusionem
1880 5414 2014 5483 pareret,
2036 5407 2124 5468 elteri

580 5507 642 5564 tate
664 5501 757 5563 luisse
784 5502 929 5574 donatos,
952 5515 1046 5578 quam
1067 5515 1130 5560 non
1159 5500 1323 5576 habebant,
1380 5511 1554 5572 cognomen
1572 5497 1691 5570 Seueri,
1708 5498 1797 5560 alteri
1818 5497 1873 5559 Pii
1888 5515 2061 5576 cognomen
2077 5507 2124 5560 est

581 5603 613 5656 ct
634 5611 726 5673 quam
748 5594 861 5656 babere
881 5594 939 5656 sibi
961 5592 1034 5654 laiso
1055 5603 1281 5670 persuaserant.
1351 5564 1354 5693 ὀ
1381 5591 1535 5667 atlditum3
1559 5591 1642 5666 binc,
1656 5593 1694 5654 de
1708 5593 1804 5654 altero
1826 5589 1959 5671 Sulpitio
1973 5592 2023 5654 die
2044 5607 2121 5654 xvir.
2149 5593 2151 5598 ‘

362 5699 425 5746 tcta
439 5698 561 5754 conarer.
621 5705 704 5750 ruvr.
728 5688 810 5763 Quae
834 5686 873 5749 de
898 5685 1107 5764 Martyrologii
1134 5688 1325 5749 correctione
1381 5683 1512 5746 ianuarii
1536 5684 1685 5762 legimus:
1710 5685 1804 5764 Apud
1820 5686 1989 5749 bituricos
2004 5686 2123 5763 deposi-

344 5750 564 5862 ‘itflaiifflr'iafflcbsiJ
582 5782 698 5846 Urbani
721 5791 860 5860 tempore
880 5781 1034 5854 instituta,
1051 5795 1085 5840 ac
1106 5778 1143 5840 de
1165 5780 1322 5856 methodo,
1382 5780 1427 5840 tic
1449 5779 1481 5842 S·
1499 5779 1638 5858 Sulpitii
1661 5781 1809 5858 Episcopi
1831 5786 2034 5859 cognomento
2055 5777 2119 5851 Pii,

347 5859 535 5916 ⁰¹⁰⁶⁰⁰⁰¹¹²¹¹¹·
582 5891 674 5957 quam
695 5873 914 5936 reformatores
933 5873 990 5934 sibi
1009 5872 1192 5934 servandam
1215 5889 1325 5954 propo·
1381 5873 1475 5935 cuius
1498 5875 1567 5937 citu
1590 5880 1620 5936 et
1641 5889 1725 5936 mors
1745 5875 1888 5954 pretioso
1902 5873 2051 5954 gloriosis
2065 5873 2123 5934 mi·
