4732 7014
882 613 1079 659 bnnnbtcrtts
1101 614 1164 659 xlv.

569 730 588 804 ἓ
609 728 674 792 Vll.

404 915 449 978 lio
472 915 677 981 Sacramenta
702 919 844 983 Ordinis.

101 1117 230 1182 crusmata
286 1119 309 1165 ι.
333 1103 466 1168 Romani
486 1105 652 1172 Pontifices
672 1108 919 1186 praedecessores
940 1123 995 1170 no-

77 1177 231 1290 ffifflffi
246 1197 302 1260 stri
324 1200 560 1263 necessitatibus
584 1201 868 1266 italo-Graecorum
891 1217 994 1264 occur-

248 1306 315 1352 rere
338 1293 490 1370 volentes,
513 1303 549 1359 ut
570 1297 731 1359 commode
753 1304 879 1374 possent
894 1313 910 1356 a
925 1311 994 1376 pro-

246 1385 304 1463 prii
331 1387 412 1449 ritus
438 1389 635 1453 Praesulibus
656 1392 692 1454 ad
720 1393 844 1456 ordines
872 1407 994 1471 promo-

246 1478 323 1552 reri,
339 1480 499 1562 simulque
510 1492 667 1561 caventes,
684 1501 724 1550 ne
739 1487 763 1548 si
775 1486 812 1547 ab
826 1485 994 1550 Ordiuariis

244 1576 350 1638 latinis
373 1578 407 1639 ad
430 1593 553 1656 graecos
585 1580 749 1644 antistites
777 1581 810 1643 iu
837 1579 994 1644 Graeciam

244 1669 295 1733 rel
317 1671 450 1750 Epirum
472 1680 525 1735 aut
546 1674 618 1736 alias
644 1676 778 1740 Orientis
797 1683 901 1755 partes
922 1693 994 1740 cum

244 1765 426 1829 dimissoriis
447 1769 701 1846 remitterentur,
723 1770 759 1833 ad
785 1771 994 1834 schismaticos

244 1861 412 1940 Episcopos
423 1877 479 1940 pro
490 1863 685 1926 ordinatione
696 1863 913 1942 confugerent,
922 1883 994 1929 cou-

242 1956 436 2031 stituerunt,
470 1955 614 2020 Clemens
643 1957 768 2036 quidem
797 1958 874 2022 lllll.
912 1977 994 2022 auno

243 2065 364 2110 anxur.
387 2049 503 2112 Romae
524 2048 701 2112 babendum
721 2067 792 2114 esse*
808 2052 993 2132 Episcopum

243 2157 390 2220 graecum
412 2143 610 2218 catholicum,
624 2145 677 2224 qui
692 2145 822 2210 Graecos
838 2147 993 2228 Episcopis

241 2229 347 2299 latinis
361 2237 465 2299 ltaliae
475 2243 507 2300 et
517 2237 721 2301 adiacentium
735 2240 912 2304 insularum
923 2243 994 2306 sub-

241 2331 336 2394 iectos
363 2332 455 2394 sacris
483 2332 644 2394 ordinibus
664 2333 818 2410 initiaret,
849 2336 993 2400 Clemens

240 2441 317 2489 vero
338 2425 407 2489 xii.
431 2441 631 2500 uoccxxxv„
654 2436 689 2489 ut
709 2428 992 2495 italo-Graecorum

239 2519 272 2580 in
294 2519 429 2598 utraque
451 2518 553 2583 Sicilil
575 2515 834 2585 commorantium
857 2541 992 2588 commo-

239 2613 284 2674 dis
296 2613 489 2689 consuleret,
502 2613 635 2676 alterum
646 2615 786 2678 eiusdem
799 2619 899 2694 graeci
915 2619 993 2681 ritus

239 2705 429 2784 Episcopum
449 2706 483 2768 in
512 2705 686 2770 Seminario
715 2709 845 2772 Corsiuo
866 2729 882 2772 a
903 2727 936 2774 se
959 2713 992 2774 iu

238 2796 382 2860 Calabria
404 2806 506 2861 erecto
526 2808 654 2878 propter
675 2801 862 2866 Graecorum
884 2805 991 2867 liuius·

238 2892 324 2953 modi
347 2893 571 2968 ordinationes,
594 2911 721 2958 manere
741 2896 840 2972 iussit,
857 2913 991 2977 quorum

238 2983 493 3047 laudatissimum
515 2985 695 3050 institutum
717 3005 774 3051 uos
795 3007 919 3070 quoque
939 3009 993 3071 per

236 3083 419 3155 praesentes
441 3086 561 3141 nostras
582 3090 732 3161 perpetuo
754 3084 902 3148 valituras
924 3085 992 3150 lite-

237 3187 287 3233 ras
309 3173 533 3235 confirmamus
553 3181 585 3236 et
605 3175 803 3240 innovamus.

87 3279 219 3354 {menarum
278 3282 316 3327 ιι.
341 3263 389 3326 Ne
403 3267 472 3344 quis
480 3266 616 3345 ,clericus
630 3270 793 3338 saecularis
808 3273 888 3337 ritus
905 3289 992 3352 grae·

85 3331 219 3448 affini&
237 3357 276 3432 ci,
302 3358 447 3436 quamvis
458 3358 531 3420 alias
544 3361 585 3422 sit
596 3359 726 3425 idoneus
741 3366 880 3429 moribus
892 3369 991 3431 scion-

80 3439 220 3546 ζξῇρξοἳζῖξ
238 3452 280 3514 tia
302 3459 335 3514 et
357 3459 467 3527 aetate,
490 3452 525 3513 ad
546 3470 646 3517 sacros
667 3457 790 3521 ordines
811 3475 992 3538 promovea-

76 3550 220 3646 2332÷02⁵⁵2·
239 3552 303 3620 tur,
328 3545 390 3607 nisi
412 3546 497 3624 prius
526 3547 665 3625 legitime
688 3559 824 3627 constet,
848 3569 921 3616 eum
943 3571 991 3618 ec-

237 3637 447 3701 clesiasticum
471 3639 656 3704 beneficium
681 3644 732 3706 rel
754 3647 989 3724 patrimonium,

237 3733 322 3810 quod
344 3731 405 3793 sibi
426 3733 462 3794 ad
485 3733 582 3795 vitam
604 3737 734 3798 honeste
754 3738 896 3815 sufficiat,
913 3741 991 3820 paci·

238 3825 294 3887 doe
317 3825 492 3904 possidere:
515 3843 550 3888 ac
570 3836 743 3907 propterea,
767 3831 931 3896 deficiente
953 3833 990 3895 ti-

238 3916 306 3979 tulo
326 3917 483 3994 beneficii,
507 3935 561 3998 per
583 3920 722 3998 legitima
737 3923 922 3988 documenta
936 3925 990 3990 Οι-

237 4010 400 4073 dinarium
427 4027 520 4074 suum
548 4013 716 4077 certiorem
746 4017 873 4080 reddere
899 4020 990 4082 debet

238 4104 275 4166 de
297 4103 468 4167 sufficienti
491 4106 693 4185 patrimonio,
717 4118 753 4172 ut
774 4109 873 4173 valeat
898 4112 990 4174 sacris

238 4197 405 4262 ordinibus
426 4199 558 4261 initiari:
583 4200 648 4263 loco
677 4205 779 4265 autem
803 4205 875 4268 dicti
898 4208 989 4285 patri·

237 4292 350 4367 monii,
374 4307 432 4354 uec
452 4291 583 4358 clericus
605 4295 711 4357 uxoris
725 4313 798 4358 suae
819 4299 924 4362 dotem
944 4317 989 4361 as·

237 4383 366 4460 signare
386 4391 572 4463 praesumat,
587 4402 643 4451 uec
658 4387 838 4453 Ordiuarius
858 4407 926 4455 eam
941 4410 988 4456 re·

237 4476 345 4555 cipere
366 4477 485 4540 audeat.

38 4609 39 4612 =
92 4597 172 4637 soon
184 4595 218 4637 or.
277 4585 329 4633 ιιι.
352 4571 617 4646 Quemadmodum
630 4575 724 4638 etiam
739 4593 833 4640 nemo
848 4596 885 4642 ex
897 4581 990 4644 Grae·

38 4649 40 4734 l
76 4645 220 4753 ffilffg
237 4666 281 4727 cis
303 4682 361 4727 seu
381 4665 606 4730 albanensibus
628 4668 661 4731 in
682 4669 819 4734 Calabria
840 4679 870 4736 et
886 4673 988 4739 Sicilia

76 4753 220 4851 ffifflg}
237 4759 504 4822 commorantibus
515 4763 551 4824 ad
564 4779 648 4825 sacra
659 4763 833 4828 ministeria
854 4786 987 4831 assuma-

80 4869 150 4955 ξιξ-,ιιι
165 4870 220 4920 sra-
237 4861 304 4927 tur,
318 4852 371 4931 qui
386 4853 484 4915 trium
498 4854 606 4917 saltem
622 4872 778 4921 annorum
789 4863 886 4940 spatio
902 4879 986 4940 grae·

85 4923 221 5014 Z'd‘ilnsssr'i
237 4945 281 5008 cis
302 4946 470 5024 latinisque
485 4947 583 5011 literis
598 4965 663 5012 non
678 4950 797 5015 dederit
814 4970 938 5034 operam
954 4957 986 5020 iu

88 5028 191 5065 “i-*³¹¹³*
236 5038 337 5101 altero
358 5055 396 5100 ox
418 5039 599 5104 Seminariis
620 5043 913 5126 italo-Graecorum,
936 5053 987 5115 vel

237 5130 270 5193 iu
295 5131 433 5210 Collegio
454 5134 642 5199 Graecorum
664 5137 697 5200 in
719 5138 813 5203 Urbe.

80 5239 220 5335 &neamus
259 5242 322 5286 xv.
344 5225 550 5290 Promoveudi
572 5231 607 5292 ad
629 5231 835 5296 sacerdotium
850 5243 881 5298 et
901 5254 986 5317 pres-

89 5324 92 5330 ’
111 5303 120 5336 a
238 5318 352 5397 byteri,
368 5320 419 5398 qui
441 5322 639 5400 praeficiendi
655 5323 772 5388 luerint
787 5329 985 5395 ecclesiarum

237 5413 399 5490 regimini,
419 5415 643 5479 examinentur
657 5426 744 5481 antea
764 5419 943 5500 diligenter,
958 5426 985 5488 si

238 5505 401 5584 praecipue
422 5506 460 5570 de
480 5508 565 5570 horis
592 5511 748 5573 canonicis
769 5520 800 5575 et
821 5515 984 5581 blissarum

240 5597 347 5660 officiis
366 5599 538 5664 secundum
559 5601 791 5666 distinctionem
806 5614 983 5687 temporum

239 5692 426 5768 exequendis
440 5695 503 5756 sint
516 5696 709 5760 sullicieuter
722 5698 881 5779 instructi,
898 5713 932 5767 ut
947 5707 983 5769 ad

239 5782 315 5845 baec
334 5786 457 5848 nonnisi
478 5787 564 5865 digni
585 5791 799 5855 admittantur.

102 5889 223 5966 istomo-
279 5894 310 5937 x.
334 5878 508 5942 Sacerdotes
530 5889 561 5943 et
581 5885 771 5964 quicumque
787 5896 862 5951 suut
884 5889 916 5951 in
937 5907 984 5953 sa-

83 5950 141 5992 tem.
240 5971 300 6032 cris
326 5971 482 6035 ordinibus
512 5976 674 6040 constituti
700 5980 788 6042 boras
819 5984 982 6048 canonicas

345 6119 395 6166 latr.
412 6119 481 6168 Porti.
496 6120 527 6168 de
544 6123 617 6184 Prop.
631 6123 694 6171 Fide
708 6128 789 6178 Partis
803 6130 822 6178 l.
836 6129 890 6180 Vol.
905 6089 948 6180 ru.

1738 595 1777 659 65
1828 595 1883 652 An.
1896 598 1927 651 (l.
1947 597 2017 652 1742

1052 747 1139 794 more
1159 732 1343 811 suodicant3
1367 741 1398 798 et
1413 734 1594 814 priusquam
1615 732 1735 794 Missam
1750 748 1798 796 ce·

1053 825 1189 902 lebreut,
1219 827 1355 890 officium
1383 827 1568 892 matutinale
1595 825 1726 889 recitare
1746 843 1798 888 ou-

1052 928 1132 982 rent.

1090 1030 1133 1075 ιι.
1158 1015 1298 1094 Episcopi
1327 1015 1429 1093 graeci
1450 1016 1482 1078 iu
1508 1015 1668 1078 ordinibus
1695 1013 1797 1077 coule·
1816 1021 2031 1120 cfiffi‘iffln‘iitaais'

1051 1107 1155 1170 reudis
1170 1108 1274 1192 ,ritum
1294 1110 1456 1188 proprium
1471 1123 1616 1188 graecum
1639 1109 1671 1170 in
1687 1108 1797 1170 eucbo-
1816 1128 1976 1192 conterendis
1987 1139 2030 1174 eu-

1052 1199 1134 1276 logio
1155 1203 1343 1281 descriptum
1358 1210 1496 1278 seruent,
1509 1203 1542 1264 in
1557 1218 1631 1282 quo,
1647 1201 1704 1264 etsi
1720 1217 1797 1263 non·
1817 1182 1935 1282 ᾓῗξζῖξῗῗ
1946 1191 2027 1240 ⁸¹⁸⁶0·

1051 1295 1131 1358 nulli
1153 1297 1190 1358 de
1211 1297 1384 1360 minoribus
1407 1296 1567 1359 ordinibus
1588 1295 1796 1376 praetermissi

1051 1387 1227 1464 rideantur,
1243 1405 1294 1451 eos
1310 1399 1415 1452 tamen
1430 1390 1479 1452 rel
1495 1405 1658 1468 uunquam
1676 1389 1797 1451 babuis-

1050 1491 1095 1557 se,
1117 1483 1166 1544 vel
1194 1498 1304 1546 eorum
1331 1483 1514 1546 exercitium
1543 1483 1610 1544 aliis
1635 1481 1797 1544 ordinibus

1051 1591 1115 1637 esse
1136 1576 1292 1638 adnexum
1314 1577 1408 1638 iidem
1429 1577 1533 1639 Graeci
1555 1576 1721 1638 adlrmaut.

1090 1685 1145 1730 vu.
1171 1671 1244 1732 lude
1267 1679 1370 1732 tamen
1391 1669 1598 1734 dubitationes
1613 1671 1797 1748 quaudoque
1842 1682 1950 1736 omnam
1963 1682 2030 1747 orar-

1050 1764 1124 1826 oriri
1146 1764 1261 1841 solent,
1276 1766 1404 1844 quinam
1420 1765 1571 1829 nimirum
1586 1766 1711 1828 ordines
1726 1780 1796 1842 sup·
1816 1735 2031 1846 ffissqfi¹0²1¹2¹ai³s²l¹iss

1050 1858 1157 1938 plaudi
1178 1859 1241 1921 siut
1263 1860 1300 1923 ab
1314 1876 1362 1936 eo,
1375 1863 1428 1941 qui
1451 1862 1589 1942 primum
1611 1858 1673 1922 ritu
1689 1873 1797 1935 graeco
1816 1845 1852 1942 δὲ,
1864 1844 2030 1954 θξῂᾶῑξὲξξξβ

1050 1952 1204 2031 aliquibus
1228 1955 1390 2017 oratorius
1418 1955 1478 2017 tots
1503 1955 1657 2027 initiatus,
1686 1952 1796 2014 uernae
1816 1909 1890 1997 lines
1909 1953 2028 2009 sueretu.

1050 2047 1113 2108 ritu
1136 2045 1233 2109 latino
1259 2049 1295 2110 ad
1316 2048 1452 2126 reliquos
1478 2058 1525 2112 est
1552 2046 1794 2126 promovendus.

1049 2139 1127 2215 Quas
1142 2144 1367 2203 controversias
1382 2149 1417 2204 ut
1432 2140 1469 2202 de
1485 2142 1587 2205 medio
1598 2140 1722 2220 penitus
1740 2137 1796 2199 tol-

1050 2231 1164 2308 lamus,
1198 2241 1376 2312 certamque
1406 2236 1561 2297 tradamus
1593 2232 1733 2310 regulam
1763 2231 1795 2292 in

1050 2335 1208 2406 posterum
1237 2327 1438 2404 servandam,
1461 2329 1502 2389 ita
1529 2327 1737 2390 decernimus.
1763 2327 1795 2391 Si

1049 2421 1118 2500 quis
1139 2421 1204 2484 ritu
1226 2437 1335 2499 graeco
1357 2420 1485 2484 clericus
1502 2428 1533 2484 et
1554 2420 1650 2484 lector
1671 2426 1795 2483 tautum

1049 2513 1107 2575 luit
1130 2514 1283 2588 initiatus,
1312 2520 1406 2594 atque
1427 2529 1462 2576 ex
1486 2513 1678 2586 benignitate
1706 2513 1794 2578 Sedis

1049 2606 1239 2686 Apostolicae
1267 2607 1419 2683 obtinuit,
1449 2615 1484 2671 ut
1511 2608 1642 2670 maiores
1670 2608 1795 2670 ordines

1048 2701 1152 2763 latinis
1172 2702 1374 2765 caeremoniis
1387 2701 1445 2765 sibi
1460 2701 1673 2776 conterantur,
1690 2701 1725 2776 is,
1742 2717 1797 2763 an·

1049 2804 1174 2874 tequam
1194 2795 1399 2858 subdiaconus
1420 2794 1593 2870 ordinetur,
1611 2803 1673 2857 tres
1694 2795 1794 2857 mino·

1049 2905 1097 2950 res
1118 2889 1241 2952 ordines
1270 2890 1400 2952 omissos
1424 2887 1514 2953 debet
1542 2889 1605 2951 ritu
1627 2889 1722 2951 latino
1743 2905 1794 2950 su·
1860 2921 1862 2928 ν

1047 2984 1175 3062 scipere.
1207 2983 1239 3047 Si
1261 2999 1336 3046 xero
1365 2989 1488 3063 praeter
1510 2983 1630 3046 lectoris
1652 2983 1794 3045 ordinem

1047 3079 1083 3140 ad
1104 3076 1360 3141 subdiaconatum
1374 3078 1468 3140 etiam
1484 3093 1591 3155 graeco
1613 3077 1675 3140 ritu
1690 3092 1793 3140 ascen·

1048 3170 1103 3246 dit,
1126 3179 1217 3234 etex
1242 3171 1472 3250 dispensatione
1500 3170 1606 3233 itidem
1631 3169 1794 3250 apostolica

1048 3265 1173 3328 lacultas
1198 3265 1255 3326 sibi
1277 3265 1354 3328 lacta
1375 3265 1414 3327 sit
1439 3273 1556 3328 ceteros
1583 3265 1708 3327 ordines
1730 3264 1793 3328 ritu

1049 3359 1143 3420 latino
1162 3358 1359 3438 suscipiendi,
1372 3364 1538 3438 antequam
1553 3359 1636 3421 inter
1646 3359 1793 3421 liiaoouos

1047 3459 1220 3531 cooptetur,
1244 3469 1282 3514 ex
1303 3453 1476 3514 minoribus
1491 3453 1607 3515 ordinis
1628 3451 1793 3514 exorcista·

1048 3553 1116 3608 tum
1147 3545 1368 3609 tantummodo
1394 3545 1537 3624 supplere
1559 3546 1697 3622 cogitur,
1720 3561 1792 3608 cum

1047 3634 1361 3718 persubdiacouatum
1374 3655 1484 3716 graeco
1494 3640 1558 3702 ritu
1567 3639 1714 3703 collatum
1726 3656 1792 3702 aco·

1047 3733 1201 3811 lytbatum
1222 3739 1252 3794 et
1274 3734 1467 3796 ostiariatum
1495 3735 1644 3812 recepisse
1670 3749 1793 3798 censea-

1047 3833 1109 3888 tur.
1134 3825 1219 3888 ldem
1240 3827 1404 3890 dicendum
1426 3829 1465 3889 de
1485 3843 1534 3903 eo,
1557 3827 1611 3906 qui
1635 3844 1697 3889 uua
1719 3844 1792 3890 cum

1046 3919 1172 3998 reliquis
1196 3919 1393 3983 inferioribus
1414 3921 1574 3983 ordinibus
1595 3921 1792 3984 diaconatum

1045 4013 1212 4074 autetiam
1239 4013 1486 4094 presbyteratum
1509 4029 1617 4092 graece
1645 4015 1790 4093 suscepit,

1045 4113 1077 4168 et
1098 4107 1194 4170 latino
1215 4117 1320 4186 postea
1342 4108 1405 4172 ritu
1427 4108 1462 4170 ad
1483 4123 1606 4171 sacrum
1633 4109 1790 4187 presbyte-

1044 4209 1129 4262 ratus
1150 4201 1321 4281 respective
1341 4201 1484 4263 ordinem
1505 4209 1558 4263 aut
1572 4202 1791 4280 Episcopatum

1044 4296 1275 4374 promovendus
1290 4296 1329 4357 sit
1344 4311 1381 4358 ex
1396 4295 1557 4374 apostolici
1578 4295 1789 4373 concessione;

1043 4389 1408 4453 nimirumexorcistatus
1429 4390 1572 4452 ordinem
1593 4389 1626 4449 in
1648 4389 1724 4468 ipso,
1737 4405 1790 4451 au·

1045 4492 1169 4562 tequam
1190 4483 1352 4562 presbyter
1373 4481 1536 4545 ordinetur
1557 4482 1790 4562 autEpiscopus

1043 4582 1252 4650 consecretur,
1275 4591 1342 4638 esse
1366 4575 1585 4654 supplendum.

1084 4669 1282 4733 v111.Gracci
1307 4668 1376 4731 sine
1403 4668 1499 4731 literis
1527 4667 1697 4730 dimissoris
1719 4668 1790 4747 Epi·
1830 4693 1884 4738 qo„
1900 4691 2020 4738 ordineo-

1042 4764 1125 4842 scopi
1148 4763 1235 4824 latini
1263 4761 1434 4826 dioecesani
1463 4761 1643 4825 nullatenus
1670 4763 1705 4824 ad
1727 4762 1788 4840 pri·
1807 4747 2019 4846 ἓῗῶιεξξξῆξῗξέ

1043 4872 1126 4918 mam
1149 4865 1306 4919 tonsuram
1323 4855 1372 4918 vel
1388 4855 1524 4934 aliquem
1546 4857 1688 4920 ordinem
1711 4856 1787 4918 reci·
1806 4853 1854 4900 arna
1868 4853 2004 4900 ordinarit.

1042 4952 1192 5030 piendum
1213 4949 1426 5014 admittantur.
1689 4952 1695 4964 '

1082 5061 1127 5106 ιιι.
1150 5045 1288 5108 Promoti
1308 5045 1343 5106 ad
1358 5046 1493 5125 primam
1508 5054 1668 5110 tonsuram
1689 5045 1786 5108 relad
1825 5070 1859 5113 ne
1874 5067 2018 5123 suspensio·

1042 5136 1137 5200 alium
1159 5153 1388 5218 quemcumque
1410 5141 1552 5202 ordinem
1565 5141 1633 5202 sine
1648 5140 1786 5202 dimisso·
1805 5121 2019 5221 {linguaesua-

1040 5229 1096 5290 riis
1111 5230 1199 5292 latini
1213 5229 1366 5294 Ordiuarii
1380 5233 1522 5312 suspensi
1537 5234 1618 5312 sint3
1635 5242 1666 5296 et
1679 5235 1704 5296 si
1719 5251 1785 5296 sus-

1041 5324 1128 5402 pensi
1157 5323 1190 5385 iu
1219 5326 1311 5388 sacris
1339 5325 1498 5391 ordinibus
1525 5328 1783 5403 ministraverint,

1041 5416 1220 5479 efficiuntur
1241 5419 1427 5497 irregulares
1448 5422 1527 5484 sicut
1548 5429 1579 5483 et
1601 5421 1714 5484 Latini.

1080 5525 1111 5570 x.
1136 5509 1236 5589 Super
1257 5514 1437 5577 huiusmodi
1457 5520 1561 5577 autem
1579 5523 1611 5578 et
1631 5515 1784 5579 similibus
1805 5535 2015 5600 ¹sotusraapam

1040 5604 1321 5682 irregularitatibus
1349 5608 1546 5686 dispensandi
1569 5608 1747 5672 facultatem
1769 5627 1784 5670 a
1803 5589 2016 5700 {prigssfflifstm

1039 5699 1070 5762 S.
1095 5699 1174 5763 Sede
1196 5701 1369 5780 apostolici
1390 5703 1523 5766 obtineri
1546 5714 1677 5784 oportet.

1078 5809 1122 5856 xx.
1146 5793 1215 5857 Non
1237 5803 1313 5858 sunt
1326 5797 1509 5860 admittendi
1531 5801 1671 5879 Episcopi
1690 5801 1785 5863 scbis-
1816 5814 2016 5876 episcopussub·

1039 5888 1141 5950 malici
1162 5889 1229 5950 sive
1244 5905 1300 5968 pro
1321 5889 1481 5954 ordinibus
1495 5892 1561 5954 sive
1582 5910 1637 5972 pro
1658 5895 1725 5958 aliis
1739 5913 1784 5958 sa·
1804 5868 2017 5970 „³¹0³0²'a¹1¹1⁰2⁰2{,2¹r22

1040 5982 1206 6045 oramentis
1243 5983 1460 6062 conterendis,
1493 5985 1547 6048 sed
1583 5989 1782 6070 impediendi,
1803 5975 2014 6026 ffl⁰⁰ ⁰⁰⁰¹⁰¹⁸⁰i
