4744 6976
95 2214 259 2256 firmatorem-

80 2273 259 2378 1313133

80 2373 149 2426 quibos
182 2379 258 2422 supe-

80 2427 137 2468 riores
160 2421 259 2467 33313-

80 2471 260 2584 rgmiqffisggggj
277 2492 369 2554 quam
401 2475 571 2553 regulares
599 2477 774 2538 animarum
807 2492 913 2540 curam
936 2493 1022 2538 exer·

81 2585 153 2680 15:352
156 2587 258 2680 diffie
278 2576 384 2631 centes
406 2569 437 2630 in
459 2569 655 2631 monasteriis
670 2585 725 2630 seu
740 2569 882 2631 domibus
899 2569 1024 2645 religio·

86 5819 255 5870 1313313333]-

80 5879 161 5924 ptionem
181 5889 254 5930 paro-

89 5925 256 5978 uatummona-
274 5919 453 5982 visitatione
474 5926 505 5980 et
533 5919 741 5997 correctione,
774 5921 869 5984 etiam
898 5921 931 5983 in
958 5921 1017 5997 his,

908 587 1104 634 eannulcxus
1127 591 1190 636 xlv.

280 708 444 787 superioris
466 710 618 786 regularis
640 725 803 784 consensu,
820 715 904 771 etan
920 725 1021 772 remo·

279 803 367 865 tionis
388 819 477 865 causa
500 805 600 867 eidem
628 797 919 881 adducere'easque
940 805 1022 866 veri-

280 897 367 958 ticare
388 897 534 973 deberet;
556 905 625 960 tum
644 897 737 958 etiam
751 912 791 958 an
805 896 956 971 regularis
970 912 1020 958 su·

278 988 380 1068 perior
408 990 443 1051 ad
470 989 606 1050 similem
635 989 842 1051 remotionem
865 998 896 1049 et
922 988 1022 1066 priva-

280 1082 396 1144 tionem
426 1099 482 1144 333
514 1084 583 1144 1333
610 1082 800 1154 1133331333,
833 1097 1021 1143 consensum

281 1174 417 1253 Episcopi
440 1176 615 1254 exquirere,
637 1190 770 1253 suasque
790 1173 904 1250 agendi
929 1174 1021 1236 ratio-

279 1285 331 1332 nes
353 1268 398 1330 illi
420 1276 508 1330 notas
530 1277 622 1346 atque
647 1267 788 1346 probatas
809 1266 909 1328 iacere
935 1275 1021 1328 teue-

278 1369 374 1424 retur.
403 1361 464 1436 Qna
486 1362 522 1422 de
545 1377 590 1435 re,
613 1359 786 1438 supradicta
816 1359 1021 1435 congregatio

278 1454 407 1516 1133131111
430 1455 579 1528 decrevit,
597 1452 775 1516 huiusmodi
797 1451 943 1530 parochos
960 1458 1021 1512 tam

277 1547 314 1608 ab
344 1547 505 1625 Episcopo,
528 1563 620 1625 quam
643 1563 658 1608 a
685 1546 844 1623 superiore
873 1543 1020 1621 regulari,

277 1640 467 1717 3333111333,
480 1653 544 1700 non
560 1638 846 1718 33331311331133133
858 1652 1020 1711 consensu,

278 1734 314 1795 ab
344 1733 520 1794 animarum
551 1749 624 1794 cura
653 1731 810 1794 removeri
832 1746 937 1808 posse,
965 1746 1022 1791 nec

277 1842 376 1888 unum
391 1826 480 1886 alteri
496 1842 600 1888 333333
613 1825 717 1888 iudicii
729 1825 777 1887 sui
793 1825 924 1903 aperire,
941 1823 1021 1884 mul-

277 1926 369 1996 toque
390 1920 496 1980 minus
519 1919 648 1996 probare
669 1925 700 1980 et
722 1917 881 1979 verificare
896 1916 1021 1978 debere.

276 2013 309 2074 ld
329 2013 409 2090 quod
425 2028 440 2071 a
456 2012 543 2073 nobis
565 2011 597 2074 in
619 2011 765 2073 omnibus
787 2010 973 2089 approbatur·
992 2017 1022 2071 et

236 2120 245 2136 ·
279 2105 493 2166 confirmatur.
885 2139 891 2148 -

316 2198 335 2272 5
358 2198 406 2260 te.
429 2198 592 2275 Postquam
620 2213 696 2258 vero
718 2197 899 2260 Tridentino
925 2197 1023 2274 Syno-

278 2291 334 2354 dus
357 2291 422 2352 loco
443 2291 586 2369 superius
602 2291 724 2352 laudato
745 2289 923 2364 declaravit,
939 2305 1024 2368 prae-

278 2384 375 2446 dictos
396 2391 518 2444 curatos
529 2400 583 2446 seu
598 2387 746 2462 parochos
764 2392 824 2445 tam
840 2383 1022 2458 saeculares,

277 2679 330 2735 313,
359 2661 472 2740 quibus
500 2660 677 2722 huiusmodi
709 2677 782 2723 3333
818 2675 1022 2740 personarum

276 2754 481 2816 saecularium
504 2754 668 2830 incumbit,
684 2755 810 2816 subesse
832 2755 943 2817 debere
966 2755 1022 2815 im-

277 2847 421 2922 mediate,
434 2848 466 2908 in
482 2847 530 2921 iis,
542 2863 620 2925 quae
636 2847 670 2908 ad
686 2848 801 2910 dictam
815 2863 921 2910 curam
935 2855 1022 2909 3133-

277 2948 511 3004 crementorum
530 2939 830 3003 administrationem
852 2941 1022 3019 pertinent,

277 3031 496 3106 jurisdictioni,
513 3033 682 3095 visitationi
703 3041 733 3094 et
754 3033 938 3094 correctioni
953 3034 1024 3111 Epi-

276 3125 359 3202 scopi
381 3125 476 3201 (quod
498 3126 635 3203 quidem,
649 3127 733 3188 iuxta
749 3126 846 3202 magis
868 3133 1022 3205 receptam

279 3217 484 3278 tribunalium
506 3218 599 3281 huius
622 3226 744 3280 nostrae
773 3219 876 3280 curiae
898 3227 1025 3280 senten·

278 3308 363 3384 tiam,
387 3309 575 3386 intelligitur
595 3310 632 3371 de
654 3311 867 3374 iurisdictione
882 3311 1022 3390 Episcopi

277 3406 442 3480 ordinaria,
467 3421 530 3467 non
552 3420 627 3466 vero
649 3403 686 3465 de
708 3402 878 3482 delegata),
901 3403 954 3466 illa
979 3411 1023 3466 13-

277 3515 350 3560 men
379 3499 566 3580 monasteria
594 3515 649 3561 seu
678 3498 740 3560 loca
768 3497 883 3561 ibidem
905 3515 921 3558 a
943 3499 1022 3561 Con·

277 3595 346 3657 cilio
368 3595 587 3673 excipiuntur,
613 3596 644 3655 in
667 3595 779 3673 quibus
807 3592 946 3669 abbates,
969 3600 1022 3654 aut

281 3687 340 3762 alii,
364 3688 541 3764 regularem
565 3690 742 3767 superiores
773 3687 1021 3750 iurisdictionem

277 3779 480 3860 episcopalem
501 3789 532 3843 et
553 3782 757 3859 temporalem
780 3783 812 3844 in
828 3780 975 3860 parochos
991 3783 1021 3840 et

278 3878 475 3951 parochianos
507 3881 670 3954 exercent3
697 3875 781 3938 salvo
814 3875 1021 3940 nihilominus

279 3986 386 4033 eorum
402 3972 622 4050 Episcoporum
639 3972 718 4047 iure,
734 3973 788 4050 qui
803 3972 860 4033 alia
875 3971 1019 4049 quapiam

277 4078 314 4124 ex
334 4079 422 4124 causa
442 4080 499 4125 seu
528 4063 618 4126 titulo
641 4063 792 4125 maiorem
814 4065 845 4126 in
868 4064 1019 4141 praedicta

277 4156 339 4218 1333
360 4157 409 4218 331
433 4173 575 4236 personas
597 4157 842 4220 iurisdictionem
861 4165 1018 4218 exercent.

276 4249 374 4322 Quare
396 4251 559 4312 nonnullis
575 4251 730 4330 Episcopis
745 4250 1018 4324 contendentibus

278 4341 370 4405 licere
400 4343 476 4418 sibi,
505 4343 615 4404 saltem
643 4351 799 4421 tamquam
831 4344 978 4420 delegatis
1004 4359 1020 4403 3

278 4435 355 4498 Sede
382 4438 572 4514 1333131133,
600 4437 633 4499 in
661 4437 807 4514 parochos
838 4437 1018 4515 praedictos,

276 4529 388 4591 sivein
409 4531 619 4607 parochianos,
641 4529 778 4608 aliquem
799 4529 1020 4592 iurisdictionis

276 4629 379 4684 actum
400 4637 563 4697 exercere,
592 4622 799 4698 congregatio
821 4621 951 4684 concilii
972 4637 1019 4682 re-

275 4714 410 4791 spondit,
440 4715 521 4792 quod
544 4715 596 4776 ubi
618 4715 707 4777 abbas
736 4721 788 4777 aut
809 4715 950 4793 superior
971 4730 1019 4776 re-

275 4806 392 4883 gularis
410 4823 498 4869 suam
513 4807 621 4886 prohat
643 4807 890 4870 iurisdictionem
906 4809 1020 4885 episco-

273 4899 372 4978 palem
396 4910 427 4962 31
451 4900 652 4978 temporalem
669 4901 701 4962 in
725 4901 803 4979 ipsos
825 4901 973 4979 parochos
989 4909 1020 4962 31

273 4992 485 5069 parochianos,
513 4999 544 5053 et
565 4999 672 5055 contra
698 4993 865 5072 Episcopus
890 4992 1019 5071 probare

273 5086 383 5164 nequit
394 5085 576 5163 ampliorem
589 5087 622 5146 in
636 5087 761 5148 eosdem
772 5086 1019 5148 iurisdictionem

273 5195 311 5240 ex
334 5178 392 5239 3113
414 5179 514 5256 333113
528 5178 585 5239 sibi
600 5177 778 5256 acquisitam
801 5177 906 5253 luisse,
929 5178 1019 5240 absti-

273 5287 349 5333 nere
371 5272 501 5333 omnino
523 5271 614 5334 debet
635 5271 801 5350 Episcopus
828 5280 890 5334 tam
912 5289 927 5333 3
948 5271 1019 5334 3131-

272 5366 401 5440 tatione,
425 5379 518 5444 quam
540 5364 577 5425 ab
598 5363 657 5426 alio
679 5381 875 5443 quocumque
896 5365 1019 5427 iurisdi-

272 5457 383 5519 ctionis
404 5466 474 5520 actu
496 5455 529 5517 in
551 5456 729 5520 huiusmodi
750 5457 897 5535 parochos
917 5465 949 5518 31
969 5473 1021 5535 33-

275 5548 447 5610 rochianos.
464 5548 549 5623 Quod
565 5547 703 5627 quidem,
716 5548 814 5612 veluti
829 5549 925 5628 ipsius
941 5550 1020 5612 Con·

273 5639 336 5702 31111
357 5641 489 5704 decretis
509 5656 694 5717 consonum,
711 5659 766 5704 nos
788 5642 880 5706 etiam
902 5651 1020 5721 aposto·

274 5733 331 5795 1133
353 5733 590 5795 confirmatione
612 5733 803 5795 roboramus.
926 5748 929 5754 ·

314 5828 333 5902 5
357 5826 402 5888 13.
420 5826 573 5890 Similiter
585 5827 622 5889 ab
637 5827 777 5906 Episcopi
792 5828 1017 5904 iurisdictione,

1747 565 1804 630 333
1854 558 1952 614 Aac.
1974 562 2044 616 1311

1078 723 1157 786 3333
1178 709 1214 770 ad
1235 707 1412 772 animarum
1436 723 1543 772 curam
1566 715 1596 772 et
1617 716 1822 772 sacramento
1842 705 2057 815 {5233}szssss

1078 816 1149 862 rum
1171 800 1474 864 administrationem
1498 809 1646 880 spectant,
1671 799 1822 880 praedicta
1842 813 1985 868 superiores
2008 825 2054 870 33-

1076 901 1177 956 333313
1187 891 1329 972 Synodus
1340 895 1453 974 excipit
1466 902 1528 957 tarn
1540 894 1721 969 saeculares,
1730 908 1823 972 quam
1843 865 2057 981 liliildldl

1078 986 1236 1062 regulares
1258 987 1417 1064 parochos,
1441 987 1493 1066 qui
1520 988 1696 1048 animarum
1717 1000 1822 1047 curam
1842 972 2057 1082 ξξᾨηῑηζᾞξξξξζ

1078 1084 1225 1139 33333331
1247 1077 1279 1138 13
1306 1077 1343 1138 113
1370 1078 1566 1140 monasteriis
1594 1093 1648 1138 seu
1671 1077 1762 1151 locis,
1789 1075 1822 1137 in
1843 1087 1967 1177 ‘uffussffl
1983 1089 2056 1134 aene

1078 1171 1191 1249 quibus
1213 1170 1333 1234 abbates
1361 1169 1522 1246 generales
1542 1177 1596 1231 aut
1617 1170 1713 1248 capita
1741 1167 1825 1230 ordi·
1842 1141 1871 1179 ¹⁸
1941 1165 1945 1175 '

1079 1281 1157 1327 num
1182 1266 1286 1328 sedem
1319 1263 1506 1326 ordinariam
1536 1263 1740 1342 principalem
1770 1261 1824 1322 ba-

1079 1359 1169 1420 bent:
1193 1373 1272 1435 quae
1294 1358 1444 1434 exceptio,
1466 1358 1532 1420 sive
1547 1356 1703 1432 limitatio,
1726 1355 1823 1434 pluri·

1079 1454 1134 1516 bus
1155 1453 1373 1515 controversiis
1396 1451 1587 1513 occasionem
1609 1448 1760 1527 praebuit.
1782 1448 1820 1509 Et

1078 1547 1190 1624 primo,
1200 1562 1250 1622 an,
1259 1547 1295 1608 ad
1308 1545 1516 1608 inducendam
1528 1543 1705 1606 huiusmodi
1718 1559 1822 1604 exem-

1078 1640 1217 1718 ptionem
1232 1640 1270 1701 ab
1284 1639 1447 1718 episcopali
1469 1637 1656 1718 visitatione,
1679 1638 1750 1699 satis
1770 1635 1821 1712 sit,

1078 1732 1158 1813 quod
1181 1735 1213 1794 in
1241 1733 1345 1809 aliquo
1374 1732 1564 1796 monasterio
1593 1731 1706 1794 residat
1733 1730 1822 1792 abbas

1079 1828 1241 1904 regularis,
1257 1828 1329 1890 licet
1351 1829 1375 1888 is
1396 1827 1515 1889 ordinis
1529 1827 1576 1889 331
1592 1824 1745 1902 generalis
1760 1839 1824 1884 non

1079 1924 1202 1985 existat.
1226 1923 1407 2000 Superque
1429 1922 1563 2000 33331313
1592 1918 1722 1984 concilii
1744 1919 1822 1981 Eon-

1079 2016 1218 2092 gregatio
1232 2015 1462 2094 pronunciavit,
1479 2031 1542 2076 nun
1557 2013 1700 2076 sullicere
1710 2011 1824 2073 abbatis

1078 2108 1241 2172 cuiuslibet
1262 2109 1473 2182 residentiam,
1490 2107 1550 2168 nisi
1564 2107 1604 2168 sit
1625 2106 1714 2169 abbas
1731 2105 1824 2167 totius

1078 2202 1194 2264 ordinis
1215 2203 1262 2264 sui
1285 2201 1448 2278 generalis.
1473 2202 1560 2263 'lunc
1582 2201 1668 2262 enim
1694 2200 1823 2261 Triden-

1079 2295 1181 2356 tinnm
1204 2294 1379 2357 Concilium
1394 2293 1548 2371 simplices
1562 2292 1683 2354 abbates
1698 2292 1822 2353 331113-

1079 2387 1236 2463 gularium
1268 2385 1442 2465 superiores
1470 2386 1628 2460 nominat,
1661 2400 1759 2463 quum
1787 2384 1823 2446 ab

1079 2477 1218 2557 Episcopi
1240 2479 1454 2541 iurisdictione
1469 2494 1502 2540 ac
1523 2478 1700 2539 visitatione
1714 2477 1824 2539 eximit
1914 2539 1917 2548 ,

1078 2571 1225 2650 parochos
1247 2570 1447 2633 ecclesiarum
1468 2587 1522 2631 seu
1548 2571 1822 2644 monasteriorum,

1078 2663 1110 2724 in
1132 2662 1244 2740 quibus
1265 2662 1387 2724 abbates
1408 2671 1461 2723 aut
1483 2662 1534 2724 alii
1556 2662 1748 2738 regularium
1774 2678 1825 2722 su-

1078 2753 1213 2830 periores
1225 2754 1471 2816 iurisdictionem
1488 2753 1690 2831 episcopalem
1701 2763 1733 2815 et
1746 2759 1825 2814 tem-

1079 2846 1216 2924 poralem
1238 2853 1401 2922 exercent,
1424 2861 1484 2924 qua
1506 2845 1719 2908 iurisdictione
1740 2861 1822 2907 com-

1078 2948 1202 3016 pertum
1224 2945 1270 2999 est
1291 2938 1461 3000 nonnullos
1483 2939 1575 3000 etiam
1597 2938 1752 3015 simplices
1773 2937 1824 2999 ab·

1078 3031 1163 3094 bates
1194 3037 1247 3093 aut
1274 3031 1449 3109 superiores
1481 3029 1638 3106 regulares
1669 3029 1821 3106 gaudere,

1078 3125 1219 3202 quamvis
1241 3138 1304 3186 non
1326 3124 1388 3186 sint
1410 3124 1558 3186 ordinum
1580 3121 1752 3199 generales.
1780 3121 1823 3183 113

1077 3216 1235 3278 abbatibus
1256 3224 1361 3279 autem
1383 3216 1591 3294 generalibus,
1606 3231 1662 3278 seu
1677 3215 1823 3276 ordinum

1077 3311 1239 3390 capitibus,
1256 3319 1331 3374 tunc
1347 3310 1486 3389 loquitur
1501 3311 1608 3372 eadem
1622 3308 1732 3371 Sancta
1744 3307 1823 3385 svn-

1078 3403 1164 3480 0dus,
1191 3420 1290 3482 quum
1311 3421 1327 3466 a
1349 3403 1562 3466 iurisdictione
1583 3411 1615 3464 et
1644 3401 1823 3463 visitatione

1076 3498 1239 3577 episcopali
1268 3505 1426 3576 exemptos
1452 3511 1517 3557 esse
1539 3495 1683 3573 indulget
1711 3511 1819 3557 eorum

1078 3597 1338 3658 monasteriorum
1363 3611 1418 3657 seu
1442 3595 1582 3659 locorum
1607 3596 1765 3672 parochos,
1789 3595 1821 3656 in

1076 3693 1188 3771 quibus
1203 3693 1327 3756 abbates
1342 3694 1501 3770 generales
1512 3694 1667 3771 praedicti,
1680 3699 1731 3754 aut
1742 3693 1821 3769 capi-

1078 3794 1106 3848 ta
1121 3788 1278 3864 ordinum,
1296 3789 1400 3850 sedem
1416 3786 1602 3848 ordinariam
1617 3786 1821 3864 principalem

1075 3881 1201 3943 habent.
1225 3882 1368 3960 Eumque
1389 3899 1424 3943 ea
1444 3881 1537 3944 dubio
1553 3881 1659 3959 procul
1680 3880 1719 3942 sit
1741 3879 1823 3942 Gon·
1871 3882 1970 3927 aaaron
1985 3891 2054 3928 man-

1076 3975 1138 4037 31111
1160 3992 1259 4050 mens,
1284 3975 1314 4037 in
1337 3978 1421 4040 hunc
1441 3976 1532 4054 plane
1549 3976 1676 4037 modurn
1698 3989 1822 4050 semper
1840 3933 2054 4088 {dssaciiai'n'iffis

1077 4067 1108 4129 in
1131 4077 1290 4147 posterum
1313 4070 1439 4132 iudicari
1455 4079 1485 4132 et
1500 4070 1618 4131 censeri
1636 4068 1748 4130 debere
1762 4075 1822 4129 sta·
1841 4041 2054 4142 ,ffifssnw'dffl'

1077 4161 1206 4235 luimus,
1231 4163 1361 4224 minime
1383 4171 1501 4226 attenta
1517 4162 1721 4224 distinctionis
1735 4169 1819 4236 nota,

1076 4257 1208 4332 quaein
1231 4254 1386 4334 plerisque
1408 4255 1536 4318 1133131111
1559 4252 1735 4318 Tridentini
1757 4255 1820 4316 edi-

1076 4347 1211 4412 tionibus
1233 4348 1389 4427 impressis
1410 4347 1545 4426 apposita
1564 4347 1751 4425 conspicitur
1773 4347 1820 4407 in·

1075 4452 1125 4504 133
1145 4441 1275 4503 verbum
1305 4438 1439 4504 Abbutes
1466 4440 1611 4519 aliudque
1642 4441 1820 4514 Generalcs,

1075 4543 1182 4612 utpote
1203 4550 1281 4612 quae
1304 4534 1483 4596 nullatenus
1499 4534 1654 4611 reperitur
1669 4533 1701 4596 in
1716 4552 1835 4627 exem·

1075 4627 1151 4706 31331
1183 4628 1362 4691 authentico
1393 4636 1532 4691 actorum
1562 4629 1657 4707 ipsius
1678 4629 1820 4703 concilii,

1074 4721 1156 4798 quod
1179 4722 1211 4783 in
1233 4721 1357 4783 archivo
1380 4719 1466 4784 Sedis
1488 4721 1680 4799 apostalicae
1695 4723 1727 4784 in
1742 4723 1821 4784 hrce

1076 4814 1180 4878 Sancti
1200 4814 1313 4891 Angeli
1328 4822 1515 4890 asservatur,
1536 4819 1691 4893 quodque,
1713 4822 1747 4876 ut
1769 4829 1822 4890 ge-

1075 4907 1205 4968 nuinam
1227 4906 1319 4969 huius
1341 4906 1399 4968 loci
1421 4907 1586 4970 lectionem
1602 4916 1686 4970 certo
1703 4922 1821 4983 cogno-

1074 5015 1242 5075 sceremus,
1255 4999 1421 5078 diligenter
1437 4999 1544 5078 inspici
1560 5001 1702 5076 lecimus,
1716 5001 1820 5080 proin·

1075 5091 1174 5168 deque
1195 5108 1212 5153 a
1233 5092 1394 5170 praedictis
1416 5093 1645 5171 exemplaribus
1661 5093 1819 5171 impressis

1075 5185 1182 5246 eadem
1210 5184 1417 5246 distinctionis
1445 5191 1517 5247 nota
1546 5185 1675 5247 omnino
1701 5192 1747 5248 est
1768 5202 1820 5248 ex-

1075 5277 1250 5354 pungenda.

1114 5369 1133 5443 5
1156 5368 1203 5430 11.
1229 5369 1332 5432 hltera
1354 5368 1490 5448 quaestio
1505 5378 1562 5446 est,
1575 5369 1660 5431 arrad
1676 5369 1821 5431 obtinen—
1840 5363 2052 5462 ra⁰⁰u⁰r⁹ri⁰¹tlo⁰2¹3

1074 5459 1145 5522 dam
1160 5461 1393 5539 exemptionem
1407 5462 1444 5522 ab
1460 5461 1621 5540 episcopali
1636 5460 1819 5524 iurisdictio·
1840 5427 1882 5515 13
1887 5481 1909 5514 m
1920 5428 2052 5526 priona,

1075 5569 1116 5614 ne
1136 5563 1168 5615 et
1196 5555 1390 5629 visitatione,
1412 5554 1559 5629 sufficiat,
1588 5556 1667 5633 quod
1696 5553 1819 5631 aliquod
1839 5523 1907 5638 iffi
1917 5534 1967 5638 ,11110
1970 5527 2054 5631 liiii
2125 5613 2131 5626 .

1074 5647 1297 5708 monasterium
1315 5645 1483 5724 superioris
1502 5646 1654 5722 generalis
1668 5647 1755 5708 sedes
1771 5661 1820 5707 or·
1839 5628 1944 5674 ΟΜ·

1075 5739 1191 5801 dinaria
1213 5740 1335 5814 existat,
1352 5755 1391 5801 an
1406 5755 1482 5801 vero
1504 5745 1661 5818 praeterea
1682 5737 1821 5817 3333133-
1890 5813 1891 5818 ¹

1075 5840 1138 5906 tur,
1161 5837 1196 5892 ut
1218 5831 1319 5908 ipsum
1343 5831 1570 5892 monasterium
1597 5831 1637 5892 sit
1658 5837 1750 5909 caput
1771 5847 1819 5893 or·

1075 5923 1166 5985 dinis.
1183 5923 1226 5984 De
1240 5938 1314 6001 quo,
1326 5922 1476 6002 quidquid
1490 5921 1542 5984 alii
1556 5921 1674 5998 opinati
1688 5921 1819 6000 luerint,
