1290 1827
91 184 116 194 An,
123 181 138 193 Ο,
150 180 189 193 1750

521 183 621 196 bannimus
631 183 664 197 xiv.

207 217 240 230 tum
251 214 270 230 ab
280 214 368 234 Apostolico
379 214 445 233 Vicario,
457 217 474 230 ut
485 214 577 234 praefertur,

206 238 221 254 in
236 238 342 258 spiritualibus
360 238 489 258 gubernandum;
506 238 578 253 volumus

206 263 251 281 atque
262 262 367 280 decen-nimus
379 264 396 277 ut
407 263 483 281 quatenus
494 261 514 277 ita
525 265 541 276 se
554 265 578 276 res

206 285 278 304 habeant,
289 285 328 300 nihil
339 285 378 301 cirea
391 285 452 300 easdem
464 285 543 304 ecclesias,
554 289 579 300 ea-

206 312 273 328 rumque
287 309 380 328 respectivas
394 308 510 328 superioritates
523 313 540 324 ac
552 308 578 323 (le-

206 332 297 352 pendentias
305 332 397 348 innovetur:
409 336 438 347 nec
445 332 476 347 ulla
482 334 514 347 tam
525 331 579 347 huius-

205 355 253 374 modi,
259 359 305 375 quain
316 355 382 371 aliarum
390 358 525 374 quarumcumque
535 358 578 374 paro—

205 379 275 394 chiarum
291 378 407 394 dismembratio
422 379 456 397 fian
469 380 515 398 prout
531 378 577 393 etiam

205 402 244 418 nibil
254 402 274 417 de
284 402 329 417 bonis
336 401 448 420 immobilibus,
456 406 483 417 seu
494 401 578 417 mobilibus

205 425 277 446 pretiosis
290 425 307 441 ad
323 425 385 441 easdem
402 425 503 445 parochiales.
516 425 549 440 sive
559 425 577 440 ad

204 449 241 465 alias
251 452 357 469 quascumque
373 448 443 464 ecclesias
456 448 577 468 pertinentibus,

205 473 290 492 alienetur,
305 473 337 491 sed,
352 472 399 488 salvis
413 472 473 488 iuribus
485 471 578 487 enuntiatae

205 496 302 512 inatricitatis
309 500 336 515 pro
345 496 362 511 iis
370 495 443 514 ecclesiis,
449 495 506 515 quibus
512 499 530 510 ea
537 499 578 510 com-

204 522 257 539 petere
268 519 387 538 dignoscuntur.
394 523 449 534 earum
457 518 529 534 eeclesiae
540 518 577 534 lilia·

205 543 226 559 lm
238 543 253 559 in
265 543 326 559 diverso
334 542 404 558 districtu
415 542 513 560 constitutae,
524 545 552 561 pro
559 545 578 557 eo

204 567 245 587 quod
256 566 336 586 pertinent
347 566 365 581 ad
376 566 408 581 inra
420 565 510 585 episcopalia
521 565 537 581 in
545 569 578 585 per·-

204 594 249 606 sonas
259 590 347 605 animarum
358 593 404 605 curae
415 590 513 609 praepositas,
522 589 578 609 ipsam-

204 618 235 633 que
245 613 321 629 actualem
332 617 391 631 curam,
403 613 422 628 ab
432 617 450 628 eo
462 612 542 632 superiore
553 616 577 627 eo-

204 636 289 652 olaeiastico
302 636 409 656 dependeant,
420 636 447 655 qui
458 636 475 651 in
489 633 577 651 huiusmodi

204 659 275 676 districtu
290 659 414 675 iurisdictionem
431 659 517 678 exercebit3
532 658 578 674 nimi-

205 687 241 699 rum
251 687 259 698 a
267 683 327 699 Vicario
335 682 428 702 apostolico,
436 683 449 698 si
457 682 530 698 eeclesiae
537 682 578 701 ipsae

205 707 245 722 intra
256 707 338 722 vicariatus
353 706 410 721 limites
423 706 502 724 existunt3
516 705 529 721 si
540 709 578 721 vero

205 732 247 746 extra
263 734 290 745 eos
303 730 397 745 constitutae
407 731 452 748 sunt,
466 729 484 744 ab
497 728 577 745 Ordinarin

205 754 246 769 illius
261 753 299 772 loci,
313 753 329 769 in
345 757 376 773 quo
389 753 451 768 eaedem
464 753 502 768 sitae
517 756 577 772 compe-

205 777 273 793 riuntur.

224 801 233 820 ἓ
243 800 258 816 9.
271 800 357 819 Praeterea,
364 803 399 815 curn
408 800 449 815 inter
454 799 491 815 alias
498 799 577 815 facultates

204 824 281 844 praedicto
291 823 351 839 Vicat-io
362 823 450 842 Apostolico
460 826 467 837 a
479 822 523 838 nobis
532 826 577 842 supe·

204 847 236 863 rius
246 851 324 863 concessas
335 849 381 866 atque
392 846 463 864 tributas,
472 850 488 861 ea
496 846 543 861 etiam
550 846 576 864 sii,

204 873 221 887 ut
231 871 312 890 synodum
321 870 430 885 Dioecesanam
438 873 523 885 convocare
529 871 545 884 et
552 873 577 885 ce-

204 894 263 910 lebrare
273 893 331 912 valeat;
343 897 411 913 eumque
421 893 509 908 huiusmodi
518 892 575 912 Synodi

203 918 285 933 celebratio
296 917 349 933 baberi
361 921 393 932 non
404 916 457 935 soleat,
465 916 495 932 nisi
506 918 539 936 post
550 920 576 931 ex-

203 941 260 961 pletam
276 941 391 959 visitationem,
403 940 419 955 in
430 944 460 959 qua
475 939 574 955 ecclesiarum

204 967 219 980 et
230 964 273 983 cleri,
285 963 369 983 populique
380 963 485 981 necessitates,
491 963 524 978 sive
535 962 576 978 deie-

203 989 237 1003 ctus
248 987 304 1007 quibus
315 991 342 1006 per
356 986 435 1006 synodalia
448 984 509 1001 ‹leci-eia
522 990 576 1001 occur-

203 1010 330 1030 rendumutque
340 1009 436 1025 medendum
449 1011 478 1028 esi,
489 1013 575 1028 agnoscun-

203 1036 238 1053 tur-,
249 1035 326 1053 quatenus
337 1033 424 1053 praedictus
433 1032 497 1049 Carolus
507 1032 575 1048 Vicarius

203 1057 306 1077 Apostolicus,
317 1059 378 1077 pometa
389 1056 478 1072 visitatione
491 1056 574 1076 praedicta,

189 1089 191 1091 ·
202 1083 248 1100 atque
259 1080 332 1096 omnibus
339 1084 366 1100 per
374 1080 474 1095 commissum
484 1079 513 1095 sibi
525 1080 576 1099 regio-

202 1104 227 1120 nis
237 1106 304 1119 tractum
318 1104 402 1123 diligenter
414 1103 534 1121 animadversis,
548 1107 574 1123 op-

202 1129 289 1147 portunum
299 1129 326 1143 aut
336 1127 441 1143 necessarium
451 1126 514 1142 duxerit
521 1126 574 1142 buius-

201 1151 244 1166 modi
255 1151 335 1170 synodum
347 1154 451 1169 congregare;
465 1150 510 1165 sicuti
521 1149 575 1169 pleris-

202 1178 233 1194 que
240 1174 323 1194 Episcopis,
330 1174 348 1189 ad
354 1173 425 1189 evitanda
433 1173 574 1189 controversiarum

202 1200 218 1213 et
224 1197 328 1213 offensionum
335 1196 408 1216 pericula,
414 1197 500 1216 prudenter
507 1197 523 1212 in
531 1201 574 1212 more

202 1221 270 1241 positum
280 1222 309 1239 est,
321 1220 419 1240 Synodoruni
434 1224 441 1235 a
452 1224 468 1235 se
479 1224 575 1239 congregan-

202 1245 257 1260 darum
264 1244 348 1263 specimen,
357 1245 372 1259 et
380 1243 505 1262 constitutiones,
513 1247 550 1263 quas
558 1243 574 1259 in

202 1267 238 1287 ipsis
248 1267 294 1282 edere
308 1266 410 1285 meditantur,
423 1266 518 1286 Apostolicae
532 1266 574 1282 Sedis

201 1290 270 1306 examini
280 1290 296 1306 in
307 1292 405 1305 antecessum
421 1290 506 1309 subiicere3
520 1294 574 1309 quam-

201 1318 248 1334 quam
259 1314 287 1333 ipsi
298 1314 333 1329 iure
346 1313 416 1333 proprio,
431 1317 460 1328 net:
471 1313 502 1329 ulla
512 1313 573 1333 speciali

201 1337 249 1357 ipsius
255 1337 298 1353 Sedis
306 1336 369 1352 licentia
376 1336 393 1351 ad
400 1337 428 1352 linc
436 1337 528 1356 indigentes,
534 1337 574 1356 Syn-

201 1360 248 1376 odum
264 1362 328 1379 cogan11,
344 1360 365 1375 ita
381 1360 454 1376 volumus
469 1364 486 1375 ac
501 1360 574 1380 praecipi-

201 1388 242 1403 mus,
253 1386 271 1399 ut
283 1383 302 1399 ab
316 1383 371 1399 eodem
385 1383 439 1399 Garolo
455 1383 524 1402 Vicario,
537 1386 573 1399 ante

201 1407 259 1427 Synodi
275 1407 412 1425 convocationem,
429 1407 519 1422 consulatur
536 1407 573 1422 haee

201 1431 232 1450 ipsa
243 1430 329 1451 Apostolica
340 1430 393 1449 SedeS,
404 1430 448 1446 euius
458 1430 550 1446 auctoritate
557 1434 574 1445 ac

200 1454 299 1473 delegatione
306 1454 395 1470 huiusmodi
406 1453 502 1469 ecclesiastici
510 1453 573 1473 regimi—

201 1477 226 1493 nis
236 1477 290 1493 munia
300 1477 319 1493 ab
333 1477 366 1496 ipso
379 1477 500 1496 exemebuntun
512 1481 528 1492 ac
540 1479 573 1492 tum

200 1505 278 1521 personas,
286 1505 323 1520 quas
330 1501 349 1516 ad
359 1500 440 1520 Synodum
447 1504 511 1516 evocare
522 1500 573 1515 inten-

200 1524 228 1544 dit,
239 1528 286 1545 super
296 1524 353 1544 quibus
361 1524 474 1540 controversiae
480 1523 573 1544 plerumque

607 219 638 230 non
649 215 711 234 desunt,
723 217 756 231 tum
770 215 837 234 decreta,
848 219 888 234 quae
899 215 915 230 in
926 215 980 230 eadem

605 238 664 253 edenda
675 243 692 254 ac
702 238 793 258 publicanda
804 238 869 258 putabit,
880 242 900 254 ne
911 238 951 253 torte
962 238 979 253 li-

606 261 646 277 tium
657 263 671 277 ei
683 262 818 281 perturbationum
830 262 897 277 tomenta
905 262 948 280 flant,
957 262 979 277 ‹li-

606 284 662 300 stincte
673 287 787 304 repraesentet3
800 285 814 301 id
825 285 892 301 maxime.
903 285 978 303 cavendo,

606 312 626 323 ne
637 310 664 324 aut
675 308 690 324 in
705 308 798 327 visitatione,
810 310 837 324 aut
848 308 863 324 in
875 308 941 328 Synodo,
954 308 979 324 de-

605 333 666 346 cretum
678 331 728 347 ullum
742 332 797 347 condat
808 333 854 351 atque
867 332 908 350 edat,
921 332 936 347 in
948 336 979 351 quo

606 358 686 373 personae,
694 355 771 373 eeclesiae,
779 357 805 370 aut
813 359 843 374 rm,
849 357 891 371 extra
898 355 979 371 vicariatus

605 377 629 392 sui
641 377 698 393 limites
708 378 807 397 constitutae.
819 378 978 398 oommtnendantum

605 400 668 416 aliudve
678 401 715 421 quid
726 401 776 420 iaciat,
785 406 803 417 ex
812 406 843 421 quo
854 402 956 417 dissensiones
964 404 979 417 et

605 425 719 440 controversiae
727 429 769 440 nune
777 425 844 440 nimium
852 425 922 444 vigentes
930 425 979 440 roveri

605 450 632 463 aut
642 448 696 467 augeri
704 449 767 468 possint.
779 449 874 469 Quapropter
881 449 979 465 constitutio-

605 475 633 487 nes
643 473 689 491 atque
700 472 766 490 decreta,
775 476 881 492 quaecumque
890 472 905 488 in
917 472 979 492 Synodo

605 499 613 510 a
624 495 664 510 dicto
675 495 729 511 Carolo
737 495 798 511 vicario
806 496 893 515 Apostolieo
900 500 928 515 per
935 500 978 516 prae-

605 520 657 533 sentes
668 518 747 538 deputato,
756 519 780 534 vel
792 519 810 534 ab
821 519 854 534 eius
865 519 979 535 successoribus

605 541 649 560 fient,
658 542 717 557 nullam
725 542 756 557 vim
765 544 791 558 aut
798 543 880 558 efficaciam
888 543 945 558 babere
952 547 979 558 vo-

606 564 658 580 lumus
669 567 719 585 atque,
726 566 830 584 decernimus,
841 566 870 581 nisi
882 568 963 586 postquam
970 571 978 581 a

605 588 650 603 nobis
660 592 687 604 seu
698 593 706 604 a
717 589 829 604 successoribus
841 589 898 605 nostris
905 589 978 605 Romanis

605 611 711 630 Pontificibus,
723 612 792 631 cognita,
804 612 886 632 approbata
895 615 911 628 et
921 613 979 629 contir-

605 637 645 650 mata
657 635 720 651 fuerint.

626 658 635 677 ἓ
647 658 670 674 ¹0.
683 658 747 678 insuper
754 663 790 674 cum
801 659 818 674 in
826 660 891 676 Civitate
898 659 978 680 Aquileiae

605 682 682 701 quoddam
697 682 787 698 Monialiurn
803 684 914 699 monasterium
930 684 977 703 adsit,

605 705 652 721 unius
665 706 742 725 apostolici
756 706 821 725 delegati
832 706 908 725 gubernio
918 707 978 723 subiec-

605 730 645 747 tum,
657 729 700 744 cuius
711 729 773 749 quidem
785 730 894 745 iurisdictionis
903 731 977 746 exercitio

605 752 621 767 in
632 752 720 768 huiusmodi
731 753 842 768 monasterium
849 755 895 773 atque
903 754 977 770 moniales

604 775 667 791 nullum
678 776 728 791 obstat
740 776 879 796 impedinientum3
893 777 927 793 ideo
937 778 977 793 circa

605 799 642 815 illud
652 799 691 815 nihil
699 799 778 819 innovari3
787 800 813 816 sed
820 800 872 816 omnia
880 800 896 816 in
904 805 922 816 eo
929 803 976 820 statu,

605 822 620 838 in
632 827 662 842 quo
673 827 715 839 nunc
725 825 767 842 sunt,
779 827 860 839 remanere
871 824 950 844 volumus,
961 827 977 840 et

604 846 708 862 decernimus.

623 870 632 888 ἓ
644 870 667 885 st
680 870 750 890 Denique
761 871 866 886 Patriarchalis
873 871 949 887 Ecclesiae
957 872 976 887 Α-

603 894 699 913 quileiensis,
710 894 774 914 eiusque
785 894 853 914 capituliy
865 894 904 914 iura,
915 899 976 915 praero-

603 917 667 936 gativas,
679 917 817 937 praeeminentias.
829 918 912 937 libertates,
923 923 976 935 exem-

603 941 672 960 ptiones,
683 941 799 960 immunitates,
810 943 872 960 statuta,
886 942 976 958 laudabiles-

603 968 633 984 que
640 964 767 982 eonsuetudines,
774 964 830 980 intacta
837 966 852 980 et
860 965 910 980 illaesa
916 970 976 985 perman<

603 991 641 1003 nere
650 987 726 1006 volentes,
735 987 797 1003 nullum
808 988 918 1004 iurisdictionis
923 991 975 1005 actum

603 1011 618 1026 in
630 1011 677 1031 ipiius
688 1010 750 1030 capituli
761 1011 849 1030 dignitates,
857 1014 903 1031 atquo
913 1013 976 1028 canoni-

602 1038 633 1052 cos,
643 1038 670 1049 seu
677 1034 751 1049 adveisus
759 1034 804 1053 ipsos,
813 1038 820 1049 a
828 1035 913 1054 saepedicto
921 1035 975 1051 Carolo

602 1057 663 1073 vicario
674 1057 760 1077 Apostolico
774 1061 817 1073 nunc
827 1058 906 1077 deputato,
920 1061 946 1074 aut
957 1059 976 1075 ab

602 1081 650 1101 ipsius
660 1080 773 1096 suecessoribus
784 1081 835 1096 forsan
846 1081 917 1102 deinceps
928 1082 976 1102 depu-

602 1104 661 1122 tandis,
672 1104 742 1119 exerceri
752 1108 796 1124 posse
810 1104 918 1124 decernimus,
929 1107 976 1125 atque

602 1127 690 1146 statuimus;
695 1127 766 1143 volentes
771 1128 856 1146 dumtaxat,
861 1131 879 1143 ut
885 1129 922 1144 dum
929 1129 975 1144 iidem

601 1150 684 1170 dignitates
693 1152 739 1170 atque
747 1151 815 1166 canonici
827 1151 843 1166 in
851 1151 918 1167 Givitate
928 1152 976 1172 Aqui-

602 1174 640 1189 leiae
654 1173 751 1192 residebunt,
763 1174 775 1189 si
786 1174 823 1193 quid
838 1174 877 1190 torte
888 1175 907 1190 ab
920 1179 975 1191 eorum

601 1197 654 1217 aliquo
663 1197 737 1213 adversus
744 1197 816 1212 canonica
824 1199 880 1213 statuta
887 1200 902 1213 et
911 1198 975 1214 Triden-

601 1220 630 1236 tini
641 1220 706 1236 Concilil
718 1220 829 1240 deoreta,quae
840 1221 858 1236 ad
869 1221 917 1237 vitam
925 1224 940 1237 ct
948 1222 975 1237 bo·

602 1245 679 1259 aestatem
692 1243 792 1262 clericorum,
807 1244 840 1259 sive
850 1245 868 1260 ad
881 1247 974 1261 consuetum

601 1267 674 1283 eeclesiae
685 1269 700 1282 et
711 1266 754 1282 chori
764 1267 846 1283 servitium
857 1268 943 1287 pertinent,
955 1273 974 1284 ex

601 1290 669 1306 bumana
679 1290 764 1309 fragititate
774 1290 834 1306 admitti
847 1291 935 1311 contingat3
947 1292 973 1312 qni

602 1314 636 1329 talia
648 1313 706 1333 egerit,
718 1313 786 1329 fraterne
796 1314 876 1330 admoneri
890 1315 945 1330 debeat
955 1315 974 1331 ab

601 1337 656 1352 eodem
670 1337 724 1353 Garolo
739 1336 799 1352 vicario
813 1337 908 1357 Apostolico;
923 1339 973 1358 quisi

601 1360 704 1376 nibilominus
719 1364 764 1379 eum,
776 1364 822 1380 quem
833 1361 855 1377 sio
868 1362 972 1380 admonuerit,

601 1387 699 1403 nequaquam
709 1387 725 1399 se
738 1384 821 1399 emendare
833 1385 936 1404 conspexerit,
948 1385 973 1400 vel

601 1407 654 1426 etiam,
662 1406 688 1422 ubi
698 1406 765 1426 aliquem
773 1410 828 1422 eorum
835 1407 911 1423 eiusmodi
922 1412 973 1424 exce&

600 1434 626 1445 sus
637 1432 733 1450 perpetrasse
743 1430 843 1449 cognoverit,
854 1433 917 1451 propter
928 1436 972 1451 quos,

601 1453 619 1469 ad
630 1453 697 1474 aliorum
707 1453 803 1473 exemplum.
811 1453 866 1469 debitis
876 1454 973 1470 animadver-

600 1476 670 1492 sionibus
679 1476 746 1492 coerceri
757 1478 844 1496 mereatum
856 1478 872 1493 in
883 1478 973 1494 huiusmodi

600 1500 659 1516 casibus
672 1500 717 1520 (quos
728 1500 768 1516 Deus
779 1504 807 1520 pro
818 1504 844 1516 sua
858 1501 940 1517 clementia
951 1501 974 1517 di-

600 1525 658 1543 gnetur
665 1524 743 1543 avertere)
751 1523 823 1539 volumus
830 1528 857 1544 per
864 1524 937 1540 eumdem
945 1525 973 1541 Ca-

941 179 969 196 421
995 180 1021 194 An.
1029 180 1044 194 0.
1055 179 1089 194 1750
