4820 6980
346 506 403 561 Aa.
417 507 448 561 d.
469 505 538 557 1⁷48
589 505 647 566 'tid
1091 521 1156 567 run.
1182 521 1272 566 nour.
1296 519 1336 564 nn
1358 521 1386 565 r.
1410 521 1439 566 r.
1464 521 1547 566 runs
1568 522 1591 567 ι.
2148 504 2235 564 Anu
2252 519 2303 574 ltts

568 647 651 727 quod
673 645 766 709 Beati
780 661 817 708 ac
832 641 946 706 Sancti
968 641 1094 707 nomine
1109 659 1125 703 a
1141 641 1248 704 multis
1262 638 1315 701 do·
1371 649 1514 703 ceteram
1535 647 1679 719 patrum,
1697 641 1738 704 ad
1761 641 1885 713 tamti,
1903 643 1960 704 cot.
1978 641 2048 704 235
2070 641 2120 702 de-

569 747 673 804 netur.
698 740 816 802 Horum
839 754 970 817 agmen,
994 740 1040 802 uti
1062 737 1208 814 vidimus,
1231 738 1315 802 ducit
1372 731 1433 797 leri
1463 735 1669 814 praecipitur
1701 737 1822 799 titulus
1853 736 1921 800 Diri
1952 736 2119 812 appositas

568 834 732 908 Eusebius,
755 833 844 895 cuius
866 831 958 894 rerba
980 848 996 894 e
1019 831 1124 894 Sancti
1146 831 1314 894 Alexandri
1374 827 1538 892 Clementi.

569 926 814 1003 lerosolymitani
851 925 977 1003 epistola
1007 925 1188 1005 deprompta
1222 942 1314 1005 supra
1413 942 1527 988 χχχιιι.
1553 925 1703 1004 Equidem
1727 919 2119 1000 nonnullallartyrologia,
2138 979 2160 1023 ι
2192 929 2314 1002 uomina

569 1021 784 1102 produximus,
801 1035 881 1099 quae
896 1019 980 1081 iuxta
996 1021 1172 1083 versionem
1187 1020 1315 1083 ilenrici
1374 1028 1409 1083 ut
1428 1036 1520 1099 supra
1542 1019 1756 1094 indicavimus,
1774 1018 1943 1084 Clementis
1966 1015 2121 1078 memine-
2139 985 2313 1098 ιιῗῶᾎῖιῖῗιοξὲξ
2365 1099 2366 1102 ¹

570 1114 695 1182 vallesii
717 1115 756 1176 ita
785 1122 912 1176 sonant:
944 1113 1100 1176 Sanctum
1131 1111 1314 1182 Clementem
1373 1131 1424 1190 re;
1445 1116 1496 1178 sed
1513 1123 1544 1178 et
1558 1113 1615 1175 alia
1638 1112 1768 1190 proterri
1791 1121 1930 1190 possunt,
1954 1112 1985 1174 in
2007 1108 2122 1188 quibus
2139 1095 2267 1138 maurnai.
2365 1107 2366 1188 l

570 1208 733 1271 dominum
751 1207 827 1268 item
842 1223 957 1270 meum.
972 1207 1091 1269 Verum
1106 1207 1131 1268 si
1147 1208 1315 1270 verborum
1374 1205 1460 1269 nulla
1492 1205 1662 1270 Clementis
1694 1205 1896 1268 Alexandrini
1926 1205 1959 1266 lit
1987 1203 2119 1266 mentio.

557 1302 789 1381 proprietatem
803 1300 839 1362 ad
851 1315 997 1376 graecum
1010 1306 1130 1362 textum
1144 1301 1314 1376 exigamus,
1373 1298 1424 1361 Nil
1446 1299 1505 1362 tale
1534 1301 1668 1362 occurrit
1690 1299 1725 1359 in
1749 1305 1823 1360 tom.
1848 1299 1870 1358 3
1903 1296 2059 1360 Thesauri
2082 1298 2123 1358 A·

572 1394 669 1458 Socer
679 1394 890 1472 potiusquam
903 1391 1041 1456 Sanctus
1053 1393 1197 1456 Clemens
1208 1409 1317 1454 vocau·
1373 1393 1579 1454 neodotorum
1600 1392 1746 1458 Mastane
1770 1399 1800 1455 et
1823 1392 1980 1466 Darand,·
2002 1392 2039 1453 in
2063 1391 2123 1452 ta
2365 1383 2366 1456 l

571 1489 628 1550 dus
648 1494 711 1562 est;
735 1487 775 1549 ita
797 1501 933 1564 namque
947 1486 1081 1549 Graecus
1096 1501 1198 1548 sermo
1213 1486 1314 1561 babet,
1373 1484 1590 1562 amplissimae
1612 1485 1808 1548 collectionis
1829 1492 1972 1548 aeterum
1986 1484 2123 1563 scripto·
2365 1475 2366 1560 l

570 1579 621 1640 τόν
642 1576 719 1663 ἱερόν
734 1577 899 1658 Κλύμεντα.
916 1579 974 1643 Sed
990 1580 1047 1642 etsi
1064 1577 1146 1643 ultro
1161 1582 1316 1654 daremus,
1375 1593 1460 1648 rum,
1483 1594 1561 1656 quae
1582 1579 1618 1640 ab
1639 1577 1749 1641 iisdem
1770 1580 1917 1642 accuratis
1938 1577 2124 1640 authoribus

574 1675 687 1740 Sancti
708 1691 746 1736 ac
769 1674 862 1736 Beati
884 1688 1000 1734 nomen
1017 1671 1171 1735 Clementi
1187 1671 1317 1734 Alexan·
1374 1670 1588 1748 coordinatur3
1619 1671 1653 1732 in
1676 1674 1802 1732 tomo2
1831 1671 1995 1751 Spicitcpii
2019 1673 2125 1733 bracae
2365 1689 2366 1744 ι

571 1770 662 1832 drino
684 1767 777 1830 luisse
800 1766 964 1840 tributum,
982 1780 1044 1827 non
1068 1765 1137 1827 ideo
1158 1772 1258 1827 tamen
1281 1766 1318 1826 de
1374 1761 1564 1836 d'Acberii;
1587 1765 1622 1825 in
1645 1767 1759 1826 tom.2
1781 1768 1989 1843 antiquarum
2014 1765 2126 1826 lectio·
2365 1749 2366 1814 l

572 1861 722 1939 singulari
750 1859 831 1922 illius
856 1859 1019 1920 sanctitate
1045 1857 1194 1920 iudicium
1217 1855 1317 1918 leren-
1376 1871 1453 1916 nam
1479 1853 1623 1930 Canisit',·
1648 1857 1683 1916 iu
1705 1857 1935 1937 Martyrotopia
1962 1855 2125 1918 Florenti·

573 1955 648 2018 dum
670 1961 731 2031 est;
750 1951 862 2015 Sancti
882 1951 966 2014 enim
982 1950 1195 2013 denominatio
1209 1949 1317 2027 primis
1375 1948 1445 2020 nii;
1466 1949 1502 2010 in
1519 1953 1594 2010 tom.
1612 1954 1644 2022 6,
1660 1956 1748 2028 port.
1772 1954 1804 2023 2,
1824 1951 1940 2012 mensis
1955 1950 2055 2020 iunii,
2069 1965 2126 2028 pa·

573 2047 716 2110 ecclesiae
728 2046 919 2126 temporibus
930 2044 1088 2121 religionis
1100 2043 1212 2122 potius,
1225 2056 1318 2122 quam
1376 2047 1464 2102 trum
1487 2042 1787 2117 bollandianorum,
1813 2054 1878 2106 esto
1900 2044 1996 2106 multa
2015 2061 2050 2106 ac
2072 2059 2126 2106 ve·

573 2139 732 2202 christiani
752 2139 988 2216 profitebantur,
1012 2151 1104 2216 quam
1127 2135 1245 2212 probati
1267 2152 1318 2197 cu·
1376 2139 1457 2196 iusta
1479 2135 1511 2198 in
1533 2135 1617 2197 bisce
1639 2136 1711 2199 locis
1738 2137 1946 2200 exhibeantur
1973 2137 2126 2214 Martyro-

573 2235 684 2312 iusque
695 2232 790 2295 moris
804 2231 954 2294 indicium
970 2237 1046 2292 erat.
1067 2228 1128 2304 Qui
1145 2228 1219 2290 olim
1235 2226 1319 2289 citri-
1376 2225 1465 2303 logia.
1497 2228 1672 2290 Usuardum
1692 2230 1806 2292 saeculi
1836 2231 1910 2292 noni
1939 2231 2124 2308 scriptorem

573 2327 686 2399 stiaui,
704 2326 807 2403 inquit
828 2324 1011 2404 Spondauus
1033 2325 1067 2385 in
1090 2321 1234 2399 Epitome
1255 2321 1317 2382 An·
1377 2320 1512 2397 primum
1544 2319 1656 2396 luisse,
1679 2322 1732 2399 qui
1755 2323 1788 2384 in
1816 2339 1871 2386 suo
1902 2321 2125 2400 martyrologio

574 2420 699 2484 natium
723 2417 909 2482 Cardinalis
925 2415 1061 2480 Boronii
1083 2415 1123 2478 ud
1138 2432 1213 2478 auu.
1227 2413 1319 2477 Clari·
1376 2411 1516 2475 dtamen.
1541 2412 1741 2477 Alexandrini
1763 2430 1876 2478 nomen
1891 2417 2124 2494 conscripserit,

574 2517 618 2577 sti
641 2531 744 2588 curru,
771 2528 860 2574 num.
882 2510 916 2584 4,
940 2512 1035 2572 iidem
1065 2509 1319 2574 nominabantur
1377 2503 1456 2567 haud
1485 2506 1694 2583 improbabilis
1722 2509 1824 2586 opinio
1848 2517 1911 2585 est3
1940 2525 2052 2572 verum
2076 2509 2126 2570 ni·

576 2607 702 2679 Sancti,
716 2613 753 2669 at
775 2625 794 2668 a
817 2605 918 2667 Panlo
939 2619 1029 2682 caepe
1050 2621 1088 2666 aa
1102 2602 1203 2676 Lucu,
1221 2611 1321 2682 posta·
1376 2596 1420 2657 bil
1442 2598 1586 2674 probibet
1613 2601 1794 2678 quominus,
1815 2601 1841 2663 si
1866 2617 1915 2664 res
1936 2603 1977 2663 ita
2006 2603 2123 2679 exigat,

575 2703 682 2779 risque
702 2700 842 2778 ignatio,
866 2697 1008 2770 Philone,
1032 2698 1220 2776 Polycarpa,
1250 2697 1321 2758 Tor·
1376 2689 1413 2751 ab
1433 2689 1564 2752 Usuardi
1592 2691 1820 2771 martyrologio,
1849 2694 1987 2774 alioquin
2016 2695 2127 2756 multis
2365 2691 2366 2766 l

577 2793 730 2865 tulliano,
754 2797 783 2854 et
805 2792 894 2852 aliis.
924 2791 1002 2853 Hinc
1025 2796 1059 2852 ut
1088 2791 1123 2853 in
1150 2788 1205 2854 lib.
1228 2787 1261 2863 4,
1285 2790 1321 2852 de
1377 2784 1412 2846 de
1435 2784 1532 2846 causis
1553 2785 1743 2862 uenerando,
1773 2787 1863 2850 liceat
1889 2789 2056 2868 aliquando
2079 2804 2126 2850 re·

578 2887 833 2950 Canoniaatione
849 2881 1054 2956 Sanctorum,
1072 2893 1158 2962 part.
1176 2886 1210 2955 2,
1225 2882 1319 2955 c.27,
1377 2878 1495 2940 cedere.
2365 2891 2366 2934 3

576 2997 665 3042 raum.
692 2979 744 3052 14,
768 2979 840 3040 satis
861 2977 1079 3057 probavimus,
1103 2995 1184 3040 unus
1208 2977 1321 3040 Sancti
1418 2987 1528 3034 xxxta.
1552 2972 1725 3036 Usuardum
1741 2990 1813 3038 cum
1829 2975 1938 3053 primis
1953 2976 2126 3040 Clementis
2154 2986 2315 3050 primarum·-
2365 2971 2366 2982 ’

576 3071 687 3136 titulus
709 3087 762 3150 par
784 3087 847 3132 non
873 3077 930 3145 est,
954 3076 989 3131 ιιι
1011 3070 1160 3148 Corpora,
1184 3084 1261 3148 quae
1283 3086 1320 3131 ιι
1379 3080 1494 3127 nornen
1522 3083 1577 3128 suo
1605 3066 1822 3145 martyrologio
1852 3068 2019 3144 addidisse,
2041 3069 2127 3131 altir-
2144 3043 2312 3156 ῧξιᾶξὲῗὶἰὲιῗ
2365 3067 2366 3078 ’

575 3165 758 3229 catacumbis
780 3164 967 3238 afferuntur,
989 3179 1074 3226 sacro
1096 3163 1182 3226 cultu
1205 3164 1323 3248 donen-
1380 3163 1442 3220 mat
1462 3158 1604 3220 eruditus
1625 3158 1776 3223 Sollerius
1798 3161 1833 3222 in
1854 3163 1924 3224 suis
1946 3161 1987 3224 ad
2007 3163 2126 3224 tisana·
2144 3146 2244 3204 ¹⁰¹⁰⁸l⁰¹

577 3267 643 3337 tur;
656 3259 832 3323 sicutenim
845 3258 1106 3336 praenotavimus,
1119 3257 1151 3318 in
1166 3259 1322 3336 primaeva
1379 3249 1455 3312 dum
1466 3251 1552 3312 notis
1567 3248 1625 3315 tub
1637 3251 1688 3314 dit
1698 3259 1817 3331 ludria
1832 3252 2015 3328 decembri&
2030 3271 2126 3333 (1111111

577 3353 702 3416 ecclesia
725 3350 841 3416 Sancti
860 3349 1043 3413 vocabulum
1070 3366 1129 3412 nec
1151 3353 1231 3412 vitae
1253 3365 1324 3411 san·
1379 3361 1452 3406 sane
1486 3345 1607 3408 Sollerii
1635 3347 1821 3410 sententiam
1854 3349 2126 3411 verosimillimum

577 3447 726 3521 clitatem,
738 3461 795 3507 nec
806 3443 992 3522 martyrium
1015 3459 1069 3522 pro
1086 3443 1199 3508 Christi
1222 3443 1322 3505 nomi·
1379 3437 1579 3501 arbitramur.
1608 3439 1764 3502 Usuardus
1785 3441 1871 3502 enim
1893 3441 1927 3504 in
1954 3457 2047 3519 opere
2069 3458 2127 3504 suo

578 3554 619 3602 ne
649 3538 832 3612 toleratum,
858 3538 910 3598 sed
938 3536 1123 3600 christianae
1150 3535 1322 3612 religionis,
1380 3530 1556 3594 adornando
1579 3549 1651 3595 usus
1672 3543 1719 3594 est
1740 3535 1994 3612 praecedentibus
2014 3535 2128 3613 Marty-

578 3648 655 3710 quae
677 3632 789 3710 cuique
811 3629 951 3693 fidelium
979 3627 1155 3692 communis
1177 3635 1253 3704 erat,
1277 3630 1324 3690 in·
1381 3625 1507 3702 rolagiis
1529 3625 1720 3703 Hieronymi,
1745 3627 1854 3701 Bedae,
1877 3627 1973 3702 Flori,
1995 3627 2126 3704 Rabani,

579 3726 758 3803 tegritatem
789 3723 967 3786 declarabat.
992 3720 1140 3786 Successu
1163 3723 1323 3802 temporis,
1382 3717 1592 3782 wandalberti
1606 3727 1639 3780 et
1661 3720 1787 3794 Adonis,
1800 3727 1834 3781 ut
1851 3721 2003 3797 praeclare
2023 3731 2128 3784 osten·

580 3827 614 3882 ut
630 3817 811 3898 Spondauus
831 3817 1063 3892 animadvertit,
1080 3815 1193 3879 Sancti
1215 3815 1325 3878 titulus
1381 3811 1619 3888 ditrlnonymus
1633 3813 1797 3876 blonacbus
1814 3815 2031 3878 benedictinus
2047 3817 2129 3880 Con·

580 3912 615 3974 ad
637 3912 826 3991 peculiarem
847 3910 928 3972 ritae
949 3910 1186 3972 sanctimoniam
1206 3909 1325 3986 signita-
1382 3906 1570 3983 gregationis
1601 3906 1703 3970 Sancti
1734 3907 1849 3984 Mauri,
1884 3923 1957 3989 pap.
1995 3913 2018 3972 8
2048 3927 2129 3972 sanc

579 4003 959 4084 candamtranslatusest:
977 3999 1117 4074 Damam,
1132 4002 1175 4064 sic
1189 4001 1242 4063 illc
1258 4018 1325 4080 pro·
1382 3999 1594 4078 praefationis
1621 3999 1662 4061 ad
1683 4001 1845 4063 sinceram
1877 4003 2013 4065 Usuardi
2040 4003 2129 4068 Mar·

579 4099 739 4178 sequitur,
762 4095 905 4160 obtinuit
933 4113 1023 4167 usus,
1047 4102 1085 4159 at
1109 4095 1160 4156 illi
1183 4101 1325 4158 tuntum·
1384 4092 1589 4172 tyrotapium,
1618 4094 1699 4170 quod
1721 4095 1842 4157 Parisiis
1874 4096 2059 4174 impressum
2082 4103 2129 4160 est

580 4193 669 4254 modo
693 4191 805 4256 Sancti
828 4191 862 4252 t'n
886 4188 1028 4251 Ecclesia
1050 4189 1248 4262 dicerentur,
1271 4187 1325 4266 pai
1382 4202 1464 4247 anno
1485 4201 1665 4248 unccxrur.
1690 4188 1770 4250 Cum
1798 4195 1901 4252 autem
1925 4191 1957 4251 in
1979 4191 2067 4253 nullo
2091 4206 2129 4251 ιχ

581 4284 787 4348 eminentiori
806 4282 1049 4362 probatioripua
1077 4282 1241 4363 [uigerent
1262 4295 1326 4341 mo·
1382 4279 1637 4358 praecedentibus
1666 4278 1891 4360 Martyrologiis
1919 4297 2034 4346 nomen
2060 4284 2128 4347 Cle·

582 4395 655 4442 ram
676 4377 910 4441 sanctitudine.
936 4377 970 4438 ln
993 4377 1047 4438 bac
1068 4375 1230 4455 posteriori
1246 4389 1327 4436 acce·
1383 4375 1496 4436 mentis
1513 4374 1645 4451 legatur,
1656 4374 1736 4436 baud
1750 4385 1867 4437 temere
1879 4378 2032 4439 affirmare
2043 4377 2127 4453 licet,

581 4473 684 4552 ptione
707 4470 787 4534 baud
810 4469 898 4532 lacile
913 4471 1048 4547 prudens
1069 4468 1200 4546 scriptor
1213 4465 1327 4530 Sancti
1383 4467 1558 4534 Usuardum
1573 4469 1716 4530 omnium
1729 4468 1866 4547 primum
1878 4469 1983 4545 luisse,
1998 4471 2051 4549 qui
2062 4469 2130 4533 Cle·

581 4581 698 4630 nomen
715 4565 868 4628 Clementi
883 4562 1093 4626 Alexandrino
1105 4562 1196 4625 bodie
1212 4561 1328 4624 tribuo-
1385 4563 1500 4626 mentis
1515 4577 1628 4622 nomen
1652 4561 1684 4622 in
1704 4576 1798 4622 suum
1813 4561 2066 4639 Martprologium
2083 4565 2129 4625 iu·

581 4668 640 4736 ιιι,
657 4667 710 4723 aut
724 4659 750 4720 si
764 4659 838 4736 quid
861 4657 920 4720 tale
941 4656 987 4718 illi
1009 4655 1178 4730 excideret,
1201 4655 1326 4738 ‘veniam
1386 4657 1509 4731 tulerit3
1525 4655 1720 4734 potissimum
1732 4669 1804 4718 cum
1820 4653 2127 4733 ipsametUsuardus,

582 4761 713 4833 peteret,
737 4758 772 4814 ut
793 4765 902 4812 revera
924 4749 1013 4827 petiit
1042 4749 1253 4812 Combeiisius.
1285 4749 1328 4812 be
1385 4751 1416 4812 in
1433 4749 1571 4828 prologo,
1588 4763 1682 4825 quem
1697 4747 1733 4808 ad
1750 4748 1895 4811 Carolum
1911 4747 2040 4811 Calvum
2055 4749 2128 4810 scri·

583 4844 687 4908 Sancti
710 4845 821 4916 titula,
837 4861 896 4922 pua
916 4857 988 4906 cunt
1008 4841 1182 4919 aliqnando
1198 4843 1344 4928 ornauit
1385 4845 1457 4922 psit,
1479 4851 1570 4920 atoue
1585 4842 1619 4904 in
1634 4841 1828 4919 praelaudato
1850 4857 1942 4919 opere
1963 4843 2129 4921 impressus

586 4934 805 5018 Cambepsius,
835 4937 960 5000 neniam
985 4935 1096 5015 petiit,
1124 4933 1330 4997 bibliotectrae
1386 4936 1512 5013 legitur,
1534 4935 1649 4998 diserte
1674 4934 1807 4997 latentur
1828 4951 1860 4996 se
1882 4935 2033 4997 nonnulla
2056 4936 2129 4998 San-

585 5029 853 5096 Concionatoriac
881 5038 956 5093 tom.
992 5032 1030 5102 1,
1062 5043 1135 5107 pap.
1167 5025 1207 5089 9.·
1238 5029 1329 5090 rerba
1385 5036 1507 5092 olorum
1535 5029 1680 5104 nomina,
1710 5045 1788 5107 quae
1816 5028 1847 5089 in
1877 5030 2129 5106 praecedentibus

492 5131 499 5146 '
584 5132 658 5188 sunt
681 5125 794 5188 eruditi
818 5123 970 5186 Dominici
990 5122 1114 5198 Georgii
1137 5123 1172 5182 in
1186 5122 1255 5183 suis
1277 5137 1331 5182 no·
1385 5121 1612 5200 Martyrologiis
1632 5121 1770 5196 deerant,
1785 5122 1872 5200 operi
1892 5137 1948 5182 suo
1968 5121 2126 5185 addidisse.

585 5217 640 5290 tis,
664 5234 742 5297 punc
770 5215 1002 5295 Martyroiopia
1032 5213 1153 5276 Adonis
1180 5214 1222 5277 ad
1248 5213 1329 5276 diem
1385 5214 1428 5276 At
1450 5215 1479 5275 si
1501 5214 1590 5293 quid,
1613 5215 1843 5292 praeterquod
1865 5211 1904 5277 ab
1926 5215 2126 5294 illisaaccpi,

584 5330 651 5377 χιχ.
676 5309 847 5376 decembris
861 5309 994 5372 subiicit.
1019 5307 1137 5369 Eodem
1159 5308 1329 5384 pertinent,
1388 5307 1422 5368 in
1433 5306 1490 5367 troc
1510 5321 1598 5383 opere
1613 5313 1748 5368 auctum
1765 5306 1812 5367 ael
1827 5311 1992 5368 rnutatum
2007 5315 2063 5379 cst,
2080 5325 2130 5370 sn·

585 5423 662 5488 quae
684 5405 816 5483 diligens
830 5404 960 5481 scriptor
976 5409 1061 5480 pater
1074 5398 1227 5462 Michaela
1243 5399 1274 5461 S.
1286 5401 1333 5462 lo·
1386 5401 1459 5480 paci
1480 5415 1561 5461 ame
1584 5397 1735 5479 indagine
1751 5398 1784 5460 id
1798 5399 2013 5477 perquisitum
2035 5416 2131 5480 agna-

584 5503 659 5577 sepb
683 5503 756 5562 tom.
781 5499 817 5569 2,
832 5511 905 5575 pap.
916 5492 959 5554 39
978 5509 1058 5556 suae
1078 5491 1331 5572 biblioprapiiae
1386 5493 1433 5554 sci
1453 5492 1584 5570 poterit.
1607 5492 1685 5553 Haec
1706 5491 1873 5554 Usuardus.

588 5592 740 5664 Criticno,
757 5607 822 5654 ιιι.
843 5590 994 5661 Clemens,
1011 5589 1049 5651 de
1064 5586 1168 5650 Sancti
1190 5586 1330 5660 nomine,
1427 5601 1524 5647 xxxv.
1548 5584 1615 5648 Alia
1629 5585 1755 5663 quidem
1770 5584 1923 5647 sententia
1945 5586 2060 5650 arridet
2075 5587 2130 5648 llo·
2161 5587 2320 5654 assumturus
2365 5585 2366 5588 ’

474 5756 477 5762 ,
586 5702 647 5764 quo
670 5685 811 5749 Clemens
826 5685 1008 5760 bonoratur,
1024 5681 1195 5744 adnotavit:
1218 5681 1256 5744 ln
1278 5696 1331 5742 ea·
1388 5679 1502 5741 minito
1517 5677 1660 5754 Georgia,
1676 5678 1729 5755 qui
1746 5679 1778 5738 in
1795 5678 1861 5740 loco
1882 5692 1955 5738 mox
1970 5676 2061 5739 allato
2076 5694 2130 5757 pu·
2146 5647 2320 5754 ffilffillffl'cic'

585 5778 777 5859 purgatoria
808 5778 960 5856 Hispano,
987 5777 1118 5846 tamt,
1149 5789 1220 5854 pag.
1248 5774 1330 5846 134,
1390 5778 1432 5834 tat
1453 5785 1569 5833 nomen
1601 5769 1769 5833 Clementis
1797 5780 1868 5832 ante
1900 5770 2074 5834 Usuardum
2094 5772 2130 5834 ab
2147 5763 2244 5806 menam
2265 5762 2320 5814 ⁹¹²⁶*

588 5869 643 5936 alti
672 5869 911 5950 praescribitur
942 5871 1096 5932 correctio
1126 5864 1333 5932 bibliothecae
1388 5866 1497 5931 Adone
1519 5866 1550 5928 in
1578 5880 1634 5927 suo
1659 5863 1876 5943 martyrologio
1906 5864 2001 5928 inisse
2021 5867 2130 5928 descri-
2146 5813 2256 5862 mm
