4708 6978
15 557 16 622 ,
67 555 107 604 ln.
120 553 147 602 C.
167 547 229 598 1746

65 3657 122 3691 mesre
147 3647 236 3693 Nuntio

65 3700 170 3759 lpostolico
177 3704 238 3747 Nea·

86 3753 237 3802 immmoran-
257 3761 323 3836 lari

72 3819 76 3850 ι
86 3806 184 3852 iniuncta.

885 557 1080 603 nenebtcvds
1102 559 1165 603 xlv.

259 678 391 741 tistitum
412 679 469 742 sibi
497 679 630 756 oblatos,
653 681 687 742 in
714 679 827 760 quibus
848 696 901 755 ea,
923 693 1000 757 quae

256 788 346 851 supra
368 773 597 849 adnotavimus,
621 789 762 853 expressa
784 789 847 836 non
869 771 999 846 luerint,

257 868 431 948 quibusque
452 871 621 932 necessaria
642 868 818 932 authentica
833 869 1000 930 documen-

257 970 296 1037 ta,
318 963 462 1042 superius
484 964 600 1042 pariter
621 963 765 1038 indicata,
782 977 846 1024 non
867 961 929 1024 sint
950 962 1000 1024 ad·

256 1055 359 1118 iuncta
379 1056 467 1119 nullo
483 1058 574 1119 modo
588 1056 750 1136 recipiant,
765 1056 927 1134 multoque
942 1055 1000 1116 mi-

256 1165 314 1211 nus
346 1148 381 1210 ad
413 1149 595 1212 Pontitlcem
627 1149 774 1212 relevant.
809 1150 843 1211 ln
871 1147 1001 1212 decretis

256 1240 373 1318 autern,
392 1258 470 1320 quae
491 1250 559 1322 post
579 1243 774 1322 pontificium
791 1257 949 1306 assensum
964 1243 1001 1304 ab

256 1335 329 1414 ipsis
349 1336 522 1398 secretariis
543 1337 575 1398 in
605 1344 751 1400 consueta
778 1335 932 1399 audientia
954 1351 1002 1398 ιι-

1718 533 1775 596 301
1827 527 1880 578 An.
1895 525 1925 578 O.
1947 523 2015 575 1746

1054 686 1129 741 runt
1143 685 1185 754 et,
1201 695 1264 742 non
1280 680 1405 759 quidem
1420 681 1451 742 in
1467 679 1582 743 Urbem
1597 673 1695 756 Regni
1711 674 1794 755 prin-

1054 771 1165 851 cipem,
1181 773 1234 834 ubi
1248 773 1429 852 apostolicus
1445 771 1581 835 Nuntius
1603 785 1721 833 moram
1736 778 1796 830 tra·

1054 863 1115 939 bit,
1143 865 1254 928 sedin
1282 867 1355 928 alias
1379 883 1412 928 se
1443 865 1624 940 conferunt,
1656 863 1795 926 eiusdem

1053 956 1153 1034 Regni
1180 959 1336 1034 civitates,
1359 961 1435 1040 quin
1458 960 1521 1037 ipse
1546 957 1682 1020 Nuntius
1707 954 1795 1034 quid·

1054 1070 1146 1134 quam
1168 1055 1206 1117 de
1227 1055 1298 1132 ipsis
1324 1055 1442 1130 audiat;
1474 1051 1667 1128 iniungimus
1696 1048 1795 1111 eidem

1055 1149 1183 1223 Nuntio,
1196 1157 1232 1211 ut
1254 1165 1309 1227 per
1328 1146 1471 1210 officiales
1492 1160 1574 1219 suos,
1590 1151 1682 1222 atque
1703 1142 1795 1206 mini-

1053 1249 1143 1318 stros,
1159 1259 1236 1321 qnos
1256 1243 1288 1304 in
1304 1241 1450 1304 omnibus
1463 1238 1653 1302 dioecesibus
1668 1237 1794 1310 retinet,

1053 1341 1141 1397 curet
1161 1350 1194 1396 se
1215 1335 1379 1397 certiorem
1400 1333 1470 1394 fieri
1489 1331 1527 1393 de
1547 1329 1713 1409 Episcopis,
1730 1327 1796 1406 qui-

255 1435 425 1507 portatum,
448 1445 464 1490 a
488 1430 644 1492 cardinali
671 1431 810 1492 eiusdem
834 1443 1000 1506 congrega·
1025 1445 1028 1504 ι
1055 1445 1188 1509 cumque
1209 1446 1225 1490 a
1253 1428 1384 1507 propriis
1410 1425 1599 1490 dioecesibus
1627 1422 1792 1485 recedunt:

256 1522 349 1585 tionis
370 1522 523 1602 praelecto
544 1523 763 1585 subscribenda
776 1529 881 1596 erunt,
897 1537 1002 1600 supra·

255 1616 381 1696 scriptas
403 1614 554 1679 clausulas
575 1616 748 1694 respective
761 1631 915 1695 apponere
936 1631 998 1676 non

256 1709 523 1788 praetermittant;
540 1708 616 1772 illud
633 1709 725 1772 etiam
736 1721 1001 1787 expressecaven·

256 1801 310 1878 do,
339 1807 374 1863 ut
402 1817 481 1880 quae
512 1803 723 1864 concedentur
752 1801 889 1875 indulta,
915 1801 1000 1864 adis
1026 1845 1028 1861 .

256 1894 344 1958 datae
364 1894 503 1974 ipsorum
518 1897 717 1958 decretorum
732 1896 898 1958 decurrere
913 1894 1001 1956 intel-

257 1987 406 2065 ligantur

80 2099 184 2140 ιιιιιιι
197 2093 240 2138 ιιι
298 2081 437 2160 lienique
457 2065 651 2145 venerabiles
672 2082 782 2145 iratres
802 2081 999 2153 Patriarcbas‚

15 2263 16 2272 ἵ
59 2147 172 2250 ξ’,ζῗὲζῖἳξζ
185 2157 239 2194 ⁰⁰¹¹
256 2175 416 2251 Primates,
437 2175 687 2254 Metropolitanos
709 2184 739 2239 et
758 2175 922 2255 Episcopus
937 2184 1028 2237 om·'

257 2285 312 2332 nes
333 2285 510 2345 ιιιοιιιιιιιιι,
533 2277 568 2332 ιιι
589 2286 653 2332 non
677 2271 802 2332 solnm
795 2271 853 2350 ipsi
873 2276 969 2332 statut
956 2278 1000 2332 tas

257 2365 294 2426 de
314 2363 481 2426 residentia
503 2364 585 2440 leges
606 2364 794 2426 adamussim
822 2362 998 2437 observent,

256 2458 308 2520 scd
336 2457 431 2518 etiam
462 2471 616 2518 memores
641 2457 705 2519 sint
733 2456 848 2519 decreti
872 2473 888 2516 a
910 2453 998 2518 Sacra
1025 2494 1027 2519 ι

257 2549 437 2612 Τιιιιιιιιιιιι
465 2549 589 2626 Synodo
617 2549 692 2612 editi
717 2566 790 2610 sess.
814 2550 848 2622 6,
874 2565 942 2628 cop.
967 2552 998 2621 1

256 2643 293 2704 de
313 2641 562 2722 deformatione,
575 2658 636 2720 quo
651 2642 801 2705 iubentur
815 2642 930 2719 singuli
944 2658 999 2720 pro

256 2735 340 2796 virili
367 2743 470 2814 parte
482 2737 515 2798 in
544 2735 676 2798 aliorum
704 2735 814 2814 agendi
846 2737 1000 2798 rationem

256 2829 426 2907 respective
446 2828 588 2906 vigilare,
605 2836 637 2891 et
659 2845 722 2892 non
750 2829 921 2892 residentes
942 2819 1027 2891 lio-l

257 2936 347 2982 mano
362 2921 503 2984 Pontifici
516 2921 595 2984 intra
609 2929 731 2985 certum
746 2930 869 3001 tempus
881 2925 1000 2986 denun-

256 3014 346 3077 ciare.
371 3013 490 3077 Nostris
511 3026 635 3094 quoqne
657 3022 688 3077 et
703 3015 893 3093 spostolicae
915 3016 999 3079 Sedis

256 3105 381 3170 Nuntiis
409 3107 467 3169 hoe
494 3107 576 3170 idem
601 3107 822 3170 demandamus
843 3115 874 3170 et
896 3109 999 3171 iniun-

256 3201 374 3278 gimus;
397 3200 450 3264 ubi
472 3202 552 3262 intra
573 3201 714 3279 ipsorum
735 3200 936 3264 nuntiaturae
956 3201 1000 3264 di-

254 3295 398 3356 strictum
410 3293 519 3372 aliquis
528 3293 693 3373 Episcopus
704 3309 758 3357 seu
769 3293 1000 3373 superiorprae.

255 3387 335 3450 latus
366 3389 492 3463 existat,
519 3388 572 3467 qui
594 3387 753 3450 canonicas
780 3387 863 3464 leges
890 3391 947 3450 ιιιι
968 3389 998 3451 in

255 3486 343 3556 parte
363 3478 478 3541 violare
498 3480 708 3556 dignoscatur.

71 3593 237 3654 ιιιιιιιιιοιι-
295 3573 336 3634 Ει
357 3573 427 3652 quia
449 3572 537 3634 nobis
565 3572 697 3635 relatum
719 3582 777 3650 est,
807 3572 920 3636 nullibi
941 3574 1000 3636 ire-

257 3667 404 3746 quentius
425 3667 592 3745 praedictas
615 3665 699 3742 leges
713 3665 750 3728 ab
765 3667 920 3748 Episcopis
935 3667 1000 3730 vio-
1026 3675 1028 3720 2

346 3776 440 3840 quam
462 3763 494 3822 in
515 3758 657 3838 proximo
678 3758 878 3838 Neapolitano
891 3760 1000 3836 Regno

256 3855 373 3932 (neque
393 3869 468 3916 vero
490 3854 519 3916 id
536 3854 653 3916 mirum
669 3853 701 3914 in
719 3861 803 3914 tanto
818 3852 998 3915 eorumdem

256 3947 413 4026 numero),
436 3947 594 4022 volumus,
612 3955 705 4024 atque
725 3947 900 4023 statuimus,
917 3947 998 4009 utin

256 4039 385 4103 indultis
399 4040 658 4118 amentiaeque
672 4055 728 4119 pro
743 4040 899 4120 Episcopis
913 4055 997 4118 prae-

256 4134 327 4197 dicti
339 4135 429 4211 regni
446 4135 651 4213 inposterum
667 4133 805 4212 expediri
826 4134 997 4211 contingat,

255 4227 291 4288 ιιι
311 4233 445 4290 caeteras
466 4226 616 4290 clausulas
629 4226 771 4305 superius
785 4227 997 4306 praescriptas,

254 4321 328 4383 baec
349 4321 443 4383 etiam
457 4319 596 4395 addatur,
612 4326 648 4381 ιιι
662 4319 788 4382 obtenta
809 4319 932 4382 licentia
947 4335 999 4381 ιι-

255 4414 354 4477 biberi
385 4412 493 4476 debeat
524 4412 689 4492 apostolico
724 4411 841 4475 Nuntio
872 4410 999 4491 Neapoli

254 4510 474 4585 commoranti,
503 4508 641 4587 alioquin
669 4506 787 4570 nullius
816 4505 936 4568 roboris
967 4514 999 4568 et

255 4603 405 4666 momenti
420 4603 580 4665 habeatur.
604 4600 828 4679 Nossiquidem
843 4597 997 4679 praedicto

253 4697 371 4761 Nuntio
381 4697 565 4760 earumdem
575 4695 785 4775 praesentium
796 4701 906 4756 tenore
916 4705 999 4754 com·

253 4791 420 4865 mittimus,
443 4797 479 4853 ut
500 4788 680 4853 huiusmodi
711 4787 851 4850 licentias
873 4785 905 4846 in
933 4791 998 4847 acta

252 4884 299 4946 sui
311 4882 475 4947 tribunalis
490 4882 600 4945 referri
614 4881 712 4956 iaciat,
726 4881 865 4957 itemque
876 4879 913 4941 de
928 4894 997 4940 cau-

253 4977 304 5052 sis,
326 4986 453 5057 propter·
473 4992 547 5055 quas
568 4989 729 5038 concessae
748 4972 879 5046 fuerint,
896 4969 997 5049 inqui·

253 5077 310 5146 rat,
326 5087 359 5132 ac
381 5076 504 5149 tempus
519 5070 552 5131 in
567 5069 605 5131 iis
618 5068 820 5148 praefinitum
841 5065 995 5139 observet,

253 5163 288 5226 ad
308 5163 367 5224 boc
387 5163 514 5237 scilicet,
537 5169 573 5224 ut
594 5170 625 5225 et
646 5177 702 5241 per
722 5157 915 5223 eumrssciri
929 5172 996 5235 pos·

252 5257 301 5331 sit,
323 5255 347 5318 si
371 5256 445 5336 quid
466 5255 642 5335 obreptum,
659 5261 712 5318 aut
732 5253 916 5332 subreptum
931 5250 996 5314 lue·

253 5349 293 5411 rit
313 5350 346 5411 in
368 5349 527 5428 precibus3
550 5355 581 5411 et
602 5349 704 5428 ipsum
726 5347 821 5410 latere
849 5353 995 5424 nequeat,

254 5443 366 5522 siquis
387 5443 590 5522 praescriptos
616 5441 675 5505 sibi
695 5441 812 5504 limites
843 5448 997 5518 transgre-

254 5534 365 5610 diatur,
387 5536 454 5598 sive
475 5537 589 5615 absque
613 5535 785 5600 necessario
806 5533 996 5613 spostolicae

255 5627 337 5692 Sedis
348 5629 481 5704 indulto,
496 5637 584 5692 extra
600 5636 736 5708 tempora
751 5645 767 5690 a
782 5627 913 5690 concilio
927 5643 995 5705 per-

255 5723 354 5798 missa,
377 5723 472 5800 longe
492 5723 530 5786 ab
555 5722 679 5786 ecclesia
701 5730 732 5785 et
753 5740 768 5783 ι
789 5719 921 5783 dioecesi
941 5737 994 5782 sua

255 5825 473 5879 commoretur.
497 5817 555 5879 Pro
576 5817 613 5878 iis
633 5825 750 5891 autem,
772 5815 838 5894 qui,
855 5819 890 5876 ut
905 5813 993 5875 nobis

254 5909 365 5988 pariter
385 5909 520 5974 relatum
546 5909 618 5986 luit,
640 5910 793 5973 dioeceses
818 5923 888 5972 suas
908 5907 993 5970 dese·

1054 1529 1089 1585 ιιι
1110 1533 1142 1585 ιι
1163 1522 1196 1597 ιι,
1219 1523 1272 1601 qui
1293 1521 1429 1584 obtentis
1450 1518 1584 1582 licentiis
1610 1516 1794 1588 abutuntur,

1055 1623 1086 1674 et
1107 1614 1207 1676 multo
1238 1613 1335 1690 magis
1356 1612 1393 1686 ii,
1417 1612 1469 1690 qui
1492 1609 1616 1690 proprio
1644 1615 1743 1668 marte
1763 1620 1797 1664 se

1056 1723 1164 1786 gerere
1185 1713 1386 1786 praesumunt
1399 1703 1510 1786 (quum
1522 1703 1572 1764 vel
1583 1701 1697 1778 absque
1711 1713 1797 1777 prae-

1055 1802 1103 1863 via
1125 1799 1260 1876 licentia,
1283 1805 1404 1879 praeter
1425 1805 1584 1875 tempusa
1606 1792 1735 1857 concilio
1749 1791 1796 1853 in-

1055 1895 1190 1966 dultum,
1213 1895 1317 1956 asuis
1348 1891 1535 1956 dioecesibus
1556 1888 1678 1963 absunt,
1702 1885 1751 1947 vel
1771 1884 1797 1946 si

1054 1989 1094 2050 ob
1115 1987 1252 2076 aliquem
1273 1986 1468 2066 inopinatum
1495 1991 1646 2046 eventurn
1666 1981 1732 2042 ab
1724 1979 1797 2058 ipsis

1026 2082 1210 2162 discedere
1237 2067 1387 2158 ¹compulsi
1407 2079 1541 2154 luerint,
1564 2074 1741 2138 huiusmodi
1761 2073 1797 2133 li·

1054 2177 1203 2251 centiam,
1232 2175 1336 2238 statim
1357 2173 1445 2238 acad
1473 2173 1661 2234 destinatum
1693 2169 1796 2230 locum

1054 2269 1267 2349 pervenerint,
1290 2273 1396 2346 petere
1417 2273 1448 2328 et
1470 2267 1635 2344 impetrare
1659 2279 1722 2324 non
1744 2277 1795 2323 cu·

1054 2362 1153 2442 rant),
1176 2363 1370 2424 severiorum
1391 2375 1548 2422 sacrorum
1580 2371 1734 2419 canonum
1765 2362 1796 2416 et

1054 2456 1288 2534 apostolicarum
1312 2455 1508 2516 sanctionum
1533 2465 1681 2513 censurae
1702 2447 1796 2510 subii-

1025 2536 1185 2612 ciuntur.

1093 2645 1258 2708 Caeterum
1285 2640 1477 2703 intendimus
1504 2638 1562 2702 sub
1587 2636 1796 2718 praesentium
1815 2645 1915 2746 diffaps.
1932 2649 2027 2762 emeda:

1053 2738 1214 2801 literarum
1236 2743 1413 2798 nostrarum
1430 2733 1625 2795 ordinatione
1644 2737 1676 2792 et
1697 2730 1797 2807 dispo-
1815 2764 1900 2800 missis
1927 2753 2027 2809 legqbug

1025 2831 1165 2911 sitione
1186 2831 1279 2891 etiam
1302 2829 1380 2907 ipsos
1398 2825 1590 2888 venerabiles
1611 2824 1721 2886 tratres
1742 2837 1795 2883 no·
1815 2816 2026 2916 ffigggffiuffi

1053 2933 1133 2987 stros
1154 2924 1186 2987 S.
1197 2923 1231 2984 R.
1243 2923 1278 2985 Ε.
1303 2920 1493 2993 cardinales,
1515 2919 1568 2996 qui
1590 2913 1797 2996 patriarchali-

1054 3018 1125 3092 ιιιιι,
1160 3013 1400 3094 primatialibus,
1436 3007 1739 3088 archiepiscopalibus
1766 3012 1797 3068 et

1053 3107 1273 3188 episcopalibus
1304 3105 1438 3168 ecclesiis
1465 3101 1626 3183 praedictis
1654 3117 1692 3162 ex
1723 3115 1801 3175 con:

1053 3203 1190 3264 cessione
1211 3207 1242 3262 et
1270 3199 1495 3277 dispensatione
1523 3195 1684 3275 apostolica
1711 3209 1796 3257 nunc

1054 3303 1253 3376 praesentet
1276 3294 1308 3356 in
1330 3292 1474 3355 loturum
1503 3295 1687 3370 praeerunt,
1714 3303 1796 3350 com-

1054 3388 1204 3468 prehendi
1225 3403 1258 3450 ac
1279 3384 1516 3464 comprehensos
1537 3397 1603 3444 esse
1624 3389 1656 3443 et
1676 3379 1753 3442 lore.

1095 3485 1273 3544 Praesentes
1294 3493 1417 3557 quoque
1438 3477 1557 3550 literas,
1579 3475 1745 3558 omniaque
1765 3480 1796 3535 et
1815 3482 1980 3582 11Ὶιιιιαιῖιιιιοιέιιξιει
1981 3481 2028 3582 pl}

1053 3576 1210 3654 singula
1204 3593 1235 3638 ιιι
1260 3576 1303 3637 ιιι
1331 3580 1488 3649 contenta,
1513 3575 1550 3635 de
1570 3572 1793 3650 subreptionis,
1814 3592 1864 3636 tur.

1054 3670 1254 3749 obreptionis,
1270 3676 1322 3730 aut
1337 3668 1559 3746 cuiuscumque
1580 3665 1732 3729 nullitatis
1746 3664 1796 3726 vel

1055 3763 1256 3828 invaliditatis
1277 3762 1365 3836 vitio,
1390 3761 1635 3839 intentionisque
1657 3767 1795 3834 nostrae,

1052 3879 1086 3924 ac
1107 3873 1303 3940 quocumque
1325 3856 1384 3918 alio
1411 3855 1547 3929 delectu,
1575 3857 1665 3918 etiam
1688 3871 1727 3916 en
1748 3869 1796 3929 eo,

1052 3955 1134 4035 quod
1156 3955 1188 4017 in
1202 3951 1374 4034 praemissis
1396 3949 1628 4030 quomodolibet
1648 3949 1797 4012 interesse

1053 4048 1210 4124 babentes,
1223 4062 1278 4110 seu
1290 4046 1402 4108 babere
1412 4046 1701 4122 praetendentes,et
1712 4058 1798 4121 prae-

1052 4144 1160 4205 sertim
1182 4143 1319 4206 eiusdem
1341 4140 1372 4204 S.
1389 4141 1425 4202 n.
1443 4139 1478 4201 E.
1503 4135 1690 4211 cardinales,
1712 4151 1796 4215 prae-

1053 4237 1154 4299 missis
1174 4252 1238 4298 non
1260 4234 1486 4308 consenserint,
1508 4247 1565 4294 nec
1579 4229 1615 4292 ad
1640 4246 1676 4291 ea
1697 4228 1796 4291 vocati

1052 4337 1083 4392 et
1109 4329 1217 4403 auditi,
1240 4328 1514 4407 solemnitatesque
1529 4334 1559 4389 et
1574 4325 1631 4388 alia
1645 4326 1795 4388 servanda

1052 4433 1083 4486 et
1104 4421 1297 4500 adimplenda
1318 4421 1498 4483 nullatenus
1519 4425 1639 4482 servata
1657 4418 1797 4483 etadinu·

1052 4515 1135 4595 pleta
1155 4514 1291 4589 luerint,
1313 4530 1347 4575 ac
1367 4529 1564 4593 quocumque
1584 4515 1644 4576 alio
1673 4513 1794 4588 colore,

1052 4615 1231 4687 praetentu,
1255 4607 1414 4669 occasione
1435 4616 1466 4670 et
1493 4624 1595 4682 cansa,
1618 4608 1712 4671 etiam
1742 4623 1796 4670 ne·

1052 4699 1181 4764 cessario
1211 4699 1428 4778 exprimenda,
1456 4715 1472 4758 a
1497 4714 1654 4776 quoquam
1679 4700 1794 4774 notari,

1052 4791 1247 4870 impugnari,
1276 4793 1310 4852 in
1331 4791 1380 4852 ius
1406 4790 1457 4853 vel
1477 4793 1721 4855 controversiam
1749 4810 1796 4856 re·

1052 4885 1172 4958 vocari,
1195 4885 1304 4948 autad
1327 4883 1477 4947 terminos
1498 4885 1575 4946 iuris
1602 4885 1723 4960 reduci,
1745 4888 1795 4949 vel

1052 4979 1198 5040 adversus
1219 4977 1271 5039 illa
1296 4977 1473 5056 aperitionis
1494 4978 1567 5050 oris,
1590 4977 1796 5040 restitutionis

1051 5071 1084 5133 in
1106 5072 1277 5149 integrum,
1302 5071 1353 5133 vel
1374 5071 1455 5134 aliud
1478 5070 1607 5149 quodvis
1622 5071 1709 5146 iuris,
1725 5071 1794 5133 tacti

1052 5163 1102 5226 vel
1123 5164 1238 5242 gratiae
1258 5165 1434 5227 remedium
1456 5163 1613 5243 impetrari
1635 5163 1723 5227 nullo
1738 5179 1796 5226 un-

1051 5273 1143 5335 quam
1174 5266 1315 5336 tempore
1342 5273 1447 5336 posse3
1469 5259 1520 5321 sed
1542 5272 1665 5336 semper
1689 5273 1798 5337 perpe·

1050 5357 1167 5428 tuoque
1194 5351 1304 5428 valida,
1335 5352 1424 5412 firma
1452 5360 1484 5413 et
1511 5351 1643 5413 efficacia
1675 5367 1741 5413 esse
1765 5360 1795 5414 et

1049 5442 1126 5518 fore,
1141 5459 1275 5522 suosque
1296 5445 1449 5524 plenarios
1464 5453 1496 5507 ιι
1509 5445 1647 5521 integros
1668 5444 1795 5508 effectus

1050 5537 1154 5598 sortiri
1174 5545 1205 5599 et
1219 5537 1372 5613 obtinere,
1388 5553 1422 5600 ae
1443 5554 1497 5617 per
1518 5552 1625 5599 omnes
1640 5544 1671 5599 et
1691 5538 1796 5615 singu-

1051 5629 1106 5704 los,
1122 5631 1159 5691 ad
1174 5646 1250 5708 quos
1264 5637 1378 5709 spectat
1393 5638 1423 5692 ιι
1438 5630 1667 5708 quomodolibet
1681 5638 1797 5710 specta-

1050 5721 1148 5785 bitin
1177 5723 1337 5798 futurum,
1366 5723 1588 5786 inviolabiliter
1619 5723 1793 5800 observari,

1049 5817 1178 5895 perinde
1199 5833 1231 5878 ac
1252 5817 1277 5878 si
1298 5818 1331 5878 in
1354 5817 1534 5880 consistorio
1556 5826 1662 5880 nostro
1676 5825 1794 5880 secreto

1049 5916 1082 5972 et
1102 5909 1140 5972 de
1160 5907 1341 5972 eorumdem
1363 5909 1495 5974 fratrum
1519 5918 1700 5974 nostrorum
1723 5927 1796 5973 con·
