4764 6972
337 527 390 582 An.
405 527 435 582 (l.
456 529 524 584 174³
577 528 634 592 116

325 678 345 724 st
364 677 440 744 Ιιιιιι
463 688 537 779 {gas-
555 668 618 730 cilii
638 665 815 729 Tridentini
836 665 996 728 decretum
1021 665 1059 726 de
1079 660 1302 726 reiormatione

322 738 445 832 sr⁰r¹r¹.“¹¹¹¹
497 743 535 778 ‘¹⁰'
556 761 746 826 matrimonii
772 759 936 832 babentes,
964 757 1156 835 apertissime
1187 753 1302 818 intelli·

557 863 648 934 gunt,
670 853 847 916 laenitatem
862 851 896 912 in
912 849 1087 913 huiusmodi
1103 847 1304 928 dispensatio-

557 950 648 1012 nibus
678 948 877 1010 eilraenatam
913 944 1210 1022 immoderatamque
1244 939 1301 1002 sibi

557 1044 736 1106 nullatenus
757 1041 873 1114 inesse,
895 1039 946 1100 sed
969 1037 1147 1100 facultatem
1172 1037 1207 1100 ad
1230 1051 1303 1114 pru-

555 1138 678 1202 dentiae
704 1135 873 1208 rationem,
901 1132 1175 1210 legitimarumque
1201 1145 1302 1192 causa-

555 1247 627 1294 rum
658 1235 854 1305 emergentes
886 1225 1058 1288 occasiones
1086 1224 1300 1300 dirigendam,

555 1324 652 1402 eaque
672 1330 761 1384 caute
783 1320 845 1395 uti,
869 1319 910 1380 ita
932 1327 967 1380 ut
988 1318 1043 1380 hac
1064 1318 1096 1378 in
1118 1333 1153 1378 re
1179 1331 1302 1394 semper

555 1419 686 1480 recitent
707 1417 781 1478 baec
803 1415 942 1476 eiusdem
970 1411 1099 1474 Concilii
1127 1409 1302 1474 Tridentini

555 1512 664 1574 verba:
691 1510 777 1584 Ortod
798 1508 826 1569 si
848 1505 1022 1584 aliquunde
1036 1501 1212 1582 probabilis
1234 1504 1302 1581 sue-

556 1607 603 1668 rit
624 1605 776 1682 suspicio,
798 1600 1046 1664 matrimonium
1066 1597 1228 1660 malitiose
1243 1596 1302 1656 im-

554 1700 659 1779 pediri
680 1713 778 1776 posse,
800 1696 829 1757 si
852 1701 911 1765 tot,
928 1708 1036 1769 nempe
1051 1699 1115 1754 tres
1129 1703 1301 1766 praecesse-

556 1795 625 1855 rint
642 1790 924 1859 denuntiationem
941 1791 1019 1848 tuuc
1032 1785 1077 1846 cel
1090 1799 1156 1846 uua
1171 1790 1300 1846 tautum

556 1885 762 1950 denuntiatio
792 1883 868 1963 fiet,
898 1883 945 1944 ael
972 1879 1086 1943 saltem
1111 1878 1250 1958 pareclo
1270 1883 1300 1938 et

556 1979 691 2051 duobus,
706 1978 753 2040 uel
776 1973 896 2048 tribus,
914 1972 1050 2037 testibus
1063 1967 1299 2052 praesentibus,

555 2071 803 2138 matrimonium
818 2067 1005 2132 celebretur.
1030 2066 1150 2130 Deinde
1170 2072 1247 2128 ante
1262 2065 1301 2127 il·

556 2168 620 2230 lius
642 2165 946 2227 consummationem
976 2161 1239 2224 denuntiationes
1265 2161 1302 2221 iu

555 2260 685 2322 ecelesia
706 2259 799 2337 fiant,
822 2263 877 2328 ut,
899 2254 930 2316 si
950 2252 1060 2332 aliqua
1081 2250 1221 2315 subsunt
1242 2253 1301 2314 int·

553 2353 746 2432 pedimente,
770 2349 903 2432 lucilius
926 2349 1130 2428 detegantur.

336 2456 537 2520 qegssseuaua-
595 2447 683 2524 §ih
708 2445 798 2518 liaeo,
814 2441 1009 2504 venerabiles
1030 2439 1150 2514 iratres,
1174 2438 1303 2500 lintisti-

323 2510 537 2621 {ii⁰i³i{n¹?,⁸¹u⁰¹¹i
557 2550 623 2605 turn
646 2539 842 2619 gravissimas
857 2536 1034 2617 episcopalis
1048 2537 1079 2597 in
1092 2533 1302 2597 matrimoniis

324 2617 537 2674 ⁸⁰¹³⁶¹²¹⁸¹¹¹¹¹³¹⁰'
555 2635 739 2715 praesertim
775 2628 964 2694 celebrandis
998 2628 1166 2691 ministerii
1200 2633 1301 2704 partes

321 2683 342 2718 ¹¹
358 2677 454 2720 ΜΝ·
555 2727 724 2806 adinplere
745 2724 938 2788 studentum
961 2721 1146 2795 sarturiaco,
1169 2719 1301 2796 ιιιιιθι-

554 2824 607 2898 tia,
629 2839 663 2884 ac
684 2820 761 2883 ratio
782 2818 905 2896 agendi,
921 2832 1031 2878 omnes
1046 2815 1110 2876 lere
1132 2802 1305 2876 connubio-'

554 2933 626 2978 runt
647 2912 866 2992 dissolutiones
882 2909 1015 2972 emedio
1032 2908 1128 2980 tollitr
1152 2909 1229 2968 hanc
1244 2907 1301 2983 igi-

554 3017 608 3072 tur
628 3005 813 3086 sequamini.
837 3005 894 3066 Per
909 3003 987 3064 hanc
1000 3002 1156 3075 semitam,
1173 3016 1237 3061 non
1253 3016 1300 3062 re-

553 3119 626 3166 cens
647 3109 803 3180 apertam,
825 3096 877 3160 sed
898 3112 1022 3175 semper
1050 3101 1117 3157 tuto
1144 3093 1247 3155 tritam
1269 3100 1300 3154 et

553 3213 569 3256 a
598 3195 720 3258 laudato
752 3191 892 3256 Concilio
914 3189 1107 3252 ‘Tridentino
1140 3195 1301 3265 tantopere

554 3287 813 3360 commendatam,
827 3293 920 3362 atque
941 3283 998 3345 sub
1019 3291 1179 3361 praecepto
1200 3281 1234 3344 ad
1250 3296 1300 3341 su-

552 3375 1300 3461 scipiendamfrequentandamqueuniversisan·

553 3475 679 3538 tistibus
699 3473 854 3546 traditam,
877 3469 1001 3546 dirigite
1022 3483 1143 3545 gressus
1165 3474 1299 3540 vestros,

554 3578 589 3631 ut
610 3568 752 3630 iniuncto
771 3564 858 3626 vobis
872 3563 960 3624 oneri
982 3563 1075 3623 etiam
1097 3560 1199 3622 bacin
1215 3568 1299 3637 parte

554 3661 728 3725 satisfacere
749 3658 883 3739 possitis.
907 3655 1023 3734 Vigiles
1045 3671 1077 3718 ac
1098 3652 1222 3716 solliciti
1251 3651 1303 3714 ade

554 3755 710 3828 nitamini,
734 3761 770 3816 ut
790 3751 930 3831 parochi,
960 3750 1197 3827 animarumque
1219 3746 1301 3807 chri-

553 3849 736 3912 stilirlelium
769 3852 922 3918 reatoreS,
949 3842 982 3904 in
1012 3851 1129 3921 partem
1157 3841 1299 3904 laborum

554 3949 731 4004 vestrorum
752 3938 947 4002 coadiutores
969 3935 1080 4011 vocati,
1103 3936 1134 3998 in
1154 3935 1229 4009 suiS,
1253 3949 1298 4008 ea,

554 4053 614 4114 qua
637 4041 797 4106 tenentur,
820 4031 993 4109 vigilantia,
1016 4028 1177 4091 sedulitate
1200 4035 1231 4090 et
1253 4027 1300 4088 in·

555 4129 711 4206 tegritate,
727 4125 910 4189 muneribus
925 4123 1114 4196 exercendis,
1127 4137 1181 4201 per
1195 4137 1228 4183 se
1244 4121 1299 4199 ipsi

554 4237 680 4284 omnem
703 4236 827 4300 operam
848 4226 880 4282 et
905 4233 1011 4280 curam
1032 4215 1224 4293 impendant.
1254 4212 1300 4276 Ne

554 4315 724 4396 patiamini,
748 4322 782 4376 ut
802 4311 883 4374 laciii
905 4311 1098 4373 humanitate
1116 4309 1211 4384 ducti,
1234 4323 1298 4370 non

555 4422 660 4474 autem
689 4407 828 4484 legitima
857 4405 1039 4467 necessitate
1060 4403 1170 4477 coacti,
1193 4402 1299 4465 iuridi-

553 4520 620 4568 cam
641 4501 838 4582 propriorum
853 4499 1058 4578 parochorum
1080 4497 1298 4576 praesentiam,

553 4599 587 4660 in
608 4595 827 4660 contrahendis
848 4591 1057 4654 matrimoniis
1083 4590 1298 4664 neeessariam,

554 4690 592 4752 ob
613 4689 772 4770 quodlibet
787 4687 856 4750 iere
870 4695 1067 4749 momentum
1089 4694 1299 4760 removentes,

554 4785 683 4848 cuilibet
712 4781 862 4845 sacerdoti
888 4782 921 4843 in
950 4780 1009 4842 illis
1038 4781 1243 4842 interessendi
1264 4779 1298 4841 li·

553 4880 688 4943 centiam
699 4877 880 4940 concedatis.
896 4873 1064 4938 canonicas
1079 4874 1298 4947 ordinationes,

554 4990 589 5037 ae
609 4973 693 5050 leges
713 4986 807 5049 super
828 4967 1119 5033 denuntiationibus
1136 4975 1209 5030 ante
1228 4983 1300 5029 con·

555 5066 741 5130 trahendum
774 5062 1009 5125 matrimonium
1041 5061 1204 5135 iaciendis,
1235 5077 1298 5123 non

553 5163 621 5225 sine
652 5160 738 5238 gravi
767 5159 862 5220 animi
890 5171 1006 5234 angore
1033 5156 1300 5233 conscientiaeque

554 5255 681 5319 stimulo
702 5252 868 5315 servandas
882 5257 914 5312 et
928 5265 1050 5312 summa
1071 5263 1143 5311 cum
1164 5246 1302 5310 nonnul-

555 5349 657 5411 larum
673 5346 843 5410 ollensione
858 5344 1060 5422 scandaloque
1071 5342 1204 5404 minime
1215 5357 1301 5420 prae·

555 5440 735 5516 tereundas,
764 5455 817 5502 ros
844 5437 901 5517 ipsi
930 5437 1080 5500 custodite
1101 5444 1132 5499 et
1152 5436 1190 5497 ab
1217 5435 1300 5510 aliis,

555 5551 691 5614 quorum
712 5536 853 5607 interest,
876 5548 910 5594 re
931 5531 994 5610 ipsa
1013 5531 1130 5592 servari
1152 5528 1251 5592 iacite.

390 5662 536 5711 mutianus
595 5628 684 5704 §tu
708 5627 770 5690 Nec
791 5628 936 5700 obtentu,
965 5633 1147 5703 praetextu,
1175 5633 1227 5687 aut
1252 5642 1302 5687 co·

323 5716 536 5820 ssssfflssstfflfflfflssffi
555 5723 622 5784 iore
652 5724 874 5798 cuiuscumque
905 5719 1139 5782 consuetudinis
1167 5727 1196 5780 et
1228 5735 1302 5781 usus

407 5807 413 5817 ’
556 5817 705 5878 hactenus
725 5813 957 5894 quomodolibet
971 5813 1086 5876 invecti
1102 5821 1133 5874 et
1143 5814 1176 5874 in
1191 5812 1301 5875 vestris

556 5908 744 5976 dioecesibus
766 5905 914 5985 vigentis,
936 5906 982 5983 ed,
1001 5922 1079 5986 quae
1098 5904 1135 5968 ad
1155 5906 1231 5968 haec
1251 5921 1301 5968 us·

1076 543 1141 589 tun.
1165 541 1256 587 PONT.
1281 541 1321 587 ott
1341 539 1371 586 1‘.
1394 541 1423 586 F·
1448 541 1531 587 PARS
1553 539 1575 587 Ι.

2132 524 2186 578 An.
2200 525 2233 578 0.
2257 519 2331 575 1743

1358 675 1418 738 que
1439 667 1589 739 tempora,
1611 675 1704 738 super
1725 655 2013 722 denuntiationibus
2034 656 2104 720 sine

1358 753 1496 832 legitima
1511 770 1599 817 causa
1620 753 1830 832 dispensandi,
1846 768 1934 814 uersa
1949 759 1996 813 est
2016 752 2049 812 in
2062 750 2102 813 ia·

1356 847 1484 910 stidium
1506 855 1537 910 et
1558 855 1604 910 tot
1631 847 1736 910 litium
1763 845 1922 919 fomitem,
1945 843 2101 918 facilitate,

1357 941 1501 1020 deinceps
1522 941 1618 1016 abuti,
1639 941 1793 1018 audeatis3
1826 939 1996 1018 perniciosa
2018 937 2103 1000 enim

1337 1031 1546 1097 'consuetudo
1567 1043 1598 1096 et
1619 1035 1808 1098 auctoritatis
1829 1033 1958 1107 abusus,
1982 1047 2045 1094 non
2067 1031 2104 1094 ad

1358 1143 1500 1190 normam
1521 1128 1643 1205 agendi,
1665 1127 1716 1190 sed
1739 1129 1776 1192 ad
1796 1127 1877 1189 male
1891 1131 2031 1191 actorum
2051 1140 2103 1186 er-

1356 1221 1570 1300 probationem
1590 1220 1721 1284 confert.

1396 1315 1416 1390 ἓ
1439 1314 1485 1378 tu.
1508 1316 1606 1392 Quam
1626 1330 1701 1376 vero
1728 1315 1833 1390 robis,
1856 1313 1892 1378 ad
1913 1312 2102 1376 commissio·
2134 1328 2254 1392 Ιιιιιιιιι
2270 1330 2344 1390 nan-

1357 1425 1413 1471 nes
1435 1417 1465 1472 et
1487 1410 1729 1488 dispensationes
1757 1408 1935 1472 huiusmodi
1956 1406 2101 1486 praecipi·
2120 1379 2345 1500 llssulifflssfss

1358 1509 1459 1565 tanter
1480 1504 1639 1584 effuseque
1660 1505 1783 1578 dandas,
1812 1502 1954 1579 exemplo
1974 1507 2005 1562 et
2027 1499 2102 1562 inci·
2120 1489 2344 1600 ggssffimffij

1359 1604 1494 1659 tamenta
1514 1597 1608 1660 inisse
1628 1598 1785 1673 asseritur,
1802 1597 1930 1659 nimiam
1946 1596 1978 1658 in
1993 1595 2101 1659 iisdem
2120 1577 2343 1643 etcommtctenai

1357 1691 1529 1754 tribuendis
1550 1690 1789 1768 indulgentiam,
1802 1707 1861 1770 qua
1875 1706 1961 1765 rere,
1978 1704 2035 1750 nec
2049 1705 2101 1762 ne,
2120 1654 2345 1750 iiiiii's'iiii'ail

1357 1785 1536 1849 Ordinarius
1553 1785 1745 1865 apostoticae
1757 1786 1851 1848 huius
1873 1784 1999 1848 Sanctae
2015 1781 2102 1846 Sedis
2121 1757 2199 1805 mm·

1358 1881 1389 1944 in
1409 1875 1534 1944 Pmonia
1555 1898 1611 1960 pro
1633 1890 1771 1959 tempore
1798 1880 1933 1944 existens
1953 1877 2101 1952 Nuntius

1357 1976 1465 2052 rigore
1486 1974 1648 2048 lacultatis,
1681 1974 1739 2053 ipsi
1767 1973 1850 2036 inter
1870 1979 2004 2036 caeteras
2026 1977 2103 2034 tam·

1357 2087 1451 2148 quam
1465 2088 1480 2130 a
1494 2068 1591 2132 latere
1602 2068 1703 2146 iegato
1718 2067 1843 2132 concedi
1854 2067 1968 2142 solitas,
1980 2073 2104 2130 utcum-

1357 2178 1418 2242 que
1439 2164 1494 2224 hac
1515 2162 1547 2224 in
1570 2177 1604 2224 re
1629 2163 1851 2240 competentis,
1877 2162 1998 2225 easdem
2020 2177 2103 2224 com-

1357 2257 1518 2318 missiones
1554 2256 1860 2334 dispensationesque
1895 2255 2101 2334 impertitur,

1356 2350 1453 2428 ipsam
1481 2351 1632 2412 moderno
1653 2357 1684 2412 et
1712 2365 1765 2428 pro
1790 2355 1932 2428 tempore
1956 2349 2101 2412 existenti

1357 2443 1390 2504 in
1411 2443 1535 2506 Paionia
1552 2443 1670 2506 Nuntio
1692 2443 1893 2505 inhibendam
1908 2442 2101 2516 mandamus,

1357 2544 1392 2598 ut
1420 2536 1627 2599 iraternitates
1656 2544 1794 2612 vestrae,
1822 2537 1880 2599 hoc
1909 2536 2050 2614 exemplo
2071 2541 2103 2596 et

1357 2630 1558 2692 incitamento
1586 2631 1680 2693 etiam
1700 2629 1836 2704 sublato,
1866 2628 1980 2692 exinde
2000 2643 2066 2690 sese
2086 2645 2102 2688 a

1355 2724 1626 2786 commissionibus
1647 2722 1990 2802 dispensationibusque
2017 2728 2104 2783 ante-

1355 2816 1444 2880 dictis
1465 2817 1650 2880 abstineant.

1397 2912 1415 2987 ἓ
1438 2909 1485 2973 li.
1509 2911 1626 2990 ltaque,
1649 2910 1841 2974 venerabiles
1868 2909 1990 2985 iratres,
2013 2908 2103 2972 nolu·
2139 2929 2243 2992 penora
2259 2939 2345 2994 rapas-

1357 3020 1427 3066 mus
1448 3021 1502 3066 vos
1524 3006 1678 3082 ignorare,
1690 3020 1757 3080 nos,
1775 3013 1820 3067 tot
1841 3011 1961 3067 nostras
1980 3019 2101 3082 suscep
2120 2981 2177 3082 {¹321
2192 2982 2346 3094 ,ἷᾱὲἶξὲᾆῖ

1357 3105 1400 3160 tas
1421 3099 1655 3173 sollicitudines,
1680 3106 1724 3162 tot
1745 3107 1863 3162 nostras
1891 3114 1954 3160 non
1975 3098 2101 3160 omissas
2120 3093 2169 3136 ²¹¹¹·

1356 3191 1598 3267 adhortationes,
1625 3200 1671 3255 tot
1692 3194 1894 3272 praescriptas
1921 3192 2102 3272 apostolicae

1356 3293 1478 3347 nostrae
1490 3287 1703 3365 providentiae
1717 3286 1969 3365 auctoritatisque
1980 3286 2101 3348 ordina·

1357 3379 1468 3454 tiones,
1491 3379 1647 3441 exanimi
1675 3381 1784 3455 nostri,
1807 3379 1842 3440 ad
1869 3379 2018 3441 maiorem
2046 3379 2101 3440 Dei

1356 3473 1502 3550 gloriam,
1537 3473 1776 3552 animarumque
1806 3473 1936 3536 salutem
1957 3471 2099 3547 intenti,

1354 3567 1520 3641 sententia,
1537 3568 1667 3629 minime
1688 3567 1864 3642 succedere,
1880 3582 1937 3629 nec
1958 3567 2102 3645 pristinas

1356 3659 1387 3721 in
1409 3660 1616 3722 matrimoniis
1631 3661 1775 3724 ineundis
1790 3659 2054 3740 dissolvendisque
2067 3659 2103 3720 ii-

1356 3760 1400 3816 tes
1422 3761 1452 3815 et
1473 3755 1731 3816 controversiase
1752 3752 1854 3815 medio
1877 3753 1944 3815 tolli
1965 3755 2101 3817 animad-

1355 3854 1525 3923 vertentes,
1546 3862 1690 3925 suprema
1718 3847 1900 3910 auctoritate
1928 3855 2042 3922 nostra,
2065 3845 2102 3908 ad

1355 3939 1521 4002 efficaciora
1543 3948 1574 4002 et
1595 3941 1750 4019 asperiora
1766 3939 1900 4002 remedia
1915 3941 1998 4002 hisce
2013 3940 2101 4002 malis

1354 4035 1496 4096 curandis
1518 4041 1586 4112 apta
1607 4041 1700 4112 atque
1721 4033 1830 4096 idonea
1856 4040 2031 4113 opportune
2052 4034 2103 4095 ad·

1354 4126 1499 4202 hibenda,
1512 4143 1577 4188 esse
1598 4143 1722 4190 usuros:
1746 4126 1834 4188 vobis
1851 4127 1936 4190 enim
1957 4128 2030 4189 satis
2050 4145 2101 4189 su·
2128 4139 2341 4196 raqustnprom-

1355 4235 1471 4298 perque
1499 4230 1693 4299 perspectum
1722 4229 1783 4296 est,
1812 4237 1868 4283 nos
1893 4221 1980 4284 iustis
2001 4237 2034 4284 ac
2055 4238 2102 4283 ra·
2120 4193 2340 4294 gttssgssausmon·

1354 4313 1551 4376 tionabilibus
1572 4313 1610 4376 de
1638 4316 1751 4389 causis,
1779 4314 2053 4393 quemadmodum,
2075 4315 2101 4376 si

1354 4421 1441 4470 secus
1471 4405 1598 4468 larusse
1627 4409 1681 4470 fiet
1712 4423 1807 4487 quam
1836 4407 2099 4487 praescripsimus,

1354 4509 1438 4563 certe
1459 4500 1620 4575 accideret,
1643 4501 1792 4564 iudicium
1813 4517 1973 4563 causarum
1995 4501 2101 4564 matri-

1354 4594 1539 4656 monialium
1560 4593 1704 4657 Pelopiae
1730 4593 1829 4672 quoad
1850 4595 1983 4672 primam
2008 4593 2100 4655 etiam

1354 4687 1534 4749 instantiam
1546 4701 1704 4748 reservare
1726 4701 1828 4766 posse3
1852 4695 1883 4749 et
1898 4688 2036 4766 insuper,
2053 4701 2101 4747 re-

1353 4779 1424 4842 licta
1447 4780 1602 4859 Episcopis
1624 4781 1874 4860 locorumprima
1896 4788 1927 4844 et
1949 4781 2101 4858 histropo-

1355 4872 1457 4934 iitanis
1478 4875 1611 4936 secunda
1633 4874 1788 4951 instantia,
1811 4875 1981 4938 decernere
1995 4874 2099 4952 (sicut,

1355 4966 1535 5029 necessitate
1557 4976 1661 5030 tamen
1682 4970 1788 5044 coacti,
1805 4969 1935 5030 omnino
1956 4967 2102 5030 decerne-

1356 5059 1452 5141 mus),
1473 5069 1508 5122 ut
1530 5063 1562 5122 in
1590 5062 1687 5142 causis
1708 5063 1988 5125 matrimonialibus
2013 5062 2101 5125 Polo-

1356 5155 1436 5231 niae,
1450 5161 1517 5218 turn
1538 5155 1638 5233 prima
1658 5156 1695 5218 ab
1716 5157 1950 5235 episcopalibus,
1967 5164 2036 5219 tum
2053 5173 2099 5218 se·

1356 5250 1455 5313 cunda
1482 5267 1498 5310 ι
1525 5248 1772 5328 metropolitanis
1805 5250 1898 5313 curiis
1926 5251 2099 5326 sententia,

1355 5360 1448 5423 super
1479 5342 1624 5406 nullitate
1654 5343 1846 5406 matrimonii
1882 5345 2099 5422 pronuntiata,

1355 5437 1531 5500 executioni
1553 5436 1684 5498 minime
1704 5435 1921 5512 demandetur,
1938 5437 1997 5499 nisi
2018 5444 2101 5500 utra-

1355 5547 1416 5610 que
1437 5531 1607 5606 sententia,
1630 5545 1701 5593 cum
1731 5530 1888 5592 rationum
1920 5531 2099 5606 momentis,

1356 5625 1442 5703 prius
1464 5626 1495 5686 in
1518 5623 1766 5700 congregatione
1787 5639 1883 5685 renn.
1899 5622 2032 5685 tratrem
2047 5641 2101 5685 no·

1355 5728 1492 5780 strorum
1514 5716 1545 5780 S.
1559 5717 1594 5778 ll.
1610 5716 1645 5777 Ε.
1663 5716 1873 5779 cardinalium
1888 5716 2018 5780 concilii
2028 5717 2101 5778 Tri-

1356 5812 1478 5876 dentini
1493 5811 1702 5888 interpretum
1717 5817 1839 5871 mature
1853 5817 2022 5888 eracteque
2035 5809 2102 5872 luc-

1357 5906 1397 5968 rit
1419 5919 1563 5984 expensa,
1580 5920 1613 5964 ac
1634 5903 1774 5984 probata;
1797 5919 1919 5966 necnon
1941 5904 2102 5965 matrimo-
