4708 6978
348 512 402 565 An.
416 513 446 566 c.
469 509 536 564 tate

371 1405 548 1462 congregatio·

337 1470 393 1505 nem
415 1470 491 1515 super
512 1467 547 1504 re·

336 1513 458 1565 sidentia,
480 1513 548 1576 eius-

336 1567 546 1623 quesessionesm

336 1631 410 1666 usum
426 1621 528 1666 reducit.

586 511 645 576 abe

567 649 668 714 citato
690 667 757 730 cup.
782 650 811 724 1,
833 665 908 710 sess.
929 649 963 722 6,
985 650 1161 711 Romanum
1182 643 1309 707 Pontifi-

566 758 634 807 cem
655 759 710 822 pro
733 751 871 823 tempore
891 741 1075 806 existentem
1097 742 1250 814 hortatur,
1274 745 1308 798 ut

565 854 638 900 suae
658 853 821 916 supremae
841 837 920 900 sedis
941 837 1122 898 auctoritate
1147 837 1180 896 in
1202 834 1309 896 huius-

565 932 648 994 modi
670 939 910 1008 transgressores
931 932 966 992 ad
994 929 1182 992 severiorem
1211 943 1308 990 sacro·

565 1040 636 1085 rum
651 1040 805 1086 canonum
821 1040 959 1086 normam
975 1023 1308 1099 animadverteretque

565 1119 657 1181 eiiam
679 1117 812 1182 eeclesiis
834 1119 906 1196 ipsis
928 1118 965 1179 de
986 1115 1162 1179 utilioribus
1180 1113 1309 1176 Pastori·

566 1213 622 1274 bus
644 1213 813 1292 provideat,
829 1212 909 1275 sicut
931 1211 963 1275 in
980 1210 1111 1272 Domino
1126 1208 1249 1270 noverit
1263 1222 1308 1268 sa-

567 1306 698 1369 lubriter
718 1307 874 1385 expedire.

607 1399 713 1462 'lertio
735 1399 801 1462 loco
831 1399 977 1460 volamus
996 1405 1027 1460 et
1049 1397 1250 1470 mandamus,
1273 1401 1308 1455 ut

566 1493 736 1572 praedictae
758 1493 1011 1569 congregationis
1032 1507 1124 1569 super
1145 1487 1308 1551 residentia

568 1587 788 1666 cpiscoporum
810 1587 846 1648 ab
867 1583 1166 1663 UrbauoPapaVlll.
1184 1581 1308 1644 institn-

568 1687 615 1742 tae
641 1680 823 1743 exercitium
851 1689 944 1759 atque
970 1679 1120 1740 sessiones
1150 1691 1309 1738 resuman-

566 1781 636 1850 tur;
658 1774 878 1837 confirmantes
900 1773 995 1851 ipsius
1010 1770 1219 1850 praefecturae
1241 1783 1308 1829 mu·

565 1880 623 1926 nus
645 1865 756 1927 dilecto
778 1864 840 1927 lilio
862 1871 968 1926 nostro
989 1862 1094 1926 loanni
1115 1860 1250 1922 Antonio
1273 1858 1307 1920 ti-

566 1956 622 2018 tuli
645 1958 748 2021 Sancti
762 1957 885 2020 Martini
907 1957 939 2020 in
955 1956 1108 2019 llontibus
1129 1953 1309 2034 presbytero

565 2050 596 2113 S.
619 2052 655 2114 it.
679 2053 714 2114 E.
744 2051 897 2114 cardinali
924 2051 1082 2126 cuadagni
1115 2056 1306 2126 nuncupato,

564 2145 713 2208 moderno
734 2155 839 2208 nostro
862 2146 895 2207 in
915 2145 995 2207 Urbe
1018 2144 1146 2221 eiusque
1167 2142 1307 2204 districtu

565 2239 596 2303 in
618 2241 828 2321 spiritualibus
849 2239 981 2315 Vicario,
1005 2240 1132 2318 eiusque
1154 2237 1186 2298 in
1209 2237 1307 2298 obicio

565 2334 734 2397 vicariatus
760 2335 936 2396 huiusmodi
962 2333 1205 2410 successoribus,
1228 2333 1307 2396 sicut

564 2431 655 2494 etiam
678 2429 812 2492 officium
834 2428 991 2492 secretarii
1020 2427 1157 2490 eiusdem
1178 2443 1307 2504 congre-

564 2527 696 2606 gationis
717 2525 828 2587 dilecto
849 2524 912 2586 silio
934 2523 1081 2601 magistro
1109 2523 1217 2601 loseph
1239 2522 1309 2584 hle-

564 2615 1307 2695 xartdroFurietto,eiusquesuccessoribuscon·

564 2711 750 2790 gregationis
765 2709 975 2773 cardinalium
988 2703 1117 2772 concilli
1131 2707 1305 2770 Tridentini

563 2805 770 2885 interpretum
781 2803 964 2880 secretariis
975 2805 1306 2882 eosdemquestatuen·

565 2900 652 2962 tesia
670 2897 846 2960 huiusmodi
861 2896 1102 2972 congregatione
1117 2910 1201 2957 nunc
1213 2903 1244 2956 et
1255 2895 1308 2956 de-

564 2993 668 3071 inceps
680 3007 734 3070 pro
749 2999 888 3070 tempore
903 2989 1005 3052 locum
1025 2989 1139 3052 habere
1154 2989 1307 3051 31331133-

563 3087 651 3164 gium
662 3085 753 3160 terre,
767 3086 955 3164 quicumque
966 3101 1000 3145 ea
1015 3083 1113 3145 officia
1128 3090 1158 3147 et
1173 3099 1305 3146 munera

563 3180 706 3242 obtinent
717 3179 783 3240 sive
794 3177 980 3241 obtinebunt
994 3177 1027 3238 in
1043 3185 1215 3254 posterum,
1228 3192 1306 3255 quae

473 3335 474 3340 ,
564 3273 594 3334 in
616 3271 787 3350 praecitatis
811 3271 926 3332 Urbani
948 3270 1186 3348 praedecessoris
1207 3269 1305 3331 literis

346 3757 423 3813 nique
437 3756 544 3812 deputat

333 3815 501 3913 attactum

344 4129 494 4194 Prpescrtblt
504 4139 543 4176 oe-

331 4185 543 4336 ffisslttll'atlll‘.

563 3368 777 3443 designantur.
808 3366 967 3427 Praeterea
989 3380 1086 3442 quum
1108 3363 1239 3425 minime
1253 3379 1305 3424 ex·

562 3460 662 3540 pediat
683 3459 860 3522 huiusmodi
882 3457 1158 3535 congregationem
1183 3475 1304 3537 promo-

563 3561 631 3616 tore
652 3552 759 3616 Fiscali
786 3569 902 3627 carere,
925 3569 981 3614 nos
1013 3567 1097 3626 eum,
1121 3553 1228 3631 quiin
1252 3553 1304 3614 tri·

562 3648 669 3711 bunali
698 3647 853 3726 praedicto
881 3646 1049 3709 cardinalis
1080 3645 1193 3708 Vicarii
1214 3645 1305 3710 Urbis

562 3743 703 3809 Ullicium
725 3741 806 3818 gerit
826 3739 1012 3819 promotoris
1034 3739 1153 3815 fiscalis,
1176 3741 1304 3818 eiusque

564 3842 594 3904 in
616 3839 716 3902 otUoio
729 3851 916 3900 successores
931 3850 986 3912 pro
1008 3841 1159 3913 tempore,
1172 3835 1208 3896 ad
1223 3835 1303 3897 idem

562 3949 677 3997 munus
699 3931 877 3994 obeundum
904 3927 1086 4006 deputamus
1108 3929 1141 3988 in
1171 3929 1302 4006 praelata

561 4026 817 4106 congregatione,
840 4023 888 4086 cui
910 4024 1023 4100 ipsum,
1046 4037 1100 4084 seu
1123 4023 1214 4102 ipsos,
1231 4039 1302 4086 cnm

561 4121 736 4187 consultiro
756 4117 901 4194 suiiragio
916 4116 1060 4180 volumus
1082 4119 1239 4180 interesse.
1264 4119 1304 4182 At

562 4233 635 4278 vero
664 4214 908 4293 perpendentes,
940 4211 1020 4289 quod
1048 4211 1073 4272 si
1104 4213 1304 4289 congregatio

560 4311 674 4374 isthaec
695 4309 786 4369 toties
805 4305 943 4368 habenda
957 4304 1049 4379 toret,
1064 4305 1185 4383 quoties
1200 4306 1237 4368 ab
1251 4307 1304 4368 ali·

560 4420 621 4483 quo
644 4401 791 4480 Episcopo
812 4398 969 4461 licentiam
984 4398 1164 4460 abscedendi
1184 4416 1200 4460 3
1221 4400 1304 4464 dioe-

559 4498 619 4560 cesi
641 4495 703 4574 peti
723 4493 937 4570 contingeret,
964 4493 1071 4554 eadem
1096 4500 1149 4553 aut
1177 4503 1302 4572 propter

560 4589 766 4668 frequentiam
791 4587 885 4649 nimis
915 4601 1042 4648 onerosa
1068 4589 1227 4662 eraderet,
1250 4596 1302 4652 aut

559 4690 683 4762 propter
703 4682 901 4758 negotiorum
923 4677 1081 4741 levitatem
1103 4687 1202 4743 tractu
1223 4689 1302 4744 tem-

561 4777 640 4856 poris
668 4775 787 4851 negligi
808 4783 839 4837 et
860 4774 1041 4852 parvipendi
1071 4782 1190 4852 posset3
1214 4777 1300 4838 rolu-

560 4887 640 4946 mus,
662 4879 754 4948 etque
773 4869 950 4943 statuimus
974 4867 1113 4931 eamdem
1141 4877 1213 4932 tunc
1236 4878 1300 4933 tan·

560 4973 627 5027 tum
647 4968 816 5041 cogendam
837 4963 1071 5040 habendamque
1092 4979 1173 5037 esse,
1202 4980 1300 5042 quum

558 5065 648 5120 auta
674 5058 777 5132 nobis,
804 5057 869 5117 sive
890 5074 905 5116 3
930 5055 1156 5118 successoribus
1187 5059 1299 5120 nostris

559 5150 703 5212 Romanis
724 5148 939 5221 Pontificibus,
962 5148 1091 5212 alicuius
1112 5151 1229 5227 negotii
1251 5169 1300 5212 co-

558 5245 658 5321 gnitio
680 5244 735 5322 ipsi
757 5243 883 5304 remissa
904 5249 935 5304 et
949 5243 1085 5320 delegate
1107 5243 1212 5320 luerit,
1235 5253 1298 5320 aut,

559 5337 734 5399 huiusmodi
754 5335 847 5398 etiam
865 5336 1047 5398 remissione
1061 5346 1208 5414 cessante,
1224 5355 1301 5417 quo-

558 5431 615 5493 ties
636 5431 673 5492 de
693 5429 799 5508 poenis
819 5429 960 5507 superius
981 5430 1168 5504 constitutis,
1191 5433 1299 5494 adrer-

557 5542 608 5588 sus
628 5523 761 5601 aliquem
783 5529 1042 5598 transgressorem
1068 5523 1166 5601 reipsa
1194 5524 1297 5588 decer·

557 5618 667 5680 nendis
688 5615 925 5693 inligendisque,
942 5615 1177 5680 deliberandum
1192 5617 1296 5696 luerit;

556 5710 710 5789 siquidem
746 5710 921 5772 huiusmodi
956 5725 1124 5788 poenarum
1166 5713 1296 5787 modus,

557 5811 648 5882 prout
662 5803 810 5882 cuiusque
832 5804 928 5864 maior
945 5811 998 5866 aut
1013 5803 1117 5866 minor
1137 5811 1298 5868 contuma-

491 5885 497 5898 ’
557 5897 600 5962 oia
622 5897 771 5974 exegerit,
793 5895 956 5958 abeodem
978 5899 1218 5976 congregatione
1239 5905 1297 5960 sta-

1083 527 1145 573 ibit.
1171 527 1260 572 PON'l.
1285 521 1325 568 DE
1347 523 1374 568 P.
1400 525 1427 570 F·
1454 528 1534 572 PARS
1557 527 1576 572 1.

2135 513 2186 566 An.
2200 519 2227 568 C.
2246 522 2301 574 litt

1363 647 1497 708 tuendus
1525 648 1602 724 erit,
1626 655 1661 711 ut
1682 649 1757 713 lacta
1778 666 1833 730 per
1856 651 1948 730 ipsius
1976 660 2106 714 secreta·

1362 739 1447 802 rium
1469 740 1568 817 nobis,
1589 757 1645 804 seu
1666 745 1890 806 successorihus
1918 745 2040 819 nostris,
2057 762 2104 807 re-

1363 833 1487 908 latione,
1509 835 1734 915 approbataque
1755 838 2003 915 eougregationis
2024 855 2106 900 reso-

1364 925 1493 1002 lutione,
1506 930 1540 990 ad
1563 929 1739 992 huiusmodi
1761 946 1931 1008 poenarum
1951 933 2106 996 executio-

1362 1035 1433 1082 nem
1457 1037 1528 1082 cum
1549 1022 1660 1085 ellectu
1682 1023 1874 1101 procedatuq
1897 1031 1949 1086 aut
1971 1025 2106 1104 denique

1362 1130 1459 1192 quum
1473 1115 1582 1193 aliquis
1591 1116 1757 1195 Episcopus
1767 1117 1946 1180 instantiam
1959 1127 2106 1197 proponat

1362 1208 1548 1270 abessendia
1564 1210 1685 1288 propria
1699 1210 1828 1272 dioecesi
1845 1213 1963 1275 ratione
1977 1212 2105 1275 alicuius

1362 1302 1501 1364 muneris
1521 1303 1588 1365 sive
1616 1303 1718 1379 ollicii,
1748 1305 1835 1367 cuius
1857 1321 1891 1366 ea
1914 1307 2033 1368 dicatur
2053 1323 2106 1368 na·

1363 1404 1430 1459 tura
1452 1413 1530 1472 esse,
1544 1405 1578 1458 ut
1593 1398 1794 1476 apostolicum
1817 1396 1973 1461 indultum
1988 1402 2026 1462 de
2040 1417 2105 1463 non

1362 1491 1524 1554 residendo
1546 1493 1581 1554 ad
1603 1491 1731 1568 longum
1750 1499 1872 1570 tempus
1894 1492 1950 1570 ipsi
1971 1494 2011 1555 sit
2031 1511 2105 1556 con-

1361 1588 1550 1664 cedendum3
1573 1606 1628 1650 nos
1649 1589 1765 1652 etenim
1786 1586 1963 1652 huiusmodi
1985 1591 2105 1652 indulta

1363 1681 1483 1743 nemini
1506 1696 1655 1760 umquam
1682 1685 1808 1746 concedi
1829 1683 1940 1746 debere
1967 1685 2106 1747 decerni·

1363 1789 1449 1848 mus,
1481 1775 1541 1836 nisi
1568 1776 1693 1853 praevio
1718 1792 1880 1838 causarum
1909 1779 2051 1841 examine
2071 1779 2104 1842 in

1362 1869 1469 1930 eadem
1482 1870 1730 1945 congregatione
1741 1873 1925 1948 peragendo,
1940 1879 2107 1949 nostraque

1362 1969 1393 2024 et
1413 1978 1624 2024 successorum
1653 1970 1831 2025 nostrorum
1853 1964 1980 2027 scientia
2002 1973 2032 2026 et
2053 1980 2105 2044 ap

1363 2055 1553 2132 probatione,
1576 2063 1606 2118 et
1629 2057 1784 2119 mediante
1811 2058 2008 2135 expeditione
2036 2059 2106 2120 lite-

1363 2165 1467 2212 rarum
1482 2150 1714 2228 apostolicarum
1728 2151 1760 2212 in
1772 2149 1869 2212 torna
1881 2151 2004 2226 Brevis,
2022 2152 2107 2214 ideo-

1362 2261 1422 2325 que
1445 2245 1625 2308 mandamus
1647 2254 1751 2308 nostro
1773 2253 1804 2308 et
1826 2245 1955 2308 Romani
1978 2247 2106 2309 Pontic-

1362 2339 1404 2401 cis
1426 2356 1480 2417 pro
1497 2348 1636 2420 tempore
1648 2340 1808 2401 existentis
1822 2339 1996 2418 supplicum
2018 2339 2105 2402 libel·

1361 2435 1464 2497 lorum
1485 2437 1667 2508 secretario,
1689 2434 1817 2513 aliisque
1838 2435 2010 2496 secretariis
2030 2451 2106 2512 qua-

1361 2529 1483 2590 rumvis
1504 2529 1799 2605 congregationum,
1822 2527 1935 2605 quibus
1955 2544 1989 2589 ea
2011 2529 2049 2590 de
2069 2545 2106 2589 re

1360 2639 1465 2702 preces
1487 2623 1604 2684 oblatae
1625 2621 1760 2696 luerint,
1781 2629 1815 2683 ut
1842 2620 1908 2682 illas
1931 2621 1963 2684 in
1986 2623 2106 2700 praedi·

1360 2726 1439 2780 ctam
1458 2717 1729 2793 congregationem
1745 2732 1838 2794 super
1852 2716 2017 2776 residentia
2032 2715 2104 2793 Epi-

1360 2825 1522 2888 scoporum
1533 2811 1661 2872 omnino
1673 2810 1850 2884 remittant,
1867 2808 2023 2886 simulque
2034 2825 2105 2886 pro-

1361 2905 1503 2967 hibemns
1517 2911 1623 2966 nostro
1644 2911 1675 2964 et
1697 2917 1907 2964 successorum
1924 2909 2104 2964 nostrorum

1361 3015 1415 3076 pro
1437 3009 1577 3076 tempore
1598 2997 1763 3059 secretario
1785 2995 1950 3069 Brevinm,
1973 3010 2014 3057 ne
2034 2995 2105 3058 lite-

1359 3106 1466 3152 rarum
1488 3087 1723 3167 apostolicarum
1743 3104 1835 3166 super
1857 3087 2103 3151 intlultishuius-

1361 3185 1442 3246 modi
1465 3182 1604 3261 exempla
1626 3182 1714 3244 nobis
1736 3189 1789 3243 aut
1809 3183 2033 3243 successoribus
2049 3199 2103 3244 no-

1359 3279 1429 3340 stris
1450 3276 1612 3354 signanda,
1636 3275 1792 3337 ullatenus
1823 3274 1945 3350 aiierat,
1968 3277 2028 3338 nisi
2049 3292 2103 3337 au-

1361 3371 1496 3434 thentica
1517 3372 1713 3444 documenta,
1731 3375 1792 3430 tam
1804 3369 1841 3430 de
1857 3385 2102 3430 causarumexa-

1360 3466 1445 3528 mine
1463 3466 1494 3527 in
1509 3463 1588 3526 dicta
1600 3463 1847 3539 congregatione
1863 3472 1995 3542 peracto,
2008 3479 2099 3541 quam

1358 3559 1396 3622 tle
1417 3559 1578 3637 apostolica
1600 3557 1829 3636 approbatione,
1842 3565 1873 3618 et
1894 3573 2100 3619 assensuoon·

1358 3659 1525 3732 sequenter
1556 3651 1722 3724 emanatis,
1750 3649 1851 3710 eidem
1876 3647 1993 3710 inerint
2016 3650 2101 3710 exhi·

1358 3748 1429 3810 bita.

1397 3843 1511 3918 Quarto
1533 3841 1598 3902 loco
1618 3839 1794 3914 statuimus,
1810 3847 1845 3901 ut
1866 3838 1936 3900 lolia
1958 3842 2099 3919 superius
2173 3849 2245 3913 rorte,
2265 3860 2307 3912 can

1359 3935 1520 3999 enunciata
1542 3934 1574 3994 in
1596 3941 1754 4011 posterum
1782 3931 1911 3994 omnino
1935 3933 2099 3996 contician·
2119 3912 2309 4013 girltroessffilb'

1359 4038 1421 4104 tur,
1444 4029 1476 4090 in
1498 4027 1610 4106 quibus
1631 4026 1784 4089 nimirum
1811 4026 2023 4088 describantur
2044 4043 2099 4090 no·
2118 4011 2308 4109 3⁰0⁰,ffp‘ll'32u‘ffl

1359 4124 1441 4184 mina
1464 4122 1697 4200 Episcopornm,
1714 4119 1824 4196 quibus
1845 4121 1959 4181 riantur
1979 4119 2099 4182 indulta
2118 4118 2308 4216 fgsslfflaa‘rw'

1358 4214 1568 4279 commorandi
1585 4222 1668 4275 extra
1683 4213 1929 4288 dioecesim,una
1944 4229 2016 4274 cum
2030 4231 2098 4277 cau·
2285 4207 2287 4214 '

1357 4311 1397 4372 sis
1412 4311 1450 4371 ah
1464 4309 1535 4388 ipsis
1550 4307 1684 4370 adductis
1698 4313 1791 4384 atque
1805 4305 1949 4385 probatis,
1962 4313 1991 4368 et
2002 4308 2098 4385 spatio

1359 4404 1505 4481 temporis
1526 4401 1562 4462 ad
1583 4400 1664 4479 quod
1686 4399 1864 4462 huiusmodi
1885 4399 2004 4462 indulta
2026 4419 2098 4465 con-

1358 4502 1528 4575 ceduntur;
1560 4513 1638 4576 quae
1669 4495 1795 4575 quidem
1828 4495 1933 4557 loliaa
1960 4497 2098 4559 Romano

1357 4594 1505 4658 Ponticce
1525 4590 1710 4668 subscripta,
1734 4589 1766 4650 in
1789 4589 1940 4652 tabulario
1962 4593 2097 4669 praedic-

1358 4695 1404 4750 tae
1425 4683 1685 4762 congregationis,
1701 4691 1736 4744 ut
1751 4682 1834 4757 alias,
1850 4684 1998 4745 asservari
2012 4701 2098 4763 prae·

1356 4781 1496 4858 cipimus.
1529 4776 1614 4854 Quod
1648 4784 1752 4839 tamen
1784 4776 1917 4852 intelligi
1952 4777 2097 4864 volumus

1356 4876 1478 4936 nonde
1501 4874 1537 4934 iis
1558 4871 1704 4948 indultis,
1734 4886 1813 4948 quae
1836 4883 1891 4948 per
1919 4872 2096 4948 apostolicas

1356 4969 1458 5030 literas
1480 4967 1512 5029 in
1535 4965 1631 5027 torma
1652 4963 1758 5028 Brevis
1773 4963 1966 5041 expedienda
1984 4966 2096 5028 essem

1354 5062 1542 5140 paragrapho
1562 5059 1723 5135 superiore
1737 5055 1970 5134 descripsimus;
1985 5058 2044 5119 sed
2059 5059 2096 5121 de

1353 5155 1480 5217 alterins
1502 5152 1626 5231 generis
1649 5150 1794 5226 indultis,
1818 5151 1988 5229 dequibus
2016 5152 2096 5214 inira

1353 5247 1517 5310 dicendum
1540 5246 1610 5320 erit,
1633 5259 1783 5324 quaeque,
1811 5251 1878 5321 post
1899 5245 2095 5322 pontificium

1352 5356 1510 5404 assensum
1526 5357 1541 5400 a
1556 5337 1719 5401 secretario
1742 5338 1927 5416 requisitum
1944 5345 1974 5400 et
1989 5339 2096 5401 obten-

1354 5443 1433 5508 tum,
1450 5432 1586 5512 expediri
1608 5432 1763 5495 debebunt
1779 5447 1832 5510 per
1846 5430 1966 5494 decreta
1980 5449 1996 5493 a
2011 5448 2096 5510 prae·

1352 5529 1432 5591 dicto
1464 5525 1616 5590 cardinali
1648 5525 1771 5588 Vicario
1800 5524 1909 5600 Urbis,
1938 5533 2095 5605 tamquam

1352 5621 1503 5700 praelatae
1535 5618 1786 5696 congregationis
1817 5618 1992 5696 praelecto,
2024 5619 2095 5681 suh-

1351 5715 1472 5792 scripta.
1504 5713 1597 5775 Decet
1618 5711 1706 5774 enim
1727 5712 1779 5772 has
1804 5727 1927 5790 quoque
1956 5711 2094 5774 licentias

1354 5825 1417 5870 non
1439 5808 1508 5869 sine
1529 5805 1685 5886 pontificia
1707 5805 1932 5882 subscriptione
1954 5805 2093 5883 prodire3

1352 5901 1444 5980 idque
1460 5898 1651 5962 obtinebitur
1665 5897 1829 5960 accedente
1843 5897 2002 5974 signatura
2016 5896 2094 5959 Pou-
