4708 6978
313 555 503 612 xn.e.1tte
555 555 615 620 258

533 693 739 772 Linguarum,
772 695 897 760 sacrista
921 701 952 759 et
977 695 1127 773 medicus,
1154 703 1281 775 propter

535 788 698 852 continuas
719 805 848 852 suorum
865 789 1038 852 officiorum
1053 790 1277 868 occupationes.

532 880 613 944 Laicl
636 882 728 944 etiarn
755 898 864 945 omnes
891 899 1036 946 exercere
1067 883 1198 946 debeant
1225 897 1280 960 por

532 973 754 1037 hebdomadam
781 975 918 1039 officinm
944 974 1178 1055 acolythorum,
1201 990 1280 1036 asso·

531 1067 612 1129 ciere
632 1069 816 1145 sacerdotes,
828 1069 932 1132 Missas
953 1068 1093 1148 quotidie
1114 1070 1146 1130 in
1168 1067 1279 1128 sacello

532 1159 565 1220 Β.
575 1159 614 1222 ht.
625 1159 662 1223 V.
687 1161 719 1223 in
742 1170 848 1225 monte
869 1162 1011 1226 Calvario
1039 1169 1070 1223 et
1091 1162 1123 1222 in
1147 1160 1213 1222 eius
1233 1175 1279 1222 se·

531 1254 640 1332 pulcro
655 1254 779 1316 invalle
801 1256 939 1333 iosaphat
950 1254 1157 1330 celebrantes;
1180 1252 1279 1314 deier-

532 1365 566 1410 re
587 1348 732 1413 alimenta
763 1347 926 1423 iratribus,
949 1349 1002 1427 qui
1031 1349 1068 1410 de
1100 1347 1214 1408 tamilla
1247 1346 1278 1406 in

532 1441 732 1505 Sanctissimo
747 1441 894 1520 Sepulcro
911 1441 1005 1502 clausi
1019 1446 1194 1516 morantur3
1207 1439 1279 1500 alla·

531 1549 592 1612 que
611 1534 724 1596 similia
739 1533 924 1596 humilitatis
939 1532 1035 1594 officia
1058 1538 1222 1610 praestare.
1235 1530 1280 1592 ab

531 1626 579 1688 his
600 1625 799 1705 excipiuntur
820 1627 1019 1688 intirmorum
1038 1632 1172 1700 curator,
1189 1623 1279 1702 phar-

531 1719 702 1798 macopula,
725 1719 867 1794 sacrista,
891 1719 1021 1794 ianitor,
1051 1719 1188 1796 sociique
1210 1731 1280 1794 pro-

531 1814 692 1877 curatoris.

326 1911 364 1956 ld
378 1911 465 1958 sanem
477 1921 513 1957 ⁰0·
571 1908 748 1970 cxxv11.hd
761 1906 1046 1969 eademteneentur
1058 1905 1280 1980 omnes,etiem

299 1966 513 2074 ξῗέἱῧῗῗθῖῧὲἶ
532 2001 800 2078 eleemosynarum
812 2007 1038 2063 transvectores
1050 2014 1222 2077 eorumque
1233 2013 1280 2059 so·

298 2070 515 2172 ῗὲὲἧῗῶξέθὲῗοῖ
532 2095 581 2170 cii,
605 2093 828 2172 cuiuscumque
849 2094 1012 2156 extiterint
1033 2093 1179 2166 nationis,
1201 2091 1227 2153 si
1242 2091 1280 2152 ob

299 2187 347 2234 '⁸³’
363 2181 491 2226 tenentur.
531 2187 666 2266 aliquem
687 2186 901 2249 rationabilem
925 2202 1046 2249 causam
1065 2204 1078 2244 a
1095 2184 1280 2246 Discretorio

532 2283 741 2362 approbatam,
765 2283 844 2345 ultra
867 2283 1017 2344 bimestre
1028 2281 1060 2341 in
1077 2281 1189 2342 Terrae
1206 2277 1280 2341 Sen-

532 2385 599 2439 ctae
620 2377 764 2440 Custodia
786 2391 905 2438 rnorem
928 2375 1061 2436 trahant.

313 2477 427 2577 13¹¹}ch
441 2489 514 2536 caro·
571 2487 706 2532 xxxvrn.
730 2470 909 2532 Teneantur
930 2483 1039 2530 omnes
1053 2475 1084 2529 et
1098 2465 1213 2544 singuli
1230 2481 1281 2544 pa·

298 2542 514 2631 ianeairfgx'ss'cnffi'-
532 2567 618 2629 rochi
639 2565 864 2642 cuiuscumque
879 2563 1011 2625 nationis
1027 2563 1143 2625 librum
1160 2571 1277 2634 tenere,

299 2647 513 2739 ῗζῗέᾞζὲῑᾎὲξξῐ
532 2661 565 2723 in
593 2675 654 2739 quo
680 2674 788 2721 omnes
820 2659 1009 2720 adnotentur
1041 2657 1276 2733 eleemosynae,

298 2744 514 2855 fficffgolnlgssggggj
532 2770 607 2832 quas
629 2760 691 2815 tam
713 2767 769 2831 pro
797 2750 997 2814 concionibus
1019 2765 1113 2828 quam
1134 2764 1191 2827 pro
1211 2748 1279 2809 aliis

299 2851 368 2896 eum.
533 2845 681 2909 laboritiis
711 2844 922 2924 spiritualibus
955 2843 1116 2920 accipient.
1155 2842 1279 2920 Eaeque

531 2940 662 3019 pariter,
694 2954 768 3016 quas
790 2937 977 3016 pauperibus
1004 2935 1204 3009 distribuent,
1228 2936 1279 2996 de-

532 3049 594 3111 que
614 3032 662 3094 his
683 3031 728 3092 bis
749 3031 782 3090 in
806 3045 887 3092 anno
908 3029 1061 3107 superiori
1084 3027 1170 3090 locali
1187 3028 1279 3089 ratio·

533 3141 606 3188 nem
628 3125 769 3186 reddent.
804 3122 835 3185 Si
857 3138 944 3196 vero,
966 3121 1105 3185 deductis
1134 3119 1279 3198 expensis

532 3225 563 3280 et
583 3218 626 3280 sic
647 3216 819 3280 distributis
841 3216 990 3294 pecuniis,
1007 3213 1128 3292 aliquod
1143 3213 1279 3276 notabile

531 3313 693 3375 residuum
715 3309 812 3385 toret,
836 3316 981 3371 teneatur
1006 3309 1148 3387 superior
1176 3307 1279 3369 localis

532 3405 569 3468 de
590 3421 627 3467 eo
648 3405 815 3468 certiorare
834 3401 1048 3464 Guardianum
1063 3400 1278 3480 hierosolymi-

533 3508 653 3573 tanum,
676 3498 791 3559 adhoc
813 3504 848 3558 ut
869 3497 962 3558 dictas
987 3495 1124 3557 residuas
1146 3493 1279 3556 eleemo-

530 3608 621 3672 synas
644 3591 676 3652 in
698 3606 809 3652 meiius
823 3589 942 3669 syndici
957 3587 1145 3666 consignari,
1162 3595 1279 3650 etcum

532 3689 598 3750 aliis
620 3689 733 3750 Terrae
754 3685 882 3749 Sanctae
904 3683 1109 3761 eleemosynis
1137 3682 1278 3759 incorpo-

532 3783 591 3844 rari
613 3788 712 3844 curet.

318 3889 359 3952 ¹ne
375 3888 512 3944 processio
571 3890 680 3936 xxxix.
704 3872 859 3936 Processio
874 3870 1051 3952 quotidiana
1065 3869 1152 3934 ssmi
1169 3868 1278 3947 Sepul-

277 3941 429 4041 ’ἓῖἓὲῗιξᾱ
451 3952 512 3990 ⁸⁸¹¹*
530 3968 574 4032 cri
595 3969 627 4030 in
650 3973 809 4047 posterum
831 3966 898 4028 sieri
921 3964 1030 4026 debeat
1052 3964 1278 4026 solummodoa

530 4061 664 4141 cappella
686 4057 775 4123 ssim
797 4057 987 4122 sacramenti
1009 4059 1043 4120 ad
1059 4056 1196 4119 Mentem
1212 4056 1280 4120 Cel-

530 4157 663 4229 varium,
680 4162 711 4216 et
724 4173 740 4216 e
753 4154 855 4216 Monte
868 4151 1009 4214 Calvario
1025 4153 1059 4213 ad
1076 4149 1209 4214 Ssrhum
1225 4150 1277 4214 Se·

530 4248 690 4328 pulcrum3
713 4246 851 4326 qualibet
872 4261 948 4308 vero
963 4243 1038 4306 feria
1054 4252 1140 4307 sexte
1155 4261 1210 4323 per
1225 4261 1278 4306 en-

529 4357 608 4406 num
628 4347 661 4402 et
680 4339 799 4403 cunctis
820 4338 1073 4417 quadragesimae
1094 4337 1204 4400 sebatis
1226 4339 1278 4399 siat

529 4432 748 4498 universaliter
763 4433 797 4494 ad
813 4447 922 4492 omnes
937 4429 1101 4493 Stationes.
1127 4429 1279 4494 Similiter

530 4529 562 4590 in
583 4533 742 4589 conventu
763 4524 994 4586 bethleemitico
1015 4523 1193 4602 quotidiana
1209 4540 1278 4603 pro·

528 4621 625 4685 cessio
647 4619 699 4680 liet
726 4617 922 4680 solummodo
952 4618 988 4679 ed
1016 4626 1078 4679 tres
1109 4616 1276 4694 stationes,

529 4713 689 4776 videlicet:
719 4709 774 4774 Ubi
797 4715 896 4774 eolus
912 4716 958 4772 cet
982 4711 1086 4784 lesem
1109 4709 1164 4774 obl
1187 4713 1279 4773 recli-

432 4875 434 4880 ,
529 4812 629 4870 erotus
651 4806 720 4886 sctit
737 4805 772 4866 ie
786 4805 967 4882 praesepia·
989 4808 1020 4864 et
1042 4801 1098 4866 obl
1120 4804 1277 4868 odoratus

529 4905 576 4962 cet
598 4917 617 4963 o
639 4897 752 4978 Macte.
777 4898 934 4960 Processio
956 4903 1061 4960 eutem
1078 4897 1231 4974 generalis
1247 4907 1278 4961 et

529 4997 564 5058 ad
587 5008 697 5055 omnes
719 4991 857 5054 eiusdem
872 4990 1040 5053 sanctuarii
1061 4990 1211 5069 cappellas
1227 4991 1278 5051 liat

531 5094 652 5150 tantum
674 5084 781 5148 diebus
803 5083 932 5146 festivis.
959 5083 1045 5146 idem
1068 5083 1278 5161 proportiona-

529 5173 601 5242 li'ter
622 5184 766 5240 servetur
780 5177 812 5238 in
828 5176 895 5238 aliis
910 5177 1091 5238 sanctuariis
1108 5173 1138 5238 S.
1155 5175 1279 5237 loannis

530 5273 562 5334 in
585 5272 729 5334 biontana
752 5276 782 5332 et
804 5269 954 5332 Nazareth
976 5277 1034 5330 eto.
1061 5267 1220 5347 Complete
1237 5275 1278 5328 ta·

528 5381 603 5428 meu
626 5363 834 5443 processione,
857 5379 912 5442 per
933 5363 1067 5442 spatium
1085 5361 1193 5422 saltem
1215 5375 1278 5421 me-

529 5461 597 5522 diae
623 5459 717 5520 horae
744 5457 842 5520 oratio
867 5456 1010 5520 mentalis
1040 5455 1207 5530 habeatur,
1229 5455 1277 5517 cui

529 5567 649 5627 omnes,
673 5552 897 5630 cuiuscumque
919 5553 1031 5627 gradus
1047 5555 1077 5610 et
1092 5547 1278 5610 conditionis

530 5642 658 5719 luerint,
682 5645 831 5706 interesse
856 5649 1014 5705 tenentur.

331 5747 469 5796 strenuum
486 5751 511 5795 et
570 5751 666 5798 xxxx.
691 5737 880 5815 Perpetuam
902 5742 1045 5798 servetur
1060 5733 1223 5796 silentium
1245 5733 1277 5794 in

295 5802 423 5907 tcegcxipsan
447 5802 509 5848 ΜΨ
530 5831 677 5892 omnibus
692 5830 861 5892 refectoriis
879 5837 1095 5891 conventuum
1110 5825 1199 5892 SSdti
1215 5825 1278 5890 Sel-

449 5930 469 5982 τ
530 5924 656 6002 vetoris,
679 5922 852 6000 Bethleem,
869 5919 958 5985 Sbei
979 5919 1118 6002 sepulcri
1140 5929 1170 5984 et
1192 5920 1279 5984 Sio-

1060 575 1123 623 tttn.
1149 575 1240 623 PONT·
1265 573 1305 620 ott
1327 573 1355 622 h.
1381 577 1408 622 Ε.
1435 576 1516 624 PARS
1540 577 1559 624 l.

2116 553 2322 607 hn.e.1rte

1338 696 1428 758 annis
1451 695 1483 758 in
1506 697 1665 775 Montana,
1688 707 1719 759 et
1747 697 1895 777 quamdiu
1921 695 2084 776 prandium

1338 787 1388 850 vel
1411 805 1505 851 coena
1529 791 1703 866 duraverit,
1736 807 1899 871 nunquam
1931 791 2085 852 intermit-

1338 888 1420 944 tatur
1441 883 1545 958 lecti0,
1561 890 1592 945 et
1607 885 1664 947 hoc
1683 885 1741 946 sub
1756 900 1854 963 poena
1874 883 2084 962 suspensionis

1336 975 1373 1036 ab
1394 975 1494 1038 officio
1520 991 1575 1054 per
1595 977 1670 1039 duos
1696 994 1836 1052 menses,
1860 977 2082 1040 incurrendae

1336 1067 1510 1132 Guardiano
1539 1070 1669 1132 velatio
1694 1073 1855 1149 superiore
1884 1071 1939 1150 qui
1964 1077 2083 1134 contra·

1336 1161 1418 1222 rium
1441 1163 1541 1240 egerit
1562 1163 1613 1224 vel
1634 1163 1821 1242 permiserit.

1375 1269 1484 1316 xxxxv.
1509 1257 1692 1319 instituatur
1718 1275 1733 1318 a
1762 1259 1948 1321 Discretorio
1973 1258 2081 1332 lector,
2136 1275 2275 1338 instrenuo
2295 1273 2336 1318 rc-

1335 1350 1387 1427 qui
1412 1357 1458 1411 ter
1481 1351 1511 1412 in
1545 1351 1733 1414 hebdomada
1755 1353 1788 1416 in
1815 1354 1980 1417 relectorio
2010 1370 2082 1416 con·
2101 1331 2181 1426 5223ss
2203 1339 2336 1427 'sffiglffi

1336 1449 1449 1504 ventus
1471 1439 1556 1504 ssnt
1581 1441 1757 1522 Salvatoris,
1780 1453 1873 1525 prout
1895 1447 1927 1508 in
1943 1447 2081 1509 christia·
2101 1434 2205 1480 vetoris.

1335 1534 1431 1597 nitate
1445 1538 1640 1615 practicatur,
1658 1539 1803 1602 lectiones
1822 1541 1995 1616 theologiae
2018 1557 2084 1602 mo·

1335 1627 1405 1688 ralis
1427 1630 1573 1704 mysticae
1595 1640 1625 1693 et
1650 1631 1862 1711 explicationis
1891 1639 2012 1695 nostrae
2036 1649 2081 1694 re-

1336 1720 1424 1796 gulae
1457 1733 1598 1801 peragat,
1632 1727 1765 1804 primam
1796 1727 1940 1789 videlicet
1972 1727 2080 1802 latino,

1334 1816 1518 1891 posteriores
1537 1834 1611 1879 vero
1633 1819 1733 1881 italico
1748 1835 1904 1882 sermone.
1928 1820 2008 1882 Talis
2023 1822 2082 1883 lec-

1335 1913 1384 1968 tor
1399 1909 1611 1971 alliscretnrio
1633 1911 1796 1974 institutus
1818 1913 1921 1973 literas
1943 1920 2083 1990 petentes

1334 2017 1407 2062 suae
1430 2002 1635 2065 institutionis
1650 2021 1664 2063 a
1681 2021 1710 2082 p.
1725 2003 1897 2066 Guardiano
1917 2005 2080 2081 obtinebit3

1335 2101 1377 2168 et,
1394 2094 1475 2157 ultra
1491 2097 1722 2176 exemptionem
1738 2097 1774 2158 ab
1790 2099 1963 2160 exercendo
1984 2098 2083 2159 officio

1335 2187 1575 2264 hebdomadarii,
1600 2190 1693 2253 etiam
1709 2191 1746 2252 eb
1763 2189 2002 2254 interveniendo
2023 2190 2083 2252 hla-

1335 2283 1438 2344 tulino
1451 2280 1677 2361 dispensabitur
1699 2285 1735 2346 iis
1757 2284 1874 2359 diebuS,
1890 2283 2001 2363 quibus
2022 2284 2083 2346 lec·

1336 2375 1436 2436 tiones
1458 2376 1591 2439 habebit.

1375 2486 1497 2532 xxxxix.
1529 2471 1563 2532 ln
1595 2478 1753 2535 conventu
1789 2470 1878 2535 ssni
1916 2470 2082 2534 salvatoris
2135 2483 2330 2554 clauserant-

1334 2565 1440 2627 stricte
1461 2565 1644 2628 observetur
1665 2565 1823 2642 clausura,
1847 2573 1881 2627 ut
1903 2565 1990 2626 decet
2011 2561 2082 2625 reli·
2101 2541 2329 2636 {ffiffussffill

1335 2657 1494 2734 giosorum
1516 2657 1726 2734 honestatem,
1753 2675 1847 2736 quere
1868 2658 2080 2736 prohibemus,
2101 2645 2205 2691 vaurts.

1335 2767 1375 2812 ne
1396 2750 1544 2813 mulieres
1567 2751 1786 2827 ingrediantur
1807 2751 2011 2813 infirmariam
2033 2750 2081 2811 vel

1335 2850 1492 2906 transeant
1520 2861 1575 2923 per
1599 2844 1793 2906 domicilium
1821 2842 1936 2920 (vulgo
1964 2845 2080 2906 dictum

1340 2936 1611 3017 Puella-poeno);
1634 2938 1870 3017 proindeetiam
1892 2936 2081 3010 inhibemus,

1334 3047 1375 3094 ne
1396 3031 1541 3110 deinceps
1557 3031 1651 3094 irater
1671 3031 1872 3104 infirmarius,
1888 3045 1942 3092 seu
1964 3028 2082 3092 chirur-

1335 3135 1403 3200 gus,
1427 3125 1520 3202 possit
1543 3125 1662 3186 mederi
1684 3122 1733 3184 vel
1758 3123 1900 3186 scindere
1921 3139 2015 3184 venas
2036 3123 2084 3184 in·

1335 3216 1433 3278 firmis
1456 3216 1657 3291 mulieribus,
1681 3225 1744 3278 tam
1765 3216 1848 3277 intra
1875 3231 1969 3295 quem
1996 3224 2081 3278 extra

1335 3316 1545 3384 conventum,
1574 3309 1643 3370 sine
1673 3324 1816 3389 expressa
1847 3308 2013 3371 Guardieni
2042 3307 2084 3369 li-

1334 3402 1444 3464 centia.

1374 3512 1509 3558 axxxur.
1533 3495 1602 3558 Non
1631 3495 1831 3574 permittetur
1862 3493 2000 3557 interiori
2028 3509 2084 3556 no·
2137 3512 2165 3556 ra
2182 3511 2324 3608 arigernus

1333 3599 1470 3653 strnrum
1482 3597 1696 3652 conventuum
1706 3585 1977 3664 SSrhiSalvatoris,
1988 3588 2018 3652 8.
2028 3586 2081 3650 Se·
2101 3567 2220 3664 ffifflsslss'
2236 3576 2325 3664 ,222ss

1335 3685 1448 3764 pulcri,
1471 3684 1631 3745 Bethleem
1654 3691 1685 3746 et
1706 3682 1857 3744 Nazareth
1887 3681 2008 3758 ingredi
2029 3682 2082 3743 ali·
2101 3671 2324 3772 ffi⁰¹¹¹3llffl¹2⁵2¹gj

1335 3795 1427 3858 quem
1449 3777 1638 3840 saecularem
1660 3778 1745 3840 intus
1766 3776 1934 3839 secundam
1948 3785 2080 3856 portam,
2101 3789 2222 3825 cunam.

1334 3872 1454 3934 etiamsi
1478 3872 1633 3950 interpres
1655 3877 1708 3932 eut
1730 3869 1888 3932 lamilieris
1908 3877 2082 3934 conventus

1335 3965 1459 4040 existat,
1483 3973 1575 4043 prout
1590 3980 1693 4043 neque
1708 3962 1868 4040 mulieres,
1886 3979 1943 4025 nec
1957 3979 2080 4043 pueros,

1334 4058 1393 4120 nisi
1416 4058 1451 4119 ad
1473 4058 1639 4120 audiendas
1662 4057 1765 4118 hlissas
1785 4064 1871 4120 recto
1895 4056 2018 4117 tramite
2039 4056 2082 4117 io-

1334 4168 1382 4212 ras
1404 4166 1609 4227 regressuros.
1642 4149 1802 4226 Peregrini
1827 4165 1902 4211 vero
1928 4157 1959 4211 et
1986 4151 2081 4212 inter·

1336 4258 1403 4321 pres
1426 4243 1552 4319 linguae
1579 4242 1715 4304 arabicae
1735 4249 1767 4304 et
1790 4241 1922 4304 turcicae
1951 4242 2082 4304 introire

1334 4344 1492 4414 poterunt,
1511 4343 1650 4414 tempore
1665 4343 1695 4397 et
1710 4335 1775 4397 loco
1790 4335 1957 4411 designatis
1973 4343 2003 4398 et
2017 4351 2081 4398 non

1334 4431 1416 4493 elias.

1374 4539 1504 4586 xxxxiv.
1530 4522 1714 4584 Prohibetur
1741 4521 1888 4583 omnibus
1916 4519 2078 4597 religiosis,
2126 4535 2322 4599 nvsrmctaoure

1334 4619 1523 4696 quicumque
1544 4616 1589 4677 illi
1611 4615 1686 4690 sint,
1704 4613 1763 4676 sub
1783 4629 1882 4692 poena
1904 4629 2082 4676 excommu-
2100 4597 2157 4635 ”¹¹¹¹
2175 4589 2319 4644 ”mmm

1335 4710 1497 4773 nicationis
1526 4708 1649 4770 maioris
1671 4708 1736 4786 ipso
1757 4707 1835 4770 lacto
1862 4706 2080 4784 incurrendae,

1335 4819 1476 4866 necnon
1505 4801 1686 4880 privationis
1715 4801 1798 4863 vocis
1826 4801 1942 4863 activae
1963 4808 1995 4862 et
2017 4816 2074 4878 pas-

1334 4897 1427 4972 sivae,
1443 4912 1483 4957 ne
1498 4895 1562 4956 ullo
1578 4901 1676 4972 pacto,
1694 4909 1751 4955 neo
1773 4892 1889 4955 scilicet
1904 4893 2080 4967 vendendo,

1334 5005 1391 5051 nec
1413 4985 1638 5067 permutando,
1660 5001 1716 5048 nec
1742 4985 1852 5064 quovis
1880 4985 1939 5047 alio
1968 4999 2080 5061 genere

1334 5080 1553 5158 negotiationis
1578 5078 1716 5156 egendo,
1739 5077 1910 5139 distrahere
1937 5079 2079 5151 audeant,

1335 5174 1384 5234 vel
1406 5189 1461 5251 per
1482 5188 1513 5234 se
1537 5172 1585 5234 vel
1608 5188 1663 5250 per
1684 5171 1769 5247 alios,
1789 5187 1927 5246 coronas,
1951 5169 2080 5230 rosarias

1334 5267 1384 5329 vel
1405 5268 1477 5330 alias
1500 5267 1593 5330 huius
1614 5265 1738 5344 generis
1765 5264 1946 5328 devotiones
1973 5263 2081 5326 illeru-

1333 5361 1440 5421 salem.

1374 5457 1489 5515 xxxxv.
1513 5449 1614 5532 Spolia
1636 5451 1857 5516 detunctorum
1882 5449 2080 5512 consistentia
2135 5469 2320 5532 reseruemur

1334 5547 1367 5608 in
1390 5546 1530 5621 rosariis,
1553 5545 1713 5619 crucibus,
1743 5545 1872 5621 aliisque
1902 5541 2081 5604 huiusmodi
2099 5522 2319 5623 {gabigamma-

1335 5639 1563 5713 devotionibus,
1577 5647 1607 5700 et
1619 5639 1724 5700 omnia
1740 5651 1954 5716 quaecumque
1965 5635 2023 5696 alie
2035 5635 2082 5696 uti

1334 5740 1470 5794 extracta
1492 5731 1620 5794 inerunt
1643 5748 1681 5793 ex
1695 5730 1824 5810 peculiis
1845 5728 2080 5808 procurationis,

1335 5826 1375 5889 ita
1397 5841 1461 5887 non
1484 5825 1544 5887 nisi
1566 5823 1667 5887 eidem
1688 5825 1903 5887 restituantur.
