4828 6990
310 560 363 616 66.
379 565 408 617 c.
431 564 500 617 6666
550 567 608 630 litt

529 719 663 782 congrua
696 705 903 781 habitatione,
935 707 1064 771 domum
1086 709 1117 771 in
1147 708 1272 774 civitate

529 797 663 860 Goritiae
691 801 798 876 sitam,
821 817 893 863 cum
915 803 1032 866 666666
1061 803 1217 878 viridario,
1240 811 1271 866 et

529 891 660 970 cappella
684 893 814 970 publica,
830 911 887 958 nee
903 912 966 958 non
981 912 1036 978 pro
1050 896 1190 958 eiusdem
1205 914 1271 960 sus·

529 986 699 1050 tentatione
722 996 822 1053 totum
845 991 885 1066 id,
902 993 983 1071 quod
1006 993 1078 1054 bon.
1097 1006 1191 1054 mem.
1210 991 1271 1054 hu-

529 1079 673 1154 gustinus
694 1081 850 1146 (ladellius
871 1101 926 1163 pro
949 1087 1014 1165 ipso
1036 1085 1169 1160 Vicario,
1193 1085 1273 1146 eius·

528 1187 588 1248 que
617 1176 859 1253 successoribus,
883 1195 953 1241 cum
983 1179 1108 1258 praevio
1132 1177 1271 1258 plenario

527 1283 652 1329 assensu
674 1270 772 1333 dictae
792 1273 964 1334 carissimae
989 1273 1021 1334 in
1046 1273 1168 1336 Cirristo
1191 1271 1272 1333 161166

528 1367 652 1424 nostrae
673 1363 784 1426 hieriae
813 1366 975 1428 Therasiae
1001 1366 1138 1444 Reginae
1158 1383 1192 1428 ac
1213 1365 1271 1426 lm·

528 1457 685 1533 peratricis
706 1457 831 1532 electae,
852 1475 889 1521 ex
911 1459 1042 1538 propriis
1066 1459 1153 1522 bonis
1174 1467 1205 1520 et
1227 1459 1271 1519 16-

528 1549 623 1625 61666,
645 1551 771 1613 6666611
786 1558 818 1613 61
832 1553 935 1615 cessit:
960 1553 1046 1616 cuius
1068 1552 1195 1631 quidem
1209 1567 1271 1614 ces·

527 1645 622 1706 sionis
643 1646 844 1718 validitatem,
868 1656 958 1726 prout
980 1649 1073 1709 etiam
1102 1647 1271 1710 fundorum

529 1739 701 1802 realitatem
729 1750 761 1802 et
789 1741 1042 1818 eligibilitatem,
1066 1759 1081 1804 a
1103 1739 1271 1804 venerabili

528 1829 622 1894 fratre
653 1833 804 1896 llernesto
837 1835 986 1914 Episcopo
1018 1835 1201 1909 Labacensi,
1234 1835 1272 1896 66

528 1925 671 1986 mandato
693 1935 809 2002 nostro,
829 1927 960 1992 iuridice
981 1930 1210 2008 diligenterque
1224 1945 1271 1989 re-

527 2017 682 2093 cognitam
704 2027 735 2080 et
757 2021 926 2098 respective
947 2022 1110 2084 admissam
1138 2027 1169 2084 et
1190 2037 1271 2084 acce-

527 2116 661 2187 ptatam,
685 2113 818 2192 nosipsi
850 2116 1085 2194 approbavimus
1109 2116 1271 2179 6166666-

527 2203 695 2280 mavimus3
711 2216 832 2285 accepta
846 2209 939 2271 etiam
954 2209 1046 2287 legali
1067 2209 1271 2289 descriptione

528 2299 682 2360 bonorum
704 2299 846 2362 omnium
863 2304 1049 2380 6666661616
1072 2303 1219 2379 (bdellio,
1237 2311 1271 2365 ut

526 2395 791 2473 supradiximus,
820 2397 1043 2475 elargiturum,
1074 2413 1166 2478 quam
1189 2398 1271 2461 idem

527 2487 697 2551 1166666166
719 2489 885 2570 Episcopus
907 2493 942 2554 ad
966 2508 1021 2554 nos
1043 2492 1223 2566 transmisit,
1239 2499 1271 2553 et

526 2581 613 2642 cuius
635 2583 851 2646 authenticum
873 2585 1050 2664 exemplum
1072 2586 1129 2666 ipsi
1151 2584 1271 2648 Vicario

526 2673 700 2752 6666161166
717 2677 904 2740 traditurum
918 2695 951 2740 se
965 2679 1118 2758 pollicitus
1139 2687 1200 2756 est3
1224 2695 1271 2740 re-

526 2767 633 2846 positis
661 2769 770 2832 16666
798 2771 961 2851 6616666611
988 2773 1123 2835 archivio
1145 2772 1272 2851 reliquis

527 2857 673 2925 omnibus
694 2865 916 2940 monumentis,
943 2881 1156 2945 quaecumque
1177 2865 1272 2945 pcrti-

528 2963 604 3018 nent
626 2959 662 3019 ad
684 2957 849 3035 praelatam
876 2959 1004 3022 domum
1032 2972 1063 3026 et
1089 2963 1269 3042 cappellam,

527 3050 662 3116 Garitiae
692 3051 780 3126 sitas,
803 3052 938 3132 aliosque
967 3053 1078 3116 fundos
1103 3056 1271 3119 abeodem

527 3148 577 3225 616
604 3143 798 3210 benefactore
829 3153 913 3210 66166
945 3148 1001 3228 1661
1034 3149 1143 3212 (166616
1174 3150 1271 3213 616616

527 3240 713 3316 6116661166,
741 3241 888 3320 quamdiu
917 3243 949 3304 16
978 3241 1076 3305 officio
1107 3243 1271 3306 vicariatus

528 3334 704 3396 huiusmodi
726 3337 943 3414 permanserit,
960 3337 1158 3400 concedimus
1178 3346 1271 3416 atque

526 3429 730 3505 assignamus,

566 3531 585 3603 5
607 3529 636 3590 2.
659 3528 734 3604 Ouia
756 3543 830 3589 vero
848 3542 887 3588 ex
901 3525 1073 3588 multorum
1095 3526 1154 3588 fide
1169 3526 1270 3602 dignis

527 3623 729 3687 relationibus
754 3623 853 3685 edocti
874 3637 994 3698 sumus,
1017 3629 1106 3683 etex
1129 3621 1192 3698 ipsa
1214 3622 1272 3680 hu-

495 3795 499 3808 ,
528 3737 691 3786 manarum
708 3738 813 3783 rorum
830 3719 1076 3782 consideratione
1091 3734 1269 3798 persuasum

527 3817 691 3893 habemus,
716 3823 874 3896 postquam
899 3817 1069 3880 Patriareha
1092 3815 1267 3893 Aquileien.

529 3918 590 3974 tam
613 3911 706 3988 longo
736 3911 882 3990 temporis
908 3913 1016 3990 spatio,
1039 3925 1102 3972 666
1128 3913 1270 3989 666661-

527 4006 598 4067 dem
619 4005 707 4083 culpa
737 4013 790 4067 661
821 4004 1028 4081 negligentia,
1061 4005 1112 4066 sed
1145 4011 1270 4083 propter

527 4106 614 4160 notas
635 4099 840 4160 dissensiones
868 4098 1073 4178 rigentesque
1094 4107 1271 4163 controver-

525 4193 595 4268 sias,
619 4192 784 4270 impeditus
799 4190 857 4255 fuit
872 4193 908 4254 ab
923 4194 1094 4256 exercendo
1117 4195 1270 4272 regimine

527 4288 609 4349 illius
631 4287 776 4350 dioecesis
790 4303 863 4348 suae
878 4295 1004 4361 tractus,
1016 4289 1069 4366 qui
1083 4287 1121 4349 ab
1135 4288 1270 4349 dustria-

527 4399 578 4444 cae
600 4383 709 4445 domus
739 4381 870 4460 imperio
896 4383 1025 4460 pendet,
1055 4391 1146 4460 atque
1178 4382 1271 4444 huius

527 4475 685 4553 spirituale
716 4470 906 4552 guberhium
944 4475 1122 4554 aliquandiu
1152 4484 1271 4538 secreto

528 4577 650 4646 gestum
677 4569 795 4632 161166
820 4570 1010 4649 hpastolicae
1039 4569 1124 4632 Sedis
1153 4569 1271 4632 Nuntio

527 4663 665 4726 Viennae
688 4664 719 4725 in
743 4663 865 4726 hostria
886 4671 1108 4739 commorante,
1125 4681 1197 4726 cum
1219 4664 1272 4725 ali-

527 4759 611 4837 quali
633 4758 728 4836 ipsius
744 4757 934 4818 patriarchae
949 4757 1076 4821 66661116
1098 4765 1128 4819 61
1143 4759 1271 4820 66166116

527 4853 559 4913 in
582 4852 618 4912 iis
639 4851 746 4925 66666,
774 4867 853 4928 quae
884 4859 1024 4930 prompta
1055 4869 1088 4914 66
1116 4853 1271 4931 praesenti

528 4945 722 5024 providentia
743 4959 806 5006 non
829 4945 1020 5021 indigerent3
1050 4946 1162 5007 deinde
1183 4962 1269 5019 vero,

527 5040 706 5101 memoratis
726 5038 969 5100 dissensionibus
994 5039 1091 5115 magis
1112 5040 1271 5118 magisque

527 5133 672 5208 661666116,
681 5132 857 5195 huiusmodi
870 5135 1007 5208 regimen
1020 5133 1056 5195 ab
1067 5134 1174 5194 eodem
1185 5131 1271 5194 Nun·

529 5227 570 5288 tia
593 5227 776 5305 6666161166,
799 5226 887 5288 66616
914 5225 1073 5288 dumtaxat
1094 5227 1271 5289 immediate

527 5318 1269 5397 consultis,administratumfuit3quia,inquam,

527 5415 599 5475 satis
622 5413 839 5489 intelligimus,
866 5409 1037 5473 verendum
1059 5427 1135 5487 6666,
1153 5428 1203 5486 66,
1228 5419 1272 5474 161

528 5508 617 5568 66616
630 5507 814 5581 1666611666,
828 5523 861 5567 66
882 5504 1028 5584 6616116116
1043 5505 1152 5566 6166666
1174 5505 1272 5566 culto-

528 5601 614 5662 ribus
646 5601 737 5677 longe
765 5599 957 5674 constitutis,
980 5614 1089 5677 vepres
1114 5599 1271 5676 61661666

528 5695 560 5756 16
583 5709 616 5754 66
638 5693 771 5755 nimium
794 5691 1108 5764 66666666161,11661
1129 5691 1196 5751 6166
1209 5707 1272 5751 ma-

529 5801 590 5862 gno
611 5804 644 5847 66
656 5787 803 5847 611616666
825 5785 928 5847 labore
943 5803 975 5846 ac
989 5783 1091 5846 6166116
1114 5784 1185 5845 16616
1208 5801 1272 5846 era-

528 5879 621 5942 dicari
636 5895 697 5939 666
712 5879 848 5953 valeant;
864 5877 936 5940 hinc
951 5888 1008 5953 est,
1020 5877 1100 5956 quod
1118 5895 1172 5940 nas
1188 5894 1271 5957 prae·

527 5971 667 6033 sentibus
689 5974 802 6034 nostris
817 5971 916 6033 literis
931 5987 963 6032 66
979 5973 1114 6049 primum
1137 5971 1272 6034 indicare

1048 589 1110 634 lt'h.
1137 592 1226 636 PONT·
1252 593 1291 636 be
1313 594 1341 637 P·
1366 593 1395 638 F.
1420 593 1502 638 PAllS
1524 595 1544 638 l.

1328 711 1505 788 statuimus,
1538 729 1616 791 quae
1637 731 1652 772 a
1674 715 1828 792 praedicto
1855 714 1973 777 11166616
1995 714 2074 792 666-

1328 805 1433 866 6161166
1445 821 1461 866 6
1473 806 1573 881 66616,
1586 813 1621 868 61
1636 808 1822 885 6666166166,
1835 809 1980 888 66661616
1994 809 2076 870 6166-

1328 914 1388 975 que
1417 900 1643 962 successoribus
1670 901 1701 962 in
1729 900 1872 965 futurum
1901 901 2003 963 forsan
2024 901 2075 962 dc·

1328 993 1483 1070 putandis,
1507 1002 1668 1072 66666616
1696 995 1907 1058 161666116161
1934 994 2075 1057 muueris

1329 1083 1532 1162 implemento
1560 1088 1707 1164 praestari
1732 1088 1878 1150 volumus
1906 1096 1999 1164 atque
2028 1102 2075 1148 rc·

1327 1177 1499 1255 quirimus3
1523 1195 1594 1242 6666
1616 1179 1775 1243 facultates
1803 1196 1975 1255 recensere,
1999 1195 2074 1258 quas

1327 1270 1428 1333 eidem
1443 1271 1563 1336 Vicario
1578 1273 1613 1334 ad
1629 1274 1772 1337 ellectum
1787 1273 1966 1337 huiusmodi
1986 1275 2076 1335 duui-

1328 1377 1398 1426 mus
1420 1365 1608 1439 tribuendas,
1621 1383 1762 1446 quaeque
1784 1383 1839 1447 pra
1855 1383 1964 1430 norma
1979 1373 2073 1430 erunt

1328 1454 1526 1534 facultatum,
1556 1459 1667 1537 quibus
1699 1461 1811 1524 instrui
1836 1461 1994 1524 debebunt
2021 1459 2073 1520 6111

1328 1549 1441 1611 llicarii
1461 1550 1590 1631 similes,
1607 1563 1674 1631 post
1697 1553 1797 1633 ipsum
1812 1554 1914 1618 forsan
1930 1553 2007 1617 inihi
2022 1553 2073 1615 de-

1328 1643 1472 1721 putandi;
1495 1661 1529 1706 ac
1550 1647 1684 1725 denique
1698 1648 1914 1728 aliaquaedam
1935 1655 2073 1711 statuere

1329 1743 1358 1796 61
1379 1737 1540 1814 ordinare,
1570 1755 1647 1817 quae
1668 1741 1704 1803 ad
1727 1742 1950 1820 praecavendas
1970 1740 2074 1803 cuius-

1328 1845 1389 1908 que
1403 1831 1526 1906 generis
1537 1835 1784 1912 perturbationes
1799 1843 1830 1897 et
1849 1834 2072 1897 controversias

1328 1930 1503 2002 opportune
1524 1927 1706 1990 stabilienda
1726 1929 1942 1992 iudicavimus.

1366 2017 1386 2092 ἓ
1406 2017 1434 2079 3.
1459 2019 1521 2080 llac
1543 2021 1641 2096 igitur
1662 2022 1799 2100 primum
1822 2020 1998 2085 huiusmodi
2021 2021 2071 2084 Vi·

1328 2112 1409 2173 cario
1431 2111 1605 2190 Apostolico
1616 2115 1753 2178 districte
1769 2115 1961 2192 iniungimus
1977 2122 2007 2176 et
2022 2116 2073 2177 66-

1328 2205 1529 2282 mandamus,
1554 2216 1588 2270 ut
1607 2208 1693 2270 omni
1719 2225 1792 2272 cura
1814 2225 1847 2270 ac
1874 2208 2072 2271 solicitudine

1328 2313 1383 2376 666
1411 2303 1621 2364 conservancia
1647 2303 1813 2366 catholicae
1839 2303 1908 2365 fidei
1937 2303 2073 2382 puritate

1329 2393 1362 2454 in
1384 2393 1497 2472 populo
1520 2396 1614 2474 ipsius
1635 2397 1757 2475 speciali
1778 2396 1926 2474 regimini
1948 2411 2072 2458 concre-

1328 2486 1403 2560 dito,
1426 2504 1460 2549 ac
1488 2488 1701 2568 propulsandis
1728 2489 1882 2569 longeque
1909 2489 1947 2551 ab
1967 2505 2004 2551 eo
2024 2504 2071 2550 re

1328 2581 1489 2642 movendis
1500 2599 1772 2662 quarumcumque
1783 2599 1927 2647 errorum
1939 2589 1992 2644 aut
2002 2583 2074 2644 hae·

1327 2687 1433 2736 resum
1455 2675 1604 2752 tenebris,
1622 2675 1752 2753 vigilare
1767 2692 1829 2739 non
1846 2676 1980 2752 desinat;
2005 2686 2070 2737 tum

1327 2767 1547 2832 ecclesiasticae
1575 2771 1754 2850 disciplinae
1782 2772 1882 2850 leges,
1910 2780 1973 2834 tam
1994 2785 2073 2848 quae

1327 2859 1363 2921 ad
1386 2861 1530 2926 divinum
1551 2863 1689 2939 cultum,
1712 2880 1805 2944 quam
1826 2881 1906 2944 quae
1927 2866 1962 2926 ad
1990 2864 2073 2924 vitae

1327 2962 1358 3017 et
1379 2957 1621 3020 conversationis
1642 2959 1783 3037 exempla
1803 2959 2007 3038 pertinente
2027 2973 2072 3017 sa-

1328 3049 1502 3112 cerdotibus
1524 3067 1557 3114 ac
1578 3053 1706 3131 reliquis
1721 3051 1905 3114 inferiorum
1920 3052 2069 3116 Ordinum

1327 3142 1446 3206 clericis
1460 3154 1564 3207 exacte
1580 3147 1736 3210 observari
1751 3153 1854 3224 curet;
1872 3145 2072 3210 christianam

1327 3239 1473 3317 pietatem
1494 3257 1528 3304 ac
1556 3258 1681 3305 morum
1707 3244 1898 3306 sanctitatem
1926 3241 1960 3303 16
1986 3240 2072 3302 omni

1328 3333 1470 3396 fidelium
1492 3337 1588 3412 gradu
1611 3343 1807 3416 promoveat3
1835 3338 1965 3416 ideoque
1986 3333 2071 3397 omni

1326 3429 1428 3490 studio
1450 3429 1500 3491 det
1522 3445 1659 3511 operam,
1677 3432 1815 3511 6166661
1837 3447 1870 3493 66
1884 3429 2005 3510 6661166
2025 3445 2072 3490 66-

1327 3521 1457 3584 16611666
1479 3523 1549 3586 fidei
1572 3533 1603 3588 61
1632 3525 1816 3588 christianae
1844 3525 1999 3588 doctrinae
2020 3539 2072 3583 ru·

1326 3620 1473 3682 dimentis
1494 3621 1664 3698 diligenter
1678 3624 1869 3699 imbuantur,
1885 3639 1949 3684 non
1970 3621 2072 3684 solum

1327 3729 1382 3792 666
1402 3714 1576 3776 animarum
1599 3725 1744 3792 rectores,
1757 3718 1810 3778 sed
1832 3720 1925 3779 etiam
1946 3731 2001 3794 per
2021 3733 2070 3795 pa·

1328 3816 1388 3869 tres
1411 3807 1552 3883 familias,
1575 3825 1690 3888 eosque
1721 3825 1841 3887 omnes,
1864 3811 1975 3892 quibus
2002 3815 2071 3876 ado-

1327 3903 1509 3967 lescentium
1533 3905 1696 3968 instructio
1710 3914 1741 3968 et
1756 3909 1893 3971 educatio
1914 3923 2071 3970 commen-

1327 3999 1425 4061 datur.
1450 3999 1602 4062 Universo
1613 4009 1717 4062 autem
1740 4001 1864 4079 populo,
1881 4017 1935 4080 per
1956 4017 2018 4076 eas,
2035 4004 2069 4065 ad

1327 4108 1403 4170 quos
1424 4095 1569 4172 pertinet,
1592 4094 1714 4172 publice
1729 4095 1765 4156 ab
1780 4095 1879 4170 altari,
1903 4095 1952 4157 vel
1968 4111 1985 4156 6
1999 4111 2070 4173 sug·

1327 4197 1428 4264 gestu,
1452 4187 1596 4267 explicari
1619 4197 1649 4251 61
1671 4189 1819 4252 inculcari
1842 4190 1956 4264 iubeat,
1979 4205 2071 4270 quae-

1327 4300 1461 4362 cumque
1472 4285 1508 4346 ad
1523 4292 1681 4346 aeternam
1692 4284 1823 4347 salutem
1835 4285 1985 4347 credenda
1997 4292 2070 4347 6661

1327 4389 1357 4443 61
1379 4378 1505 4456 agenda.
1531 4380 1641 4444 Caveat
1662 4379 1856 4458 incipeque
1878 4380 1948 4459 quis
1969 4382 2071 4460 requi-

1326 4475 1392 4536 sitis
1413 4473 1612 4552 qualitatibus
1627 4474 1793 4536 destitutus
1814 4475 1849 4535 ad
1871 4475 2071 4537 ecclesiastica

1328 4568 1498 4629 ministeria
1529 4575 1561 4628 et
1588 4583 1687 4629 sacros
1717 4567 1844 4631 Ordines
1873 4568 2070 4645 admittatur3

1328 4678 1408 4724 6666
1428 4661 1598 4739 presbyteri
1619 4661 1654 4722 ad
1677 4660 1920 4724 sacramentales
1946 4661 2073 4724 (lanies-

1327 4757 1430 4818 siones
1462 4754 1656 4834 excipiendas
1687 4755 1894 4832 deputentur,
1924 4755 1983 4814 nisi
2004 4754 2069 4833 qui,

1327 4865 1397 4911 cum
1419 4849 1571 4925 singulari
1587 4849 1669 4910 vitae
1685 4847 1848 4926 probitate,
1866 4849 2069 4909 necessariam

1327 4957 1449 5020 quoque
1465 4941 1625 5003 scientiam
1640 4941 1836 5002 coniunctam
1852 4941 1995 5015 habeant,
2011 4957 2070 5018 qua

1328 5036 1449 5097 valeant
1470 5036 1588 5114 lepram
1610 5053 1624 5094 a
1647 5034 1730 5112 lepra
1751 5033 1926 5096 discernere
1944 5042 1974 5094 61
1989 5051 2072 5097 com·

1327 5138 1486 5209 petentem
1498 5129 1672 5191 animarum
1686 5129 1870 5192 vulneribus
1884 5128 2071 5192 medicinam

1327 5227 1480 5287 adhibere.
1500 5225 1537 5285 Et
1553 5225 1700 5302 quoniam
1715 5223 1859 5284 omnibus
1870 5223 1951 5284 hisce
1967 5222 2070 5283 iniun-

1328 5321 1383 5382 ctis
1405 5320 1460 5380 sibi
1483 5318 1628 5380 oneribus
1651 5317 1731 5378 idem
1754 5313 1892 5378 Vicarius
1919 5315 2071 5394 Apostoli-

1328 5433 1381 5478 cus
1409 5415 1502 5492 plene
1528 5412 1701 5474 satisfacere
1728 5429 1790 5474 nou
1820 5419 1932 5488 posset,
1955 5410 2015 5471 nisi
2038 5411 2070 5472 in

1328 5509 1400 5570 locis
1423 5509 1518 5586 ipsius
1540 5505 1687 5584 regimini
1715 5505 1938 5567 commendatis
1959 5505 2072 5567 reside·

2104 581 2158 634 An.
2172 586 2203 637 0.
2226 587 2297 637 1750

1328 5609 1386 5675 rel,
1404 5618 1436 5663 ac
1451 5600 1644 5678 personalem
1660 5607 1690 5660 61
1705 5598 1833 5660 localem
1848 5599 2070 5674 visitationem,
2100 5637 2102 5640 .

1328 5695 1411 5756 iuxta
1434 5693 1609 5755 Tridentini
1632 5693 1760 5756 Concilii
1781 5693 1875 5768 leges,
1900 5703 2070 5770 perageret,
2172 5733 2174 5736 -

1328 5789 1396 5849 16166
1417 5787 1585 5848 districtam
1608 5787 1663 5864 ipsi
1691 5785 1911 5862 obligationem
1941 5786 2072 5865 imponi-

1327 5895 1397 5940 mus
1419 5878 1459 5938 ibi
1483 5877 1648 5952 residendi,
1667 5883 1699 5936 et
1721 5877 1904 5938 universum
1926 5877 2071 5938 dioecesis

1328 5972 1497 6051 praedictae
1519 5978 1651 6033 tractum
1675 5971 1850 6032 hustriacae
1868 5972 1980 6033 domus
1996 5979 2071 6032 1666-
