4798 6978
952 589 1149 636 emunctoriis
1172 591 1234 636 xlv.

320 717 472 778 quaenam
507 704 673 770 diuturnae
709 707 801 770 huius
832 723 938 770 morae
971 706 1065 769 luerit

319 815 417 861 causa.
442 801 616 878 Exposuisti
638 810 742 866 autem
764 805 797 866 in
820 803 867 878 iis,
883 805 976 882 quod,
993 816 1064 863 cum

319 901 480 970 receptum
506 895 652 958 fueritin
682 897 811 960 dioecesi
834 905 884 958 tua
912 895 1065 958 Tridenti-

320 1001 397 1050 num
419 987 605 1064 Concilium,
629 998 770 1054 servatur
800 990 985 1052 adamussim
1009 989 1061 1049 ihi-

319 1080 389 1142 dem
411 1083 527 1145 030οῑ10
548 1084 612 1158 1113,
635 1101 713 1164 quae
735 1086 819 1147 nulla
847 1084 979 1147 declarat
1000 1099 1062 1144 ma-

320 1173 480 1252 trimonia,
513 1192 591 1255 quae
622 1181 690 1241 sine
720 1179 892 1258 praesentia
922 1176 1060 1256 parochi,

318 1269 421 1346 sponsi
437 1269 488 1332 uel
503 1287 642 1350 sponsae,
659 1282 689 1336 et
703 1275 770 1335 sine
784 1272 904 1336 duobus
920 1271 1060 1345 testibus,

318 1361 525 1425 celebrantur.
551 1365 631 1428 (lum
653 1384 727 1430 uero
748 1369 878 1430 dioecesi
902 1375 971 1429 tuae
994 1365 1061 1426 smi-

320 1456 413 1520 timus
427 1458 467 1520 sit
483 1458 569 1522 locus
583 1461 720 1539 quidam,
737 1462 841 1526 Suada
856 1469 991 1537 uocatus,
1009 1461 1062 1524 ubi

318 1549 464 1612 nonnulli
486 1553 670 1616 missionarii
691 1556 863 1618 sacerdotes
890 1555 1062 1617 inhabitant

317 1644 354 1705 ad
385 1644 524 1720 regionis
557 1647 669 1724 incolas
690 1651 725 1712 ad
758 1647 851 1711 tidem
883 1649 1061 1710 catholicam

316 1740 549 1815 pertrahendos·
570 1743 820 1822 edocendosque,
850 1743 980 1820 contigit
1007 1742 1063 1804 ali·

317 1833 456 1911 quando,
485 1844 576 1914 atque
603 1839 803 1899 nuncetiam
829 1838 1000 1914 contingit,
1027 1845 1061 1898 01

316 1924 468 2004 quispiam
479 1927 673 1992 difficultates
684 1946 897 2009 praenoscens,
910 1946 987 2008 quae
999 1945 1060 1990 ma-

317 2023 502 2087 trimonium
524 2025 664 2090 lortassis
692 2028 899 2107 impedirent,
927 2028 1061 2106 quoties·

316 2131 451 2195 cumque
472 2119 505 2180 in
527 2127 579 2180 tna
601 2120 730 2184 dioecesi
747 2122 995 2185 contrahendum
1017 2121 1061 2182 lo·

315 2217 373 2286 ret,
397 2211 435 2273 ab
456 2215 562 2276 eadem
584 2215 710 2278 discedit
731 2233 793 2278 una
817 2232 890 2278 curn
912 2216 1058 2290 muliere,

315 2313 408 2382 atque
429 2305 565 2371 Suadam
587 2311 699 2389 pergit,
716 2311 769 2372 uhi
783 2327 886 2389 neque
900 2317 1059 2388 receptum

315 2416 417 2478 neque
443 2403 677 2480 promulgatum
706 2405 765 2468 luit
791 2404 964 2469 Concilium
993 2406 1060 2467 Tri·

315 2494 492 2572 dontinum,
505 2495 610 2576 ibique
625 2499 858 2562 matrimonium
874 2515 974 2561 coram
987 2500 1059 2561 mis·

314 2588 449 2651 sichario
477 2591 641 2666 contrahit,
664 2610 698 2655 ac
723 2594 855 2656 subinde
881 2593 1058 2672 regrediens

315 2685 350 2745 ad
372 2683 538 2748 dioecesim
560 2693 663 2762 tuam,
687 2687 821 2750 ualidum
845 2705 909 2749 esse
932 2695 1059 2751 conten-

315 2777 370 2851 dit,
394 2794 429 2840 eo
451 2779 521 2857 quia
544 2780 778 2842 matrimonium
801 2797 865 2844 non
894 2782 966 2844 alibi
989 2783 1058 2845 nul-

314 2871 382 2934 lum
410 2889 475 2934 esse
506 2881 685 2953 reputatur,
715 2883 933 2956 praeterquam
962 2878 999 2939 iis
1023 2879 1056 2940 in

314 2964 397 3040 locis,
410 2966 563 3045 inquibus
576 2968 704 3032 Consilii
720 2971 880 3032 decretum
895 2980 1056 3049 receptum

312 3075 346 3120 ac
368 3061 599 3138 promulgatam
614 3061 683 3124 fuit.
701 3064 780 3127 llaec
795 3071 840 3126 est
855 3066 1003 3143 quaestio,
1020 3065 1057 3127 de

312 3168 371 3230 qua
393 3169 448 3214 nos
470 3154 677 3233 interrogasti,
695 3165 730 3220 ut
752 3172 891 3219 normam
913 3159 1056 3236 praedul-

311 3262 434 3323 remuS,
457 3261 591 3326 quacum
613 3251 646 3311 in
667 3251 818 3314 eiusmodi
850 3251 1057 3314 matrimoniis

312 3359 422 3420 gerere
434 3350 465 3404 te
485 3350 634 3421 oporteat.
656 3345 804 3419 Quamvis
818 3337 922 3408 autem
937 3345 975 3407 ob
990 3345 1056 3407 lon·

312 3452 457 3514 gnaram,
480 3438 556 3516 quin
579 3438 675 3499 immo
702 3438 888 3516 decrepitam
910 3445 1054 3522 aetatem,

311 3545 404 3608 quam
426 3531 558 3608 agimus,
571 3548 627 3593 nos
648 3549 664 3592 a
686 3531 840 3595 laboribus
861 3549 1006 3595 excusare
1022 3533 1056 3594 li-

312 3629 407 3699 ceret,
424 3625 610 3703 eosdemque
631 3625 697 3686 aliis
719 3627 925 3701 committere,
947 3627 1056 3688 ultima

311 3716 400 3778 nobis
415 3717 596 3779 definitione
610 3727 746 3796 servata;
762 3719 972 3793 nihilosecius,
984 3735 1054 3781 cum

277 3801 289 3820 “
312 3812 433 3873 divinae
455 3810 606 3889 placuerit
626 3813 775 3875 maiestati
798 3828 905 3874 sanam
920 3813 1008 3874 nohis
1022 3830 1055 3877 ac

310 3906 467 3982 integram
481 3914 621 3968 mentem
642 3923 776 3980 servare,
792 3907 861 3979 etsi,
874 3914 995 3982 praeter
1008 3923 1055 3967 se-

311 4000 412 4074 nium,
429 3999 517 4061 binae
539 4001 738 4076 grauissimae
759 4001 967 4076 infirmitates,
981 4016 1055 4078 quas

310 4093 446 4171 perpessi
467 4083 585 4172 sumas,
603 4109 657 4154 nos
673 4109 709 4157 eo
730 4094 943 4172 perduxerint,
959 4101 994 4156 01
1009 4111 1053 4155 sa-

311 4202 362 4246 cro
389 4183 507 4248 Viatico
529 4193 559 4247 et
588 4193 725 4248 extrema
747 4185 812 4248 Olei
841 4186 989 4248 unctione
1009 4203 1055 4248 se-

310 4279 373 4341 mel
404 4299 437 4344 30
466 4283 582 4343 iterum
612 4281 826 4353 muniremur,
853 4279 1054 4357 petitionibus

309 4375 372 4436 tuis
393 4385 476 4438 recta
492 4390 675 4455 responsum
696 4375 767 4436 dare
781 4390 843 4436 non
859 4373 1052 4448 omittemus,

310 4485 382 4531 cum
403 4469 442 4531 ob
469 4469 712 4548 experientiam,
735 4483 827 4545 quam
850 4469 882 4528 in
903 4467 1053 4530 eiusmodi

309 4562 526 4624 controversiis
548 4563 629 4625 nacti
651 4561 779 4637 luimus,
792 4567 826 4623 ut
840 4560 946 4624 ridere
960 4567 1006 4623 est
1021 4559 1053 4622 in

346 4842 432 4898 Igitur
444 4842 477 4888 ad
491 4841 619 4889 sedandas
632 4841 833 4895 controversias,
847 4842 969 4898 malaque
978 4837 1009 4886 bx
1020 4842 1052 4887 si·

307 4909 415 4954 milibus
429 4909 607 4955 matrimoniis
621 4913 680 4956 crta
694 4909 831 4964 obvianda,
842 4921 907 4966 opus
917 4921 973 4955 esse
984 4908 1050 4954 mihi

307 4975 421 5032 ridetur,
434 4977 607 5022 sanctitatem
626 4979 710 5030 tuam,
725 4978 791 5023 meis
809 4977 930 5034 precibus
945 4976 1051 5022 inclina-

307 5045 371 5097 tam,
384 5043 527 5097 declarare,
542 5042 616 5089 nulla
630 5055 686 5089 esse
701 5045 767 5090 talia
778 5043 960 5094 matrimonia:
971 5047 1050 5099 prout

306 5110 369 5154 olim
389 5110 552 5156 declaratum
573 5110 625 5155 fuit
638 5121 654 5156 a
669 5114 748 5157 Sacra
768 5111 975 5168 congregatione
992 5115 1051 5156 car·

305 5176 447 5234 dinalium,
467 5178 629 5234 approbante
651 5178 821 5242 sanctissimo
841 5179 951 5224 Domino
972 5179 1050 5224 Urba-

306 5256 339 5289 no
352 5249 416 5290 llllI.
431 5243 486 5290 xrh.
501 5245 608 5302 augusti
622 5256 732 5290 00011111,
747 5245 780 5290 ad
795 5244 932 5292 istantiarn
946 5245 1050 5290 Anchie-

305 5311 404 5369 piscopi
417 5313 586 5368 coloniensis,
596 5313 626 5357 ut
640 5311 721 5356 refert
736 5311 970 5368 schmalzgrueber
980 5315 1050 5357 1104

305 5382 439 5428 Deeratne..
452 5384 489 5424 111.
498 5384 522 5428 3,
535 5391 611 5424 urens.
621 5381 675 5424 112.
684 5382 780 5436 Aperte
793 5383 882 5424 tamen
891 5378 1050 5424 constituen-

305 5445 368 5490 dum
386 5448 435 5501 cst,
455 5445 554 5491 incolas
575 5445 727 5491 huiusmodi
747 5445 873 5492 dioecesis
887 5447 920 5491 ad
940 5445 1004 5492 talia
1022 5449 1049 5491 et

303 5512 405 5558 similia
418 5513 566 5559 infidelium
579 5512 645 5568 loca,
659 5513 739 5558 etiam
754 5524 813 5558 cum
827 5513 917 5560 animo
928 5513 1049 5560 mutandi

304 5579 438 5625 domicilia
459 5579 613 5636 migrantes,
627 5580 661 5626 ad
680 5580 851 5626 matrimonia
869 5581 1049 5627 contrahenda

304 5647 482 5693 admittendos
501 5658 553 5692 non
574 5658 631 5692 esse
651 5658 698 5704 per
716 5647 907 5703 missionarios,
922 5648 974 5693 nisi
988 5659 1048 5694 cum

305 5712 437 5758 ordinarii
449 5713 558 5759 licentia
578 5713 722 5758 secundum
740 5714 866 5760 dioecesis
884 5714 1049 5760 consuetudi-

304 5791 366 5828 nem
379 5781 496 5836 obtenta,
510 5781 727 5837 praecedentibus
742 5780 828 5827 tribus
845 5780 1050 5828 denuntiationi·

305 5845 354 5892 bus
368 5845 394 5890 in
409 5845 522 5903 propriis
542 5846 665 5902 ecclesiis,
686 5852 765 5905 atque
779 5847 807 5892 in
821 5847 863 5904 iis,
878 5859 992 5906 quarum
1007 5848 1049 5894 do·

305 5913 406 5960 micilia
425 5913 592 5970 reliquerint,
606 5915 692 5960 solum
714 5915 784 5960 enim
800 5919 863 5960 tunc
882 5915 980 5961 similia
994 5927 1049 5972 pec·

304 5985 364 6029 cata
377 5981 525 6028 cessabunt.

1121 717 1223 771 nostra
1254 713 1482 779 Ecclesiastico
1511 720 1735 791 Institutione,
1763 720 1795 783 in
1819 721 1865 783 lu·

1119 819 1187 863 cem
1215 806 1306 881 edita,
1338 808 1411 873 dum
1433 811 1465 872 in
1491 812 1737 894 archiepiscopali
1764 816 1862 877 Bono·

1120 897 1221 958 nicasi
1236 900 1377 962 cathedra
1392 903 1583 981 sedebamus,
1596 916 1731 986 quaeest
1744 904 1859 972 xxxxix.

1120 989 1230 1051 latinae
1261 992 1403 1056 editionis
1431 996 1490 1060 sub
1517 1017 1604 1062 num.
1630 1001 1659 1076 9,
1692 1012 1759 1066 tum
1788 1023 1862 1068 uero

1119 1083 1212 1144 etiam
1234 1085 1272 1146 oh
1293 1102 1408 1151 munus
1423 1094 1595 1155 exercitum
1616 1096 1757 1173 pluribus
1772 1100 1863 1162 annis

1118 1181 1280 1242 asseratis
1303 1183 1559 1262 Gangregauonis
1587 1188 1760 1252 Tridentini
1783 1193 1863 1255 Gon·

1118 1269 1190 1345 cilii,
1215 1271 1289 1334 dum
1313 1275 1344 1336 in
1367 1278 1540 1344 minoribus
1560 1282 1737 1359 agebamus,
1755 1285 1806 1347 uhi
1822 1286 1862 1346 si-

1118 1363 1202 1424 milia
1224 1371 1348 1446 negotia
1369 1379 1554 1436 tractantur.

1157 1463 1191 1524 ln
1214 1466 1335 1545 integra
1358 1469 1861 1534 1100101011111013011111111100111

1117 1561 1372 1638 praedecessoris,
1395 1571 1480 1626 sexta
1500 1565 1558 1626 suh
1586 1566 1677 1628 titulo
1698 1565 1733 1627 de
1762 1565 1861 1628 110011-

1117 1651 1213 1725 cidio,
1227 1671 1305 1733 qaae
1319 1657 1352 1720 in
1369 1657 1552 1720 collectione
1566 1659 1783 1733 Decretalium,
1800 1677 1861 1738 qua

1117 1746 1237 1809 utimur
1258 1748 1291 1810 in
1313 1749 1425 1812 scholis
1439 1758 1470 1813 et
1491 1753 1570 1828 loro,
1586 1769 1650 1815 non
1665 1753 1788 1830 integra
1802 1763 1867 1828 est,

1115 1845 1167 1904 sed
1190 1846 1365 1921 decurtata,
1393 1847 1554 1923 sequentia
1576 1848 1727 1923 leguntur
1755 1849 1859 1922 verba,

1116 1953 1193 2015 quae
1215 1947 1337 2002 nostrae
1359 1941 1466 2002 lavent
1488 1939 1673 2003 intentioni:
1698 1941 1792 2006 Sicut
1814 1943 1862 2004 di-

1116 2049 1215 2112 qnurn
1237 2039 1268 2094 et
1290 2035 1376 2096 omni
1398 2034 1523 2096 rationi
1538 2039 1786 2098 consentaneum
1801 2043 1858 2106 est,

1116 2142 1226 2206 praeces
1255 2133 1284 2188 et
1316 2128 1456 2209 difficiles
1487 2129 1687 2206 quaestiones
1716 2129 1757 2192 ad
1785 2147 1860 2192 eca-

1115 2237 1184 2280 rnen
1206 2221 1511 2299 apostolicaesedis
1532 2222 1668 2303 deferri:
1690 2225 1741 2286 ita
1761 2223 1860 2285 etiarn

1115 2313 1204 2374 nabis
1227 2331 1265 2376 en
1286 2315 1469 2390 ministerio
1493 2322 1659 2392 susceptae
1679 2316 1861 2378 solicitudi-

1115 2408 1167 2468 nis
1199 2407 1497 2471 innatare-easdem
1525 2410 1736 2486 quaestiones,
1760 2418 1859 2488 prout

1115 2500 1204 2563 nobis
1226 2500 1382 2563 Dominus
1404 2502 1534 2574 dederit,
1557 2504 1676 2565 saluere
1698 2504 1861 2582 0101000-

1115 2595 1196 2658 lisa
1227 2594 1315 2658 nohis
1345 2596 1514 2658 consiliunt
1545 2595 1785 2674 postulantibus
1811 2614 1859 2658 re-

1113 2689 1283 2766 spondere:
1307 2697 1345 2751 ut
1361 2691 1563 2767 providentia
1578 2691 1739 2754 Romanae
1755 2691 1859 2754 Eccle-

1113 2783 1191 2853 siae,
1204 2799 1284 2860 quac
1298 2782 1415 2861 ubique
1430 2791 1595 2848 terrarum
1610 2784 1742 2858 obtinet,
1756 2787 1859 2864 dispo-

1113 2885 1207 2938 nente
1228 2877 1375 2949 Brutina,
1399 2877 1633 2956 principatum,
1657 2881 1858 2957 quaestiones

1112 2969 1294 3041 solvantur,
1311 2977 1340 3032 et
1353 2979 1555 3033 remoueatur
1577 2971 1611 3032 in
1627 2970 1677 3032 his
1699 2970 1857 3053 ambigui-

1114 3070 1163 3127 tas
1184 3063 1388 3144 sinquiarum
1410 3066 1446 3127 de
1461 3065 1622 3130 cordibus.
1645 3065 1732 3129 Licet
1748 3073 1857 3130 autern

1112 3175 1208 3237 super
1228 3156 1481 3237 quaestionibus,
1497 3176 1575 3238 quas
1597 3158 1686 3223 nobis
1706 3160 1857 3223 discretio

1114 3257 1172 3314 tua
1192 3251 1356 3314 soluendus
1378 3252 1514 3323 dicauit,
1540 3258 1569 3314 te
1590 3269 1654 3314 nou
1670 3251 1857 3316 dubitamus

1111 3347 1279 3425 providum
1300 3353 1330 3407 et
1346 3346 1616 3424 circumspectum
1637 3347 1858 3419 0011101000

1111 3440 1221 3518 gimur
1247 3444 1351 3501 tamen
1372 3455 1412 3500 eu
1433 3447 1577 3516 suscepta
1605 3439 1777 3501 servitutis
1798 3440 1857 3501 rni-

1112 3532 1257 3605 nistcrio,
1276 3534 1374 3595 iurata
1396 3533 1619 3596 discretionem
1639 3541 1670 3596 et
1690 3533 1857 3610 prociden-

1113 3626 1193 3688 tiarn
1215 3631 1371 3696 nostram,
1397 3622 1456 3686 tibi
1479 3625 1593 3688 euinde
1616 3625 1814 3703 respondere.

1152 3716 1856 3797 ThomasSanchez,quiquidem,nemoigno·
1894 3719 1898 3726 ’

1111 3821 1168 3886 131,
1181 3810 1304 3890 qualern
1318 3811 1375 3873 sihi
1390 3811 1502 3873 lamam
1514 3812 1725 3874 conciliaverit
1737 3813 1770 3874 in
1785 3829 1856 3875 can·

1111 3905 1269 3966 troversiis
1300 3905 1334 3966 ad
1364 3904 1604 3968 matrimonium
1634 3906 1854 3983 spectantibus,

1110 3998 1326 4077 quaestionem
1353 3999 1432 4059 hanc
1458 3998 1607 4074 agitatio
1629 4013 1685 4059 suo
1706 4013 1798 4076 opere
1819 4000 1857 4062 de

1111 4088 1332 4160 Matrimonia,
1359 4087 1462 4162 libii,
1480 4090 1560 4169 disp.
1589 4089 1632 4150 71
1654 4096 1685 4152 et
1706 4107 1780 4169 seq„
1801 4092 1854 4154 ubi

1109 4182 1168 4246 sub
1189 4199 1287 4246 nuru.v
1302 4182 1346 4244 29
1368 4185 1505 4247 delendis
1536 4185 1674 4247 validum
1697 4187 1854 4248 matrimo-

1110 4278 1200 4340 nium
1231 4279 1345 4341 initum
1369 4279 1400 4339 in
1426 4278 1509 4353 loco,
1539 4278 1592 4340 ubi
1621 4280 1854 4366 promulgatum

1110 4387 1175 4433 non
1196 4370 1291 4434 luerit
1313 4371 1533 4434 Tridentinum
1549 4369 1734 4448 Concilium,
1748 4388 1855 4450 quana-

1110 4467 1156 4528 vis
1178 4464 1241 4541 ille,
1264 4465 1316 4545 qui
1338 4467 1509 4541 contrahit,
1531 4465 1724 4529 domicilium
1746 4466 1854 4529 habeat

1109 4559 1142 4623 in
1163 4558 1244 4636 loco,
1267 4559 1320 4622 ubi
1341 4559 1508 4622 concilium
1538 4567 1697 4638 receptum
1725 4568 1784 4636 est,
1806 4560 1854 4622 in·

1144 4838 1188 4883 Die
1202 4850 1255 4884 xrv.
1272 4837 1387 4885 ianuarii
1402 4849 1543 4886 unccxnrx.
1559 4837 1854 4896 indulgentiaoratoria

1103 4907 1208 4964 privata
1222 4906 1378 4952 concedendi
1392 4918 1438 4963 per
1452 4906 1607 4952 decennium
1623 4908 1783 4954 antecessori
1794 4919 1853 4954 meo

1104 4984 1150 5029 per
1166 4975 1238 5018 tuam
1253 4973 1427 5018 sanctitatem
1441 4973 1552 5030 benigne
1567 4973 1697 5031 permissa
1709 4974 1767 5020 1011.
1779 4977 1853 5021 Eam·

1103 5040 1220 5084 demmet
1239 5041 1354 5096 gratiam
1377 5039 1517 5086 humiliter
1537 5052 1654 5098 exposco,
1675 5043 1852 5099 consequique

1103 5119 1187 5163 spero,
1201 5118 1261 5152 cum
1277 5119 1372 5154 causae
1387 5108 1479 5154 linalee
1493 5109 1568 5154 illius
1582 5109 1756 5155 concessionis
1766 5111 1852 5155 adhuc

1104 5173 1216 5230 vigeant.
1240 5179 1316 5231 Nam,
1332 5186 1363 5221 ea
1383 5175 1529 5232 deficiente,
1547 5175 1737 5232 quamplurimi
1752 5177 1851 5222 nobiles

1103 5245 1273 5298 praeceptum
1294 5241 1419 5288 audiendi
1441 5246 1549 5288 sacrum
1570 5247 1642 5289 certe
1661 5254 1713 5288 noa
1727 5244 1852 5301 adimple·

1103 5308 1176 5364 bunt,
1196 5313 1251 5355 tam
1266 5309 1298 5355 ob
1318 5309 1473 5356 distantiam
1488 5321 1504 5354 a
1518 5309 1632 5366 propriis
1650 5310 1848 5367 parochialibus
1917 5344 1924 5358 .

1103 5375 1227 5432 ecclesiis,
1242 5387 1321 5433 quam
1336 5377 1368 5422 ob
1383 5378 1567 5434 paupertatem
1583 5387 1635 5433 qua
1654 5377 1784 5424 laborant.
1801 5381 1851 5423 Pro

1103 5443 1153 5497 his,
1170 5445 1196 5487 et
1209 5443 1269 5488 aliis
1285 5442 1418 5488 beneflciis
1433 5446 1483 5488 Deo
1501 5443 1604 5499 gratias
1618 5455 1704 5500 agam,
1720 5444 1852 5490 00110110-

1103 5521 1220 5566 precans,
1230 5514 1256 5556 10
1270 5521 1317 5567 per
1326 5512 1415 5567 plures
1424 5521 1508 5556 annos
1517 5512 1550 5556 acl
1562 5511 1692 5558 Ecclesiae
1703 5511 1849 5559 utilitatem

1103 5577 1261 5624 incolumem
1276 5588 1389 5624 seruare.

1183 5690 1235 5734 1100
1250 5698 1303 5733 xvi.
1318 5686 1464 5732 decembris
1479 5697 1600 5732 uocetur.

1421 5837 1556 5879 duronius
1570 5836 1690 5880 Txvnrnx

1303 5912 1421 5972 archiep.
1437 5915 1541 5960 donnus
1555 5914 1656 5962 Primae
1670 5916 1821 5964 orientalia.

1787 577 1844 642 703
1894 578 1948 633 An.
1963 581 1992 633 0.
2014 581 2083 634 1758
