<?xml version="1.0" encoding="UTF-8"?>
<!DOCTYPE html PUBLIC "-//W3C//DTD XHTML 1.0 Transitional//EN"
    "http://www.w3.org/TR/xhtml1/DTD/xhtml1-transitional.dtd">
<html xmlns="http://www.w3.org/1999/xhtml" xml:lang="en" lang="en">
 <head>
  <title>
</title>
<meta http-equiv="Content-Type" content="text/html;charset=utf-8" />
  <meta name='ocr-system' content='tesseract 3.04.00' />
  <meta name='ocr-capabilities' content='ocr_page ocr_carea ocr_par ocr_line ocrx_word'/>
</head>
<body>
  <div class='ocr_page' id='page_1' title='image "./iurispontificii02martgoog_0519.png"; bbox 0 0 4856 6984; ppageno 0'>
   <div class='ocr_carea' id='block_1_1' title="bbox 968 553 2104 624">
    <p class='ocr_par' dir='ltr' id='par_1_1' title="bbox 968 553 2104 624">
     <span class='ocr_line' id='line_1_1' title="bbox 968 553 2104 624; baseline -0.018 0"><span class='ocrx_word' id='word_1_1' title='bbox 968 579 1165 624; x_wconf 84' lang='lat' dir='ltr'>nnnnnrcrrs</span> <span class='ocrx_word' id='word_1_2' title='bbox 1188 576 1251 621; x_wconf 86' lang='lat' dir='ltr'>xxv.</span> <span class='ocrx_word' id='word_1_3' title='bbox 1807 554 1864 618; x_wconf 82' lang='lat'>503</span> <span class='ocrx_word' id='word_1_4' title='bbox 1917 553 1969 604; x_wconf 84' lang='lat' dir='ltr'>An.</span> <span class='ocrx_word' id='word_1_5' title='bbox 1985 555 2014 605; x_wconf 80' lang='grc' dir='ltr'>ο.</span> <span class='ocrx_word' id='word_1_6' title='bbox 2036 553 2104 604; x_wconf 78' lang='lat'>1752</span> 
     </span>
    </p>
   </div>
   <div class='ocr_carea' id='block_1_2' title="bbox 328 693 2119 2183">
    <p class='ocr_par' dir='ltr' id='par_1_2' title="bbox 328 693 1886 2087">
     <span class='ocr_line' id='line_1_2' title="bbox 330 693 1884 778; baseline -0.005 -17"><span class='ocrx_word' id='word_1_7' title='bbox 330 697 460 761; x_wconf 90' lang='lat' dir='ltr'>ulterius</span> <span class='ocrx_word' id='word_1_8' title='bbox 481 699 634 776; x_wconf 78' lang='lat' dir='ltr'><strong>praefatae</strong></span> <span class='ocrx_word' id='word_1_9' title='bbox 660 699 867 764; x_wconf 75' lang='lat' dir='ltr'>cancellariae</span> <span class='ocrx_word' id='word_1_10' title='bbox 888 698 1078 778; x_wconf 73' lang='lat' dir='ltr'>apostolicae</span> <span class='ocrx_word' id='word_1_11' title='bbox 1137 696 1318 770; x_wconf 72' lang='lat' dir='ltr'>canonibus</span> <span class='ocrx_word' id='word_1_12' title='bbox 1342 714 1374 759; x_wconf 91' lang='lat' dir='ltr'>ac</span> <span class='ocrx_word' id='word_1_13' title='bbox 1395 695 1522 775; x_wconf 90' lang='lat' dir='ltr'>praelati</span> <span class='ocrx_word' id='word_1_14' title='bbox 1554 695 1683 760; x_wconf 85' lang='lat' dir='ltr'>Concilii</span> <span class='ocrx_word' id='word_1_15' title='bbox 1710 693 1884 756; x_wconf 67' lang='lat' dir='ltr'>Tridentini</span> 
     </span>
     <span class='ocr_line' id='line_1_3' title="bbox 329 785 1883 872; baseline -0.005 -18"><span class='ocrx_word' id='word_1_16' title='bbox 329 792 525 866; x_wconf 83' lang='lat' dir='ltr'>officialibus,</span> <span class='ocrx_word' id='word_1_17' title='bbox 558 807 614 870; x_wconf 93' lang='lat' dir='ltr'>pro</span> <span class='ocrx_word' id='word_1_18' title='bbox 646 793 778 872; x_wconf 89' lang='lat' dir='ltr'>praelata</span> <span class='ocrx_word' id='word_1_19' title='bbox 810 793 1020 871; x_wconf 83' lang='lat' dir='ltr'>praepositura</span> <span class='ocrx_word' id='word_1_20' title='bbox 1042 794 1077 854; x_wconf 91' lang='lat' dir='ltr'>ad</span> <span class='ocrx_word' id='word_1_21' title='bbox 1105 856 1107 867; x_wconf 71' lang='grc'>,</span> <span class='ocrx_word' id='word_1_22' title='bbox 1136 790 1268 853; x_wconf 79' lang='lat' dir='ltr'>decretis</span> <span class='ocrx_word' id='word_1_23' title='bbox 1289 798 1321 851; x_wconf 92' lang='lat' dir='ltr'>et</span> <span class='ocrx_word' id='word_1_24' title='bbox 1342 789 1614 852; x_wconf 76' lang='lat' dir='ltr'>constitutionibus</span> <span class='ocrx_word' id='word_1_25' title='bbox 1635 785 1807 866; x_wconf 89' lang='lat' dir='ltr'>apostolicis</span> <span class='ocrx_word' id='word_1_26' title='bbox 1822 801 1883 847; x_wconf 92' lang='lat' dir='ltr'>non</span> 
     </span>
     <span class='ocr_line' id='line_1_4' title="bbox 330 879 1886 964; baseline -0.005 -17"><span class='ocrx_word' id='word_1_27' title='bbox 330 885 479 948; x_wconf 88' lang='lat' dir='ltr'>Sanctum</span> <span class='ocrx_word' id='word_1_28' title='bbox 506 885 699 964; x_wconf 77' lang='lat' dir='ltr'>Stephanum</span> <span class='ocrx_word' id='word_1_29' title='bbox 722 887 893 960; x_wconf 89' lang='lat' dir='ltr'>Gradiscae,</span> <span class='ocrx_word' id='word_1_30' title='bbox 918 893 1076 964; x_wconf 91' lang='lat' dir='ltr'>utsupra,</span> <span class='ocrx_word' id='word_1_31' title='bbox 1136 885 1300 958; x_wconf 89' lang='lat' dir='ltr'>contraria,</span> <span class='ocrx_word' id='word_1_32' title='bbox 1323 884 1491 946; x_wconf 91' lang='lat' dir='ltr'>concedere</span> <span class='ocrx_word' id='word_1_33' title='bbox 1512 891 1544 945; x_wconf 92' lang='lat' dir='ltr'>et</span> <span class='ocrx_word' id='word_1_34' title='bbox 1565 885 1669 956; x_wconf 88' lang='lat' dir='ltr'>edere,</span> <span class='ocrx_word' id='word_1_35' title='bbox 1701 879 1886 956; x_wconf 89' lang='lat' dir='ltr'>conditaque</span> 
     </span>
     <span class='ocr_line' id='line_1_5' title="bbox 329 972 1886 1058; baseline -0.005 -18"><span class='ocrx_word' id='word_1_36' title='bbox 329 979 415 1040; x_wconf 91' lang='lat' dir='ltr'>unita</span> <span class='ocrx_word' id='word_1_37' title='bbox 435 978 566 1055; x_wconf 88' lang='lat' dir='ltr'>singulis</span> <span class='ocrx_word' id='word_1_38' title='bbox 589 980 703 1057; x_wconf 90' lang='lat' dir='ltr'>pariter</span> <span class='ocrx_word' id='word_1_39' title='bbox 724 980 936 1058; x_wconf 90' lang='lat' dir='ltr'>quindenniis,</span> <span class='ocrx_word' id='word_1_40' title='bbox 954 980 1078 1041; x_wconf 81' lang='lat' dir='ltr'>ducatos</span> <span class='ocrx_word' id='word_1_41' title='bbox 1105 996 1108 1040; x_wconf 91' lang='lat' dir='ltr'>t</span> <span class='ocrx_word' id='word_1_42' title='bbox 1136 985 1167 1040; x_wconf 89' lang='lat' dir='ltr'>et</span> <span class='ocrx_word' id='word_1_43' title='bbox 1187 977 1281 1053; x_wconf 92' lang='lat' dir='ltr'>edita,</span> <span class='ocrx_word' id='word_1_44' title='bbox 1298 993 1354 1056; x_wconf 92' lang='lat' dir='ltr'>pro</span> <span class='ocrx_word' id='word_1_45' title='bbox 1375 985 1552 1056; x_wconf 91' lang='lat' dir='ltr'>temporum</span> <span class='ocrx_word' id='word_1_46' title='bbox 1568 984 1599 1039; x_wconf 91' lang='lat' dir='ltr'>et</span> <span class='ocrx_word' id='word_1_47' title='bbox 1614 988 1721 1038; x_wconf 91' lang='lat' dir='ltr'>rerum</span> <span class='ocrx_word' id='word_1_48' title='bbox 1736 972 1886 1034; x_wconf 90' lang='lat' dir='ltr'>varietate</span> 
     </span>
     <span class='ocr_line' id='line_1_6' title="bbox 329 1043 1884 1175; baseline -0.004 -43"><span class='ocrx_word' id='word_1_49' title='bbox 329 1072 394 1133; x_wconf 88' lang='lat' dir='ltr'>auri</span> <span class='ocrx_word' id='word_1_50' title='bbox 417 1069 455 1133; x_wconf 89' lang='lat' dir='ltr'>de</span> <span class='ocrx_word' id='word_1_51' title='bbox 475 1088 595 1134; x_wconf 90' lang='lat' dir='ltr'>camera</span> <span class='ocrx_word' id='word_1_52' title='bbox 610 1072 727 1134; x_wconf 86' lang='lat' dir='ltr'>similes</span> <span class='ocrx_word' id='word_1_53' title='bbox 743 1080 870 1134; x_wconf 87' lang='lat' dir='ltr'>eentum</span> <span class='ocrx_word' id='word_1_54' title='bbox 886 1080 916 1134; x_wconf 90' lang='lat' dir='ltr'>et</span> <span class='ocrx_word' id='word_1_55' title='bbox 933 1081 1007 1148; x_wconf 89' lang='lat' dir='ltr'>tres,</span> <span class='ocrx_word' id='word_1_56' title='bbox 1024 1075 1076 1151; x_wconf 91' lang='lat' dir='ltr'>qni</span> <span class='ocrx_word' id='word_1_57' title='bbox 1105 1043 1108 1175; x_wconf 48' lang='lat' dir='ltr'>l</span> <span class='ocrx_word' id='word_1_58' title='bbox 1136 1081 1166 1134; x_wconf 91' lang='lat' dir='ltr'>et</span> <span class='ocrx_word' id='word_1_59' title='bbox 1187 1071 1345 1149; x_wconf 83' lang='lat' dir='ltr'>qualitate,</span> <span class='ocrx_word' id='word_1_60' title='bbox 1379 1078 1512 1144; x_wconf 88' lang='lat' dir='ltr'>mutare,</span> <span class='ocrx_word' id='word_1_61' title='bbox 1547 1070 1692 1144; x_wconf 90' lang='lat' dir='ltr'>limitare,</span> <span class='ocrx_word' id='word_1_62' title='bbox 1715 1067 1884 1143; x_wconf 83' lang='lat' dir='ltr'>corrigere,</span> 
     </span>
     <span class='ocr_line' id='line_1_7' title="bbox 328 1160 1885 1243; baseline -0.004 -17"><span class='ocrx_word' id='word_1_63' title='bbox 328 1165 498 1227; x_wconf 83' lang='lat' dir='ltr'>conficiunt</span> <span class='ocrx_word' id='word_1_64' title='bbox 519 1179 674 1228; x_wconf 89' lang='lat' dir='ltr'>summam</span> <span class='ocrx_word' id='word_1_65' title='bbox 695 1173 823 1228; x_wconf 90' lang='lat' dir='ltr'>centum</span> <span class='ocrx_word' id='word_1_66' title='bbox 838 1167 994 1242; x_wconf 90' lang='lat' dir='ltr'>octoginta</span> <span class='ocrx_word' id='word_1_67' title='bbox 1009 1185 1078 1228; x_wconf 91' lang='lat' dir='ltr'>scu·</span> <span class='ocrx_word' id='word_1_68' title='bbox 1105 1178 1107 1221; x_wconf 83' lang='lat' dir='ltr'>r</span> <span class='ocrx_word' id='word_1_69' title='bbox 1136 1165 1291 1228; x_wconf 91' lang='lat' dir='ltr'>declarare</span> <span class='ocrx_word' id='word_1_70' title='bbox 1311 1174 1341 1226; x_wconf 88' lang='lat' dir='ltr'>et</span> <span class='ocrx_word' id='word_1_71' title='bbox 1371 1163 1582 1243; x_wconf 87' lang='lat' dir='ltr'>interpretari,</span> <span class='ocrx_word' id='word_1_72' title='bbox 1606 1177 1639 1222; x_wconf 90' lang='lat' dir='ltr'>ac</span> <span class='ocrx_word' id='word_1_73' title='bbox 1668 1162 1699 1222; x_wconf 92' lang='lat' dir='ltr'>in</span> <span class='ocrx_word' id='word_1_74' title='bbox 1722 1160 1885 1221; x_wconf 90' lang='lat' dir='ltr'>meliorem</span> 
     </span>
     <span class='ocr_line' id='line_1_8' title="bbox 330 1254 1884 1336; baseline -0.006 -15"><span class='ocrx_word' id='word_1_75' title='bbox 330 1268 432 1322; x_wconf 92' lang='lat' dir='ltr'>torum</span> <span class='ocrx_word' id='word_1_76' title='bbox 448 1259 544 1322; x_wconf 90' lang='lat' dir='ltr'>dictae</span> <span class='ocrx_word' id='word_1_77' title='bbox 561 1267 714 1335; x_wconf 92' lang='lat' dir='ltr'>monetae,</span> <span class='ocrx_word' id='word_1_78' title='bbox 728 1267 758 1320; x_wconf 91' lang='lat' dir='ltr'>et</span> <span class='ocrx_word' id='word_1_79' title='bbox 770 1259 1078 1336; x_wconf 91' lang='lat' dir='ltr'>obulorumviginti-</span> <span class='ocrx_word' id='word_1_80' title='bbox 1136 1258 1268 1320; x_wconf 91' lang='lat' dir='ltr'>lormam</span> <span class='ocrx_word' id='word_1_81' title='bbox 1291 1259 1442 1334; x_wconf 82' lang='lat' dir='ltr'>redigere,</span> <span class='ocrx_word' id='word_1_82' title='bbox 1465 1274 1519 1319; x_wconf 92' lang='lat' dir='ltr'>sen</span> <span class='ocrx_word' id='word_1_83' title='bbox 1542 1256 1598 1318; x_wconf 88' lang='lat' dir='ltr'>alia</span> <span class='ocrx_word' id='word_1_84' title='bbox 1628 1255 1666 1317; x_wconf 90' lang='lat' dir='ltr'>de</span> <span class='ocrx_word' id='word_1_85' title='bbox 1687 1269 1769 1316; x_wconf 92' lang='lat' dir='ltr'>novo</span> <span class='ocrx_word' id='word_1_86' title='bbox 1791 1254 1884 1314; x_wconf 89' lang='lat' dir='ltr'>etiam</span> 
     </span>
     <span class='ocr_line' id='line_1_9' title="bbox 328 1347 1885 1433; baseline -0.005 -19"><span class='ocrx_word' id='word_1_87' title='bbox 328 1353 486 1433; x_wconf 60' lang='lat' dir='ltr'>quinque}</span> <span class='ocrx_word' id='word_1_88' title='bbox 502 1352 579 1413; x_wconf 89' lang='lat' dir='ltr'>itaut</span> <span class='ocrx_word' id='word_1_89' title='bbox 594 1353 739 1414; x_wconf 90' lang='lat' dir='ltr'>ambabus</span> <span class='ocrx_word' id='word_1_90' title='bbox 755 1355 843 1417; x_wconf 90' lang='lat' dir='ltr'>dictis</span> <span class='ocrx_word' id='word_1_91' title='bbox 859 1354 979 1432; x_wconf 90' lang='lat' dir='ltr'>partitis</span> <span class='ocrx_word' id='word_1_92' title='bbox 994 1370 1077 1415; x_wconf 92' lang='lat' dir='ltr'>corn-</span> <span class='ocrx_word' id='word_1_93' title='bbox 1105 1388 1108 1415; x_wconf 94' lang='lat' dir='ltr'>t</span> <span class='ocrx_word' id='word_1_94' title='bbox 1136 1370 1173 1414; x_wconf 92' lang='lat' dir='ltr'>ex</span> <span class='ocrx_word' id='word_1_95' title='bbox 1196 1355 1320 1429; x_wconf 89' lang='lat' dir='ltr'>integro</span> <span class='ocrx_word' id='word_1_96' title='bbox 1342 1353 1523 1425; x_wconf 90' lang='lat' dir='ltr'>concedere,</span> <span class='ocrx_word' id='word_1_97' title='bbox 1547 1358 1578 1411; x_wconf 93' lang='lat' dir='ltr'>et</span> <span class='ocrx_word' id='word_1_98' title='bbox 1600 1365 1654 1426; x_wconf 91' lang='lat' dir='ltr'>per</span> <span class='ocrx_word' id='word_1_99' title='bbox 1676 1364 1738 1421; x_wconf 90' lang='lat' dir='ltr'>eos,</span> <span class='ocrx_word' id='word_1_100' title='bbox 1755 1347 1790 1408; x_wconf 91' lang='lat' dir='ltr'>ad</span> <span class='ocrx_word' id='word_1_101' title='bbox 1810 1361 1885 1423; x_wconf 89' lang='lat' dir='ltr'>qnos</span> 
     </span>
     <span class='ocr_line' id='line_1_10' title="bbox 329 1418 1885 1549; baseline -0.008 -39"><span class='ocrx_word' id='word_1_102' title='bbox 329 1449 452 1527; x_wconf 89' lang='lat' dir='ltr'>putatis,</span> <span class='ocrx_word' id='word_1_103' title='bbox 475 1462 531 1524; x_wconf 95' lang='lat' dir='ltr'>pro</span> <span class='ocrx_word' id='word_1_104' title='bbox 555 1457 694 1524; x_wconf 88' lang='lat' dir='ltr'>ternpore</span> <span class='ocrx_word' id='word_1_105' title='bbox 715 1449 884 1510; x_wconf 83' lang='lat' dir='ltr'>existentes</span> <span class='ocrx_word' id='word_1_106' title='bbox 905 1449 1077 1524; x_wconf 90' lang='lat' dir='ltr'>capitulum</span> <span class='ocrx_word' id='word_1_107' title='bbox 1105 1418 1107 1549; x_wconf 54' lang='grc'>1</span> <span class='ocrx_word' id='word_1_108' title='bbox 1135 1463 1189 1525; x_wconf 93' lang='lat' dir='ltr'>pro</span> <span class='ocrx_word' id='word_1_109' title='bbox 1213 1456 1354 1524; x_wconf 87' lang='lat' dir='ltr'>tempore</span> <span class='ocrx_word' id='word_1_110' title='bbox 1375 1444 1538 1522; x_wconf 86' lang='lat' dir='ltr'>spectabit,</span> <span class='ocrx_word' id='word_1_111' title='bbox 1560 1443 1618 1502; x_wconf 92' lang='lat' dir='ltr'>sub</span> <span class='ocrx_word' id='word_1_112' title='bbox 1640 1440 1746 1518; x_wconf 90' lang='lat' dir='ltr'>poenis</span> <span class='ocrx_word' id='word_1_113' title='bbox 1767 1440 1798 1499; x_wconf 96' lang='lat' dir='ltr'>in</span> <span class='ocrx_word' id='word_1_114' title='bbox 1814 1454 1885 1500; x_wconf 87' lang='lat' dir='ltr'>con·</span> 
     </span>
     <span class='ocr_line' id='line_1_11' title="bbox 329 1530 1886 1619; baseline -0.008 -17"><span class='ocrx_word' id='word_1_115' title='bbox 329 1551 358 1602; x_wconf 94' lang='lat' dir='ltr'>et</span> <span class='ocrx_word' id='word_1_116' title='bbox 379 1542 519 1603; x_wconf 90' lang='lat' dir='ltr'>canonici</span> <span class='ocrx_word' id='word_1_117' title='bbox 537 1540 688 1618; x_wconf 89' lang='lat' dir='ltr'>praelatae</span> <span class='ocrx_word' id='word_1_118' title='bbox 702 1541 966 1619; x_wconf 83' lang='lat' dir='ltr'>archiepiscopalis</span> <span class='ocrx_word' id='word_1_119' title='bbox 982 1543 1078 1604; x_wconf 90' lang='lat' dir='ltr'>eccle·</span> <span class='ocrx_word' id='word_1_120' title='bbox 1105 1564 1107 1573; x_wconf 93' lang='lat'>·</span> <span class='ocrx_word' id='word_1_121' title='bbox 1137 1539 1331 1604; x_wconf 88' lang='lat' dir='ltr'>tralacientes</span> <span class='ocrx_word' id='word_1_122' title='bbox 1352 1537 1533 1610; x_wconf 88' lang='lat' dir='ltr'>statuendis,</span> <span class='ocrx_word' id='word_1_123' title='bbox 1550 1534 1706 1596; x_wconf 87' lang='lat' dir='ltr'>observari</span> <span class='ocrx_word' id='word_1_124' title='bbox 1722 1532 1832 1604; x_wconf 81' lang='lat' dir='ltr'>lacere,</span> <span class='ocrx_word' id='word_1_125' title='bbox 1851 1530 1886 1591; x_wconf 94' lang='lat' dir='ltr'>li·</span> 
     </span>
     <span class='ocr_line' id='line_1_12' title="bbox 328 1625 1884 1714; baseline -0.004 -19"><span class='ocrx_word' id='word_1_126' title='bbox 328 1635 389 1696; x_wconf 88' lang='lat' dir='ltr'>siae</span> <span class='ocrx_word' id='word_1_127' title='bbox 410 1633 591 1696; x_wconf 87' lang='lat' dir='ltr'>Goritiensis</span> <span class='ocrx_word' id='word_1_128' title='bbox 607 1649 662 1712; x_wconf 91' lang='lat' dir='ltr'>per</span> <span class='ocrx_word' id='word_1_129' title='bbox 676 1651 742 1710; x_wconf 89' lang='lat' dir='ltr'>nos,</span> <span class='ocrx_word' id='word_1_130' title='bbox 761 1645 794 1698; x_wconf 94' lang='lat' dir='ltr'>ut</span> <span class='ocrx_word' id='word_1_131' title='bbox 810 1637 993 1714; x_wconf 89' lang='lat' dir='ltr'>praelertur,</span> <span class='ocrx_word' id='word_1_132' title='bbox 1009 1654 1077 1700; x_wconf 88' lang='lat' dir='ltr'>ere·</span> <span class='ocrx_word' id='word_1_133' title='bbox 1105 1668 1107 1707; x_wconf 80' lang='grc'>,</span> <span class='ocrx_word' id='word_1_134' title='bbox 1136 1632 1208 1693; x_wconf 91' lang='lat' dir='ltr'>bere</span> <span class='ocrx_word' id='word_1_135' title='bbox 1229 1640 1259 1694; x_wconf 95' lang='lat' dir='ltr'>et</span> <span class='ocrx_word' id='word_1_136' title='bbox 1281 1632 1365 1692; x_wconf 91' lang='lat' dir='ltr'>licite</span> <span class='ocrx_word' id='word_1_137' title='bbox 1386 1630 1521 1704; x_wconf 89' lang='lat' dir='ltr'>valeant,</span> <span class='ocrx_word' id='word_1_138' title='bbox 1544 1627 1678 1705; x_wconf 84' lang='lat' dir='ltr'>plenam,</span> <span class='ocrx_word' id='word_1_139' title='bbox 1703 1625 1830 1686; x_wconf 91' lang='lat' dir='ltr'>liberam</span> <span class='ocrx_word' id='word_1_140' title='bbox 1853 1631 1884 1688; x_wconf 92' lang='lat' dir='ltr'>et</span> 
     </span>
     <span class='ocr_line' id='line_1_13' title="bbox 329 1719 1885 1875; baseline -0.008 -85"><span class='ocrx_word' id='word_1_141' title='bbox 329 1735 393 1790; x_wconf 89' lang='lat' dir='ltr'>ctae</span> <span class='ocrx_word' id='word_1_142' title='bbox 423 1727 614 1788; x_wconf 88' lang='lat' dir='ltr'>tenebuntur</span> <span class='ocrx_word' id='word_1_143' title='bbox 641 1735 672 1788; x_wconf 88' lang='lat' dir='ltr'>et</span> <span class='ocrx_word' id='word_1_144' title='bbox 700 1727 824 1804; x_wconf 87' lang='lat' dir='ltr'>obligati</span> <span class='ocrx_word' id='word_1_145' title='bbox 857 1739 951 1792; x_wconf 86' lang='lat' dir='ltr'>erxxnt</span> <span class='ocrx_word' id='word_1_146' title='bbox 978 1731 1078 1794; x_wconf 90' lang='lat' dir='ltr'>solve·</span> <span class='ocrx_word' id='word_1_147' title='bbox 1105 1730 1107 1875; x_wconf 70' lang='grc' dir='ltr'>Ι</span> <span class='ocrx_word' id='word_1_148' title='bbox 1135 1719 1346 1788; x_wconf 79' lang='lat' dir='ltr'>omnimodam</span> <span class='ocrx_word' id='word_1_149' title='bbox 1368 1723 1559 1796; x_wconf 80' lang='lat' dir='ltr'>facultatem,</span> <span class='ocrx_word' id='word_1_150' title='bbox 1583 1727 1766 1798; x_wconf 90' lang='lat' dir='ltr'>potestatem</span> <span class='ocrx_word' id='word_1_151' title='bbox 1786 1725 1885 1778; x_wconf 89' lang='lat' dir='ltr'>etan·</span> 
     </span>
     <span class='ocr_line' id='line_1_14' title="bbox 329 1809 1886 1901; baseline -0.007 -21"><span class='ocrx_word' id='word_1_152' title='bbox 329 1835 361 1880; x_wconf 92' lang='lat' dir='ltr'>re</span> <span class='ocrx_word' id='word_1_153' title='bbox 382 1818 514 1895; x_wconf 91' lang='lat' dir='ltr'>singulis</span> <span class='ocrx_word' id='word_1_154' title='bbox 533 1819 735 1896; x_wconf 90' lang='lat' dir='ltr'>quindenniis</span> <span class='ocrx_word' id='word_1_155' title='bbox 749 1832 834 1883; x_wconf 93' lang='lat' dir='ltr'>scuta</span> <span class='ocrx_word' id='word_1_156' title='bbox 849 1824 1077 1901; x_wconf 86' lang='lat' dir='ltr'>quadringenta</span> <span class='ocrx_word' id='word_1_157' title='bbox 1135 1818 1322 1894; x_wconf 90' lang='lat' dir='ltr'>ctoritatem,</span> <span class='ocrx_word' id='word_1_158' title='bbox 1346 1817 1454 1879; x_wconf 88' lang='lat' dir='ltr'>eadem</span> <span class='ocrx_word' id='word_1_159' title='bbox 1472 1813 1634 1893; x_wconf 88' lang='lat' dir='ltr'>apostolica</span> <span class='ocrx_word' id='word_1_160' title='bbox 1650 1811 1833 1874; x_wconf 89' lang='lat' dir='ltr'>auctoritate</span> <span class='ocrx_word' id='word_1_161' title='bbox 1847 1809 1886 1870; x_wconf 93' lang='lat' dir='ltr'>si-</span> 
     </span>
     <span class='ocr_line' id='line_1_15' title="bbox 328 1892 1883 1994; baseline -0.006 -22"><span class='ocrx_word' id='word_1_162' title='bbox 328 1912 483 1988; x_wconf 91' lang='lat' dir='ltr'>octoginta</span> <span class='ocrx_word' id='word_1_163' title='bbox 504 1928 630 1986; x_wconf 90' lang='lat' dir='ltr'>novem,</span> <span class='ocrx_word' id='word_1_164' title='bbox 653 1921 685 1974; x_wconf 89' lang='lat' dir='ltr'>et</span> <span class='ocrx_word' id='word_1_165' title='bbox 707 1915 814 1977; x_wconf 87' lang='lat' dir='ltr'>obulos</span> <span class='ocrx_word' id='word_1_166' title='bbox 840 1918 1011 1994; x_wconf 83' lang='lat' dir='ltr'>nonaginta</span> <span class='ocrx_word' id='word_1_167' title='bbox 1032 1935 1078 1980; x_wconf 88' lang='lat' dir='ltr'>se·</span> <span class='ocrx_word' id='word_1_168' title='bbox 1105 1892 1107 1989; x_wconf 72' lang='lat' dir='ltr'>l</span> <span class='ocrx_word' id='word_1_169' title='bbox 1136 1912 1252 1974; x_wconf 89' lang='lat' dir='ltr'>militer</span> <span class='ocrx_word' id='word_1_170' title='bbox 1281 1921 1428 1991; x_wconf 91' lang='lat' dir='ltr'>perpetuo</span> <span class='ocrx_word' id='word_1_171' title='bbox 1458 1909 1656 1972; x_wconf 90' lang='lat' dir='ltr'>concedimus</span> <span class='ocrx_word' id='word_1_172' title='bbox 1683 1914 1715 1967; x_wconf 85' lang='lat' dir='ltr'>et</span> <span class='ocrx_word' id='word_1_173' title='bbox 1743 1903 1883 1982; x_wconf 90' lang='lat' dir='ltr'>imperti-</span> 
     </span>
     <span class='ocr_line' id='line_1_16' title="bbox 328 1996 1217 2087; baseline 0.011 -23"><span class='ocrx_word' id='word_1_174' title='bbox 328 2011 414 2082; x_wconf 90' lang='lat' dir='ltr'>ptem</span> <span class='ocrx_word' id='word_1_175' title='bbox 436 2004 586 2082; x_wconf 87' lang='lat' dir='ltr'>praelatae</span> <span class='ocrx_word' id='word_1_176' title='bbox 607 2015 761 2081; x_wconf 89' lang='lat' dir='ltr'>monetae,</span> <span class='ocrx_word' id='word_1_177' title='bbox 784 2025 863 2086; x_wconf 87' lang='lat' dir='ltr'>quae</span> <span class='ocrx_word' id='word_1_178' title='bbox 877 2011 1010 2087; x_wconf 88' lang='lat' dir='ltr'>singulis</span> <span class='ocrx_word' id='word_1_179' title='bbox 1026 2029 1078 2074; x_wconf 88' lang='lat' dir='ltr'>an·</span> <span class='ocrx_word' id='word_1_180' title='bbox 1105 1996 1107 2043; x_wconf 42' lang='grc' dir='ltr'>ἶ</span> <span class='ocrx_word' id='word_1_181' title='bbox 1136 2023 1217 2066; x_wconf 77' lang='lat' dir='ltr'>mur·</span> 
     </span>
    </p>

    <p class='ocr_par' dir='ltr' id='par_1_3' title="bbox 329 2054 2119 2183">
     <span class='ocr_line' id='line_1_17' title="bbox 329 2054 2119 2183; baseline -0.002 -26"><span class='ocrx_word' id='word_1_182' title='bbox 329 2097 375 2158; x_wconf 89' lang='lat' dir='ltr'>nis</span> <span class='ocrx_word' id='word_1_183' title='bbox 406 2099 569 2176; x_wconf 70' lang='lat' dir='ltr'>repedita,</span> <span class='ocrx_word' id='word_1_184' title='bbox 601 2099 740 2176; x_wconf 89' lang='lat' dir='ltr'>quolibet</span> <span class='ocrx_word' id='word_1_185' title='bbox 771 2119 853 2164; x_wconf 93' lang='lat' dir='ltr'>anno</span> <span class='ocrx_word' id='word_1_186' title='bbox 884 2054 1108 2183; x_wconf 67' lang='lat' dir='ltr'>constituuntl</span> <span class='ocrx_word' id='word_1_187' title='bbox 1174 2097 1262 2174; x_wconf 75' lang='lat' dir='ltr'>§ln</span> <span class='ocrx_word' id='word_1_188' title='bbox 1287 2097 1424 2160; x_wconf 89' lang='lat' dir='ltr'>Ulterius</span> <span class='ocrx_word' id='word_1_189' title='bbox 1442 2095 1556 2158; x_wconf 91' lang='lat' dir='ltr'>luturis</span> <span class='ocrx_word' id='word_1_190' title='bbox 1572 2092 1723 2174; x_wconf 90' lang='lat' dir='ltr'>praelatae</span> <span class='ocrx_word' id='word_1_191' title='bbox 1738 2090 1885 2154; x_wconf 87' lang='lat' dir='ltr'>ecclesiae</span> <span class='ocrx_word' id='word_1_192' title='bbox 1938 2107 2119 2164; x_wconf 64' lang='grc'>333333333-</span> 
     </span>
    </p>
   </div>
   <div class='ocr_carea' id='block_1_3' title="bbox 327 2160 2120 2283">
    <p class='ocr_par' dir='ltr' id='par_1_4' title="bbox 327 2160 2120 2283">
     <span class='ocr_line' id='line_1_18' title="bbox 327 2160 2120 2283; baseline -0.003 -31"><span class='ocrx_word' id='word_1_193' title='bbox 327 2206 483 2252; x_wconf 90' lang='lat' dir='ltr'>summam</span> <span class='ocrx_word' id='word_1_194' title='bbox 505 2202 665 2254; x_wconf 92' lang='lat' dir='ltr'>scutorum</span> <span class='ocrx_word' id='word_1_195' title='bbox 696 2195 973 2273; x_wconf 77' lang='lat' dir='ltr'>trigintaduorum,</span> <span class='ocrx_word' id='word_1_196' title='bbox 996 2210 1026 2262; x_wconf 88' lang='lat' dir='ltr'>et</span> <span class='ocrx_word' id='word_1_197' title='bbox 1047 2217 1079 2262; x_wconf 89' lang='grc' dir='ltr'>ο-</span> <span class='ocrx_word' id='word_1_198' title='bbox 1105 2232 1107 2283; x_wconf 51' lang='grc' dir='ltr'>ἰ</span> <span class='ocrx_word' id='word_1_199' title='bbox 1137 2193 1167 2254; x_wconf 93' lang='lat' dir='ltr'>in</span> <span class='ocrx_word' id='word_1_200' title='bbox 1190 2190 1492 2269; x_wconf 75' lang='lat' dir='ltr'>archiepiscopalem,</span> <span class='ocrx_word' id='word_1_201' title='bbox 1509 2197 1544 2249; x_wconf 89' lang='lat' dir='ltr'>ut</span> <span class='ocrx_word' id='word_1_202' title='bbox 1561 2185 1748 2265; x_wconf 78' lang='lat' dir='ltr'>praefertur,</span> <span class='ocrx_word' id='word_1_203' title='bbox 1765 2191 1884 2245; x_wconf 88' lang='lat' dir='ltr'>erectae</span> <span class='ocrx_word' id='word_1_204' title='bbox 1904 2160 2120 2271; x_wconf 54' lang='lat' dir='ltr'>Pss⁵,ssss0⁰,⁸²,¹¹ss,2¹,{j</span> 
     </span>
    </p>
   </div>
   <div class='ocr_carea' id='block_1_4' title="bbox 328 2269 2119 2465">
    <p class='ocr_par' dir='ltr' id='par_1_5' title="bbox 328 2269 2119 2465">
     <span class='ocr_line' id='line_1_19' title="bbox 328 2269 2119 2367; baseline 0.003 -21"><span class='ocrx_word' id='word_1_205' title='bbox 328 2285 474 2346; x_wconf 90' lang='lat' dir='ltr'>bulorum</span> <span class='ocrx_word' id='word_1_206' title='bbox 495 2287 655 2362; x_wconf 85' lang='lat' dir='ltr'>sexaginta</span> <span class='ocrx_word' id='word_1_207' title='bbox 677 2304 731 2348; x_wconf 90' lang='lat' dir='ltr'>sex</span> <span class='ocrx_word' id='word_1_208' title='bbox 752 2306 824 2351; x_wconf 87' lang='lat' dir='ltr'>cum</span> <span class='ocrx_word' id='word_1_209' title='bbox 856 2291 983 2355; x_wconf 91' lang='lat' dir='ltr'>dimidio</span> <span class='ocrx_word' id='word_1_210' title='bbox 1005 2294 1079 2356; x_wconf 87' lang='lat' dir='ltr'>alte·</span> <span class='ocrx_word' id='word_1_211' title='bbox 1135 2287 1307 2364; x_wconf 71' lang='lat' dir='ltr'>praeposito</span> <span class='ocrx_word' id='word_1_212' title='bbox 1324 2291 1354 2346; x_wconf 72' lang='lat' dir='ltr'>el</span> <span class='ocrx_word' id='word_1_213' title='bbox 1369 2287 1495 2355; x_wconf 65' lang='grc' dir='ltr'><strong>(166θῦ0,</strong></span> <span class='ocrx_word' id='word_1_214' title='bbox 1511 2298 1545 2343; x_wconf 70' lang='grc'>30</span> <span class='ocrx_word' id='word_1_215' title='bbox 1559 2280 1736 2360; x_wconf 68' lang='grc' dir='ltr'>ΡΓῙΠΙίῡθΓὶῡ</span> <span class='ocrx_word' id='word_1_216' title='bbox 1752 2286 1781 2340; x_wconf 65' lang='lat' dir='ltr'>el</span> <span class='ocrx_word' id='word_1_217' title='bbox 1795 2279 1885 2356; x_wconf 70' lang='lat' dir='ltr'>llsslss·</span> <span class='ocrx_word' id='word_1_218' title='bbox 1905 2269 2119 2367; x_wconf 48' lang='lat' dir='ltr'>lsssslgssffffiigp‘.</span> 
     </span>
     <span class='ocr_line' id='line_1_20' title="bbox 328 2344 2089 2465; baseline -0.006 -25"><span class='ocrx_word' id='word_1_219' title='bbox 328 2379 392 2440; x_wconf 84' lang='lat' dir='ltr'>rius</span> <span class='ocrx_word' id='word_1_220' title='bbox 414 2379 500 2440; x_wconf 91' lang='lat' dir='ltr'>obuli</span> <span class='ocrx_word' id='word_1_221' title='bbox 520 2381 641 2442; x_wconf 90' lang='lat' dir='ltr'>similis.</span> <span class='ocrx_word' id='word_1_222' title='bbox 1105 2344 1107 2465; x_wconf 51' lang='lat' dir='ltr'>i</span> <span class='ocrx_word' id='word_1_223' title='bbox 1136 2396 1196 2458; x_wconf 90' lang='lat' dir='ltr'>qne</span> <span class='ocrx_word' id='word_1_224' title='bbox 1227 2378 1397 2451; x_wconf 88' lang='lat' dir='ltr'>canonicis,</span> <span class='ocrx_word' id='word_1_225' title='bbox 1431 2391 1554 2438; x_wconf 91' lang='lat' dir='ltr'>necnon</span> <span class='ocrx_word' id='word_1_226' title='bbox 1585 2369 1638 2437; x_wconf 86' lang='lat' dir='ltr'>¹sex</span> <span class='ocrx_word' id='word_1_227' title='bbox 1672 2373 1885 2436; x_wconf 90' lang='lat' dir='ltr'>mansionariis</span> <span class='ocrx_word' id='word_1_228' title='bbox 1905 2374 2002 2420; x_wconf 74' lang='lat' dir='ltr'>murrae</span> <span class='ocrx_word' id='word_1_229' title='bbox 2020 2385 2089 2420; x_wconf 75' lang='lat' dir='ltr'>usus.</span> 
     </span>
    </p>
   </div>
   <div class='ocr_carea' id='block_1_5' title="bbox 94 2465 1884 2575">
    <p class='ocr_par' dir='ltr' id='par_1_6' title="bbox 94 2465 1884 2575">
     <span class='ocr_line' id='line_1_21' title="bbox 94 2465 1884 2575; baseline -0.001 -46"><span class='ocrx_word' id='word_1_230' title='bbox 94 2483 262 2530; x_wconf 70' lang='lat' dir='ltr'>conceaatur</span> <span class='ocrx_word' id='word_1_231' title='bbox 277 2485 309 2530; x_wconf 81' lang='lat' dir='ltr'>ra·</span> <span class='ocrx_word' id='word_1_232' title='bbox 369 2471 457 2550; x_wconf 72' lang='lat' dir='ltr'>§itt</span> <span class='ocrx_word' id='word_1_233' title='bbox 482 2473 640 2536; x_wconf 89' lang='lat' dir='ltr'>Praeterea</span> <span class='ocrx_word' id='word_1_234' title='bbox 673 2478 788 2540; x_wconf 90' lang='lat' dir='ltr'>eisdem</span> <span class='ocrx_word' id='word_1_235' title='bbox 820 2480 946 2557; x_wconf 90' lang='lat' dir='ltr'>lutnris,</span> <span class='ocrx_word' id='word_1_236' title='bbox 970 2491 1000 2544; x_wconf 91' lang='lat' dir='ltr'>et</span> <span class='ocrx_word' id='word_1_237' title='bbox 1023 2499 1077 2560; x_wconf 91' lang='lat' dir='ltr'>pro</span> <span class='ocrx_word' id='word_1_238' title='bbox 1105 2472 1107 2575; x_wconf 64' lang='lat' dir='ltr'>l</span> <span class='ocrx_word' id='word_1_239' title='bbox 1136 2473 1288 2551; x_wconf 88' lang='lat' dir='ltr'>praelatis,</span> <span class='ocrx_word' id='word_1_240' title='bbox 1311 2487 1484 2548; x_wconf 77' lang='lat' dir='ltr'>eorumque</span> <span class='ocrx_word' id='word_1_241' title='bbox 1508 2470 1539 2532; x_wconf 82' lang='lat' dir='ltr'>ln</span> <span class='ocrx_word' id='word_1_242' title='bbox 1561 2470 1773 2548; x_wconf 88' lang='lat' dir='ltr'>praepositura</span> <span class='ocrx_word' id='word_1_243' title='bbox 1788 2475 1819 2528; x_wconf 94' lang='lat' dir='ltr'>et</span> <span class='ocrx_word' id='word_1_244' title='bbox 1833 2465 1884 2528; x_wconf 91' lang='lat' dir='ltr'>de-</span> 
     </span>
    </p>
   </div>
   <div class='ocr_carea' id='block_1_6' title="bbox 79 2538 1885 2650">
    <p class='ocr_par' dir='ltr' id='par_1_7' title="bbox 79 2538 1885 2650">
     <span class='ocr_line' id='line_1_22' title="bbox 79 2538 1885 2650; baseline 0 -14"><span class='ocrx_word' id='word_1_245' title='bbox 79 2538 309 2642; x_wconf 53' lang='lat' dir='ltr'>{gffi&#39;ssnffplfnssgfl</span> <span class='ocrx_word' id='word_1_246' title='bbox 329 2581 468 2650; x_wconf 90' lang='lat' dir='ltr'>tempore</span> <span class='ocrx_word' id='word_1_247' title='bbox 499 2571 705 2634; x_wconf 81' lang='lat' dir='ltr'>existentibus</span> <span class='ocrx_word' id='word_1_248' title='bbox 730 2575 874 2636; x_wconf 89' lang='lat' dir='ltr'>ecclesiae</span> <span class='ocrx_word' id='word_1_249' title='bbox 895 2575 1079 2640; x_wconf 82' lang='lat' dir='ltr'>duritiensis</span> <span class='ocrx_word' id='word_1_250' title='bbox 1136 2577 1245 2628; x_wconf 88' lang='lat' dir='ltr'>cauato</span> <span class='ocrx_word' id='word_1_251' title='bbox 1269 2574 1299 2627; x_wconf 81' lang='grc' dir='ltr'>θῑ</span> <span class='ocrx_word' id='word_1_252' title='bbox 1321 2565 1544 2642; x_wconf 87' lang='lat' dir='ltr'>primiceriam,</span> <span class='ocrx_word' id='word_1_253' title='bbox 1561 2581 1595 2624; x_wconf 72' lang='lat'>³⁰</span> <span class='ocrx_word' id='word_1_254' title='bbox 1614 2561 1746 2638; x_wconf 63' lang='lat' dir='ltr'>sindulis</span> <span class='ocrx_word' id='word_1_255' title='bbox 1760 2560 1885 2622; x_wconf 64' lang='grc' dir='ltr'>63ΠοΗὶ-</span> 
     </span>
    </p>
   </div>
   <div class='ocr_carea' id='block_1_7' title="bbox 79 2644 1885 2840">
    <p class='ocr_par' dir='ltr' id='par_1_8' title="bbox 79 2644 1885 2840">
     <span class='ocr_line' id='line_1_23' title="bbox 79 2644 1885 2754; baseline -0.002 -23"><span class='ocrx_word' id='word_1_256' title='bbox 79 2644 310 2754; x_wconf 47' lang='grc' dir='ltr'>ἑξξξ-,ξὲἓὲὴᾷῗ</span> <span class='ocrx_word' id='word_1_257' title='bbox 331 2665 576 2742; x_wconf 78' lang='lat' dir='ltr'>archiepiscopo,</span> <span class='ocrx_word' id='word_1_258' title='bbox 599 2667 731 2744; x_wconf 76' lang='lat' dir='ltr'>capituto</span> <span class='ocrx_word' id='word_1_259' title='bbox 753 2675 785 2728; x_wconf 80' lang='lat' dir='ltr'>er</span> <span class='ocrx_word' id='word_1_260' title='bbox 806 2669 971 2742; x_wconf 77' lang='lat' dir='ltr'>canonius,</span> <span class='ocrx_word' id='word_1_261' title='bbox 988 2676 1018 2732; x_wconf 80' lang='lat' dir='ltr'>ar</span> <span class='ocrx_word' id='word_1_262' title='bbox 1034 2671 1077 2732; x_wconf 83' lang='lat' dir='ltr'>‹n-</span> <span class='ocrx_word' id='word_1_263' title='bbox 1135 2660 1251 2722; x_wconf 74' lang='lat' dir='ltr'>ontibus</span> <span class='ocrx_word' id='word_1_264' title='bbox 1274 2666 1304 2720; x_wconf 81' lang='lat' dir='ltr'>ar</span> <span class='ocrx_word' id='word_1_265' title='bbox 1325 2657 1518 2736; x_wconf 75' lang='lat' dir='ltr'>praetenuis,</span> <span class='ocrx_word' id='word_1_266' title='bbox 1536 2671 1657 2718; x_wconf 80' lang='lat' dir='ltr'>necnon</span> <span class='ocrx_word' id='word_1_267' title='bbox 1678 2671 1732 2715; x_wconf 81' lang='lat' dir='ltr'>sex</span> <span class='ocrx_word' id='word_1_268' title='bbox 1753 2653 1885 2715; x_wconf 80' lang='lat' dir='ltr'>mansio-</span> 
     </span>
     <span class='ocr_line' id='line_1_24' title="bbox 79 2730 1885 2840; baseline 0 -32"><span class='ocrx_word' id='word_1_269' title='bbox 79 2755 145 2796; x_wconf 76' lang='lat' dir='ltr'>rurs</span> <span class='ocrx_word' id='word_1_270' title='bbox 169 2763 216 2807; x_wconf 83' lang='lat' dir='ltr'>nnn</span> <span class='ocrx_word' id='word_1_271' title='bbox 236 2762 309 2796; x_wconf 68' lang='lat'>⁰000-</span> <span class='ocrx_word' id='word_1_272' title='bbox 329 2759 461 2835; x_wconf 56' lang='lat' dir='ltr'>guttatae</span> <span class='ocrx_word' id='word_1_273' title='bbox 484 2757 632 2834; x_wconf 63' lang='lat' dir='ltr'>praefatas</span> <span class='ocrx_word' id='word_1_274' title='bbox 653 2759 880 2835; x_wconf 62' lang='lat' dir='ltr'>metuentibus,</span> <span class='ocrx_word' id='word_1_275' title='bbox 903 2768 938 2823; x_wconf 75' lang='lat' dir='ltr'>ur</span> <span class='ocrx_word' id='word_1_276' title='bbox 960 2763 1016 2840; x_wconf 62' lang='lat' dir='ltr'>ipsi</span> <span class='ocrx_word' id='word_1_277' title='bbox 1032 2781 1078 2825; x_wconf 67' lang='lat'>03.</span> <span class='ocrx_word' id='word_1_278' title='bbox 1106 2730 1108 2825; x_wconf 73' lang='lat' dir='ltr'>l</span> <span class='ocrx_word' id='word_1_279' title='bbox 1137 2753 1303 2816; x_wconf 89' lang='lat' dir='ltr'>uariatibus</span> <span class='ocrx_word' id='word_1_280' title='bbox 1324 2751 1502 2812; x_wconf 91' lang='lat' dir='ltr'>huiusmodi</span> <span class='ocrx_word' id='word_1_281' title='bbox 1530 2748 1756 2812; x_wconf 84' lang='lat' dir='ltr'>successoribus</span> <span class='ocrx_word' id='word_1_282' title='bbox 1784 2764 1885 2825; x_wconf 91' lang='lat' dir='ltr'>respe-</span> 
     </span>
    </p>
   </div>
   <div class='ocr_carea' id='block_1_8' title="bbox 79 2805 1886 2930">
    <p class='ocr_par' dir='ltr' id='par_1_9' title="bbox 79 2805 1886 2930">
     <span class='ocr_line' id='line_1_25' title="bbox 79 2805 1886 2930; baseline 0.001 -30"><span class='ocrx_word' id='word_1_283' title='bbox 79 2805 505 2929; x_wconf 61' lang='lat' dir='ltr'>llil¹⁰iaxllllssprtuxamer</span> <span class='ocrx_word' id='word_1_284' title='bbox 531 2853 710 2927; x_wconf 87' lang='lat' dir='ltr'>congregati</span> <span class='ocrx_word' id='word_1_285' title='bbox 732 2854 906 2930; x_wconf 84' lang='lat' dir='ltr'>predictae</span> <span class='ocrx_word' id='word_1_286' title='bbox 932 2856 1078 2918; x_wconf 81' lang='lat' dir='ltr'>ecclesiae</span> <span class='ocrx_word' id='word_1_287' title='bbox 1136 2849 1217 2910; x_wconf 87' lang='lat' dir='ltr'>clive</span> <span class='ocrx_word' id='word_1_288' title='bbox 1251 2865 1305 2924; x_wconf 95' lang='lat' dir='ltr'>pro</span> <span class='ocrx_word' id='word_1_289' title='bbox 1337 2856 1477 2924; x_wconf 91' lang='lat' dir='ltr'>tempore</span> <span class='ocrx_word' id='word_1_290' title='bbox 1506 2844 1728 2917; x_wconf 88' lang='lat' dir='ltr'>existentibus,</span> <span class='ocrx_word' id='word_1_291' title='bbox 1762 2850 1797 2904; x_wconf 90' lang='lat' dir='ltr'>ut</span> <span class='ocrx_word' id='word_1_292' title='bbox 1829 2843 1886 2921; x_wconf 81' lang='lat' dir='ltr'>ipsi</span> 
     </span>
    </p>
   </div>
   <div class='ocr_carea' id='block_1_9' title="bbox 79 2915 2119 5910">
    <p class='ocr_par' dir='ltr' id='par_1_10' title="bbox 79 2915 2119 5910">
     <span class='ocr_line' id='line_1_26' title="bbox 79 2915 1886 3024; baseline -0.007 -16"><span class='ocrx_word' id='word_1_293' title='bbox 79 2915 309 3011; x_wconf 57' lang='lat' dir='ltr'>{iss}r¹a¹xss¹¹s⁸ei‘x³·lrffi</span> <span class='ocrx_word' id='word_1_294' title='bbox 327 2943 521 3017; x_wconf 86' lang='lat' dir='ltr'>Goritiensis,</span> <span class='ocrx_word' id='word_1_295' title='bbox 537 2961 570 3004; x_wconf 92' lang='lat' dir='ltr'>ac</span> <span class='ocrx_word' id='word_1_296' title='bbox 592 2944 674 3006; x_wconf 89' lang='lat' dir='ltr'>illins</span> <span class='ocrx_word' id='word_1_297' title='bbox 689 2961 812 3006; x_wconf 87' lang='lat' dir='ltr'>mensae</span> <span class='ocrx_word' id='word_1_298' title='bbox 828 2947 1016 3024; x_wconf 89' lang='lat' dir='ltr'>capitularis,</span> <span class='ocrx_word' id='word_1_299' title='bbox 1033 2967 1079 3011; x_wconf 88' lang='lat' dir='ltr'>sa·</span> <span class='ocrx_word' id='word_1_300' title='bbox 1136 2943 1328 3022; x_wconf 89' lang='lat' dir='ltr'>praepositus</span> <span class='ocrx_word' id='word_1_301' title='bbox 1349 2939 1504 3013; x_wconf 91' lang='lat' dir='ltr'>videlicet,</span> <span class='ocrx_word' id='word_1_302' title='bbox 1528 2955 1561 2998; x_wconf 86' lang='lat' dir='ltr'>uc</span> <span class='ocrx_word' id='word_1_303' title='bbox 1583 2939 1717 2998; x_wconf 90' lang='lat' dir='ltr'>decanus</span> <span class='ocrx_word' id='word_1_304' title='bbox 1731 2946 1762 2998; x_wconf 88' lang='lat' dir='ltr'>et</span> <span class='ocrx_word' id='word_1_305' title='bbox 1778 2937 1886 3014; x_wconf 93' lang='lat' dir='ltr'>primi·</span> 
     </span>
     <span class='ocr_line' id='line_1_27' title="bbox 327 3029 1885 3118; baseline -0.007 -19"><span class='ocrx_word' id='word_1_306' title='bbox 327 3038 451 3100; x_wconf 89' lang='lat' dir='ltr'>cristiae</span> <span class='ocrx_word' id='word_1_307' title='bbox 469 3045 499 3098; x_wconf 92' lang='lat' dir='ltr'>et</span> <span class='ocrx_word' id='word_1_308' title='bbox 516 3037 653 3111; x_wconf 81' lang='lat' dir='ltr'>lubricae,</span> <span class='ocrx_word' id='word_1_309' title='bbox 671 3054 843 3118; x_wconf 91' lang='lat' dir='ltr'>earumque</span> <span class='ocrx_word' id='word_1_310' title='bbox 857 3057 965 3103; x_wconf 92' lang='lat' dir='ltr'>rerum</span> <span class='ocrx_word' id='word_1_311' title='bbox 980 3051 1011 3104; x_wconf 89' lang='lat' dir='ltr'>et</span> <span class='ocrx_word' id='word_1_312' title='bbox 1026 3043 1078 3104; x_wconf 92' lang='lat' dir='ltr'>bo·</span> <span class='ocrx_word' id='word_1_313' title='bbox 1135 3036 1248 3109; x_wconf 81' lang='lat' dir='ltr'>cerins,</span> <span class='ocrx_word' id='word_1_314' title='bbox 1271 3051 1304 3096; x_wconf 91' lang='lat' dir='ltr'>ac</span> <span class='ocrx_word' id='word_1_315' title='bbox 1325 3034 1464 3110; x_wconf 86' lang='lat' dir='ltr'>quinque</span> <span class='ocrx_word' id='word_1_316' title='bbox 1494 3030 1633 3094; x_wconf 87' lang='lat' dir='ltr'>canonici</span> <span class='ocrx_word' id='word_1_317' title='bbox 1656 3029 1795 3107; x_wconf 89' lang='lat' dir='ltr'>praelati,</span> <span class='ocrx_word' id='word_1_318' title='bbox 1819 3045 1885 3109; x_wconf 92' lang='lat' dir='ltr'>cap-</span> 
     </span>
     <span class='ocr_line' id='line_1_28' title="bbox 327 3122 1885 3214; baseline -0.007 -21"><span class='ocrx_word' id='word_1_319' title='bbox 327 3145 442 3193; x_wconf 91' lang='lat' dir='ltr'>norum</span> <span class='ocrx_word' id='word_1_320' title='bbox 466 3138 527 3194; x_wconf 91' lang='lat' dir='ltr'>tam</span> <span class='ocrx_word' id='word_1_321' title='bbox 558 3131 779 3208; x_wconf 88' lang='lat' dir='ltr'>spiritualium,</span> <span class='ocrx_word' id='word_1_322' title='bbox 802 3150 895 3212; x_wconf 93' lang='lat' dir='ltr'>quam</span> <span class='ocrx_word' id='word_1_323' title='bbox 926 3141 1078 3214; x_wconf 88' lang='lat' dir='ltr'>tempora·</span> <span class='ocrx_word' id='word_1_324' title='bbox 1106 3160 1108 3173; x_wconf 85' lang='grc'><strong><em>·</em></strong></span> <span class='ocrx_word' id='word_1_325' title='bbox 1137 3144 1206 3206; x_wconf 91' lang='lat' dir='ltr'>pam</span> <span class='ocrx_word' id='word_1_326' title='bbox 1228 3141 1371 3204; x_wconf 88' lang='lat' dir='ltr'>magnam</span> <span class='ocrx_word' id='word_1_327' title='bbox 1395 3125 1521 3187; x_wconf 89' lang='lat' dir='ltr'>violacei</span> <span class='ocrx_word' id='word_1_328' title='bbox 1541 3124 1652 3186; x_wconf 89' lang='lat' dir='ltr'>coloris</span> <span class='ocrx_word' id='word_1_329' title='bbox 1667 3139 1739 3185; x_wconf 89' lang='lat' dir='ltr'>cum</span> <span class='ocrx_word' id='word_1_330' title='bbox 1754 3122 1885 3201; x_wconf 88' lang='lat' dir='ltr'>pellibus</span> 
     </span>
     <span class='ocr_line' id='line_1_29' title="bbox 327 3218 1887 3304; baseline -0.005 -20"><span class='ocrx_word' id='word_1_331' title='bbox 327 3225 404 3286; x_wconf 92' lang='lat' dir='ltr'>lium</span> <span class='ocrx_word' id='word_1_332' title='bbox 434 3239 580 3301; x_wconf 89' lang='lat' dir='ltr'>prospero</span> <span class='ocrx_word' id='word_1_333' title='bbox 609 3223 755 3300; x_wconf 78' lang='lat' dir='ltr'>felicique</span> <span class='ocrx_word' id='word_1_334' title='bbox 782 3233 876 3301; x_wconf 89' lang='lat' dir='ltr'>statu,</span> <span class='ocrx_word' id='word_1_335' title='bbox 907 3229 1076 3304; x_wconf 86' lang='lat' dir='ltr'>regimine,</span> <span class='ocrx_word' id='word_1_336' title='bbox 1135 3221 1308 3286; x_wconf 90' lang='lat' dir='ltr'>armellinis</span> <span class='ocrx_word' id='word_1_337' title='bbox 1329 3219 1501 3294; x_wconf 90' lang='lat' dir='ltr'>subsutam,</span> <span class='ocrx_word' id='word_1_338' title='bbox 1518 3218 1775 3293; x_wconf 81' lang='lat' dir='ltr'>etroccbettum3</span> <span class='ocrx_word' id='word_1_339' title='bbox 1799 3231 1887 3276; x_wconf 85' lang='lat' dir='ltr'>ruan-</span> 
     </span>
     <span class='ocr_line' id='line_1_30' title="bbox 326 3310 1885 3397; baseline -0.004 -21"><span class='ocrx_word' id='word_1_340' title='bbox 326 3315 480 3394; x_wconf 90' lang='lat' dir='ltr'>gubernio</span> <span class='ocrx_word' id='word_1_341' title='bbox 501 3323 532 3378; x_wconf 91' lang='lat' dir='ltr'>et</span> <span class='ocrx_word' id='word_1_342' title='bbox 553 3315 737 3389; x_wconf 89' lang='lat' dir='ltr'>directione,</span> <span class='ocrx_word' id='word_1_343' title='bbox 760 3335 794 3379; x_wconf 90' lang='lat' dir='ltr'>ac</span> <span class='ocrx_word' id='word_1_344' title='bbox 815 3335 947 3382; x_wconf 92' lang='lat' dir='ltr'>onerum</span> <span class='ocrx_word' id='word_1_345' title='bbox 963 3322 1007 3382; x_wconf 86' lang='lat' dir='ltr'>eis</span> <span class='ocrx_word' id='word_1_346' title='bbox 1024 3336 1078 3397; x_wconf 93' lang='lat' dir='ltr'>pro</span> <span class='ocrx_word' id='word_1_347' title='bbox 1105 3362 1107 3373; x_wconf 82' lang='grc'><strong>.</strong></span> <span class='ocrx_word' id='word_1_348' title='bbox 1135 3317 1262 3378; x_wconf 87' lang='lat' dir='ltr'>sicharii</span> <span class='ocrx_word' id='word_1_349' title='bbox 1294 3331 1369 3378; x_wconf 93' lang='lat' dir='ltr'>vero</span> <span class='ocrx_word' id='word_1_350' title='bbox 1399 3311 1525 3391; x_wconf 87' lang='lat' dir='ltr'>praelati</span> <span class='ocrx_word' id='word_1_351' title='bbox 1557 3311 1737 3384; x_wconf 86' lang='lat' dir='ltr'>almutium,</span> <span class='ocrx_word' id='word_1_352' title='bbox 1769 3310 1885 3370; x_wconf 88' lang='lat' dir='ltr'>tamin</span> 
     </span>
     <span class='ocr_line' id='line_1_31' title="bbox 327 3380 1885 3490; baseline -0.004 -19"><span class='ocrx_word' id='word_1_353' title='bbox 327 3417 466 3488; x_wconf 93' lang='lat' dir='ltr'>tempore</span> <span class='ocrx_word' id='word_1_354' title='bbox 488 3409 657 3485; x_wconf 90' lang='lat' dir='ltr'>respective</span> <span class='ocrx_word' id='word_1_355' title='bbox 679 3409 931 3474; x_wconf 91' lang='lat' dir='ltr'>incumbentium</span> <span class='ocrx_word' id='word_1_356' title='bbox 950 3429 1077 3490; x_wconf 87' lang='lat' dir='ltr'>suppor-</span> <span class='ocrx_word' id='word_1_357' title='bbox 1105 3380 1107 3483; x_wconf 55' lang='lat' dir='ltr'>i</span> <span class='ocrx_word' id='word_1_358' title='bbox 1135 3410 1268 3490; x_wconf 90' lang='lat' dir='ltr'>praelata</span> <span class='ocrx_word' id='word_1_359' title='bbox 1299 3410 1425 3472; x_wconf 89' lang='lat' dir='ltr'>ecclesia</span> <span class='ocrx_word' id='word_1_360' title='bbox 1458 3407 1491 3468; x_wconf 95' lang='lat' dir='ltr'>in</span> <span class='ocrx_word' id='word_1_361' title='bbox 1520 3402 1823 3482; x_wconf 84' lang='lat' dir='ltr'>archiepiscopalem,</span> <span class='ocrx_word' id='word_1_362' title='bbox 1851 3411 1885 3464; x_wconf 89' lang='lat' dir='ltr'>ut</span> 
     </span>
     <span class='ocr_line' id='line_1_32' title="bbox 327 3501 1886 3584; baseline -0.003 -21"><span class='ocrx_word' id='word_1_363' title='bbox 327 3503 454 3576; x_wconf 90' lang='lat' dir='ltr'>tatione,</span> <span class='ocrx_word' id='word_1_364' title='bbox 478 3501 655 3575; x_wconf 88' lang='lat' dir='ltr'>missarum,</span> <span class='ocrx_word' id='word_1_365' title='bbox 678 3502 825 3564; x_wconf 91' lang='lat' dir='ltr'>horarum</span> <span class='ocrx_word' id='word_1_366' title='bbox 858 3505 1076 3567; x_wconf 89' lang='lat' dir='ltr'>canonicarum</span> <span class='ocrx_word' id='word_1_367' title='bbox 1136 3504 1320 3584; x_wconf 79' lang='lat' dir='ltr'>praefertur,</span> <span class='ocrx_word' id='word_1_368' title='bbox 1338 3511 1449 3577; x_wconf 90' lang='lat' dir='ltr'>erecta,</span> <span class='ocrx_word' id='word_1_369' title='bbox 1467 3515 1557 3579; x_wconf 88' lang='lat' dir='ltr'>quam</span> <span class='ocrx_word' id='word_1_370' title='bbox 1577 3507 1665 3561; x_wconf 88' lang='lat' dir='ltr'>extra</span> <span class='ocrx_word' id='word_1_371' title='bbox 1680 3513 1760 3572; x_wconf 87' lang='lat' dir='ltr'>eam,</span> <span class='ocrx_word' id='word_1_372' title='bbox 1776 3502 1807 3558; x_wconf 90' lang='lat' dir='ltr'>et</span> <span class='ocrx_word' id='word_1_373' title='bbox 1824 3505 1886 3558; x_wconf 93' lang='lat' dir='ltr'>tam</span> 
     </span>
     <span class='ocr_line' id='line_1_33' title="bbox 326 3592 1886 3677; baseline -0.001 -20"><span class='ocrx_word' id='word_1_374' title='bbox 326 3595 511 3657; x_wconf 88' lang='lat' dir='ltr'>diurnarum</span> <span class='ocrx_word' id='word_1_375' title='bbox 543 3602 574 3655; x_wconf 91' lang='lat' dir='ltr'>et</span> <span class='ocrx_word' id='word_1_376' title='bbox 605 3604 847 3671; x_wconf 88' lang='lat' dir='ltr'>nocturnarum,</span> <span class='ocrx_word' id='word_1_377' title='bbox 881 3597 1076 3676; x_wconf 87' lang='lat' dir='ltr'>aliorumque</span> <span class='ocrx_word' id='word_1_378' title='bbox 1136 3602 1167 3662; x_wconf 94' lang='lat' dir='ltr'>in</span> <span class='ocrx_word' id='word_1_379' title='bbox 1196 3597 1454 3677; x_wconf 88' lang='lat' dir='ltr'>processionibus,</span> <span class='ocrx_word' id='word_1_380' title='bbox 1486 3610 1577 3672; x_wconf 91' lang='lat' dir='ltr'>quam</span> <span class='ocrx_word' id='word_1_381' title='bbox 1611 3592 1677 3654; x_wconf 90' lang='lat' dir='ltr'>aliis</span> <span class='ocrx_word' id='word_1_382' title='bbox 1708 3593 1826 3654; x_wconf 89' lang='lat' dir='ltr'>actibus</span> <span class='ocrx_word' id='word_1_383' title='bbox 1854 3601 1886 3655; x_wconf 92' lang='lat' dir='ltr'>et</span> 
     </span>
     <span class='ocr_line' id='line_1_34' title="bbox 326 3685 1885 3768; baseline -0.002 -19"><span class='ocrx_word' id='word_1_384' title='bbox 326 3687 506 3749; x_wconf 90' lang='lat' dir='ltr'>divinorum</span> <span class='ocrx_word' id='word_1_385' title='bbox 529 3687 713 3762; x_wconf 87' lang='lat' dir='ltr'>officiorum,</span> <span class='ocrx_word' id='word_1_386' title='bbox 730 3689 974 3765; x_wconf 89' lang='lat' dir='ltr'>processionum,</span> <span class='ocrx_word' id='word_1_387' title='bbox 992 3691 1077 3753; x_wconf 88' lang='lat' dir='ltr'>lune·</span> <span class='ocrx_word' id='word_1_388' title='bbox 1136 3692 1348 3756; x_wconf 82' lang='lat' dir='ltr'>lunationibus</span> <span class='ocrx_word' id='word_1_389' title='bbox 1370 3690 1618 3768; x_wconf 88' lang='lat' dir='ltr'>quibuscumque</span> <span class='ocrx_word' id='word_1_390' title='bbox 1633 3687 1764 3765; x_wconf 88' lang='lat' dir='ltr'>publicis</span> <span class='ocrx_word' id='word_1_391' title='bbox 1779 3695 1810 3747; x_wconf 93' lang='lat' dir='ltr'>et</span> <span class='ocrx_word' id='word_1_392' title='bbox 1825 3685 1885 3763; x_wconf 95' lang='lat' dir='ltr'>pri-</span> 
     </span>
     <span class='ocr_line' id='line_1_35' title="bbox 326 3781 1885 3860; baseline -0.002 -16"><span class='ocrx_word' id='word_1_393' title='bbox 326 3782 439 3844; x_wconf 86' lang='lat' dir='ltr'>ralium</span> <span class='ocrx_word' id='word_1_394' title='bbox 461 3789 491 3842; x_wconf 94' lang='lat' dir='ltr'>et</span> <span class='ocrx_word' id='word_1_395' title='bbox 506 3781 1028 3860; x_wconf 89' lang='lat' dir='ltr'>anniversariorumcelebratione,</span> <span class='ocrx_word' id='word_1_396' title='bbox 1044 3802 1077 3845; x_wconf 93' lang='lat' dir='ltr'>ac</span> <span class='ocrx_word' id='word_1_397' title='bbox 1105 3824 1107 3833; x_wconf 54' lang='grc' dir='ltr'>ι</span> <span class='ocrx_word' id='word_1_398' title='bbox 1136 3789 1224 3860; x_wconf 89' lang='lat' dir='ltr'>vatis,</span> <span class='ocrx_word' id='word_1_399' title='bbox 1247 3787 1343 3848; x_wconf 88' lang='lat' dir='ltr'>etiam</span> <span class='ocrx_word' id='word_1_400' title='bbox 1374 3790 1460 3846; x_wconf 87' lang='lat' dir='ltr'>extra</span> <span class='ocrx_word' id='word_1_401' title='bbox 1491 3782 1649 3845; x_wconf 91' lang='lat' dir='ltr'>civitatem</span> <span class='ocrx_word' id='word_1_402' title='bbox 1678 3781 1885 3844; x_wconf 88' lang='lat' dir='ltr'>Goritiensem</span> 
     </span>
     <span class='ocr_line' id='line_1_36' title="bbox 327 3860 1885 4009; baseline -0.003 -71"><span class='ocrx_word' id='word_1_403' title='bbox 327 3875 364 3938; x_wconf 86' lang='lat' dir='ltr'>de</span> <span class='ocrx_word' id='word_1_404' title='bbox 385 3875 599 3952; x_wconf 85' lang='lat' dir='ltr'>dignitatibus,</span> <span class='ocrx_word' id='word_1_405' title='bbox 625 3875 855 3937; x_wconf 89' lang='lat' dir='ltr'>canonicatibus</span> <span class='ocrx_word' id='word_1_406' title='bbox 876 3883 907 3938; x_wconf 92' lang='lat' dir='ltr'>et</span> <span class='ocrx_word' id='word_1_407' title='bbox 928 3878 1078 3954; x_wconf 89' lang='lat' dir='ltr'>praeben·</span> <span class='ocrx_word' id='word_1_408' title='bbox 1104 3860 1107 4009; x_wconf 57' lang='lat' dir='ltr'><strong>j</strong></span> <span class='ocrx_word' id='word_1_409' title='bbox 1136 3880 1313 3960; x_wconf 89' lang='lat' dir='ltr'>praelatam,</span> <span class='ocrx_word' id='word_1_410' title='bbox 1337 3896 1370 3941; x_wconf 89' lang='lat' dir='ltr'>ao</span> <span class='ocrx_word' id='word_1_411' title='bbox 1398 3878 1514 3954; x_wconf 92' lang='lat' dir='ltr'>ubique</span> <span class='ocrx_word' id='word_1_412' title='bbox 1546 3875 1695 3949; x_wconf 89' lang='lat' dir='ltr'>locorum,</span> <span class='ocrx_word' id='word_1_413' title='bbox 1728 3873 1822 3934; x_wconf 89' lang='lat' dir='ltr'>etiam</span> <span class='ocrx_word' id='word_1_414' title='bbox 1853 3873 1885 3934; x_wconf 90' lang='lat' dir='ltr'>in</span> 
     </span>
     <span class='ocr_line' id='line_1_37' title="bbox 327 3967 1884 4052; baseline -0.003 -22"><span class='ocrx_word' id='word_1_415' title='bbox 327 3969 384 4043; x_wconf 90' lang='lat' dir='ltr'>dis,</span> <span class='ocrx_word' id='word_1_416' title='bbox 406 3984 440 4030; x_wconf 88' lang='lat' dir='ltr'>ac</span> <span class='ocrx_word' id='word_1_417' title='bbox 461 3967 677 4030; x_wconf 90' lang='lat' dir='ltr'>mansionariis</span> <span class='ocrx_word' id='word_1_418' title='bbox 700 3967 854 4046; x_wconf 89' lang='lat' dir='ltr'>praelatis,</span> <span class='ocrx_word' id='word_1_419' title='bbox 871 3969 998 4047; x_wconf 89' lang='lat' dir='ltr'>aliisque</span> <span class='ocrx_word' id='word_1_420' title='bbox 1022 3972 1079 4032; x_wconf 91' lang='lat' dir='ltr'>mi·</span> <span class='ocrx_word' id='word_1_421' title='bbox 1105 4018 1107 4031; x_wconf 91' lang='lat'>.</span> <span class='ocrx_word' id='word_1_422' title='bbox 1134 3971 1344 4052; x_wconf 79' lang='lat' dir='ltr'>synodalibus,</span> <span class='ocrx_word' id='word_1_423' title='bbox 1367 3969 1620 4049; x_wconf 88' lang='lat' dir='ltr'>provincialibus,</span> <span class='ocrx_word' id='word_1_424' title='bbox 1644 3967 1884 4042; x_wconf 90' lang='lat' dir='ltr'>universalibus,</span> 
     </span>
     <span class='ocr_line' id='line_1_38' title="bbox 327 4036 1883 4169; baseline -0.001 -46"><span class='ocrx_word' id='word_1_425' title='bbox 327 4061 464 4123; x_wconf 89' lang='lat' dir='ltr'>nisteriis</span> <span class='ocrx_word' id='word_1_426' title='bbox 495 4059 717 4136; x_wconf 87' lang='lat' dir='ltr'>ecclesiasticis,</span> <span class='ocrx_word' id='word_1_427' title='bbox 748 4061 825 4122; x_wconf 93' lang='lat' dir='ltr'>inibi</span> <span class='ocrx_word' id='word_1_428' title='bbox 852 4077 906 4139; x_wconf 93' lang='lat' dir='ltr'>pro</span> <span class='ocrx_word' id='word_1_429' title='bbox 939 4071 1078 4141; x_wconf 90' lang='lat' dir='ltr'>tempore</span> <span class='ocrx_word' id='word_1_430' title='bbox 1104 4036 1107 4169; x_wconf 62' lang='lat' dir='ltr'>f</span> <span class='ocrx_word' id='word_1_431' title='bbox 1135 4065 1393 4144; x_wconf 84' lang='lat' dir='ltr'>generalibusque</span> <span class='ocrx_word' id='word_1_432' title='bbox 1415 4062 1564 4135; x_wconf 90' lang='lat' dir='ltr'>conciliis,</span> <span class='ocrx_word' id='word_1_433' title='bbox 1581 4079 1615 4124; x_wconf 92' lang='lat' dir='ltr'>ac</span> <span class='ocrx_word' id='word_1_434' title='bbox 1636 4062 1729 4124; x_wconf 89' lang='lat' dir='ltr'>etiam</span> <span class='ocrx_word' id='word_1_435' title='bbox 1751 4062 1782 4122; x_wconf 92' lang='lat' dir='ltr'>in</span> <span class='ocrx_word' id='word_1_436' title='bbox 1798 4076 1883 4139; x_wconf 89' lang='lat' dir='ltr'>prae-</span> 
     </span>
     <span class='ocr_line' id='line_1_39' title="bbox 327 4151 1885 4233; baseline -0.001 -18"><span class='ocrx_word' id='word_1_437' title='bbox 327 4151 591 4233; x_wconf 92' lang='lat' dir='ltr'>providendorum</span> <span class='ocrx_word' id='word_1_438' title='bbox 619 4153 799 4231; x_wconf 90' lang='lat' dir='ltr'>receptione</span> <span class='ocrx_word' id='word_1_439' title='bbox 820 4159 851 4215; x_wconf 92' lang='lat' dir='ltr'>et</span> <span class='ocrx_word' id='word_1_440' title='bbox 878 4153 1075 4230; x_wconf 87' lang='lat' dir='ltr'>admissione,</span> <span class='ocrx_word' id='word_1_441' title='bbox 1134 4159 1234 4221; x_wconf 89' lang='lat' dir='ltr'>sentia</span> <span class='ocrx_word' id='word_1_442' title='bbox 1255 4155 1409 4219; x_wconf 89' lang='lat' dir='ltr'>dicturum</span> <span class='ocrx_word' id='word_1_443' title='bbox 1432 4154 1659 4216; x_wconf 88' lang='lat' dir='ltr'>venerabilium</span> <span class='ocrx_word' id='word_1_444' title='bbox 1681 4153 1814 4214; x_wconf 88' lang='lat' dir='ltr'>lratrum</span> <span class='ocrx_word' id='word_1_445' title='bbox 1830 4169 1885 4214; x_wconf 94' lang='lat' dir='ltr'>no·</span> 
     </span>
     <span class='ocr_line' id='line_1_40' title="bbox 327 4246 1886 4327; baseline 0 -19"><span class='ocrx_word' id='word_1_446' title='bbox 327 4247 483 4326; x_wconf 90' lang='lat' dir='ltr'>personali</span> <span class='ocrx_word' id='word_1_447' title='bbox 504 4247 686 4320; x_wconf 83' lang='lat' dir='ltr'>residentia,</span> <span class='ocrx_word' id='word_1_448' title='bbox 704 4247 962 4310; x_wconf 90' lang='lat' dir='ltr'>distributionum</span> <span class='ocrx_word' id='word_1_449' title='bbox 983 4249 1077 4310; x_wconf 90' lang='lat' dir='ltr'>etiam</span> <span class='ocrx_word' id='word_1_450' title='bbox 1135 4263 1272 4314; x_wconf 88' lang='lat' dir='ltr'>strorum</span> <span class='ocrx_word' id='word_1_451' title='bbox 1294 4248 1447 4327; x_wconf 85' lang='lat' dir='ltr'>praelatae</span> <span class='ocrx_word' id='word_1_452' title='bbox 1470 4248 1596 4311; x_wconf 88' lang='lat' dir='ltr'>Sanctae</span> <span class='ocrx_word' id='word_1_453' title='bbox 1611 4247 1766 4308; x_wconf 84' lang='lat' dir='ltr'>Romanae</span> <span class='ocrx_word' id='word_1_454' title='bbox 1782 4246 1886 4308; x_wconf 85' lang='lat' dir='ltr'>Eccle-</span> 
     </span>
     <span class='ocr_line' id='line_1_41' title="bbox 327 4339 1886 4420; baseline -0.001 -19"><span class='ocrx_word' id='word_1_455' title='bbox 327 4340 579 4419; x_wconf 91' lang='lat' dir='ltr'>qnotidianarnm</span> <span class='ocrx_word' id='word_1_456' title='bbox 615 4347 646 4401; x_wconf 90' lang='lat' dir='ltr'>et</span> <span class='ocrx_word' id='word_1_457' title='bbox 681 4339 971 4404; x_wconf 90' lang='lat' dir='ltr'>emolumentorum</span> <span class='ocrx_word' id='word_1_458' title='bbox 1002 4359 1078 4420; x_wconf 92' lang='lat' dir='ltr'>quo·</span> <span class='ocrx_word' id='word_1_459' title='bbox 1134 4346 1195 4406; x_wconf 90' lang='lat' dir='ltr'>siae</span> <span class='ocrx_word' id='word_1_460' title='bbox 1218 4342 1431 4406; x_wconf 74' lang='lat' dir='ltr'>cardinalium</span> <span class='ocrx_word' id='word_1_461' title='bbox 1446 4343 1483 4403; x_wconf 90' lang='lat' dir='ltr'>de</span> <span class='ocrx_word' id='word_1_462' title='bbox 1498 4341 1594 4402; x_wconf 89' lang='lat' dir='ltr'>latere</span> <span class='ocrx_word' id='word_1_463' title='bbox 1609 4339 1810 4416; x_wconf 74' lang='lat' dir='ltr'>legatorum,</span> <span class='ocrx_word' id='word_1_464' title='bbox 1831 4339 1886 4400; x_wconf 79' lang='lat' dir='ltr'>Ar·</span> 
     </span>
     <span class='ocr_line' id='line_1_42' title="bbox 328 4432 1885 4516; baseline -0.002 -21"><span class='ocrx_word' id='word_1_465' title='bbox 328 4449 537 4510; x_wconf 88' lang='lat' dir='ltr'>rumcumque</span> <span class='ocrx_word' id='word_1_466' title='bbox 551 4433 753 4510; x_wconf 89' lang='lat' dir='ltr'>repartitione</span> <span class='ocrx_word' id='word_1_467' title='bbox 767 4439 798 4495; x_wconf 93' lang='lat' dir='ltr'>et</span> <span class='ocrx_word' id='word_1_468' title='bbox 813 4434 990 4509; x_wconf 88' lang='lat' dir='ltr'>amissione,</span> <span class='ocrx_word' id='word_1_469' title='bbox 1008 4451 1077 4512; x_wconf 90' lang='lat' dir='ltr'>poe·</span> <span class='ocrx_word' id='word_1_470' title='bbox 1134 4439 1412 4516; x_wconf 90' lang='lat' dir='ltr'>chiepiscoporum,</span> <span class='ocrx_word' id='word_1_471' title='bbox 1436 4433 1657 4513; x_wconf 86' lang='lat' dir='ltr'>Episcoporum</span> <span class='ocrx_word' id='word_1_472' title='bbox 1679 4440 1709 4493; x_wconf 93' lang='lat' dir='ltr'>et</span> <span class='ocrx_word' id='word_1_473' title='bbox 1731 4432 1885 4495; x_wconf 87' lang='lat' dir='ltr'>Ordinarii</span> 
     </span>
     <span class='ocr_line' id='line_1_43' title="bbox 329 4524 1884 4608; baseline -0.001 -20"><span class='ocrx_word' id='word_1_474' title='bbox 329 4542 441 4588; x_wconf 90' lang='lat' dir='ltr'>narum</span> <span class='ocrx_word' id='word_1_475' title='bbox 473 4541 528 4605; x_wconf 93' lang='lat' dir='ltr'>per</span> <span class='ocrx_word' id='word_1_476' title='bbox 559 4525 701 4587; x_wconf 88' lang='lat' dir='ltr'>absentes</span> <span class='ocrx_word' id='word_1_477' title='bbox 729 4541 744 4584; x_wconf 97' lang='grc'>3</span> <span class='ocrx_word' id='word_1_478' title='bbox 772 4524 886 4588; x_wconf 93' lang='lat' dir='ltr'>divinis</span> <span class='ocrx_word' id='word_1_479' title='bbox 916 4527 1026 4589; x_wconf 85' lang='lat' dir='ltr'>officiis</span> <span class='ocrx_word' id='word_1_480' title='bbox 1047 4534 1078 4589; x_wconf 91' lang='lat' dir='ltr'>et</span> <span class='ocrx_word' id='word_1_481' title='bbox 1135 4533 1228 4596; x_wconf 77' lang='lat' dir='ltr'>ettam</span> <span class='ocrx_word' id='word_1_482' title='bbox 1251 4529 1377 4608; x_wconf 85' lang='lat' dir='ltr'>proprii,</span> <span class='ocrx_word' id='word_1_483' title='bbox 1396 4545 1430 4590; x_wconf 89' lang='lat' dir='ltr'>ac</span> <span class='ocrx_word' id='word_1_484' title='bbox 1451 4526 1884 4604; x_wconf 89' lang='lat' dir='ltr'>aliorumqnorumcumqne,</span> 
     </span>
     <span class='ocr_line' id='line_1_44' title="bbox 328 4619 1885 4701; baseline -0.001 -20"><span class='ocrx_word' id='word_1_485' title='bbox 328 4620 553 4694; x_wconf 80' lang='lat' dir='ltr'>lunationibus,</span> <span class='ocrx_word' id='word_1_486' title='bbox 569 4619 632 4680; x_wconf 91' lang='lat' dir='ltr'>suis</span> <span class='ocrx_word' id='word_1_487' title='bbox 652 4619 728 4693; x_wconf 89' lang='lat' dir='ltr'>loco,</span> <span class='ocrx_word' id='word_1_488' title='bbox 747 4629 888 4698; x_wconf 91' lang='lat' dir='ltr'>tempure</span> <span class='ocrx_word' id='word_1_489' title='bbox 904 4636 967 4683; x_wconf 93' lang='lat' dir='ltr'>non</span> <span class='ocrx_word' id='word_1_490' title='bbox 983 4621 1078 4683; x_wconf 92' lang='lat' dir='ltr'>inter·</span> <span class='ocrx_word' id='word_1_491' title='bbox 1135 4645 1167 4690; x_wconf 92' lang='lat' dir='ltr'>ac</span> <span class='ocrx_word' id='word_1_492' title='bbox 1189 4626 1282 4687; x_wconf 90' lang='lat' dir='ltr'>etiam</span> <span class='ocrx_word' id='word_1_493' title='bbox 1304 4624 1337 4684; x_wconf 94' lang='lat' dir='ltr'>in</span> <span class='ocrx_word' id='word_1_494' title='bbox 1359 4622 1454 4701; x_wconf 89' lang='lat' dir='ltr'>ipsius</span> <span class='ocrx_word' id='word_1_495' title='bbox 1475 4620 1622 4682; x_wconf 77' lang='lat' dir='ltr'>ecclesiae</span> <span class='ocrx_word' id='word_1_496' title='bbox 1644 4620 1738 4681; x_wconf 87' lang='lat' dir='ltr'>choro</span> <span class='ocrx_word' id='word_1_497' title='bbox 1760 4625 1791 4680; x_wconf 92' lang='lat' dir='ltr'>et</span> <span class='ocrx_word' id='word_1_498' title='bbox 1806 4619 1885 4697; x_wconf 88' lang='lat' dir='ltr'>oapi·</span> 
     </span>
     <span class='ocr_line' id='line_1_45' title="bbox 328 4712 1886 4794; baseline 0 -20"><span class='ocrx_word' id='word_1_499' title='bbox 328 4721 476 4787; x_wconf 89' lang='lat' dir='ltr'>essentes,</span> <span class='ocrx_word' id='word_1_500' title='bbox 498 4727 553 4774; x_wconf 90' lang='lat' dir='ltr'>seu</span> <span class='ocrx_word' id='word_1_501' title='bbox 576 4721 715 4773; x_wconf 87' lang='lat' dir='ltr'>uneraet</span> <span class='ocrx_word' id='word_1_502' title='bbox 730 4713 902 4775; x_wconf 89' lang='lat' dir='ltr'>ministeria</span> <span class='ocrx_word' id='word_1_503' title='bbox 917 4715 960 4776; x_wconf 91' lang='lat' dir='ltr'>eis</span> <span class='ocrx_word' id='word_1_504' title='bbox 976 4731 1077 4792; x_wconf 90' lang='lat' dir='ltr'>respe-</span> <span class='ocrx_word' id='word_1_505' title='bbox 1136 4719 1212 4793; x_wconf 90' lang='lat' dir='ltr'>tulo,</span> <span class='ocrx_word' id='word_1_506' title='bbox 1236 4715 1397 4794; x_wconf 90' lang='lat' dir='ltr'>quibusvis</span> <span class='ocrx_word' id='word_1_507' title='bbox 1419 4714 1491 4775; x_wconf 90' lang='lat' dir='ltr'>anni</span> <span class='ocrx_word' id='word_1_508' title='bbox 1514 4713 1707 4792; x_wconf 91' lang='lat' dir='ltr'>temporibus</span> <span class='ocrx_word' id='word_1_509' title='bbox 1728 4719 1759 4773; x_wconf 92' lang='lat' dir='ltr'>et</span> <span class='ocrx_word' id='word_1_510' title='bbox 1778 4712 1886 4774; x_wconf 89' lang='lat' dir='ltr'>diebus</span> 
     </span>
     <span class='ocr_line' id='line_1_46' title="bbox 329 4805 1885 4886; baseline -0.002 -18"><span class='ocrx_word' id='word_1_511' title='bbox 329 4807 409 4868; x_wconf 88' lang='lat' dir='ltr'>ctive</span> <span class='ocrx_word' id='word_1_512' title='bbox 438 4805 649 4869; x_wconf 88' lang='lat' dir='ltr'>incumbentia</span> <span class='ocrx_word' id='word_1_513' title='bbox 679 4805 785 4867; x_wconf 91' lang='lat' dir='ltr'>subire</span> <span class='ocrx_word' id='word_1_514' title='bbox 814 4807 1010 4884; x_wconf 86' lang='lat' dir='ltr'>negligentes</span> <span class='ocrx_word' id='word_1_515' title='bbox 1031 4810 1077 4870; x_wconf 90' lang='lat' dir='ltr'>in·</span> <span class='ocrx_word' id='word_1_516' title='bbox 1135 4811 1257 4876; x_wconf 83' lang='lat' dir='ltr'>deferre</span> <span class='ocrx_word' id='word_1_517' title='bbox 1278 4816 1308 4871; x_wconf 86' lang='lat' dir='ltr'>ot</span> <span class='ocrx_word' id='word_1_518' title='bbox 1330 4817 1461 4886; x_wconf 86' lang='lat' dir='ltr'>gestare,</span> <span class='ocrx_word' id='word_1_519' title='bbox 1491 4808 1614 4886; x_wconf 90' lang='lat' dir='ltr'>illisque</span> <span class='ocrx_word' id='word_1_520' title='bbox 1645 4805 1817 4884; x_wconf 91' lang='lat' dir='ltr'>respective</span> <span class='ocrx_word' id='word_1_521' title='bbox 1840 4806 1885 4866; x_wconf 92' lang='lat' dir='ltr'>nti</span> 
     </span>
     <span class='ocr_line' id='line_1_47' title="bbox 328 4898 1750 4987; baseline -0.001 -25"><span class='ocrx_word' id='word_1_522' title='bbox 328 4899 554 4962; x_wconf 87' lang='lat' dir='ltr'>currendarum</span> <span class='ocrx_word' id='word_1_523' title='bbox 583 4898 782 4975; x_wconf 90' lang='lat' dir='ltr'>impositione</span> <span class='ocrx_word' id='word_1_524' title='bbox 814 4907 906 4977; x_wconf 90' lang='lat' dir='ltr'>atque</span> <span class='ocrx_word' id='word_1_525' title='bbox 936 4901 1076 4976; x_wconf 91' lang='lat' dir='ltr'>incursu,</span> <span class='ocrx_word' id='word_1_526' title='bbox 1105 4942 1107 4987; x_wconf 75' lang='lat' dir='ltr'>t</span> <span class='ocrx_word' id='word_1_527' title='bbox 1135 4906 1233 4968; x_wconf 87' lang='lat' dir='ltr'>libere</span> <span class='ocrx_word' id='word_1_528' title='bbox 1253 4912 1284 4965; x_wconf 92' lang='lat' dir='ltr'>et</span> <span class='ocrx_word' id='word_1_529' title='bbox 1306 4903 1389 4966; x_wconf 88' lang='lat' dir='ltr'>licite</span> <span class='ocrx_word' id='word_1_530' title='bbox 1411 4902 1545 4975; x_wconf 89' lang='lat' dir='ltr'>valeant,</span> <span class='ocrx_word' id='word_1_531' title='bbox 1568 4909 1599 4962; x_wconf 89' lang='lat' dir='ltr'>et</span> <span class='ocrx_word' id='word_1_532' title='bbox 1621 4902 1750 4978; x_wconf 83' lang='lat' dir='ltr'>possint.</span> 
     </span>
     <span class='ocr_line' id='line_1_48' title="bbox 329 4992 2119 5074; baseline 0.003 -21"><span class='ocrx_word' id='word_1_533' title='bbox 329 4993 527 5069; x_wconf 89' lang='lat' dir='ltr'>singulorum</span> <span class='ocrx_word' id='word_1_534' title='bbox 549 4992 732 5070; x_wconf 90' lang='lat' dir='ltr'>praesentiis</span> <span class='ocrx_word' id='word_1_535' title='bbox 753 5001 783 5053; x_wconf 88' lang='lat' dir='ltr'>et</span> <span class='ocrx_word' id='word_1_536' title='bbox 805 4992 952 5054; x_wconf 90' lang='lat' dir='ltr'>absentiis</span> <span class='ocrx_word' id='word_1_537' title='bbox 967 5001 1079 5056; x_wconf 90' lang='lat' dir='ltr'>notan·</span> <span class='ocrx_word' id='word_1_538' title='bbox 1105 5002 1107 5065; x_wconf 86' lang='lat' dir='ltr'>l</span> <span class='ocrx_word' id='word_1_539' title='bbox 1175 5001 1193 5074; x_wconf 62' lang='grc' dir='ltr'>ᾗ</span> <span class='ocrx_word' id='word_1_540' title='bbox 1217 4999 1263 5061; x_wconf 79' lang='lat' dir='ltr'>lb.</span> <span class='ocrx_word' id='word_1_541' title='bbox 1288 4999 1413 5060; x_wconf 82' lang='lat' dir='ltr'>Eisdem</span> <span class='ocrx_word' id='word_1_542' title='bbox 1434 5012 1559 5074; x_wconf 91' lang='lat' dir='ltr'>quoque</span> <span class='ocrx_word' id='word_1_543' title='bbox 1587 4996 1759 5074; x_wconf 91' lang='lat' dir='ltr'>praeposito</span> <span class='ocrx_word' id='word_1_544' title='bbox 1781 5004 1812 5058; x_wconf 95' lang='lat' dir='ltr'>et</span> <span class='ocrx_word' id='word_1_545' title='bbox 1833 4997 1884 5059; x_wconf 90' lang='lat' dir='ltr'>de·</span> <span class='ocrx_word' id='word_1_546' title='bbox 1925 5006 2062 5070; x_wconf 68' lang='lat' dir='ltr'>‚bunnense</span> <span class='ocrx_word' id='word_1_547' title='bbox 2076 5008 2119 5054; x_wconf 84' lang='lat' dir='ltr'>ne·</span> 
     </span>
     <span class='ocr_line' id='line_1_49' title="bbox 329 5068 2119 5170; baseline 0.007 -24"><span class='ocrx_word' id='word_1_548' title='bbox 329 5086 386 5160; x_wconf 90' lang='lat' dir='ltr'>dis,</span> <span class='ocrx_word' id='word_1_549' title='bbox 409 5085 612 5146; x_wconf 89' lang='lat' dir='ltr'>caeremoniis</span> <span class='ocrx_word' id='word_1_550' title='bbox 634 5093 665 5146; x_wconf 91' lang='lat' dir='ltr'>et</span> <span class='ocrx_word' id='word_1_551' title='bbox 693 5085 907 5148; x_wconf 89' lang='lat' dir='ltr'>iunctionibus</span> <span class='ocrx_word' id='word_1_552' title='bbox 936 5088 968 5148; x_wconf 94' lang='lat' dir='ltr'>in</span> <span class='ocrx_word' id='word_1_553' title='bbox 992 5103 1078 5165; x_wconf 92' lang='lat' dir='ltr'>prae·</span> <span class='ocrx_word' id='word_1_554' title='bbox 1105 5074 1107 5163; x_wconf 63' lang='lat' dir='ltr'>J</span> <span class='ocrx_word' id='word_1_555' title='bbox 1135 5109 1222 5166; x_wconf 87' lang='lat' dir='ltr'>cano,</span> <span class='ocrx_word' id='word_1_556' title='bbox 1246 5107 1280 5152; x_wconf 88' lang='lat' dir='ltr'>ao</span> <span class='ocrx_word' id='word_1_557' title='bbox 1299 5089 1476 5168; x_wconf 89' lang='lat' dir='ltr'>primicerio</span> <span class='ocrx_word' id='word_1_558' title='bbox 1497 5097 1529 5148; x_wconf 91' lang='lat' dir='ltr'>et</span> <span class='ocrx_word' id='word_1_559' title='bbox 1550 5088 1688 5166; x_wconf 87' lang='lat' dir='ltr'>quinque</span> <span class='ocrx_word' id='word_1_560' title='bbox 1715 5089 1883 5163; x_wconf 91' lang='lat' dir='ltr'>canonicis,</span> <span class='ocrx_word' id='word_1_561' title='bbox 1904 5068 2119 5170; x_wconf 54' lang='lat' dir='ltr'>fflffi⁰i¹iltlt⁰11³ris</span> 
     </span>
     <span class='ocr_line' id='line_1_50' title="bbox 329 5167 2119 5276; baseline 0.002 -37"><span class='ocrx_word' id='word_1_562' title='bbox 329 5178 387 5240; x_wconf 90' lang='lat' dir='ltr'>lata</span> <span class='ocrx_word' id='word_1_563' title='bbox 410 5179 547 5252; x_wconf 90' lang='lat' dir='ltr'>ecclesia,</span> <span class='ocrx_word' id='word_1_564' title='bbox 564 5178 710 5256; x_wconf 90' lang='lat' dir='ltr'>illiusque</span> <span class='ocrx_word' id='word_1_565' title='bbox 724 5179 830 5254; x_wconf 92' lang='lat' dir='ltr'>choro,</span> <span class='ocrx_word' id='word_1_566' title='bbox 846 5181 990 5258; x_wconf 91' lang='lat' dir='ltr'>capitulo,</span> <span class='ocrx_word' id='word_1_567' title='bbox 1009 5197 1077 5260; x_wconf 91' lang='lat' dir='ltr'>pro·</span> <span class='ocrx_word' id='word_1_568' title='bbox 1105 5184 1107 5221; x_wconf 83' lang='lat'><strong>¹</strong></span> <span class='ocrx_word' id='word_1_569' title='bbox 1135 5200 1258 5247; x_wconf 90' lang='lat' dir='ltr'>necnon</span> <span class='ocrx_word' id='word_1_570' title='bbox 1280 5199 1333 5244; x_wconf 88' lang='lat' dir='ltr'>sex</span> <span class='ocrx_word' id='word_1_571' title='bbox 1356 5179 1573 5244; x_wconf 91' lang='lat' dir='ltr'>mansionariis</span> <span class='ocrx_word' id='word_1_572' title='bbox 1595 5196 1650 5259; x_wconf 92' lang='lat' dir='ltr'>pru</span> <span class='ocrx_word' id='word_1_573' title='bbox 1666 5187 1806 5259; x_wconf 90' lang='lat' dir='ltr'>tempore</span> <span class='ocrx_word' id='word_1_574' title='bbox 1821 5182 1884 5242; x_wconf 90' lang='lat' dir='ltr'>exi·</span> <span class='ocrx_word' id='word_1_575' title='bbox 1904 5167 2119 5276; x_wconf 52' lang='lat' dir='ltr'>gssgpngffissssfm</span> 
     </span>
     <span class='ocr_line' id='line_1_51' title="bbox 329 5232 1884 5353; baseline 0.001 -19"><span class='ocrx_word' id='word_1_576' title='bbox 329 5273 519 5335; x_wconf 89' lang='lat' dir='ltr'>cessionibus</span> <span class='ocrx_word' id='word_1_577' title='bbox 540 5279 571 5332; x_wconf 91' lang='lat' dir='ltr'>et</span> <span class='ocrx_word' id='word_1_578' title='bbox 592 5272 658 5332; x_wconf 87' lang='lat' dir='ltr'>aliis</span> <span class='ocrx_word' id='word_1_579' title='bbox 679 5271 796 5333; x_wconf 91' lang='lat' dir='ltr'>actibus</span> <span class='ocrx_word' id='word_1_580' title='bbox 817 5273 988 5350; x_wconf 89' lang='lat' dir='ltr'>servandis,</span> <span class='ocrx_word' id='word_1_581' title='bbox 1008 5290 1077 5336; x_wconf 88' lang='lat' dir='ltr'>nec·</span> <span class='ocrx_word' id='word_1_582' title='bbox 1105 5232 1108 5341; x_wconf 66' lang='lat' dir='ltr'>l</span> <span class='ocrx_word' id='word_1_583' title='bbox 1134 5277 1286 5340; x_wconf 84' lang='lat' dir='ltr'>stantibus</span> <span class='ocrx_word' id='word_1_584' title='bbox 1309 5274 1462 5353; x_wconf 90' lang='lat' dir='ltr'>praelatis,</span> <span class='ocrx_word' id='word_1_585' title='bbox 1485 5282 1520 5335; x_wconf 93' lang='lat' dir='ltr'>nt</span> <span class='ocrx_word' id='word_1_586' title='bbox 1543 5273 1598 5351; x_wconf 92' lang='lat' dir='ltr'>ipsi</span> <span class='ocrx_word' id='word_1_587' title='bbox 1625 5289 1797 5352; x_wconf 91' lang='lat' dir='ltr'>eorumque</span> <span class='ocrx_word' id='word_1_588' title='bbox 1818 5275 1884 5336; x_wconf 88' lang='lat' dir='ltr'>ollx-</span> 
     </span>
     <span class='ocr_line' id='line_1_52' title="bbox 329 5346 1884 5449; baseline 0 -22"><span class='ocrx_word' id='word_1_589' title='bbox 329 5381 393 5427; x_wconf 92' lang='lat' dir='ltr'>non</span> <span class='ocrx_word' id='word_1_590' title='bbox 414 5365 568 5443; x_wconf 91' lang='lat' dir='ltr'>praelatae</span> <span class='ocrx_word' id='word_1_591' title='bbox 589 5364 734 5428; x_wconf 85' lang='lat' dir='ltr'>ecclesiae</span> <span class='ocrx_word' id='word_1_592' title='bbox 755 5363 907 5427; x_wconf 90' lang='lat' dir='ltr'>ministris</span> <span class='ocrx_word' id='word_1_593' title='bbox 928 5368 1086 5443; x_wconf 76' lang='lat' dir='ltr'>deputam·</span> <span class='ocrx_word' id='word_1_594' title='bbox 1105 5346 1108 5449; x_wconf 66' lang='lat' dir='ltr'>l</span> <span class='ocrx_word' id='word_1_595' title='bbox 1135 5370 1226 5432; x_wconf 86' lang='lat' dir='ltr'>ciales</span> <span class='ocrx_word' id='word_1_596' title='bbox 1247 5386 1281 5430; x_wconf 91' lang='lat' dir='ltr'>ac</span> <span class='ocrx_word' id='word_1_597' title='bbox 1303 5368 1450 5440; x_wconf 89' lang='lat' dir='ltr'>ministri,</span> <span class='ocrx_word' id='word_1_598' title='bbox 1473 5383 1507 5427; x_wconf 92' lang='lat' dir='ltr'>ac</span> <span class='ocrx_word' id='word_1_599' title='bbox 1528 5383 1588 5441; x_wconf 90' lang='lat' dir='ltr'>res,</span> <span class='ocrx_word' id='word_1_600' title='bbox 1609 5367 1700 5440; x_wconf 93' lang='lat' dir='ltr'>buna,</span> <span class='ocrx_word' id='word_1_601' title='bbox 1717 5367 1884 5444; x_wconf 92' lang='lat' dir='ltr'>proprieta-</span> 
     </span>
     <span class='ocr_line' id='line_1_53' title="bbox 329 5457 1885 5540; baseline 0.003 -23"><span class='ocrx_word' id='word_1_602' title='bbox 329 5458 375 5519; x_wconf 91' lang='lat' dir='ltr'>dis</span> <span class='ocrx_word' id='word_1_603' title='bbox 396 5467 427 5520; x_wconf 92' lang='lat' dir='ltr'>et</span> <span class='ocrx_word' id='word_1_604' title='bbox 448 5459 639 5532; x_wconf 90' lang='lat' dir='ltr'>amovendis,</span> <span class='ocrx_word' id='word_1_605' title='bbox 662 5457 778 5519; x_wconf 89' lang='lat' dir='ltr'>salariis</span> <span class='ocrx_word' id='word_1_606' title='bbox 793 5465 823 5520; x_wconf 92' lang='lat' dir='ltr'>et</span> <span class='ocrx_word' id='word_1_607' title='bbox 837 5459 1012 5536; x_wconf 90' lang='lat' dir='ltr'>stipendiis,</span> <span class='ocrx_word' id='word_1_608' title='bbox 1028 5477 1078 5522; x_wconf 92' lang='lat' dir='ltr'>eo·</span> <span class='ocrx_word' id='word_1_609' title='bbox 1136 5472 1180 5524; x_wconf 89' lang='lat' dir='ltr'>tes</span> <span class='ocrx_word' id='word_1_610' title='bbox 1202 5471 1232 5526; x_wconf 92' lang='lat' dir='ltr'>et</span> <span class='ocrx_word' id='word_1_611' title='bbox 1254 5463 1320 5523; x_wconf 93' lang='lat' dir='ltr'>iura</span> <span class='ocrx_word' id='word_1_612' title='bbox 1349 5475 1575 5540; x_wconf 89' lang='lat' dir='ltr'>quaecumque,</span> <span class='ocrx_word' id='word_1_613' title='bbox 1604 5460 1748 5521; x_wconf 91' lang='lat' dir='ltr'>omnibus</span> <span class='ocrx_word' id='word_1_614' title='bbox 1770 5467 1801 5521; x_wconf 93' lang='lat' dir='ltr'>et</span> <span class='ocrx_word' id='word_1_615' title='bbox 1821 5462 1885 5522; x_wconf 90' lang='lat' dir='ltr'>sin·</span> 
     </span>
     <span class='ocr_line' id='line_1_54' title="bbox 330 5550 1883 5632; baseline 0.003 -22"><span class='ocrx_word' id='word_1_616' title='bbox 330 5566 401 5611; x_wconf 92' lang='lat' dir='ltr'>rum</span> <span class='ocrx_word' id='word_1_617' title='bbox 424 5550 552 5614; x_wconf 88' lang='lat' dir='ltr'>cuilibet</span> <span class='ocrx_word' id='word_1_618' title='bbox 572 5551 774 5626; x_wconf 85' lang='lat' dir='ltr'>assignandis,</span> <span class='ocrx_word' id='word_1_619' title='bbox 788 5568 821 5613; x_wconf 92' lang='lat' dir='ltr'>ac</span> <span class='ocrx_word' id='word_1_620' title='bbox 835 5552 996 5629; x_wconf 89' lang='lat' dir='ltr'>quibusvis</span> <span class='ocrx_word' id='word_1_621' title='bbox 1011 5552 1077 5614; x_wconf 92' lang='lat' dir='ltr'>aliis</span> <span class='ocrx_word' id='word_1_622' title='bbox 1136 5556 1215 5632; x_wconf 88' lang='lat' dir='ltr'>gulis</span> <span class='ocrx_word' id='word_1_623' title='bbox 1237 5563 1298 5616; x_wconf 93' lang='lat' dir='ltr'>tam</span> <span class='ocrx_word' id='word_1_624' title='bbox 1314 5553 1537 5632; x_wconf 83' lang='lat' dir='ltr'>spiritualibm,</span> <span class='ocrx_word' id='word_1_625' title='bbox 1554 5568 1646 5629; x_wconf 91' lang='lat' dir='ltr'>quam</span> <span class='ocrx_word' id='word_1_626' title='bbox 1664 5553 1883 5631; x_wconf 90' lang='lat' dir='ltr'>temporalibus</span> 
     </span>
     <span class='ocr_line' id='line_1_55' title="bbox 330 5642 1882 5729; baseline 0.005 -27"><span class='ocrx_word' id='word_1_627' title='bbox 330 5642 433 5718; x_wconf 87' lang='lat' dir='ltr'>rebus,</span> <span class='ocrx_word' id='word_1_628' title='bbox 457 5643 488 5704; x_wconf 93' lang='lat' dir='ltr'>in</span> <span class='ocrx_word' id='word_1_629' title='bbox 512 5643 684 5721; x_wconf 91' lang='lat' dir='ltr'>praemissis</span> <span class='ocrx_word' id='word_1_630' title='bbox 705 5651 737 5704; x_wconf 92' lang='lat' dir='ltr'>et</span> <span class='ocrx_word' id='word_1_631' title='bbox 758 5643 837 5705; x_wconf 93' lang='lat' dir='ltr'>circa</span> <span class='ocrx_word' id='word_1_632' title='bbox 859 5659 893 5704; x_wconf 89' lang='lat' dir='ltr'>ea</span> <span class='ocrx_word' id='word_1_633' title='bbox 908 5645 1077 5722; x_wconf 91' lang='lat' dir='ltr'>quomodo·</span> <span class='ocrx_word' id='word_1_634' title='bbox 1105 5712 1107 5729; x_wconf 58' lang='grc'>,</span> <span class='ocrx_word' id='word_1_635' title='bbox 1135 5647 1317 5727; x_wconf 86' lang='lat' dir='ltr'>privilegiis,</span> <span class='ocrx_word' id='word_1_636' title='bbox 1340 5647 1604 5720; x_wconf 90' lang='lat' dir='ltr'>immunitatibus,</span> <span class='ocrx_word' id='word_1_637' title='bbox 1621 5646 1882 5726; x_wconf 89' lang='lat' dir='ltr'>exemptionibus,</span> 
     </span>
     <span class='ocr_line' id='line_1_56' title="bbox 329 5733 1886 5820; baseline 0.004 -25"><span class='ocrx_word' id='word_1_638' title='bbox 329 5733 405 5797; x_wconf 88' lang='lat' dir='ltr'>libet</span> <span class='ocrx_word' id='word_1_639' title='bbox 426 5735 603 5798; x_wconf 88' lang='lat' dir='ltr'>necessariis</span> <span class='ocrx_word' id='word_1_640' title='bbox 625 5744 656 5798; x_wconf 93' lang='lat' dir='ltr'>et</span> <span class='ocrx_word' id='word_1_641' title='bbox 686 5737 879 5814; x_wconf 86' lang='lat' dir='ltr'>opportunis,</span> <span class='ocrx_word' id='word_1_642' title='bbox 911 5753 1078 5814; x_wconf 88' lang='lat' dir='ltr'>quaecum·</span> <span class='ocrx_word' id='word_1_643' title='bbox 1136 5740 1399 5820; x_wconf 91' lang='lat' dir='ltr'>praeeminentiis,</span> <span class='ocrx_word' id='word_1_644' title='bbox 1432 5739 1684 5814; x_wconf 65' lang='lat' dir='ltr'>nuntiationibus,</span> <span class='ocrx_word' id='word_1_645' title='bbox 1718 5740 1886 5802; x_wconf 89' lang='lat' dir='ltr'>concessio·</span> 
     </span>
     <span class='ocr_line' id='line_1_57' title="bbox 330 5812 1885 5910; baseline 0.003 -21"><span class='ocrx_word' id='word_1_646' title='bbox 330 5843 391 5906; x_wconf 91' lang='lat' dir='ltr'>que</span> <span class='ocrx_word' id='word_1_647' title='bbox 411 5836 536 5904; x_wconf 90' lang='lat' dir='ltr'>statuta,</span> <span class='ocrx_word' id='word_1_648' title='bbox 569 5829 789 5905; x_wconf 89' lang='lat' dir='ltr'>ordinationes,</span> <span class='ocrx_word' id='word_1_649' title='bbox 823 5831 954 5908; x_wconf 88' lang='lat' dir='ltr'>capitula</span> <span class='ocrx_word' id='word_1_650' title='bbox 976 5839 1006 5894; x_wconf 91' lang='lat' dir='ltr'>et</span> <span class='ocrx_word' id='word_1_651' title='bbox 1027 5835 1078 5894; x_wconf 90' lang='lat' dir='ltr'>de·</span> <span class='ocrx_word' id='word_1_652' title='bbox 1105 5812 1107 5891; x_wconf 79' lang='lat' dir='ltr'>l</span> <span class='ocrx_word' id='word_1_653' title='bbox 1135 5833 1238 5908; x_wconf 91' lang='lat' dir='ltr'>nibus,</span> <span class='ocrx_word' id='word_1_654' title='bbox 1261 5832 1401 5908; x_wconf 91' lang='lat' dir='ltr'>indultis,</span> <span class='ocrx_word' id='word_1_655' title='bbox 1422 5831 1578 5894; x_wconf 90' lang='lat' dir='ltr'>lavoribus</span> <span class='ocrx_word' id='word_1_656' title='bbox 1593 5841 1624 5893; x_wconf 88' lang='lat' dir='ltr'>et</span> <span class='ocrx_word' id='word_1_657' title='bbox 1639 5832 1756 5909; x_wconf 88' lang='lat' dir='ltr'>gratiis,</span> <span class='ocrx_word' id='word_1_658' title='bbox 1773 5833 1885 5910; x_wconf 92' lang='lat' dir='ltr'>quibus</span> 
     </span>
    </p>
   </div>
   <div class='ocr_carea' id='block_1_10' title="bbox 329 5896 1884 6006">
    <p class='ocr_par' dir='ltr' id='par_1_11' title="bbox 329 5896 1884 6006">
     <span class='ocr_line' id='line_1_58' title="bbox 329 5896 1884 6006; baseline 0.003 -22"><span class='ocrx_word' id='word_1_659' title='bbox 329 5929 430 5998; x_wconf 88' lang='lat' dir='ltr'>creta,</span> <span class='ocrx_word' id='word_1_660' title='bbox 463 5922 544 5985; x_wconf 90' lang='lat' dir='ltr'>licita</span> <span class='ocrx_word' id='word_1_661' title='bbox 577 5931 681 5986; x_wconf 89' lang='lat' dir='ltr'>tamen</span> <span class='ocrx_word' id='word_1_662' title='bbox 715 5934 746 5988; x_wconf 91' lang='lat' dir='ltr'>et</span> <span class='ocrx_word' id='word_1_663' title='bbox 778 5929 907 5988; x_wconf 88' lang='lat' dir='ltr'>honesta</span> <span class='ocrx_word' id='word_1_664' title='bbox 935 5933 967 5988; x_wconf 90' lang='lat' dir='ltr'>et</span> <span class='ocrx_word' id='word_1_665' title='bbox 986 5927 1078 5989; x_wconf 89' lang='lat' dir='ltr'>sacris</span> <span class='ocrx_word' id='word_1_666' title='bbox 1104 5896 1108 5992; x_wconf 75' lang='lat' dir='ltr'>l</span> <span class='ocrx_word' id='word_1_667' title='bbox 1134 5927 1265 5990; x_wconf 90' lang='lat' dir='ltr'>aliarum</span> <span class='ocrx_word' id='word_1_668' title='bbox 1285 5926 1437 5990; x_wconf 90' lang='lat' dir='ltr'>similium</span> <span class='ocrx_word' id='word_1_669' title='bbox 1451 5924 1756 6006; x_wconf 88' lang='lat' dir='ltr'>archiepiscopalium</span> <span class='ocrx_word' id='word_1_670' title='bbox 1774 5934 1806 5990; x_wconf 91' lang='lat' dir='ltr'>et</span> <span class='ocrx_word' id='word_1_671' title='bbox 1821 5941 1884 5992; x_wconf 85' lang='lat' dir='ltr'>nte-</span> 
     </span>
    </p>
   </div>
   <div class='ocr_carea' id='block_1_11' title="bbox 0 0 2433 6980">
    <p class='ocr_par' dir='ltr' id='par_1_12' title="bbox 0 0 2433 6980">
     <span class='ocr_line' id='line_1_59' title="bbox 0 0 2433 6980; baseline 0 0"><span class='ocrx_word' id='word_1_672' title='bbox 0 0 2433 6980; x_wconf 95' lang='lat' dir='ltr'> </span> 
     </span>
    </p>
   </div>
  </div>
 </body>
</html>
