4856 6984
331 448 397 502 dn.
413 451 442 502 0.
464 451 531 504 1751
583 449 642 515 456

563 589 672 664 missa,
696 591 731 652 ad
760 590 901 652 loturum
924 589 1132 652 Goritiensem
1150 589 1307 668 Archiepi-

561 698 688 760 scopum
702 683 870 761 pertinere,
884 682 1029 761 idemque
1043 682 1168 745 futurus
1181 683 1306 745 hrchie-

562 775 720 854 piscopus,
752 774 909 837 ordinario
944 785 973 837 et
1005 774 1184 839 dioecesano
1217 777 1305 852 iure,

560 884 649 929 snam
670 868 793 946 plenam
815 869 1061 930 iurisdictionem
1083 870 1115 930 in
1139 871 1245 932 eadem
1267 870 1307 932 ci-

561 960 656 1022 vitate
678 977 825 1024 exercere
845 960 963 1024 debeat.
993 961 1039 1024 Ne
1060 961 1133 1040 qnid
1157 977 1306 1040 umquam

560 1053 657 1115 libero
693 1054 871 1116 huiusmodi
901 1054 1122 1117 iurisdictionis
1158 1053 1306 1116 exercitio

559 1145 682 1208 officere
703 1147 814 1222 valeat,
832 1164 887 1210 nos
909 1149 941 1209 in
962 1149 1143 1225 primodicta
1166 1147 1303 1223 ecclesia,

559 1240 646 1302 cuius
678 1240 913 1318 patriarchalem
942 1240 1135 1320 qualitatem,
1162 1256 1219 1302 nec
1241 1256 1304 1303 nou

559 1332 809 1408 cathedralitatis,
833 1333 951 1412 aliaque
980 1334 1134 1411 praedicta
1157 1334 1222 1396 iura
1244 1334 1305 1396 iam

558 1428 784 1504 suppressimus
806 1433 836 1488 et
848 1427 1052 1502 extinximus,
1069 1443 1195 1488 omnem
1210 1427 1303 1488 etiam

559 1520 832 1595 parochialitatem,
857 1520 1000 1597 illiusque
1021 1535 1128 1582 curam
1150 1520 1305 1598 parochia·

560 1611 633 1687 lem,
657 1612 767 1675 harum
789 1627 913 1691 qnoque
934 1613 1013 1674 serie
1034 1613 1258 1691 supprimimus
1273 1619 1304 1674 et

558 1707 789 1782 extinguimus3
813 1723 846 1768 ac
860 1705 944 1768 illius
959 1707 1001 1769 sic
1016 1721 1195 1783 suppressae
1207 1711 1237 1768 et
1252 1722 1303 1768 ex-

560 1798 673 1860 tinctae
694 1798 870 1860 animarum
897 1799 1154 1876 parochianorum
1184 1814 1302 1875 curam,

557 1893 592 1952 ad
615 1891 729 1953 dictam
750 1891 954 1967 parochialem
978 1891 1138 1953 ecclesiam
1160 1891 1190 1954 S.
1218 1891 1304 1952 loan-

557 1985 604 2044 nis
617 1984 647 2044 in
661 1983 738 2057 loro,
750 2000 804 2046 seu
817 1985 848 2046 in
860 1984 958 2062 platea
970 1991 1193 2062 nuncupatam,
1204 1991 1302 2046 trans-

556 2075 696 2150 ferimus,
720 2077 827 2154 illique
848 2077 1041 2151 subiioimuS,
1057 2083 1088 2138 et
1110 2094 1181 2139 cum
1202 2079 1302 2139 omni-

557 2169 612 2231 hus
634 2177 665 2230 et
686 2171 819 2246 singulis
846 2169 1070 2249 parochialibus
1100 2171 1218 2232 iuribus
1240 2189 1303 2234 res-

557 2265 678 2340 pective
700 2264 900 2342 applicamus,
922 2265 1156 2342 appropriamus
1178 2272 1209 2326 et
1230 2282 1301 2328 curn

555 2371 589 2415 ea
612 2356 858 2433 incorporamus:
883 2357 923 2417 ita
947 2363 980 2418 nt
1002 2351 1086 2418 iliius
1107 2357 1230 2433 Rector,
1247 2374 1301 2420 seu

556 2450 718 2524 Parochus,
742 2450 884 2512 omniurn
911 2449 1086 2511 animarum
1109 2450 1302 2514 Christidde-

556 2543 634 2603 lium
656 2548 812 2622 tamsuae
834 2545 982 2604 hactenns
1011 2543 1184 2619 parochiae,
1207 2561 1301 2622 qnam

555 2636 648 2695 etiarn
670 2635 771 2710 alteri,
795 2635 827 2696 in
849 2635 983 2713 praelata
1009 2636 1202 2713 patriarchali
1225 2637 1299 2700 olim

554 2728 681 2789 ecclesia
702 2730 736 2790 ad
760 2728 843 2791 hunc
864 2727 944 2789 diem
973 2728 1121 2804 existenti
1149 2729 1302 2793 subiecto·

554 2838 637 2897 rum,
666 2837 771 2884 curam
794 2829 824 2882 et
848 2823 991 2898 regimen
1021 2830 1117 2898 gerat,
1142 2823 1298 2902 idemque,

554 2933 616 2978 una
630 2931 702 2978 cum
714 2915 858 2976 omnibus
873 2915 937 2978 suis
951 2916 1154 2994 parochianis,
1172 2915 1227 2978 hoc
1242 2925 1299 2994 est,

553 3023 626 3072 curn
662 3009 809 3070 universo
840 3007 1048 3085 Aquileiensis
1084 3009 1216 3070 civitatis
1249 3025 1302 3087 po·

554 3102 638 3180 pulo,
662 3101 807 3179 praedicti
837 3099 935 3164 futuri
964 3101 1147 3164 Goritiensis
1175 3104 1301 3165 drohie·

554 3196 666 3273 piscopi
689 3194 846 3256 ordinario
874 3195 933 3254 iuri
955 3195 1113 3257 subiectus
1135 3197 1257 3258 existat.

361 3303 480 3348 namnam
499 3313 534 3348 ec·
593 3289 612 3362 ἓ
636 3287 681 3348 lb.
708 3289 787 3350 Cum
809 3303 884 3348 vero
906 3287 1078 3365 apostolica
1100 3290 1174 3352 haec
1190 3289 1299 3354 Sancta

321 3355 424 3401 clesiam
447 3367 464 3402 a
487 3366 534 3400 cu-

320 3409 472 3472 tuscumque
490 3412 532 3454 οι.
554 3384 647 3446 Sedes
669 3381 891 3457 insignioribus
906 3380 1089 3459 quibusdam
1105 3382 1248 3459 basilicis,
1264 3384 1301 3445 li-

321 3461 414 3508 “iliffi
431 3462 533 3507 ΨΜ·
553 3476 679 3538 bertatis
700 3483 730 3536 et
752 3474 970 3552 exemptionis,
986 3491 1019 3536 ac
1040 3475 1237 3538 immediatae
1258 3479 1308 3538 ei*

319 3517 534 3624 ffiffodetxfflr
553 3571 622 3632 dem
645 3567 835 3646 Apostolicae
856 3566 927 3629 Sedi
948 3567 1161 3644 subiectionis
1175 3569 1299 3645 privile-

319 3619 533 3678 stolioaeperpe·
576 3662 617 3672 ,,
729 3661 762 3671 ..
843 3679 844 3682 ¹
955 3660 959 3669 .
1100 3661 1104 3670 .
1277 3663 1282 3673 .

318 3678 365 3719 ruo
380 3674 491 3720 susten.
553 3678 600 3738 gra
612 3667 765 3739 tmpertnr
779 3665 1063 3736 consueverrtqnos
1077 3662 1189 3724 dictam
1205 3663 1298 3739 han·

552 3754 699 3816 leiensem
715 3753 871 3830 quondam
888 3752 1122 3830 patriarchalem
1138 3753 1298 3816 ecclesiam

551 3847 725 3926 pontificiae
742 3844 933 3906 liberalitatis
952 3845 1134 3906 muneribus
1155 3847 1298 3908 clecorare

551 3940 703 4013 volentes,
726 3939 804 4000 dicta
819 3938 977 4015 potestatis
993 3936 1200 4016 plenitudine,
1217 3954 1299 4000 eam-

550 4034 620 4096 dem
652 4050 667 4093 a
697 4033 795 4094 luturi
821 4037 851 4092 et
880 4047 935 4109 pro
967 4036 1109 4109 tempore
1136 4032 1297 4092 existentis

550 4126 776 4204 hrclriepiscopi
799 4125 997 4199 Goritiensis,
1020 4131 1050 4185 et
1074 4124 1297 4202 cuiuscumque

548 4217 913 4295 alteriushrclriepiscopi
936 4233 991 4278 seu
1013 4217 1152 4296 Episcopi
1175 4217 1299 4280 iurisdi-

548 4312 661 4386 ctione,
685 4311 717 4372 in
739 4311 883 4374 omnibus
904 4316 934 4370 et
956 4325 1010 4387 per
1032 4311 1136 4372 omnia
1158 4328 1213 4390 per
1234 4329 1297 4374 eas-

490 4459 492 4463 .
548 4409 617 4470 dem
639 4413 815 4483 praesentes
830 4403 997 4465 eximimus
1018 4412 1048 4466 et
1070 4404 1247 4480 liberamus,
1264 4422 1297 4469 ac

547 4499 705 4578 perpetuis
739 4498 852 4560 lutaris
884 4498 1076 4574 temporibus
1106 4505 1294 4577 exemptam,

548 4593 722 4654 immunem
744 4598 775 4652 et
797 4590 937 4664 liberam,
954 4591 1105 4668 nobisque
1126 4600 1156 4654 et
1178 4611 1296 4655 succes-

547 4684 667 4746 soribus
681 4685 795 4746 nostris
808 4683 955 4745 Romanis
965 4683 1166 4746 Pontificibus
1177 4691 1208 4746 et
1223 4686 1295 4748 huic

547 4777 738 4854 spostolicae
759 4773 830 4839 Sedi
853 4777 1030 4838 immediate
1045 4776 1212 4839 subiectam
1229 4795 1295 4841 esse

353 4877 527 4938 apostolicum
548 4876 578 4930 et
599 4869 666 4932 lore
687 4870 904 4932 decernimus·
917 4868 963 4930 Ne
978 4875 1083 4931 autem
1104 4871 1142 4932 ob
1164 4871 1293 4934 nimiam

315 4931 528 5034 fifififfssffibnmdg
549 4962 718 5042 praedictae
739 4963 873 5024 civitatis
894 4962 1100 5040 Aquileiensis
1126 4964 1293 5025 aliomana

314 5045 394 5099 purat.
547 5055 629 5118 Urbe
646 5061 675 5116 et
688 5055 772 5117 curia
787 5055 976 5129 distantiam,
993 5057 1056 5134 ipsa
1071 5056 1192 5118 basilica
1208 5072 1293 5134 prae-

547 5150 625 5212 dicta
646 5149 834 5210 necessariae
861 5148 1051 5210 assistentiae
1076 5149 1226 5227 praesidio
1248 5167 1293 5212 ca·

547 5247 627 5317 reat;
650 5241 815 5321 apostolico
846 5241 986 5317 delegato
1014 5241 1045 5302 in
1067 5242 1145 5303 dicta
1167 5242 1293 5304 civitate

544 5335 724 5408 constituto,
740 5335 789 5396 cui
805 5334 842 5396 ab
856 5333 972 5412 aliquot
988 5340 1071 5395 retro
1085 5335 1214 5397 saeculis
1228 5351 1292 5398 mo-

545 5425 1291 5506 nialiummonasteriirlquileiensisgubernium,

543 5519 706 5595 apostolica
727 5518 920 5592 auctoritate,
942 5524 973 5580 et
995 5518 1241 5597 independenter
1255 5522 1292 5584 ab

543 5611 696 5673 Ordinarii
718 5611 930 5674 iurisdictione
958 5611 1160 5673 commissum
1182 5613 1292 5689 digno·

543 5701 649 5776 scitur,
673 5703 800 5780 eiusque
822 5702 935 5765 tuturis
955 5704 1192 5780 successoribus,
1216 5721 1291 5784 qnos

543 5793 670 5878 quidem
691 5795 723 5856 in
752 5801 912 5875 posterum
939 5810 1064 5876 semper
1088 5812 1126 5858 ex
1152 5799 1291 5878 personis

1087 469 1149 516 ttttt.
1175 471 1266 516 I‘ON'l'·
1291 469 1331 514 on
1353 467 1381 513 P·
1406 468 1434 514 Β.
1460 468 1541 515 t‘nns
1565 469 1584 514 l.

2143 455 2197 505 An.
2213 457 2244 506 O.
2266 454 2337 506 1751

1364 589 1545 652 eorumdem
1566 589 1797 654 lustriacorum
1812 588 1988 669 principum
2009 589 2111 654 subdi-

1365 680 1405 742 tis
1427 681 1586 758 eligendos
1607 681 1672 744 lure
1693 683 1870 756 statuimus,
1893 689 1925 744 et
1947 689 2066 744 nostras
2080 689 2111 744 et

1364 774 1553 850 apostoticae
1565 773 1653 838 Sedis
1674 777 1757 838 vices
1772 775 1999 840 committimus
2013 791 2047 838 ac
2061 778 2111 838 de-

1365 867 1557 943 mandamus,
1581 877 1617 942 ut
1637 869 1702 946 ipse
1723 884 1808 931 nunc
1825 868 1964 931 existens
1991 868 2110 946 delega-

1366 963 1424 1034 tus,
1451 959 1579 1038 eiusque
1607 977 1795 1024 successores
1823 961 2012 1037 huiusmodi,
2045 968 2111 1023 tan·

1363 1065 1456 1128 quam
1477 1053 1635 1131 apostolici
1656 1055 1691 1116 ad
1709 1057 1766 1116 troc
1780 1055 1873 1116 etiam
1896 1054 2040 1130 delegati,
2057 1071 2111 1116 no-

1362 1151 1490 1224 stroque
1511 1153 1542 1208 et
1566 1147 1704 1209 eiusdem
1732 1147 1923 1226 spostolicae
1949 1147 2036 1210 Sedis
2056 1163 2110 1210 no·

1363 1227 1449 1300 mine
1472 1245 1503 1300 et
1534 1242 1730 1324 anctoritate,
1763 1257 1836 1302 curn
1864 1240 1964 1302 debita
1986 1257 2002 1300 a
2024 1240 2111 1308 nobis

1362 1338 1393 1393 et
1413 1333 1639 1397 successoribus
1661 1334 1775 1396 nostris
1803 1334 2026 1411 dependentia,
2048 1334 2109 1398 dic·

1364 1430 1425 1485 tarn
1447 1424 1678 1503 Aquileiensem
1706 1426 1863 1488 basilicam
1885 1427 1960 1488 olim
1984 1425 2109 1506 patriar·

1361 1517 1492 1592 chalem,
1526 1519 1562 1580 ab
1593 1518 1821 1597 Archiepiscopi
1852 1520 2048 1595 Goritiensis,
2077 1528 2108 1583 et

1361 1609 1488 1671 alterins
1523 1611 1747 1688 cuiuscumque
1782 1610 2009 1691 Archiepiscopi
2044 1615 2109 1674 sive

1362 1700 1502 1780 Episcopi
1526 1701 1737 1764 iurisdictione
1756 1711 1944 1782 exemptam,
1960 1705 2108 1784 nobisque

1360 1799 1391 1854 et
1413 1794 1604 1871 Apostolicae
1626 1795 1709 1871 Sodi,
1732 1802 1767 1857 ut
1789 1796 1974 1874 praelector,
2001 1798 2110 1860 imme-

1360 1886 1440 1947 diate
1461 1886 1642 1962 subiectam,
1665 1890 1811 1950 studeant
1835 1889 2000 1952 salubriter
2022 1907 2108 1968 rege-

1360 1993 1405 2053 re,
1426 1977 1556 2040 feliciter
1579 1979 1763 2056 gubernare,
1785 1987 1815 2042 et
1837 1982 1965 2060 provide
1986 2000 2109 2046 conser-

1361 2085 1443 2130 rare.

1397 2163 1417 2237 ἓ
1441 2163 1487 2225 ld.
1511 2164 1690 2227 Praesentes
1710 2173 1813 2231 autem
1838 2167 1941 2230 literas
1962 2176 1993 2230 et
2016 2170 2107 2234 ineis
2139 2181 2346 2245 praemissorum

1358 2263 1503 2318 contenta
1525 2265 1556 2318 et
1577 2264 1690 2321 statuta
1711 2275 1937 2339 quaecumque,
1953 2262 2045 2324 etiam
2068 2279 2105 2324 ex
2124 2237 2348 2334 ῗὲῗῗᾞῗηεῃιῖῗῗί

1359 2363 1406 2422 eo,
1429 2350 1510 2427 quod
1532 2351 1662 2426 quilibet
1686 2353 1717 2412 in
1736 2353 1919 2430 praemissis,
1935 2371 1991 2415 seu
2006 2355 2039 2416 in
2056 2371 2104 2416 eo·
2124 2349 2347 2442 ἓξζυζῇῗξζζῖᾓῗ

1359 2457 1428 2502 rum
1451 2439 1565 2522 aliquo,
1579 2443 1626 2504 ius
1647 2450 1700 2505 ant
1722 2447 1871 2508 interesse
1894 2447 2041 2510 habentes
2055 2450 2104 2511 rel
2124 2454 2202 2494 ⁰1⁰1&

1359 2534 1470 2596 habere
1491 2537 1730 2612 praetendentes
1759 2540 1851 2600 ctiam
1875 2541 2102 2618 quomodolibet

1358 2625 1389 2686 in
1412 2625 1566 2701 laturum,
1580 2629 1716 2704 cuiusvis
1730 2637 1840 2706 statue,
1856 2633 1984 2709 ordinis,
2001 2650 2104 2712 praee·

1358 2719 1529 2781 minentiae
1550 2728 1581 2782 et
1612 2722 1831 2786 ecclesiasticae
1857 2725 1907 2788 vel
1929 2729 2104 2789 mundanae

1358 2813 1516 2889 dignitatis
1538 2815 1612 2890 sint,
1626 2817 1717 2878 etiam
1732 2819 1871 2896 specifica
1892 2828 1923 2882 et
1944 2821 2103 2882 individua

1357 2906 1517 2967 mentione
1539 2915 1569 2968 et
1599 2911 1799 2986 expressione
1829 2911 1933 2988 digni,
1958 2913 2018 2974 illis
2040 2929 2102 2975 non

1357 3001 1586 3062 consenserint:
1610 3019 1677 3077 seu,
1699 3003 1780 3081 quod
1803 3005 1897 3084 aliqui
1921 3021 1960 3066 ex
1981 3006 2054 3084 ipsis
2068 3009 2102 3068 ad

1357 3108 1391 3153 ea
1413 3093 1544 3154 minimo
1577 3097 1692 3174 vocati,
1716 3099 1764 3160 vel
1791 3101 1885 3178 etiam
1917 3101 2101 3179 nullimode,

1357 3195 1412 3250 aut
1434 3204 1497 3250 non
1519 3189 1592 3252 satis
1619 3191 1716 3252 auditi
1745 3192 1879 3256 luerint:
1903 3202 1955 3257 aut
1983 3212 2022 3258 ex
2047 3196 2102 3258 alia

1356 3282 1504 3360 qualibet,
1528 3284 1621 3345 etiam
1645 3284 1797 3362 laesionis,
1820 3286 1871 3349 vel
1895 3289 1953 3350 alia
1975 3289 2102 3352 iuridica

1357 3381 1388 3436 et
1409 3375 1604 3454 privilegiata
1625 3394 1725 3453 causa,
1747 3379 1862 3456 colore,
1889 3389 2050 3459 praetextu
2072 3391 2101 3444 et

1356 3469 1466 3546 capite,
1483 3469 1577 3530 etiam
1599 3470 1775 3550 incorpore
1791 3472 1868 3534 iuris
1883 3474 1998 3550 clauso,
2014 3475 2102 3538 nullo

1357 3577 1506 3640 umquam
1523 3570 1661 3641 tempore
1677 3566 1714 3626 de
1728 3566 1938 3644 subreptionis
1953 3569 2003 3630 vel
2015 3570 2102 3632 obre-

1356 3659 1470 3736 ptionis
1490 3669 1542 3722 aut
1563 3659 1716 3722 nullitatis
1739 3661 1827 3736 ritlo,
1842 3677 1897 3723 seu
1919 3661 2100 3726 intentionis

1356 3759 1488 3827 nostrae,
1512 3759 1565 3814 aut
1588 3753 1737 3814 interesse
1763 3753 1946 3816 habentium
1973 3770 2100 3818 consen-

1355 3860 1427 3919 sus,
1459 3844 1558 3906 aliove
1591 3845 1731 3924 quolibet
1767 3845 1901 3921 delectu,
1933 3855 2100 3925 quantum·

1356 3938 1401 3998 vis
1431 3953 1557 4013 magno,
1590 3938 1798 4014 inexcogitato
1824 3944 1854 4000 et
1884 3939 2098 4018 substantiali,

1354 4031 1419 4092 sire
1447 4032 1541 4092 etiarn
1564 4047 1602 4092 ex
1623 4047 1671 4106 eo,
1701 4032 1781 4109 quod
1805 4031 1836 4091 in
1858 4033 2033 4110 praemissis
2053 4051 2099 4095 so·

1355 4123 1531 4186 lemnitates
1553 4133 1584 4185 et
1605 4139 1820 4202 quaecumque
1841 4124 1898 4186 alia
1913 4123 2015 4186 forsan
2035 4142 2098 4187 ser-

1354 4217 1451 4278 randa
1472 4224 1505 4278 et
1537 4217 1730 4296 adimplenda
1763 4218 1894 4281 minime
1925 4230 2045 4283 servata
2067 4229 2097 4282 et

1353 4310 1527 4388 adimpleta,
1549 4327 1604 4373 seu
1624 4327 1743 4386 causae,
1771 4321 1897 4391 propter
1918 4329 1992 4391 quas
2014 4331 2097 4393 prae-

1352 4410 1456 4464 sentes
1488 4405 1720 4483 emanaverint,
1753 4423 1818 4468 non
1842 4409 1914 4468 satis
1938 4408 2096 4485 adductae,

1352 4497 1538 4574 verificatae,
1561 4517 1594 4562 ac
1617 4500 1797 4562 iustihcatae
1825 4499 1960 4578 luerint3
1980 4491 2096 4580 notari,

1352 4593 1546 4670 impugnari,
1574 4601 1626 4656 aut
1649 4593 1680 4655 in
1709 4596 1950 4656 controversiam
1981 4597 2095 4672 vocari,

1351 4701 1406 4747 seu
1427 4685 1573 4748 adversus
1594 4701 1644 4746 eas
1656 4687 1863 4749 restitutionis
1876 4689 1907 4750 in
1923 4689 2095 4766 integrum,

1351 4777 1531 4856 aperitionis
1551 4779 1626 4852 oris,
1647 4785 1700 4841 aut
1721 4779 1802 4842 aliud
1819 4782 2036 4860 quodcumque
2050 4783 2095 4844 iu-

1350 4871 1403 4946 ris,
1426 4870 1498 4932 lacti
1520 4871 1569 4933 vel
1592 4872 1726 4934 iustitiae
1742 4873 1916 4935 remedium
1937 4874 2096 4952 impetrari

1351 4981 1451 5042 posse:
1476 4964 1527 5026 sed
1552 4971 1710 5043 tamquam
1731 4981 1769 5026 ex
1792 4966 1966 5043 pontificiae
1995 4969 2096 5046 provi-

1349 5057 1471 5118 dentiae
1482 5057 1593 5134 udicio,
1607 5063 1637 5118 et
1653 5063 1740 5120 motu
1756 5059 1891 5136 proprio,
1904 5067 1985 5120 certa
1998 5060 2096 5122 scien-

1351 5149 1402 5224 tia,
1418 5149 1519 5227 deque
1530 5149 1712 5227 apostolicae
1732 5152 1890 5228 potestatis
1902 5151 2095 5230 plenitudine

1350 5240 1475 5315 nostris,
1500 5238 1591 5302 lactas
1612 5247 1643 5301 et
1665 5248 1832 5318 emanatas,
1846 5243 2022 5305 omnimoda
2044 5245 2096 5306 tir-

1349 5334 1457 5396 mitato
1485 5340 1636 5414 perpetuo
1664 5335 1777 5398 validas
1809 5343 1839 5396 et
1870 5335 2004 5398 efficaces
2032 5337 2095 5398 exi·

1348 5433 1481 5488 sternet
1510 5426 1593 5502 lore,
1621 5442 1755 5506 suosque
1781 5428 1934 5506 plenarios
1955 5434 1986 5490 et
2014 5429 2094 5492 inte·

1349 5534 1419 5596 gros
1450 5519 1576 5581 edoctas
1605 5519 1711 5581 sortiri
1738 5527 1770 5581 et
1796 5520 1949 5596 obtinere,
1974 5539 2008 5584 ac
2039 5539 2093 5600 per

1347 5626 1455 5674 omnes
1477 5619 1507 5674 et
1521 5611 1672 5689 singulos,
1688 5612 1723 5673 ad
1746 5628 1822 5692 quos
1837 5621 1952 5692 spectat
1974 5620 2005 5676 et
2019 5631 2093 5694 quo·
2112 5613 2114 5618 ’

1346 5704 1515 5767 modolibet
1536 5706 1684 5784 spectabit
1705 5706 1738 5768 in
1760 5705 1914 5781 laturum,
1934 5707 2092 5771 inviolabi-

1346 5797 1418 5860 liter
1439 5798 1613 5878 observari3
1636 5799 1845 5879 omnibusque
1865 5799 1958 5864 ctiam
1980 5805 2011 5862 et
2031 5801 2093 5864 sin·
