4744 6976
72 579 110 628 tn.
120 575 143 624 C.
161 569 222 620 lita

882 587 1080 637 assumeres
1102 591 1168 639 xtv.
1725 587 1780 648 183
1831 589 1885 642 Διι.
1900 592 1930 644 c.
1952 591 2022 646 1744

288 701 357 762 siat
385 717 422 764 ca
448 702 486 764 ia
513 701 630 780 quibas
663 703 798 782 parochi
833 706 998 786 reputares
1053 710 1268 789 providentiae
1287 731 1395 778 euram
1416 717 1556 780 animum
1577 719 1802 796 adiicere,eas-

288 795 753 860 sabiioioatsoriurisdictioai
767 805 797 860 et
812 798 998 862 visitationi
1053 821 1115 884 que
1136 805 1324 884 apostolicas
1353 809 1599 874 constitutiones
1625 824 1800 892 opportune

288 887 439 966 Episcopi
461 889 651 962 dioecesani,
674 897 733 954 etc.
756 890 813 970 (l).
1053 901 1262 978 promulgare,
1285 903 1397 982 quibus
1414 903 1579 981 gliscentes
1595 922 1718 970 morum
1733 925 1801 970 cor·

1053 994 1188 1072 ruptelas
1203 1003 1390 1072 resecarent,
1403 1004 1434 1060 et
1446 997 1634 1063 inordinatas
1645 1001 1800 1064 humanae

1052 1089 1246 1164 arrogantiae
1274 1092 1542 1168 praesumptiones
1577 1093 1797 1172 reprimerent.

1053 1179 1110 1240 Cui
1132 1181 1177 1240 rei
1200 1179 1386 1244 obtinendae
1408 1182 1612 1248 utilissimum
1635 1186 1726 1264 plane
1747 1204 1799 1248 ex-

1053 1272 1241 1350 pertisum,
1264 1273 1463 1354 celantique
1485 1284 1607 1355 patrum
1633 1280 1797 1342 constituta

1052 1379 1222 1439 renovare,
1246 1365 1461 1444 interpretari,
1485 1377 1538 1432 aut
1560 1370 1725 1446 declarare,
1747 1373 1796 1436 vel

1052 1458 1297 1535 competentium
1325 1459 1481 1523 Romanae
1508 1463 1619 1525 Curiae
1647 1465 1799 1528 Tribuna-

67 1547 227 1652 ffltfflggffi
285 1548 461 1612 Firmandis
478 1559 571 1628 etque
585 1552 757 1614 asserendis
772 1549 994 1613 ecclesiasticae
1052 1551 1130 1612 lium
1151 1552 1217 1614 sire
1238 1553 1519 1629 congregationum
1541 1556 1672 1620 iudicata
1694 1567 1724 1621 et
1751 1577 1800 1622 re-

65 1662 81 1704 o
92 1643 227 1716 luccae
245 1642 425 1721 disciplinae
447 1644 565 1719 regulis
579 1644 719 1707 studiose
739 1643 855 1705 intenti
869 1643 995 1720 praede·
1050 1660 1161 1722 sponsa
1182 1644 1342 1720 colligere,
1358 1647 1557 1724 confirmare,
1574 1658 1627 1710 aul
1641 1651 1673 1712 in
1690 1652 1797 1730 aliqui-

66 1713 227 1811 ffiffiq‘sslilssls.
244 1751 381 1799 cessores
402 1736 501 1796 nostri
523 1737 655 1798 Romani
679 1735 844 1798 Pontifices
868 1751 997 1798 consue·
1051 1736 1108 1797 bus
1130 1736 1304 1814 remittere,
1321 1738 1491 1817 eademque
1512 1740 1684 1818 prudenter
1705 1751 1798 1822 atque

66 1822 127 1916 {qut
149 1815 225 1860 (Μ’
245 1837 373 1902 rerum,
389 1827 596 1906 peculiaribus
617 1843 726 1890 rernm
741 1835 794 1890 ant
815 1834 994 1906 temporum
1050 1836 1119 1906 apte
1141 1828 1316 1904 conciliare,
1328 1829 1354 1890 si
1369 1830 1491 1908 quando
1504 1833 1631 1895 interea
1646 1851 1710 1898 non
1724 1837 1798 1898 satis

243 1921 479 1984 necessitatibus
506 1921 750 1996 animadversis,
776 1921 810 1982 ad
841 1919 995 1997 generalis
1050 1921 1219 1982 convenire
1237 1922 1373 1986 videtur.
1388 1921 1490 2002 thue
1511 1927 1684 2006 antiquiora
1705 1929 1797 1992 omit·

380 1071 624 1143 astabimus
648 1073 866 1144 aristaeus
912 1107 923 1124 ·

427 1253 546 1306 sersus
567 1255 723 1308 servornm
747 1239 811 1319 boi,

365 1359 403 1428 ad
426 1366 599 1445 perpetuant
621 1363 666 1429 rei
693 1362 874 1430 memorien.

280 2165 312 2222 (l)
327 2167 364 2210 Ex
379 2163 468 2210 dabui.
485 2166 510 2209 c.
526 2162 557 2208 de
571 2165 598 2208 P.
611 2165 638 2208 E.
654 2162 843 2238 corstitutioni
855 2164 1020 2238 itendit!
1086 2165 1132 2214 at.
1149 2165 1241 2220 atque,
1256 2168 1287 2210 ut
1300 2166 1438 2222 regulares
1453 2165 1479 2212 in
1494 2166 1612 2214 ecclesiis
1626 2180 1736 2216 suorum
1751 2173 1796 2217 or-
1841 2193 1869 2239 Ε,
1882 2204 2016 2242 mmm

238 2231 388 2278 adhaerens
403 2234 426 2276 S.
443 2235 535 2286 congr.
551 2228 796 2275 deP.E.et1amin
811 2228 875 2274 locis
890 2239 992 2275 missso·
1017 2226 1019 2337 ι
2021 2233 2027 2250 ·

1047 2229 1570 2288 diuumpraedicareuolentes,secoram
1580 2235 1795 2294 Episcopisprae·
1813 2255 1868 2305 cap,
1898 2260 1929 2294 Ν,
1960 2251 2028 2296 carga

241 2309 306 2346 num
318 2297 508 2344 subiectionem
523 2297 700 2354 parochorum
714 2293 880 2351 regularium
891 2294 991 2352 Episco
1046 2297 1197 2351 santarem
1210 2298 1244 2344 ab
1258 2298 1296 2344 eis
1310 2298 1518 2344 benedictionem
1533 2303 1623 2356 petere
1637 2303 1792 2358 tenaculum
1812 2301 2028 2365 praedicatores

239 2367 279 2424 pis
292 2365 389 2412 aliisve
401 2363 548 2410 ordinariis
558 2363 682 2418 decrerit,
692 2361 742 2408 etsi
753 2373 805 2406 non
815 2373 920 2420 semper
928 2362 990 2408 illos
1046 2363 1073 2408 in
1088 2363 1205 2410 eeclesiis
1220 2376 1291 2421 rere,
1305 2375 1373 2422 quae
1387 2376 1497 2411 suorum
1513 2367 1641 2414 ordinum
1656 2379 1707 2414 nou
1722 2373 1792 2427 sunt,
1812 2355 1882 2401 ”⁰7⁶⁸
1900 2356 1948 2402 ⁰⁶²·

239 2435 336 2478 horum
351 2431 467 2478 examini
481 2429 632 2485 subiecerit,
643 2427 803 2486 praesertim
818 2430 842 2476 si
854 2430 888 2476 ab
898 2429 989 2476 aridem
1016 2405 1019 2534 Ι
1045 2429 1120 2476 nullo
1134 2431 1211 2476 modo
1225 2432 1377 2488 praedicare
1391 2432 1494 2489 possint
1509 2433 1566 2478 sine
1580 2433 1702 2492 Episcopi
1715 2435 1794 2482 licen·

240 2502 262 2545 S.
279 2502 359 2555 cong.
374 2497 514 2555 approbati
529 2497 648 2542 miscent.
1046 2497 1098 2551 tia;
1119 2499 1316 2545 contradicente
1330 2502 1421 2546 autem
1436 2499 1570 2556 Episcopo,
1585 2501 1653 2546 nulli
1668 2503 1749 2548 etiam
1764 2503 1792 2549 in

29 3511 30 3514 ¹
87 3527 142 3570 tous
155 3523 219 3584 initos

66 3579 202 3622 sordidioris.

277 2565 429 2612 Referimus
447 2563 583 2610 constitut.
599 2567 673 2620 drag.
689 2565 740 2608 xv,
756 2565 783 2610 et
798 2563 990 2610 declarationes

238 2637 262 2678 s,
277 2637 357 2688 cong.
373 2629 483 2676 concilii
497 2629 530 2675 ab
544 2629 601 2686 ipso
619 2629 745 2686 Gregorio
760 2632 787 2675 et
805 2631 910 2678 Urbano
924 2633 987 2676 vlit.

237 2699 407 2756 adprobatus,
420 2696 492 2742 circa
505 2695 585 2741 dubia
599 2698 692 2740 exorta
705 2707 786 2752 super
801 2696 922 2754 Gregorii
931 2707 989 2742 eon·

238 2765 389 2820 stitutione,
403 2763 545 2820 dequibus
558 2765 618 2807 Bau.
634 2764 697 2807 xlv.
712 2762 839 2820 loquitur.

239 2903 380 2946 demittat.
393 2899 515 2950 macrii
524 2897 550 2940 Χ
553 2898 577 2940 V.
594 2897 626 2940 de
639 2899 830 2948 coemptarum
837 2898 989 2949 privilegiis

275 2970 349 3011 circa
363 2969 525 3009 audomarum
538 2973 644 3011 curam,
655 2967 681 3006 et
693 2967 930 3007 samcaoeatorum
944 2966 989 3007 od·

275 3035 516 3080 monstrationem,
527 3031 779 3074 sanctimonialium
789 3032 955 3074 monasteria
964 3034 989 3073 ct

273 3103 507 3153 praedicationum
520 3097 594 3140 oerdi
607 3099 660 3140 Dei.

431 3217 612 3262 euaooatus
627 3215 794 3260 amscopus

449 3321 546 3355 amotos
559 3321 703 3354 semorum
717 3311 773 3358 Dei.

390 3381 426 3424 ad
436 3381 600 3432 emmeram
614 3380 654 3421 rei
668 3380 835 3422 memoriam

274 3498 448 3546 luscrutabili
459 3498 504 3544 Dei
513 3496 678 3556 providentia
687 3495 846 3542 universalia
856 3494 988 3541 Ecclesiae

236 3566 372 3624 regimini,
387 3565 492 3611 meritis
505 3564 569 3610 licet
579 3563 735 3622 imparibus,
746 3562 935 3620 praesidentes,
945 3573 988 3620 pa·

235 3634 346 3680 ster-alis
360 3635 468 3679 nostrae
482 3630 671 3676 sollicitudinis
685 3632 775 3687 partes
790 3639 847 3675 esse
859 3629 987 3686 dignosci·

236 3711 306 3754 mus,
320 3700 348 3745 in
363 3709 422 3744 earn
436 3709 528 3744 curam
543 3697 683 3755 praecipue
700 3697 861 3752 incumbere,
877 3699 906 3742 ut
920 3707 936 3742 a
951 3695 987 3741 di·

236 3768 295 3825 gnis
310 3771 337 3812 et
353 3766 471 3823 probatis
485 3766 592 3811 tantum
606 3763 787 3810 sacerdotibus
802 3766 892 3810 sancte
905 3764 987 3810 admi·

236 3835 388 3881 nistrentur
408 3832 587 3878 ecclesiastica
607 3834 783 3887 sacramenta,
797 3833 877 3888 atque
891 3833 921 3876 ιι
936 3831 987 3876 ιιι·-

236 3900 329 3957 ginum
343 3903 396 3944 Deo
410 3907 546 3944 morarum
557 3897 720 3942 monasteria
729 3897 935 3954 diligentissime
944 3909 987 3942 cn-

236 3965 397 4020 stodiantur,
411 3969 439 4010 et
452 3963 502 4010 viri
517 3966 691 4010 assumantur
705 3963 794 4008 idonei
807 3964 840 4008 ad
854 3964 987 4020 praedica·

236 4031 319 4078 tionis
332 4031 447 4077 officium
463 4030 608 4076 salubriter
622 4030 812 4086 exequendum.

1044 2575 1154 2610 suorum
1168 2566 1296 2611 ordinum
1311 2565 1436 2621 ecclesiis,
1449 2566 1600 2622 praedicare
1611 2573 1790 2624 praesumant.

1084 2635 1129 2681 st.
1145 2635 1251 2688 verum,
1266 2632 1329 2690 quia
1343 2632 1506 2689 experientia
1520 2635 1685 2691 compertum
1700 2638 1740 2682 est
1754 2649 1793 2683 ec-
1821 2655 1864 2702 pic
1872 2661 1956 2705 amm
1966 2662 1998 2706 ρο
2018 2686 2026 2696 ,

1043 2698 1184 2746 clesiastici
1198 2699 1337 2756 regiminis
1351 2699 1468 2744 rationes
1482 2701 1627 2757 postulare,
1638 2705 1669 2747 ut
1679 2703 1792 2752 decretis
1811 2709 1873 2764 titos
1892 2723 1967 2776 super
1982 2673 2027 2761 aa·

1043 2764 1173 2812 eiusmodi
1186 2765 1288 2822 aliquid
1301 2766 1473 2822 adiungatur,
1484 2767 1591 2813 matura
1602 2767 1791 2816 deliberatione
1810 2763 1923 2824 themodi
1942 2767 2025 2814 detre-

1044 2832 1144 2888 nostrt,
1157 2835 1184 2878 et
1198 2843 1230 2876 ex
1243 2832 1316 2878 certi
1331 2832 1449 2888 scientia,
1462 2843 1494 2878 ao
1507 2833 1539 2880 de
1552 2834 1712 2892 apostolicae
1723 2839 1792 2893 pote
1810 2819 2026 2879 ¹.²⁸⁷¹⁰.”²²“¹¹⁰⁶d·

1044 2898 1122 2944 statis
1142 2897 1315 2955 plenitudine,
1336 2899 1386 2944 bac
1406 2899 1525 2956 generali
1539 2910 1570 2946 ac
1584 2904 1712 2958 perpetuo
1726 2903 1790 2948 vali·
1810 2875 1968 2971 {ffl‘mqw
1990 2875 2026 2938 “3²

1044 2966 1105 3012 tura
1119 2965 1309 3012 constitutione
1323 2965 1498 3022 decernimus,
1513 2966 1657 3013 statuimus
1671 2972 1699 3014 et
1708 2971 1792 3016 deela-
1810 2935 2027 3034 aiiopsscmmcffl'

1043 3043 1143 3087 murus,
1158 3035 1188 3076 nt
1202 3031 1323 3089 deinceps
1337 3033 1393 3076 tam
1403 3032 1541 3088 regulares
1551 3043 1631 3090 quam
1642 3035 1791 3081 saeculares
1810 3029 1959 3078 ultimorum
1979 3045 2026 3080 ou·

1043 3097 1239 3155 quomodolibet
1253 3097 1369 3155 exempti
1385 3098 1449 3154 isiae
1462 3098 1615 3144 animarum
1629 3111 1721 3147 curam
1736 3113 1792 3159 per·
1809 3094 1877 3182 ἀξη
1889 3089 1911 3131 ‘²
1933 3097 2025 3134 ἘΜ-

1043 3175 1168 3210 sonarum
1183 3164 1362 3210 saecrslarium
1377 3164 1546 3211 monasteriis
1561 3175 1608 3212 ssu
1622 3167 1744 3214 domibus
1754 3181 1792 3216 re·
1810 3142 2026 3242 ssiassfflnaffl:

1043 3231 1182 3288 gularibus
1196 3233 1243 3276 aut
1265 3230 1402 3288 quibusvis
1420 3230 1482 3276 aliis
1504 3231 1621 3278 ecclesiis
1642 3234 1684 3280 rel
1698 3235 1793 3281 beneti-
1810 3253 1874 3289 nam,

1014 3286 1017 3351 l
1043 3296 1099 3352 elis,
1113 3297 1168 3342 sire
1185 3296 1354 3353 regularibus
1369 3297 1423 3342 sive
1438 3297 1628 3354 saecularibus,
1642 3297 1793 3347 incumben-

1014 3358 1017 3445 l
1043 3367 1096 3410 tem
1111 3365 1262 3417 exerceani;
1277 3363 1333 3409 sive
1346 3363 1414 3410 elisis
1429 3364 1607 3410 ecclesiastica
1617 3371 1791 3425 sacramenta,

1042 3431 1090 3476 aut
1105 3440 1188 3476 unum
1203 3439 1234 3474 ex
1248 3429 1303 3476 illis
1323 3429 1485 3486 ministrent,
1500 3431 1608 3497 praevia
1628 3433 1749 3491 Episcopi
1762 3434 1793 3480 li·

1014 3448 1016 3565 ⁴
1042 3495 1129 3544 sentit
1143 3498 1170 3541 et
1183 3497 1384 3554 approbatione;
1400 3496 1455 3542 sive
1470 3500 1653 3554 quoquomodo
1667 3499 1695 3545 in
1704 3501 1791 3547 dictae

1042 3573 1121 3608 curae
1135 3562 1269 3618 exercitio,
1283 3565 1331 3609 aut
1345 3563 1373 3608 in
1388 3564 1541 3610 eorumdem
1563 3569 1791 3613 sacramentorum

1042 3629 1085 3674 vel
1097 3627 1212 3674 alicuius
1226 3629 1327 3676 exiliis
1349 3630 1582 3677 administratione
1597 3632 1629 3678 de
1643 3633 1721 3689 iacto,
1735 3635 1792 3680 abs·

1042 3707 1092 3752 que
1107 3695 1163 3741 nlla
1177 3695 1347 3752 auctoritaie,
1361 3705 1389 3742 se
1404 3697 1546 3753 ingerant),
1556 3697 1583 3744 in
1594 3698 1637 3744 his
1647 3709 1714 3756 quae
1724 3700 1792 3746 eius·

1042 3762 1113 3812 modi
1126 3773 1219 3808 curam
1229 3773 1275 3808 seu
1285 3763 1547 3810 administrationem
1557 3768 1729 3822 concernunt,
1739 3777 1793 3813 om·

1042 3829 1164 3875 nimodae
1173 3829 1360 3885 iurisdictioni,
1368 3830 1516 3876 visitationi
1525 3832 1717 3879 etcorrectioni
1725 3833 1792 3880 dioe-

1012 3899 1015 3937 t
1041 3896 1129 3944 cesam
1143 3895 1275 3954 Episcopi,
1295 3899 1433 3954 tamquam
1453 3897 1706 3955 sedisapostolicae
1724 3901 1792 3946 dele·

1041 3964 1106 4021 gati,
1121 3963 1197 4021 plene
1213 3963 1239 4008 in
1254 3963 1377 4009 omnibus
1398 3963 1581 4010 subiicientur.
1596 3965 1635 4009 ad
1656 3966 1721 4012 baec
1735 3969 1790 4012 tam

1041 4030 1178 4087 regulares
1188 4040 1267 4087 quam
1276 4029 1426 4076 saeculares
1434 4030 1585 4076 huiusmodi
1593 4031 1675 4077 nullis
1686 4032 1791 4089 privile

1014 2883 1017 2925 l

85 4115 160 4162 (mu,-
173 4115 219 4162 ffl,
276 4103 323 4149 ιι.
348 4102 416 4144 Sane
436 4097 605 4143 Tridentinae
625 4096 723 4152 synodi
744 4096 857 4142 decretis
879 4097 986 4154 provide
1041 4096 1092 4153 giis
1106 4099 1154 4142 aut
1168 4095 1380 4153 exemptionibus
1395 4095 1466 4142 tueri
1478 4107 1507 4142 ee
1518 4097 1628 4154 possint,
1638 4099 1790 4156 quominus,

29 4215 30 4218 Ἴ
68 4169 220 4230 tietmarus..

66 4233 220 4326 {castrt

68 4327 169 4373 tosolotrns
200 4333 219 4375 ii

67 4381 221 4438 ooppmtottoaem

67 4435 143 4492 iuuat.

29 4681 30 4716 ι
85 4654 150 4699 ttstss
164 4666 219 4718 xxa,

66 4715 98 4762 top.
105 4717 126 4751 lt.
133 4711 149 4768 it
155 4721 171 4753 t.
179 4719 219 4754 ιιι·

66 4763 219 4810 cumiurato-

67 4812 162 4860 ιιιιιιιίι

237 4167 346 4210 cautum
368 4167 417 4219 est,
438 4162 543 4210 nullum
564 4163 760 4219 presbyterum,
780 4163 863 4210 etiam
883 4165 987 4221 regula·

237 4245 303 4287 rem.
322 4241 399 4291 posse
417 4229 592 4276 confessiones
607 4228 792 4284 saecularium,
807 4229 889 4276 etiam
903 4241 987 4276 sacer·

237 4302 340 4354 dotum,
360 4297 462 4350 audire,
483 4307 530 4342 nec
544 4295 577 4341 ad
598 4295 626 4341 id
645 4295 770 4341 idoneum
790 4295 920 4354 reputari,
934 4297 985 4342 nisi

237 4368 284 4412 aut
297 4363 451 4422 parochiale
464 4361 622 4408 beneficium
636 4363 742 4417 habeat,
751 4363 798 4406 ant
808 4362 842 4406 ab
852 4361 985 4420 Episcopis

236 4445 283 4491 per
296 4442 417 4488 emmau,
427 4431 450 4476 si
463 4429 518 4476 illis
527 4429 662 4475 videbitur
671 4439 729 4474 esse
739 4429 927 4484 necessarium,
937 4431 985 4475 aut

236 4499 303 4546 auis
312 4499 424 4545 idoneus
433 4496 574 4550 iudicetur,
583 4499 609 4540 et
616 4494 842 4552 approbationem,
851 4506 918 4553 quae
927 4505 985 4553 gra·

236 4567 272 4613 tis
285 4567 375 4620 detur,
388 4563 515 4611 obtineat.

275 4635 323 4684 12.
339 4635 451 4687 Necnon,
465 4632 496 4676 ιι
510 4629 537 4675 in
552 4629 723 4676 monasteriis
744 4641 791 4676 seu
812 4630 935 4676 domibus
949 4631 985 4676 vi·

236 4711 328 4747 rorum
344 4709 391 4746 eeu
405 4697 564 4752 mulierum,
586 4696 682 4754 quibus
696 4695 819 4742 imminet
832 4697 984 4744 animarum

235 4777 300 4814 cura
308 4775 483 4825 personarum
493 4761 670 4811 ramularium
678 4765 785 4821 praeter
793 4773 838 4810 eas
846 4774 914 4822 quae
922 4766 984 4810 sunt

235 4837 267 4881 de
285 4835 397 4880 illorum
418 4831 644 4878 monasteriorum
664 4842 712 4877 seu
733 4830 852 4876 locorum
874 4831 984 4888 tamdia,

235 4909 372 4957 pensem,
382 4901 438 4944 tam
447 4897 586 4954 regulares
595 4906 675 4954 quam
686 4895 845 4950 saeculares,
855 4895 985 4942 eiusmodi

234 4977 327 5014 curam
347 4965 506 5019 exercentes,
525 4963 629 5009 subsint
649 4962 813 5018 immediate,
827 4962 855 5007 in
868 4961 902 5008 iis
916 4973 984 5020 quae

234 5035 267 5080 ad
280 5034 381 5080 dictam
394 5043 487 5078 curam
501 5034 529 5076 et
538 5033 766 5076 sacramentorum
776 5029 985 5077 administratio·

235 5111 293 5146 nem
308 5099 452 5158 pertinent,
471 5097 658 5153 iurisdictioni,
672 5095 821 5144 visitationi
840 5099 866 5143 et
885 5109 984 5144 correo

235 5167 302 5213 tioni
315 5164 445 5222 Episcopi,
459 5162 487 5208 in
501 5161 576 5209 cuius
591 5162 704 5209 dioecesi
713 5166 776 5210 sunt
785 5163 845 5210 sita.
856 5165 983 5221 Itemque,

234 5236 264 5278 ιι
278 5231 400 5290 Episcopi
414 5229 540 5285 universi,
551 5230 601 5275 sub
611 5229 789 5276 obtestatione
798 5229 883 5276 dirim
891 5229 983 5276 iudicii

233 5303 261 5344 et
273 5297 494 5344 interminatione
508 5295 702 5342 maledictionis
716 5297 887 5351 aetermam
901 5296 984 5342 omni·

234 5366 282 5412 bas
301 5363 473 5412 monasteriis
494 5362 544 5409 sibi
564 5361 698 5418 subiectis,
719 5361 864 5418 ordinarii,
878 5362 907 5408 in
921 5363 983 5410 aliis

234 5443 304 5489 sero,
319 5431 393 5478 sedis
406 5430 571 5488 apostolicae
584 5429 754 5484 auctoritate,
763 5430 916 5476 clausuram
926 5439 984 5476 san·

234 5499 437 5552 ctimonialium,
447 5497 494 5544 ubi
503 5497 603 5542 violata
612 5495 702 5552 merit,
712 5495 855 5552 diligenter
864 5495 982 5552 restitui,

234 5569 269 5622 et,
282 5566 331 5613 ubi
344 5565 471 5612 inuiolata
482 5567 531 5620 est,
540 5563 692 5610 conservari
702 5563 816 5609 maxime
827 5568 981 5621 procursum

234 5633 413 5680 inobedientes
426 5635 507 5689 atque
520 5631 729 5678 contradictores
744 5640 790 5687 per
803 5642 929 5678 censuras
945 5643 982 5678 ec·

234 5699 403 5755 clesiasticaa
417 5697 536 5756 aliasque
554 5708 660 5755 menas,
681 5707 848 5755 quacumque
867 5697 982 5755 appella-

235 5765 306 5812 tione
319 5765 473 5824 postposita‚
487 5766 688 5822 compescentes.

274 5960 305 6018 (⁵)
320 5963 386 6008 Edu.
400 5963 483 6008 Maia.
498 5965 560 6015 tecit
572 5960 699 6009 eiusdem.

1041 4163 1064 4208 si
1078 4163 1240 4219 deliquerint
1253 4163 1323 4210 circa
1336 4173 1462 4220 personas
1480 4163 1554 4210 intra
1568 4165 1642 4222 septa
1656 4165 1789 4222 degentes,

1040 4232 1088 4274 aut
1099 4229 1169 4276 circa
1179 4230 1341 4284 clausuram,
1351 4230 1391 4276 vel
1402 4230 1472 4276 circa
1481 4230 1610 4276 bonorum
1620 4231 1789 4280 administra·

1040 4295 1140 4342 tionem
1156 4296 1380 4342 monasteriorum
1403 4296 1569 4353 monialium,
1583 4298 1666 4344 etiam
1687 4299 1791 4356 regula·

1040 4361 1114 4408 ribus
1129 4362 1319 4418 subiectarum,
1333 4363 1367 4408 ab
1381 4362 1507 4420 Episcopo
1521 4363 1573 4410 loci
1582 4364 1715 4420 similiter,
1725 4370 1790 4411 tam-

1039 4439 1120 4485 quam
1133 4429 1167 4475 ad
1181 4429 1231 4476 boc
1247 4429 1320 4476 sedis
1335 4429 1498 4486 apostolicae
1509 4430 1638 4488 delegato,
1648 4433 1752 4489 quoties
1762 4437 1788 4481 et

1040 4496 1144 4552 quando
1158 4507 1223 4553 opus
1237 4495 1327 4550 inerit,
1342 4494 1432 4553 puniri
1445 4499 1472 4541 et
1486 4495 1585 4554 corrigi
1598 4498 1711 4545 valeam.

1078 4563 1125 4612 sd.
1141 4562 1306 4608 consessores
1315 4574 1386 4618 vero,
1397 4562 1452 4608 sive
1462 4563 1600 4620 regulares
1609 4564 1664 4610 sive
1674 4567 1789 4613 saecula·
1821 4593 1849 4639 Ε,
1880 4595 1950 4642 ,wad
1964 4605 2021 4642 wn-

1039 4641 1090 4684 res,
1104 4629 1348 4686 quomodocumque
1362 4629 1485 4686 exempti,
1500 4631 1555 4676 tam
1568 4631 1699 4678 ordinarii
1708 4644 1787 4690 quam
1806 4607 1917 4702 [Μυῖα.

1039 4695 1253 4750 extraordinarii,
1274 4696 1307 4742 ad
1327 4694 1502 4742 consessiones
1523 4697 1688 4756 monialium,
1706 4700 1788 4748 etiam

1039 4761 1208 4820 regularibus
1222 4761 1411 4818 subiectarum,
1425 4762 1569 4810 audiendas
1583 4765 1738 4812 nullatenus
1748 4768 1789 4814 de

1038 4829 1129 4886 putari
1150 4829 1265 4885 valeant,
1279 4829 1332 4875 nisi
1353 4829 1428 4885 prius
1440 4828 1475 4875 ab
1488 4830 1615 4889 Episcopo
1634 4833 1789 4881 dioecesano

1038 4895 1126 4942 idonei
1148 4895 1309 4952 iudicentur,
1323 4898 1350 4942 et
1367 4895 1592 4954 approbationem,
1613 4909 1681 4956 quae
1703 4903 1788 4958 gratis

1010 5008 1012 5037 Ι
1038 4963 1206 5018 concedatur,
1222 4961 1366 5008 obtineant.
1383 4963 1432 5008 sed
1447 4965 1473 5008 et
1487 4964 1707 5014 administrantes
1721 4968 1789 5014 bona

1010 5040 1012 5081 l
1038 5031 1071 5076 ad
1085 5029 1177 5075 eadem
1193 5031 1220 5084 ι’)
1236 5028 1399 5075 monasteria
1412 5029 1666 5088 sanctimonialium,
1676 5036 1707 5080 ut
1717 5047 1789 5092 prae·

1010 5086 1012 5143 !
1039 5096 1131 5152 tertur,
1141 5095 1224 5142 etiam
1237 5096 1407 5153 regularibus
1417 5096 1607 5154 subiectarum,
1617 5100 1788 5158 pertinentia,

1038 5162 1093 5208 sire
1108 5163 1246 5219 regulares
1265 5162 1405 5208 extiterint
1419 5162 1475 5210 sire
1493 5164 1634 5221 seculares,
1649 5169 1789 5224 quomodo

1038 5228 1103 5274 libet
1117 5228 1240 5286 exempti,
1254 5229 1381 5287 Episcopo
1395 5229 1455 5284 loci,
1470 5230 1599 5276 adhibitis
1617 5232 1699 5278 etiam
1714 5245 1789 5292 supe·

1038 5294 1154 5340 rioribus
1168 5295 1345 5352 regularibus,
1360 5295 1473 5353 siugulis
1486 5296 1564 5342 annis
1579 5298 1696 5345 rationes
1706 5301 1789 5346 admi·

1037 5361 1215 5418 nistrationis,
1236 5362 1323 5420 gratis
1344 5365 1435 5410 tamen
1455 5362 1606 5420 exigendas,
1626 5365 1737 5411 reddere
1751 5369 1788 5413 te

1038 5431 1161 5485 neantur,
1174 5430 1207 5476 ad
1222 5429 1300 5488 idque
1318 5429 1387 5476 iuris
1405 5431 1531 5478 remediis
1549 5431 1609 5489 cogi
1623 5434 1651 5476 et
1665 5433 1787 5490 compelli

1037 5498 1142 5552 queant.
1158 5496 1299 5554 Liceatque
1312 5497 1440 5555 Episcopo
1451 5509 1483 5544 ex
1492 5498 1647 5545 rationabili
1656 5499 1736 5544 consa
1746 5511 1788 5545 su·

1037 5562 1155 5620 perieras
1176 5563 1313 5621 regulares
1331 5565 1482 5620 admonere,
1498 5567 1529 5610 ut
1543 5565 1673 5612 eiusmodi
1691 5567 1788 5612 contes-

1037 5641 1110 5676 sores
1124 5633 1205 5687 atque
1223 5630 1455 5678 administratores
1469 5634 1625 5684 amoveani;
1645 5631 1730 5691 iisque
1745 5646 1788 5679 su·

1037 5697 1186 5754 perioribus
1200 5697 1227 5742 id
1243 5697 1328 5744 tacere
1345 5697 1555 5746 detrectantibus
1569 5703 1617 5746 ant
1631 5699 1787 5758 negligenti·

1037 5765 1094 5820 bus,
1111 5764 1209 5811 habeat
1227 5763 1369 5822 Episcopus
1387 5765 1542 5814 facultatem
1561 5767 1709 5826 praedictos
1729 5779 1787 5816 con-
