4828 6990
106 578 164 630 Aa.
178 581 210 634 0.
233 581 300 633 1751
344 574 347 579 ’

95 729 246 786 ourgcncras
269 731 313 778 au·
333 733 389 796 pro
410 718 618 797 praelatorum
639 719 772 784 fratrum
793 729 823 783 et
836 735 979 783 sororum
993 737 1080 784 secu-

95 785 314 894 ffifflffi
333 812 424 874 ritate
444 827 478 874 66
509 813 672 889 1166611616,
701 815 788 876 etad
820 814 1016 876 contusiones
1046 830 1079 876 ac

95 891 282 938 eoncaoeooas.
332 903 581 968 deordinationcs
602 905 753 970 eiusmodi
774 907 899 985 penitus
914 906 1077 981 tollendas,

333 1005 378 1074 ut,
408 997 493 1060 iuxta
522 999 550 1060 ivl
580 999 663 1078 quod
696 1000 835 1062 laudatus
866 1001 1079 1080 praedecessor

331 1091 441 1154 Paulus
463 1091 498 1154 v.
524 1107 578 1170 pro
600 1092 745 1156 omnibus
766 1093 932 1156 Ordinibus
946 1094 1077 1170 Regula·

330 1186 414 1246 rium
436 1187 564 1265 provide
585 1203 618 1248 ac
639 1196 815 1266 opportune
836 1187 1001 1266 praestitit,
1022 1203 1077 1250 nos

330 1277 423 1340 etiam
455 1294 563 1341 omnes
590 1287 621 1342 et
651 1280 787 1357 singulas
816 1280 1026 1357 indulgentias
1047 1289 1077 1343 et

330 1378 526 1448 peccatorum
558 1373 755 1435 remissiones
786 1374 939 1452 praeilicto
972 1373 1077 1434 Tertio

329 1463 437 1526 (inlini
458 1462 613 1528 Saeculari
635 1465 740 1528 Sancti
762 1467 927 1542 Francisci,
946 1465 1077 1528 sive-di-

329 1565 423 1632 recte,
439 1559 505 1620 sive
519 1574 575 1637 per
593 1560 921 1635 communicationem,
936 1559 1004 1622 siva
1018 1559 1077 1622 6116

329 1653 439 1730 quovis
450 1653 543 1715 modo
553 1654 702 1718 hactenus
715 1667 883 1727 concessas,
899 1651 1077 1715 annullare-

330 1762 400 1808 mus
421 1755 451 1810 et
473 1764 702 1824 revocaremus,
725 1755 756 1810 et
777 1747 849 1810 alias
876 1745 1077 1825 particulares

298 1885 300 1888 .
329 1839 431 1902 eidem
451 1842 703 1905 concederemus.

93 1928 311 2034 quffiii‘la'gioiffil
369 1933 388 2008 ἓ
408 1933 437 1994 5.
463 1933 534 2009 Nos,
559 1943 680 1998 matura
697 1951 792 2014 super
806 1935 863 1997 hoc
877 1933 1076 1997 consultatio

92 2034 242 2132 6161666666
265 2036 310 2081 rn-
329 2041 370 2088 ne
399 2027 585 2104 praehabita,
618 2045 650 2092 ac
681 2028 827 2092 iratribus
859 2036 889 2090 et
920 2026 1077 2091 sororibus

92 2090 311 2206 ιςῗυῗιῖῃῗῗζζῖῗὶ
328 2119 454 2198 61661611
478 2124 574 2185 Τ61111
595 2117 717 2186 O'rdinis
732 2119 901 2185 Saecularis
917 2122 955 2182 de
969 2119 1077 2182 Poeni·

93 2193 164 2294 ἓξὲξ
177 2196 310 2298 {gfitssffl'
331 2217 437 2291 tentia,
460 2217 518 2278 suh
539 2214 1076 2295 661666616666016116161166616116

328 2307 432 2371 Sancti
463 2311 615 2372 Francisci
646 2308 817 2372 directione
848 2324 882 2370 ac
908 2307 1075 2384 regimine,

327 2409 388 2463 tam
412 2403 444 2463 in
470 2403 634 2466 cuiuslibet
661 2401 839 2466 huiusmodi
862 2400 984 2464 Ordinis
1005 2415 1076 2462 con·

327 2496 493 2570 ventibus,
525 2497 591 2558 sive
621 2497 695 2558 alias
727 2493 949 2570 collegialiter,
982 2507 1076 2571 quam

327 2589 420 2651 etiam
443 2589 475 2651 in
497 2588 639 2653 dumibus
661 2589 788 2668 privatis
814 2587 945 2649 seorsim
968 2587 1076 2648 viven-

328 2683 420 2758 tibus,
435 2682 596 2762 spirituale
615 2682 759 2744 solatium
776 2689 807 2743 et
825 2681 971 2742 iuvamen
986 2681 1075 2741 ader·

327 2791 360 2838 re
382 2777 555 2856 cupientes,
578 2786 664 2840 motu
686 2779 811 2857 proprio
832 2784 864 2838 et
881 2783 963 2838 certa
977 2775 1076 2838 scien·

328 2869 380 2944 tia,
396 2887 430 2933 ac
445 2872 483 2934 de
498 2871 680 2950 apostolicae
695 2870 853 2950 potestatis
867 2867 1073 2947 plenitudine,
1094 2931 1096 2934 .

327 2963 537 3044 1611666116166
570 2965 782 3042 indulgentias
816 2971 847 3025 et
878 2969 1073 3040 peccatorum

327 3059 524 3120 remissiones
539 3057 578 3120 de
593 3073 676 3120 novo
690 3057 837 3119 duximus
852 3055 1072 3118 concedendas.

366 3153 386 3227 ἓ
399 3153 428 3214 O.
443 3151 594 3215 Omnibus
606 3151 701 3229 igitur
712 3150 878 3228 utriusque
891 3165 984 3210 serus
994 3147 1076 3210 chri-

326 3245 521 3321 stihdelibus,
543 3246 597 3324 qui
625 3245 743 3306 dictum
765 3243 913 3306 Ordinem
935 3240 1076 3304 Saecula-

326 3353 393 3399 1661
415 3338 520 3402 Sancti
541 3340 707 3414 Francisci,
729 3339 767 3400 de
782 3337 975 3398 Poenitentia
992 3351 1074 3398 nun·

326 3434 698 3512 cupatum,imposterum
711 3430 939 3508 ingredientur,
953 3430 1002 3492 die
1013 3429 1074 3508 pri-

324 3541 377 3588 mo
399 3541 508 3588 eorum
537 3525 586 3588 vel
609 3542 717 3588 earum
749 3527 923 3602 ingressus,
946 3527 971 3586 si
1001 3541 1074 3587 vere

326 3619 522 3698 poenitentes
543 3624 574 3679 et
595 3617 738 3694 66616661,
762 3619 997 3682 sanctissimum
1013 3618 1075 3680 Eu-

325 3711 487 3773 charistiae
501 3711 736 3774 Sacramentum
750 3712 953 3791 sumpserint,
969 3713 1073 3791 plena-

326 3823 413 3870 rram.

97 3909 307 4007 drnrssgiriussbissi
365 3903 384 3977 5
406 3901 433 3962 7.
459 3901 521 3964 Nec
543 3917 606 3964 nun
630 3902 745 3964 eisdem
764 3919 850 3965 nunc
871 3913 901 3967 et
923 3922 979 3984 pro
995 3910 1073 3965 tem·

98 3995 243 4068 prenarrain.
324 4010 399 4073 pore
430 3997 636 4062 existentibus
667 4000 815 4064 iratribus
845 4010 876 4064 et
903 3999 1072 4075 sororibus,

324 4110 399 4156 vere
424 4092 655 4174 poenitentibus
678 4103 710 4156 et
734 4097 895 4172 confessis,
922 4113 955 4159 ac
983 4095 1072 4160 Sacra

325 4191 554 4254 Communiune
575 4190 708 4266 relectis,
732 4191 785 4269 qui
807 4190 840 4253 in
862 4189 947 4253 iestis
969 4191 1072 4255 Sancti

324 4283 477 4346 Francisci
499 4282 678 4346 assisiensis
700 4283 890 4347 confessoris
911 4285 958 4346 die
975 4301 1016 4346 rv.
1040 4299 1068 4345 6-

324 4375 450 4452 6166116,
461 4382 492 4438 61
508 4375 638 4440 Sanctae
652 4375 759 4439 Clarae
774 4375 926 4454 Virginis,
936 4395 992 4442 nec
1008 4393 1072 4440 non

324 4469 427 4532 Sancti
449 4469 594 4531 Titularis
616 4485 724 4532 eorum
746 4470 903 4545 ecelesiae,
919 4472 985 4533 sive
1006 4488 1073 4533 ora-

325 4563 396 4623 torii
418 4569 470 4623 aut
501 4562 665 4640 cappellae,
688 4564 773 4624 etin
796 4564 846 4626 die
873 4565 1072 4628 dedicationis

325 4655 453 4718 Sanctae
473 4654 584 4715 Mariae
605 4655 799 4732 Angelorum
821 4659 953 4720 secunda
976 4675 1073 4736 augu-

322 4749 373 4823 sti,
397 4766 412 4809 a
434 4748 543 4826 primis
573 4749 712 4826 vesperis
744 4767 842 4828 nsque
869 4751 905 4812 ad
932 4767 1072 4815 occasum

323 4841 407 4915 solis,
429 4856 518 4918 suam
540 4840 712 4916 ecclesiam,
735 4843 785 4904 vel
814 4846 995 4922 oratorium,
1019 4853 1072 4908 aut

323 4933 492 5012 cappellam
515 4933 706 5009 huiusmodi,
729 4935 841 4999 devote
861 4939 1070 5016 visitaverint,

323 5033 353 5088 et
376 5026 416 5087 ihi
438 5041 493 5104 pro
519 5027 760 5090 christianorum
793 5029 966 5110 principum
1000 5051 1072 5096 con-

323 5121 436 5194 cordia,
458 5121 622 5182 haeresum
650 5120 868 5200 extirpatione,
891 5132 922 5186 et
944 5126 1072 5189 Sanctae

323 5212 427 5274 lintris
447 5211 603 5274 Ecclesiae
623 5213 821 5291 exaltatione,
837 5217 900 5293 pias
922 5220 957 5280 acl
973 5221 1071 5282 Deum

323 5321 427 5384 preces
458 5305 638 5381 eliuderint,
660 5306 792 5383 singulis
819 5309 937 5386 diebus,
961 5313 1072 5390 quihus

248 5409 249 5414 ’
324 5399 353 5462 111
376 5399 512 5474 egerint,
533 5400 626 5462 etiam
648 5400 830 5477 plenariam.

100 5494 200 5592 woffo
214 5492 306 5592 {3223
365 5491 432 5567 ὃὸ.
457 5491 490 5553 16
513 5492 677 5555 cuiuslibet
698 5509 773 5555 vero
800 5497 908 5558 mortis
928 5499 1070 5575 articulo,

101 5581 241 5656 6161616111.
324 5585 349 5646 61
372 5585 487 5663 pariter
508 5601 582 5647 vere
606 5586 800 5664 poenitentes
823 5599 853 5651 et
875 5589 1016 5665 confessi,
1040 5609 1073 5654 ac

324 5677 413 5742 Sacra
436 5678 664 5740 communione
691 5679 811 5755 reiecti,
834 5681 896 5757 vel,
918 5691 1072 5760 quatenns

323 5771 354 5832 id
372 5769 471 5832 lacere
492 5771 706 5847 nequiverint,
723 5771 833 5834 saltem
855 5776 982 5836 contriti
1005 5793 1073 5840 san-

322 5863 496 5924 ctissimum
527 5862 597 5924 lesu
627 5879 741 5926 nomen
764 5881 828 5940 ore,
851 5867 876 5927 si
898 5869 1070 5944 potuerint,

322 5957 372 6018 sin
394 5955 510 6031 minus,
527 5958 618 6019 corde
633 5958 744 6020 devote
766 5957 992 6037 invocaverint,
1009 5961 1072 6040 ple·

120 3150 148 3192 ln
160 3147 201 3193 dio
213 3148 308 3212 ingres-

96 3211 144 3256 sus,
155 3201 306 3257 plenariam.

429 6103 482 6151 tur.
497 6101 567 6150 Pont.
583 6102 614 6150 dc
628 6103 704 6164 Prep.
719 6103 781 6152 Ficta
794 6105 878 6154 Partis
892 6107 910 6154 l.
925 6105 980 6156 161.
995 6107 1038 6155 111.

965 599 1162 648 BENEDlCTUS
1184 601 1248 646 xlv.

1135 722 1254 783 nariam
1275 721 1422 784 similiter
1442 721 1586 784 omnium
1605 725 1798 800 peccatorum
1813 732 1882 779 suo·

1134 831 1205 878 rum
1238 815 1466 892 indulgentiam
1493 822 1525 876 et
1553 813 1769 875 remissionem
1792 811 1882 872 mise-

1134 908 1297 971 ricorditer
1317 909 1350 970 in
1366 908 1498 970 Domino
1513 906 1709 970 concedimus
1724 912 1755 968 61
1770 905 1882 983 imper·

1135 1000 1241 1063 timur.

1105 1116 1107 1125 ·
1173 1097 1192 1172 ἓ
1212 1096 1242 1160 9.
1264 1097 1339 1160 ltem
1363 1098 1479 1160 eisdem
1500 1095 1647 1159 iratribus
1665 1101 1698 1158 et
1712 1096 1880 1169 sororibus,
1919 1107 2114 1208 fflffitbffi

1133 1193 1187 1271 q'ui
1214 1207 1303 1253 suam
1333 1191 1505 1265 ecclesiam,
1538 1191 1588 1252 vel
1619 1189 1801 1263 oratorium,
1831 1161 1917 1260 velqs,

1133 1284 1311 1363 cappellam,
1329 1285 1436 1348 diebus
1452 1283 1630 1348 Stationum
1648 1283 1681 1345 in
1698 1280 1808 1344 blissali
1822 1281 1883 1342 Ro·

1134 1394 1224 1441 mano
1246 1378 1416 1456 descriptis,
1433 1380 1544 1441 devote
1562 1375 1772 1450 visitaverint,
1788 1383 1829 1450 et,
1847 1381 1882 1436 ut

1134 1470 1319 1550 praefertur,
1333 1472 1502 1546 oraverint,
1518 1478 1553 1533 ut
1574 1469 1697 1532 easdem
1717 1467 1881 1544 indulgen·

1134 1565 1190 1628 tias
1221 1576 1463 1647 consequantur,
1495 1581 1570 1643 quas
1601 1562 1743 1643 praelatis
1774 1560 1882 1624 diebus

1134 1659 1293 1724 visitantes
1312 1661 1453 1724 ecclesias
1467 1659 1559 1722 Urbis
1579 1666 1609 1720 et
1625 1664 1710 1719 extra
1726 1671 1881 1719 6616666-

1132 1762 1320 1832 666666166,
1345 1753 1474 1832 perinde
1501 1753 1579 1815 acsi
1609 1751 1688 1829 ipsas
1714 1749 1805 1812 Urbis
1833 1765 1882 1812 ec·

1133 1847 1239 1909 clesias
1262 1846 1465 1924 personaliter
1486 1845 1660 1918 visitarent,
1683 1841 1881 1904 concedimus

1133 1939 1248 2018 pariter
1269 1947 1300 2000 et
1321 1938 1530 2016 indulgemus.

1172 2033 1191 2107 ἓ
1214 2031 1261 2094 10.
1286 2033 1411 2094 Eisdem
1442 2047 1566 2110 quoque
1597 2045 1672 2091 vere
1693 2027 1879 2106 poenitenti·
1899 2031 2112 2132 aagflu'ssv'ltstssffl

1132 2125 1189 2186 hus
1210 2135 1241 2184 et
1262 2123 1418 2198 conlessis,
1435 2141 1469 2186 ac
1484 2124 1573 2187 Sacra
1587 2122 1818 2185 communione
1833 2137 1879 2182 re·
1900 2148 1991 2184 aarum
2012 2139 2037 2183 at
2055 2139 2112 2185 cotr-

1132 2218 1230 2293 166116,
1253 2219 1286 2278 16
1307 2218 1392 2278 166116
1409 2217 1619 2295 impressionis
1633 2231 1791 2278 sacrorum
1805 2213 1881 2289 stig·

1133 2322 1251 2374 matum
1273 2312 1413 2374 eiusdem
1428 2311 1540 2376 tSancti
1561 2310 1725 2384 Francisci,
1744 2323 1879 2371 necnon

1132 2404 1235 2468 Sancti
1256 2403 1404 2468 Ludovici
1435 2404 1604 2468 Galliarum
1625 2403 1729 2480 Regis,
1752 2408 1783 2464 et
1803 2399 1879 2464 San·

1131 2507 1194 2561 ctae
1211 2499 1366 2561 Elisabeth
1381 2499 1518 2575 Reginae
1529 2496 1746 2574 Portugalliae,
1757 2504 1790 2559 61
1805 2494 1884 2562 866-

1130 2599 1196 2655 ctae
1218 2594 1373 2656 Elisabeth
1396 2594 1572 2671 llungariae
1594 2592 1709 2671 pariter
1730 2591 1878 2668 Reginae,

1130 2703 1272 2750 necnon
1302 2687 1432 2751 Sanctae
1463 2687 1646 2764 Margaritae
1673 2689 1711 2748 de
1732 2686 1879 2758 Cortona,

1130 2789 1221 2860 atque
1244 2783 1276 2843 in
1299 2782 1460 2844 duodecim
1488 2781 1555 2843 aliis
1583 2780 1656 2841 anni
1684 2777 1800 2844 feriatis
1827 2776 1879 2839 vel

1130 2874 1293 2937 dominicis
1314 2874 1421 2936 diebus
1437 2889 1491 2953 per
1505 2874 1651 2952 ipsosmet
1666 2871 1829 2948 eligendis,
1846 2887 1879 2931 ac

1130 2984 1146 3028 a
1166 2967 1378 3046 superioribus
1399 2967 1521 3031 Ordinis
1543 2965 1756 3045 approbandis,
1780 2972 1815 3026 ut
1829 2980 1881 3026 su-

1130 3077 1183 3138 pra
1204 3060 1401 3123 visitantibus
1429 3067 1472 3136 et,
1496 3067 1531 3122 ut
1549 3058 1742 3138 praefertur,
1765 3056 1879 3118 oranti-

1131 3152 1198 3229 bus,
1226 3154 1357 3232 quodie
1388 3153 1600 3232 praelatorum
1623 3152 1653 3215 id
1674 3151 1809 3228 egerint,
1832 3165 1880 3210 se-

1129 3253 1214 3324 ptem
1236 3263 1335 3309 annos
1357 3255 1388 3308 et
1410 3245 1539 3309 totidem
1560 3245 1782 3324 quadragenas.

1169 3341 1188 3415 ἓ
1211 3339 1257 3400 il.
1280 3340 1406 3415 Quoties
1428 3355 1502 3402 vero
1524 3338 1623 3402 missis
1638 3343 1669 3400 et
1683 3338 1750 3401 aliis
1765 3335 1878 3400 divinis
1923 3343 2110 3406 6166666666

1130 3433 1237 3494 olhciis
1259 3433 1289 3494 in
1313 3433 1438 3495 ecclesia
1459 3448 1515 3495 seu
1530 3431 1663 3494 oratorio
1678 3429 1728 3492 vel
1743 3428 1878 3508 cappella
1897 3396 2111 3549 ξὲἒὶωιῗῗᾶῗὲῗθῖ

1130 3526 1306 3588 huiusmodi
1328 3541 1384 3603 pro
1406 3534 1546 3604 tempore
1567 3523 1758 3588 celebrandis
1779 3531 1810 3584 61
1830 3537 1879 3583 re·

1129 3622 1270 3695 citandis,
1286 3637 1342 3684 seu
1363 3622 1656 3698 congregationibus
1678 3621 1807 3700 publicis
1828 3618 1879 3680 vel

1129 3715 1258 3792 privatis
1278 3714 1417 3776 eiusdem
1440 3714 1538 3776 Tertii
1569 3713 1691 3777 Ordinis
1712 3713 1814 3775 ubivis
1835 3713 1878 3774 ia·

1129 3807 1257 3881 61661116,
1285 3806 1499 3881 interfuerint,
1522 3823 1556 3868 66
1576 3821 1724 3884 pauperes
1745 3806 1878 3884 hospitio

1128 3898 1335 3976 susceperint,
1351 3898 1401 3960 vel
1417 3913 1522 3976 pacem
1537 3899 1622 3960 inter
1635 3898 1776 3960 inimicos
1795 3913 1878 3961 6661-

1130 3990 1290 4068 posuerint
1321 4007 1376 4052 seu
1407 3991 1551 4070 componi
1580 3991 1712 4054 iecerint
1737 3991 1787 4053 vel
1809 4007 1878 4069 pro·

1128 4083 1320 4158 curaverint,
1342 4083 1518 4160 ueletiam,
1542 4084 1596 4163 qui
1620 4100 1746 4164 corpora
1767 4084 1878 4148 delun-

1128 4182 1261 4251 ctorum,
1281 4183 1345 4238 tam
1367 4173 1499 4239 fratrum
1514 4185 1546 4238 et
1558 4193 1702 4240 sororum
1718 4179 1879 4240 huiusmo-

1128 4270 1170 4344 di,
1194 4284 1287 4348 quam
1309 4269 1452 4345 aliorum,
1475 4271 1512 4332 ad
1533 4271 1726 4350 sepulturam
1751 4271 1877 4334 associa·

1129 4363 1244 4437 verint,
1274 4370 1326 4426 aut
1357 4379 1569 4442 quascumque
1600 4364 1810 4443 processiones
1840 4366 1877 4426 de

1128 4453 1251 4518 licentia
1272 4455 1424 4520 Ordinarii
1445 4455 1608 4533 iaciendas,
1626 4455 1876 4520 sanctissimum-

1128 4563 1188 4626 que
1200 4548 1410 4612 Eucharistiae
1425 4548 1660 4614 Sacramentum
1679 4552 1791 4614 tamin
1808 4568 1877 4631 pro·

1127 4643 1327 4719 cessionibus,
1350 4659 1444 4721 quam
1475 4660 1548 4707 cum
1578 4644 1614 4705 ad
1647 4645 1799 4722 infirmos,
1822 4661 1877 4707 seu

1127 4734 1201 4796 alias
1237 4751 1433 4814 quocumque
1470 4745 1501 4800 et
1532 4737 1791 4817 quandocumque
1820 4756 1876 4819 pro

1129 4835 1270 4906 tempore
1281 4827 1451 4906 deleretur,
1464 4831 1601 4894 comitati
1613 4832 1744 4908 fuerint,
1756 4833 1807 4895 vel
1820 4834 1877 4895 im·

1128 4921 1234 5000 pediti,
1258 4939 1422 5001 campanae
1444 4926 1480 4986 ad
1502 4924 1531 4986 id
1552 4925 1643 5002 signo
1675 4927 1756 5002 data,
1779 4928 1877 4990 semel

1127 5017 1302 5078 orationem
1327 5017 1515 5079 dominicam
1536 5025 1568 5079 61
1599 5019 1770 5095 angelicam
1793 5021 1878 5083 111116-

1128 5108 1203 5184 rint,
1227 5117 1279 5171 aut
1300 5110 1467 5188 quinquies
1488 5111 1661 5173 orationem
1677 5121 1708 5175 et
1722 5113 1878 5176 salutatio·

1129 5215 1202 5262 nem
1233 5203 1372 5264 eamdem
1401 5218 1456 5280 pro
1486 5206 1720 5269 necessitatibus
1750 5207 1878 5270 Sanctae

1129 5295 1232 5357 blatris
1255 5295 1407 5358 Ecclesiae
1427 5297 1495 5360 sive
1516 5313 1571 5377 pro
1592 5299 1754 5362 animabus
1768 5301 1878 5364 delun·

1128 5396 1251 5450 ctorum
1272 5389 1404 5452 iratrum
1427 5398 1457 5453 et
1477 5407 1621 5455 sororum
1636 5394 1815 5458 huiusmodi
1830 5411 1878 5458 re·

1128 5485 1305 5560 citaverint,
1336 5493 1389 5546 aut
1420 5486 1547 5548 devium
1580 5487 1716 5565 aliquem
1736 5489 1772 5550 ad
1795 5489 1876 5550 viam

1127 5579 1233 5641 salutis
1255 5579 1448 5656 reduxerint,
1472 5589 1503 5643 et
1523 5581 1701 5658 ignorantes
1717 5590 1878 5662 praecepta

1129 5672 1182 5732 Oei
1205 5678 1247 5748 et,
1270 5689 1349 5751 quae
1370 5673 1406 5734 ad
1427 5673 1561 5737 salutem
1592 5682 1676 5750 sunt,
1701 5676 1877 5751 docuerint,

1128 5773 1181 5828 aut
1202 5769 1420 5846 quodcumque
1441 5767 1523 5830 alind
1546 5769 1667 5848 pietatis
1683 5769 1733 5831 vel
1748 5769 1878 5832 charita-

1129 5860 1168 5921 tis
1188 5875 1266 5938 opus
1288 5861 1504 5938 exercuerint;
1529 5863 1631 5938 toties,
1659 5878 1714 5941 pro
1738 5863 1878 5941 quolibet

1128 5961 1358 6038 praedictorum
1390 5973 1521 6037 operum
1552 5956 1715 6033 exercitio,
1749 5964 1878 6020 centum

1743 6108 1769 6152 at

1805 579 1863 642 425
1914 579 1967 632 Aa.
1982 580 2012 632 (1.
2034 580 2100 632 1751
2168 619 2171 625 ,
