4856 6984
349 573 403 628 An.
418 575 448 628 11.
470 575 537 628 1752
589 575 647 640 500

345 1742 502 1788 parochialis

337 1797 441 1840 tronata
467 1806 508 1840 ecc

336 1903 551 1959 homanssupprl·

336 1955 422 2000 mitur.

568 718 687 775 sterum
708 713 918 787 celebrentur,
941 721 976 776 11
996 713 1093 792 prins,
1110 712 1147 774 ab
1160 709 1314 774 infrascri-

568 806 628 885 ptis
643 807 843 885 presbyteris,
857 815 891 868 nt
907 806 985 869 inlra
1000 805 1209 879 nominandis,
1225 809 1315 882 quot·

567 899 658 962 annis
679 900 789 961 missae
810 900 945 979 privatae
967 899 1158 978 quingentae
1179 905 1209 960 et
1230 913 1316 960 sexa-

568 993 667 1068 ginta,
701 993 843 1056 videlicet
875 1001 931 1055 111.
963 1002 1021 1054 111.
1051 991 1218 1071 Sequentia
1241 1005 1315 1051 vero

567 1086 777 1147 anniversaria
799 1101 854 1164 per
875 1087 999 1148 eosdem
1020 1100 1076 1164 pro
1096 1093 1236 1162 tempore
1251 1083 1315 1144 exi·

566 1185 685 1240 scentes
715 1179 885 1258 capitulum
913 1187 943 1240 et
972 1179 1135 1242 canonicos
1166 1177 1314 1256 praefatae

567 1271 712 1334 ecclesiae
732 1273 766 1334 in
788 1271 1077 1352 archiepiscopalem
1094 1271 1313 1345 Goritiensem,

567 1373 602 1426 ut
626 1365 809 1442 praelertnr,
843 1375 975 1440 erectae,
1008 1365 1185 1444 quotannis,
1208 1379 1263 1424 sen
1285 1372 1315 1425 et

567 1473 621 1534 per
643 1459 793 1536 praelatos
816 1457 1040 1520 mansionarios
1065 1456 1256 1530 celebranda,
1279 1455 1313 1518 ad

566 1567 634 1613 eam
656 1553 819 1630 apostolica
849 1550 1032 1614 anctoritate
1061 1549 1194 1630 praelata
1218 1557 1316 1612 trans-

568 1644 708 1720 ierimus,
732 1645 874 1708 videlicet
895 1652 953 1706 etc.
978 1651 1036 1705 etc.

509 1753 550 1842 pa·
609 1741 628 1813 5
655 1738 684 1800 8.
714 1739 873 1800 Praeterea
905 1737 1110 1816 parochialem
1141 1735 1313 1810 ecclesiam,

336 1831 840 1916 111111111151111111111111
867 1834 905 1894 de
926 1832 1060 1893 Romans
1092 1819 1313 1906 nuncupatam,

568 1923 734 1999 duritiem,
757 1940 845 2001 qnae,
865 1924 944 1986 sicut
964 1922 1109 1983 similiter
1129 1921 1313 1998 accepimus,

567 2017 605 2077 de
633 2018 741 2079 eodem
774 2018 1023 2096 lor-epatronatus
1050 2014 1199 2076 laicorum
1229 2014 1316 2076 nobi-

568 2108 644 2172 lium
667 2115 697 2171 et
718 2110 901 2184 illustrium,
925 2109 1068 2172 videlicet
1087 2107 1239 2185 praelatae
1255 2108 1314 2170 lla-

566 2201 630 2262 riae
652 2202 815 2266 Theresiae
843 2203 979 2279 reginae,
1000 2217 1039 2263 ex
1060 2199 1242 2264 1111111111
1263 2201 1312 2262 vel

566 2295 720 2357 dotatione
736 2297 852 2371 existit,
865 2311 1004 2376 quaeque
1018 2311 1071 2373 per
1083 2294 1203 2357 obitum
1215 2311 1312 2371 quon·

565 2389 633 2450 dam
655 2391 778 2452 loannis
798 2390 951 2468 Baptistae
973 2389 1312 2464 (11111111111111111-

565 2488 624 2556 ret,
647 2481 730 2544 illius
762 2483 900 2557 rectoris,
923 2483 977 2560 qni
1008 2489 1094 2544 extra
1127 2483 1312 2544 (111111111-

565 2575 642 2636 riam
665 2575 748 2638 diem
769 2576 878 2638 clausit
899 2583 1087 2650 extremum,
1109 2577 1143 2636 ad
1166 2591 1312 2653 praesens

564 2675 662 2742 vacat,
683 2667 750 2730 sive
772 2676 805 2730 nt
827 2667 1012 2746 praefertur,
1035 2669 1100 2730 sive
1115 2669 1187 2731 alias
1201 2668 1311 2745 quovis

564 2761 655 2822 modo
676 2767 749 2836 etc,
773 2761 919 2840 illiusque
941 2761 1066 2824 titulum
1083 2761 1263 2824 collativam
1277 2777 1311 2823 ac

564 2853 864 2930 denominationem,
879 2863 1022 2917 naturam
1038 2861 1068 2916 11
1084 2857 1249 2918 essentiam
1261 2871 1311 2934 pa-

563 2947 705 3008 rochialis
737 2947 882 3010 ecclesiae
912 2948 1083 3023 collativae,
1106 2948 1147 3009 ita
1169 2951 1249 3028 qnod
1273 2967 1308 3010 ex

564 3055 649 3102 nunc
669 3039 809 3103 collativa
840 3057 905 3102 esse
927 3042 1058 3115 desinat,
1081 3041 1170 3104 etde
1191 3049 1310 3104 caetero

564 3133 610 3193 uti
643 3132 710 3195 talis
741 3134 773 3194 in
806 3133 932 3196 titulum
964 3134 1143 3196 collativam
1176 3133 1309 3198 conferri

562 3236 616 3291 aut
636 3229 797 3306 impetrari
829 3243 892 3290 non
913 3229 1021 3306 possit,
1044 3237 1075 3290 et
1095 3229 1120 3288 si
1150 3226 1234 3290 illam
1259 3229 1310 3290 de·

563 3322 668 3400 inceps
699 3320 833 3384 11111111
861 3329 914 3383 111
946 3321 1122 3399 impetrari,
1157 3322 1206 3382 vel
1236 3320 1308 3382 alias

562 3415 601 3477 de
622 3416 672 3477 illa
695 3415 814 3492 disponi
836 3415 1013 3492 contigerit,
1037 3415 1227 3490 collationes,
1254 3417 1310 3476 im-

562 3509 761 3587 petrationes,
791 3509 929 3588 aliaeque
956 3507 1171 3587 dispositiones
1202 3510 1309 3572 huius-

561 3601 655 3676 modi,
679 3601 781 3664 nnllae
803 3609 835 3662 et
862 3599 1026 3676 invalidae,
1060 3603 1239 3681 nulliusque
1261 3622 1309 3667 ro-

562 3696 644 3758 boris
664 3696 716 3757 vel
737 3697 889 3758 momenti
917 3697 1061 3770 existant,
1085 3696 1227 3774 nullique
1246 3699 1310 3761 sul-

561 3789 733 3866 lragentur,
765 3805 821 3850 nec
852 3789 1022 3852 coloratum
1056 3789 1182 3852 titulum
1214 3792 1309 3868 possi-

561 3882 653 3946 dendi
675 3883 821 3960 cuiquam
844 3882 994 3957 tribuant,
1017 3884 1124 3944 eadem
1145 3885 1307 3961 apostolica

561 3977 813 4050 auctoritasque
839 3991 991 4038 consensu
1019 3974 1170 4054 praelatae
1197 3977 1307 4040 lllariae

560 4069 723 4132 Therasiae
745 4068 882 4144 reginae,
906 4067 998 4128 etiam
1020 4075 1172 4145 perpetuo
1186 4070 1308 4148 suppri-

561 4163 676 4224 mimus
697 4167 727 4222 et
748 4160 974 4236 extinguimus,
997 4160 1145 4238 illamque
1173 4162 1216 4223 sic
1236 4178 1306 4240 snp-

560 4269 697 4333 pressam
719 4261 749 4314 et
769 4253 950 4328 extinctam,
974 4269 1036 4314 una
1061 4270 1133 4315 cum
1162 4256 1306 4318 omnibns

369 4355 470 4452 Elbvssq
484 4365 542 4418 cun
560 4355 592 4408 et
611 4346 743 4423 singulis
764 4344 998 4408 secundodictae
1019 4346 1198 4423 parochialis
1213 4349 1307 4410 eccle-

328 4409 543 4569 ᾗῖιζξὲειξὲἕὲἰνῖξξῗ
560 4440 622 4501 siae
638 4439 736 4511 bonis,
752 4439 844 4500 rebus
858 4445 889 4499 et
903 4438 1155 4516 proprietatibus,
1167 4439 1305 4503 illorum-

328 4566 543 4718 1111111111

562 4547 623 4611 que
638 4533 799 4607 lructihus,
812 4531 993 4606 redditibus,
1005 4533 1221 4609 proventibus,
1234 4535 1307 4597 iuri·

562 4627 629 4700 bus,
662 4625 901 4687 obventionibus
928 4631 959 4686 et
987 4625 1209 4688 emolumentis
1239 4630 1307 4690 nni·

560 4719 670 4794 versis,
686 4719 910 4794 cuiuscumque
924 4717 1071 4792 nominis,
1084 4726 1224 4794 naturae,
1240 4737 1306 4798 spe-

558 4811 628 4885 ciei,
651 4810 806 4890 qualitatis
826 4817 857 4870 et
878 4809 1059 4887 quantitatis
1080 4811 1225 4886 existant,
1248 4814 1306 4874 eis·

559 4906 629 4966 dem
652 4903 769 4965 mensis
799 4902 1047 4979 archiepiscopali
1075 4911 1105 4966 11
1134 4905 1305 4981 respective

558 4995 717 5074 capitulari
738 4992 890 5073 praelatae
912 4994 1091 5073 parochialis
1106 4994 1252 5058 ecclesiae
1268 4999 1304 5058 d-

557 5088 734 5150 xaltationis
755 5087 883 5150 Sanctae
905 5088 1010 5150 Crucis
1030 5096 1060 5148 et
1075 5087 1181 5150 Sancti
1196 5088 1255 5151 11111
1271 5090 1302 5151 11

557 5180 845 5259 archiepiscopalem
861 5181 1018 5242 ecclesiam
1033 5179 1253 5256 Goritiensem,
1271 5193 1303 5244 ut

556 5274 741 5354 praefertur,
764 5282 898 5335 erectae:
924 5274 963 5335 ita
986 5273 1067 5351 quod
1087 5273 1176 5337 liceat
1191 5274 1303 5338 tuturis

556 5367 793 5445 hrchiepiscopo
814 5381 846 5428 ac
868 5364 951 5427 illius
973 5365 1105 5442 capitulo
1126 5370 1302 5432 11111111-

556 5461 611 5536 cis,
632 5476 741 5523 eorum
763 5477 796 5520 ac
812 5459 973 5536 utriusque
990 5473 1114 5520 mensae
1125 5459 1301 5524 huiusmodi

555 5553 727 5632 respective
749 5551 939 5626 nominibus,
961 5551 1104 5613 omnium
1118 5560 1149 5613 et
1164 5553 1303 5629 singulo-

555 5661 627 5708 rum
647 5644 883 5708 secundodictae
900 5643 1079 5722 parochialis
1093 5645 1250 5720 ecclesiae,
1267 5654 1300 5708 ut

555 5739 740 5817 praefertur,
772 5751 952 5816 suppressae
973 5744 1004 5808 et
1026 5737 1180 5800 extinctae
1208 5739 1302 5800 bono-

554 5845 639 5905 rum,
662 5845 779 5906 rerum,
803 5829 1038 5908 proprietatum,
1062 5827 1222 5892 fructuum
1240 5838 1297 5894 etc.

553 5921 776 6002 possessionem
808 5927 866 5983 etc.
890 5921 1121 6001 apprehendere
1143 5928 1173 5983 et
1194 5938 1301 6000 appre-

1091 594 1155 638 ltfn.
1180 594 1270 638 rond.
1296 592 1335 636 nd
1357 592 1385 636 P·
1410 593 1439 638 F·
1466 592 1547 637 PARS
1570 593 1589 636 l.

2151 575 2204 626 An.
2221 577 2254 628 (1.
2279 577 2343 627 1752

1368 709 1498 772 hensam
1520 718 1670 790 perpetuo
1691 710 1840 785 retinere,
1863 709 2006 788 dictaque
2027 709 2118 784 hona,

1370 819 1429 878 res,
1452 803 1654 881 proprietates
1686 803 1798 880 locare,
1830 802 1991 878 dislocare,
2013 818 2120 866 arren-

1368 897 1451 972 dare,
1485 897 1675 976 illorumque
1706 898 1826 960 tructus
1857 905 1915 960 etc.
1946 897 2118 974 percipere,

1369 991 1508 1066 exigere,
1532 989 1647 1065 levare,
1670 1008 1703 1053 11
1725 989 1757 1054 11
1779 1007 1889 1054 eornm
1907 997 1939 1051 et
1954 989 2117 1068 utriusque

1370 1099 1495 1146 mensae
1516 1083 1693 1146 huiusmodi
1711 1100 1788 1156 ,usus
1811 1090 1842 1146 et
1863 1083 2029 1147 utilitatem
2044 1098 2116 1145 con-

1371 1185 1505 1252 vertere,
1528 1177 1666 1239 cuiusvis
1689 1177 1811 1240 licentia
1833 1179 1965 1255 desuper
1988 1176 2119 1238 minime

1371 1270 1534 1348 requisita,
1563 1271 1753 1349 supportatis
1785 1277 1890 1333 tamen
1919 1285 1975 1347 per
1996 1266 2118 1330 futuros

1371 1364 1646 1442 archiepiscopum
1667 1381 1700 1426 ac
1720 1363 1891 1442 capitulum
1913 1370 1943 1425 et
1958 1362 2118 1425 canonicos

1370 1456 1521 1536 praelatos
1550 1457 1696 1520 omnibus
1716 1465 1748 1518 et
1776 1456 1909 1534 singulis
1938 1455 2120 1518 secundodi-

1369 1559 1435 1613 ctae
1467 1549 1647 1628 parochialis
1679 1550 1836 1622 ecclesiae,
1869 1557 1903 1611 ut
1929 1549 2116 1628 praelertur,

1369 1660 1549 1723 suppressae
1563 1651 1594 1705 et
1609 1643 1764 1705 extinctae
1779 1643 1937 1716 oneribus,
1954 1643 2031 1706 dicta
2047 1661 2119 1725 apo-

1368 1739 1474 1799 stolica
1495 1739 1688 1811 auctoritate,
1702 1738 1740 1798 (11
1754 1735 1847 1799 simili
1864 1755 2014 1802 consensu
2032 1756 2118 1817 prac-

1369 1829 1446 1892 latae
1468 1830 1580 1892 llariae
1601 1831 1765 1892 Therasiae
1786 1831 1924 1907 Reginae
1952 1832 2118 1895 modernae

1369 1931 1399 1984 et
1421 1923 1529 1986 dnicae
1560 1924 1795 1986 secundodictae
1821 1923 2002 2001 parochialis
2023 1925 2117 1986 eccle·

1367 2015 1428 2076 siae
1450 2022 1597 2094 patronae
1628 2015 1791 2094 praelatae,
1824 2017 1939 2095 pariter
1966 2026 2116 2096 perpetuo

1369 2109 1508 2183 unimus,
1530 2110 1726 2170 annectimus
1746 2118 1778 2170 et
1800 2109 2044 2188 incorporamus.

1408 2201 1476 2275 §9-
1503 2201 1540 2262 Et
1562 2202 1702 2279 insuper,
1726 2217 1766 2263 ne
1786 2219 1858 2264 cura
1880 2202 2056 2266 animarum
2072 2204 2116 2267 di·
2191 2209 2276 2254 curae
2297 2212 2347 2286 ant-

1368 2295 1520 2358 lectorum
1541 2312 1666 2374 quoqne
1695 2296 1830 2359 filiorum
1859 2298 2112 2375 parochianorum
2134 2267 2346 2383 ῗιῗέᾛῗπέἕῆῗξέζ

1370 2396 1430 2449 tam
1454 2389 1656 2466 primodictae
1678 2388 1880 2450 Exaltationis
1896 2387 2024 2454 Sanctae
2038 2392 2116 2454 Cru-
2134 2371 2346 2477 fflfflflpfffi‘.

1366 2482 1408 2542 cis
1430 2489 1461 2543 ct
1481 2478 1584 2543 Sancti
1606 2481 1670 2544 Viti
1692 2482 1725 2544 in
1756 2483 2046 2561 archiepiscopalem
2069 2500 2116 2544 eo
2136 2474 2284 2528 politanam
2299 2489 2345 2520 tlt·

1366 2574 1490 2636 clesiam
1504 2574 1724 2649 Goritiensem,
1738 2582 1773 2636 ut
1784 2576 1969 2653 praefertur,
1983 2583 2113 2650 erectae,
2134 2530 2346 2626 ssfaffi'ufflffrw

1355 2681 1459 2745 quam
1490 2669 1736 2741 secundodictae,
1771 2677 1805 2729 ut
1837 2669 2021 2746 praefertur,
2043 2685 2114 2747 snp-

1365 2775 1487 2837 pressae
1508 2767 1539 2821 ct
1560 2760 1716 2822 extinctae
1737 2761 1960 2838 parochialium
1975 2762 2116 2824 ecclesia-

1365 2869 1436 2913 rnm
1458 2852 1647 2927 huiusmodi,
1670 2852 1793 2930 aliquod
1816 2854 1848 2914 in
1871 2853 1938 2916 eius
1953 2855 2111 2929 exercitio,

1364 2943 1553 3022 caeterisque
1581 2945 1720 3010 eiusdem
1748 2946 1944 3022 muneribus,
1967 2947 2113 3009 oneribus

1365 3044 1395 3098 et
1417 3036 1668 3112 obligationibus,
1692 3039 1850 3117 patiantur
1874 3040 2112 3116 detrimentum,

1365 3145 1461 3192 unam
1482 3129 1514 3190 in
1536 3131 1730 3207 primodicta,
1752 3148 1786 3193 ac
1806 3133 1935 3195 alteram
1957 3134 1990 3194 in
2004 3131 2116 3195 secunss

1364 3222 1483 3284 dodicla
1516 3223 1739 3300 parochialibus
1770 3226 1906 3287 ecclesiis
1936 3227 2112 3290 huiusmodi

1365 3315 1492 3378 vicarias
1513 3325 1685 3396 perpetuas,
1710 3335 1764 3397 pro
1786 3335 1850 3380 uno
1871 3327 1901 3380 et
1923 3320 2019 3381 altero
2046 3337 2111 3399 prc-

1363 3411 1493 3488 shvterls
1515 3412 1735 3487 saecularibus,
1758 3413 1872 3475 lntnris
1896 3413 1996 3491 primo
2018 3424 2048 3475 et
2066 3432 2112 3476 se-

1363 3508 1620 3570 cundodictarum
1657 3509 1878 3588 parochialium
1913 3511 2111 3574 ecclesiarum

1364 3602 1542 3663 huiusmodi
1574 3603 1696 3664 vicariis
1728 3607 1894 3682 perpetuis,
1919 3623 1972 3684 per
2000 3606 2111 3669 dictam

1363 3694 1490 3757 llariam
1512 3697 1688 3758 'llreresiam
1711 3699 1852 3772 reginam
1881 3699 2010 3778 eiusque
2034 3700 2112 3761 filios

1362 3796 1393 3849 11
1414 3788 1635 3850 descendentes
1657 3791 1867 3868 nominandis,
1885 3803 1914 3856 11
1935 3794 2112 3858 111011111-

1363 3880 1409 3941 rio
1432 3881 1489 3943 loci
1512 3880 1547 3942 ad
1570 3898 1677 3944 curam
1704 3884 1881 3946 animarum
1907 3887 2111 3950 exercendam

1362 3972 1575 4052 approbandis,
1599 3981 1691 4052 atque
1713 3975 1744 4036 in
1767 3976 1855 4039 dictis
1870 3979 1992 4042 vicariis
2006 3981 2041 4040 ad
2057 3998 2112 4042 no·

1363 4065 1566 4128 minationem
1587 4067 1764 4130 huiusmodi
1787 4085 1842 4148 per
1864 4071 1965 4150 ipsum
1985 4074 2112 4136 Ordina-

1363 4161 1444 4222 rium
1475 4159 1688 4234 instituendis,
1711 4161 1765 4239 qui
1795 4163 1901 4224 vicarii
1929 4166 1972 4226 sic
1993 4167 2027 4227 in
2049 4167 2110 4228 illis

1363 4253 1510 4327 instituti,
1533 4255 1611 4331 apud
1635 4254 1735 4332 primo
1756 4263 1787 4316 et
1807 4257 2038 4320 secundodictas
2060 4276 2110 4338 pa·
2138 4267 2338 4329 constituantur-

1362 4344 1510 4408 roclrialcs
1531 4346 1673 4408 ecclesias
1703 4346 1881 4410 huiusmodi
1908 4353 2110 4430 personaliter
2129 4319 2339 4429 l,¹,g¹¹¹⁰,}’,¹¹,},{,¹5²,²,·

1360 4440 1533 4517 respective
1565 4439 1711 4515 residere,
1734 4459 1767 4503 ac
1795 4459 1903 4506 curam
1934 4445 2106 4508 animarum
2128 4435 2338 4525 {ffirffl'fflss

1360 4532 1617 4610 parochianorum
1640 4533 1849 4612 praelatorum
1872 4536 2065 4600 landabiliter
2079 4555 2110 4601 e·
2128 4532 2338 4630 srgffqpuumdc
2405 4541 2406 4544 ’

1362 4640 1499 4698 xercere,
1512 4625 1618 4702 eisque
1633 4625 1834 4689 ecclesiastica
1848 4629 2044 4693 Sacramenta
2060 4632 2108 4693 ad·
2129 4595 2275 4686 fini,?„}{²}¹
2312 4597 2323 4631 Β

1361 4717 1552 4793 ministrare,
1574 4717 1693 4796 aliaque
1716 4735 1810 4781 onera
1832 4723 1933 4800 primo
1954 4732 1986 4785 et
1999 4739 2109 4788 secun-

1360 4809 1489 4872 dodictis
1510 4811 1732 4890 parochialibus
1763 4815 1899 4876 ecclesiis
1931 4817 2107 4880 huiusmodi

1360 4904 1592 4981 quomodolibet
1625 4905 1850 4982 incumbentia,
1881 4910 1984 4972 subire
2007 4919 2038 4972 et
2059 4913 2110 4974 ad-

1359 4996 1502 5074 implere,
1526 5007 1617 5075 prout
1640 5006 1776 5062 rectores
1798 5003 1898 5079 primo
1914 5011 1945 5064 et
1959 5004 2109 5066 secundo-

1358 5088 1512 5152 dictarum
1534 5092 1755 5169 parochialium
1782 5094 1980 5158 ecclesiarum
2003 5096 2108 5160 huius·
2134 5097 2148 5122 ⁸

1360 5183 1442 5244 modi
1464 5198 1518 5260 pro
1543 5190 1683 5261 tempore
1703 5187 1873 5248 existentes
1899 5187 1998 5250 lacere
2019 5189 2108 5253 dehe-

1359 5273 1432 5334 bant
1460 5283 1491 5335 et
1524 5277 1722 5353 tenebantur,
1752 5279 1896 5340 similiter
1928 5288 1960 5343 11
1980 5283 2108 5360 paritor-

1359 5367 1463 5442 miter,
1487 5373 1517 5428 et
1539 5369 1653 5448 absque
1676 5370 1737 5432 nlla
1765 5387 1892 5449 prorsus
1922 5375 2106 5451 differentia,

1357 5460 1450 5520 etiarn
1472 5461 1603 5524 debeant
1624 5471 1655 5524 et
1672 5472 1850 5539 teneantur,
1867 5469 1975 5530 eadem
1990 5477 2107 5547 aposto

1358 5551 1412 5613 lica
1434 5555 1618 5616 anctoritate
1631 5556 1777 5619 similiter
1793 5567 1941 5636 perpetuo
1956 5561 2107 5636 erigimus
2194 5631 2196 5636 ,

1356 5652 1388 5705 11
1409 5645 1621 5724 instituirnus3
1646 5647 1768 5727 illisque
1788 5651 1832 5712 sic
1847 5653 1956 5714 erectis
1972 5660 2002 5714 et
2018 5654 2106 5716 instr-

1356 5737 1442 5814 tutis,
1452 5756 1507 5818 pro
1518 5739 1643 5803 illarum
1656 5744 1826 5821 respective
1836 5759 1973 5820 congrua
1985 5755 2016 5808 et
2027 5763 2107 5810 com·

1356 5832 1475 5910 petenti
1496 5834 1578 5907 dote,
1592 5833 1719 5912 illasque
1734 5850 1790 5912 pro
1807 5845 1947 5914 tempore
1962 5839 2105 5903 obtinen-

1356 5926 1436 5987 tium
1451 5941 1587 6001 congrua
1603 5929 1840 6004 sustentatione,
1854 5937 1885 5990 et
1900 5945 2032 5992 onerum
2045 5932 2104 5993 illis
