4828 6990
347 583 400 634 An.
416 584 444 634 c.
468 583 535 634 1749

363 2135 447 2177 Testes
462 2132 546 2186 singu·

332 2184 399 2231 lares
407 2187 484 2230 etiarn
496 2187 546 2230 sin-

331 2239 471 2300 gularitate
496 2240 546 2284 ad-

332 2293 545 2347 minctuiativa,

332 2345 546 2403 noniaciuntple·

331 2411 394 2444 nam
411 2398 546 2458 probatio-

331 2463 395 2498 nem.

346 5791 440 5834 Causae
454 5793 544 5845 marty-

333 5853 389 5887 rum
407 5841 545 5905 expeditio-

333 5907 371 5940 res
390 5907 473 5941 333333
488 5907 544 5941 333-

288 6009 290 6013 ,
332 5950 464 5996 lassorum.

586 579 644 644 400

565 700 612 776 sui
628 713 876 792 comprobatione
894 711 1054 790 assumpti,
1072 708 1314 787 praeteritarum

565 823 745 882 causarum,
769 807 829 868 iam
859 805 1066 868 resolutorum
1095 800 1246 880 exemplis
1268 798 1313 860 nti

565 899 734 980 desumptis
755 916 793 960 33
814 896 1134 960 animadversionibus
1153 894 1224 956 fidei
1245 909 1313 972 pro·

566 1001 735 1068 motorum,
752 991 838 1055 nulla
860 991 935 1052 iacta
957 990 1119 1051 mentione
1144 987 1315 1066 responsio·

567 1102 657 1160 num,
681 1102 759 1163 quae
780 1103 795 1146 3
818 1082 1057 1164 postulatoribus
1080 1083 1166 1144 datae
1188 1086 1315 1143 suntet

566 1197 582 1240 3
603 1195 687 1242 sacra
706 1179 955 1257 congregatione
976 1176 1171 1255 approbatae,
1194 1189 1233 1236 ex
1255 1189 1314 1252 qua

567 1273 704 1352 proiecto
727 1289 760 1334 re
788 1272 887 1334 multa
918 1271 1048 1333 absurda
1080 1269 1222 1331 derivare
1248 1283 1314 1346 pos·

565 1377 649 1442 sunt,
662 1366 883 1444 demandamus
900 1364 969 1426 iidei
985 1362 1157 1441 promoturi
1169 1376 1224 1440 pro
1238 1368 1316 1422 tem-

565 1476 650 1539 pore,
674 1467 709 1521 ut
733 1459 814 1520 serio
836 1455 1001 1519 veritatem
1034 1455 1313 1530 adre1·tenS,voce

565 1563 605 1629 et,
630 1561 783 1632 quatenus
805 1565 880 1629 opus
900 1551 951 1625 sit,
969 1551 1096 1628 scripto,
1112 1549 1258 1611 certiores
1273 1545 1313 1607 ia-

565 1649 622 1709 ciat
645 1652 714 1708 tum
741 1645 955 1717 consultores,
981 1650 1048 1703 tum
1079 1641 1255 1704 cardinales
1277 1639 1314 1702 de

564 1740 672 1813 abusu,
695 1747 848 1818 quatenus
869 1738 956 1812 adsit,
983 1735 1212 1814 exemplorum,
1236 1749 1315 1811 quae

564 1833 733 1894 scribentes
755 1831 941 1910 quandoque
967 1829 1135 1891 desumunt
1157 1845 1173 1888 a
1194 1834 1312 1906 praete-

565 1926 632 1987 ritis
663 1926 759 1988 causis
792 1925 1060 1988 Beatiiicationum
1087 1930 1118 1983 ct
1147 1921 1313 1984 canoniza-

567 2020 699 2081 tionum.

606 2112 755 2190 Septimo,
778 2127 862 2187 cum,
874 2111 1032 2174 occasione
1046 2107 1244 2172 discussionis
1259 2109 1313 2170 du·

566 2205 607 2267 bii
627 2220 722 2282 super
748 2205 908 2282 martyrio,
932 2203 1064 2264 etfama
1093 2202 1246 2279 martyrii,
1270 2208 1312 2262 at-

565 2315 626 2377 que
647 2298 720 2359 adeo
736 2297 916 2375 probatione
940 2303 1170 2359 tormentorum
1186 2301 1217 2356 et
1231 2311 1313 2356 mor·

566 2391 603 2452 tis
632 2408 646 2450 a
679 2391 819 2468 tyrannis
851 2389 986 2451 indictae
1018 2388 1072 2449 Dei
1099 2387 1197 2448 serris
1230 2387 1312 2448 inter

564 2493 717 2562 martyres
738 2483 935 2546 recensendis
956 2483 1085 2544 excitata
1101 2496 1191 2559 saepe
1205 2479 1245 2541 sit
1266 2480 1313 2541 in-

567 2587 613 2640 ter
628 2579 823 2640 consultores
838 2577 1015 2655 disputatio,
1031 2591 1070 2636 an
1087 2572 1214 2649 iactum,
1231 2572 1310 2651 quod

563 2687 603 2733 33
623 2673 782 2752 separatis,
807 2671 878 2732 licet
899 2669 1087 2732 continuatis
1108 2667 1224 2731 actibus
1245 2682 1312 2728 333-

566 2765 663 2840 tescit,
686 2765 850 2844 probatum
872 2761 931 2825 dici
955 2763 1050 2841 possit
1075 2777 1130 2840 per
1161 2765 1253 2822 testes
1274 2759 1312 2820 de

564 2860 633 2921 visu
663 2875 726 2920 non
758 2862 930 2930 contestes,
959 2857 1011 2918 sed
1033 2853 1225 2932 singulares,
1255 2853 1310 2914 etsi

563 2951 791 3028 singularitate,
805 2950 849 3012 uti
866 2948 984 3024 dicunt,
998 2947 1260 3021 adminiculativa,
1273 2963 1309 3008 ex

563 3063 624 3123 quo
645 3044 723 3105 alter
743 3060 782 3105 ex
805 3044 849 3105 eis
870 3042 997 3121 deponit
1012 3043 1049 3104 de
1068 3050 1204 3120 captura,
1220 3039 1309 3115 alter,

563 3137 698 3216 exempli
720 3137 828 3213 gratia,
844 3138 881 3198 de
896 3135 990 3215 alapis
1012 3135 1157 3212 impictis,
1181 3135 1259 3196 aiter
1273 3137 1310 3197 de

562 3232 757 3305 vulneribus,
780 3239 812 3291 et
832 3230 876 3292 sic
900 3230 1082 3303 successiva
1100 3243 1166 3302 nos,
1183 3243 1309 3290 ornnem

562 3325 806 3389 controversiam
827 3321 1148 3396 dirimerevoientes,
1171 3322 1309 3382 decerni-

562 3437 642 3495 mus,
659 3419 829 3497 praedictos
852 3423 944 3478 testes
956 3415 1141 3492 singulares,
1156 3414 1310 3492 praedicta

561 3513 776 3589 singularitate
805 3509 932 3573 insimul
954 3509 1135 3571 coniunctos
1157 3509 1307 3585 probare,

562 3606 615 3666 sed
639 3605 853 3684 probationem
874 3619 913 3665 etr
934 3604 977 3665 eis
1005 3601 1217 3681 desumptam,
1244 3616 1308 3662 333

561 3715 627 3760 esse
648 3700 856 3777 undequaque
884 3696 1008 3775 plenam
1029 3703 1060 3757 et
1086 3695 1307 3767 subicientem,

562 3803 596 3856 ut
618 3793 794 3868 consulens,
808 3794 836 3854 ei
852 3792 979 3853 innixus
994 3790 1181 3867 respondere
1196 3789 1306 3862 valeat,

560 3895 701 3950 constare
722 3885 759 3948 de
781 3885 930 3962 martyrio
945 3892 975 3945 et
994 3899 1083 3945 causa
1105 3883 1247 3960 martyrii
1262 3883 1309 3943 uti

562 3982 671 4061 passim
694 3981 835 4042 ridemus
857 3979 889 4040 in
907 3976 1121 4040 criminalibus
1143 3975 1252 4049 causis,
1276 3975 1307 4036 in

561 4075 673 4154 quibus
695 4075 798 4151 agitur
820 4072 857 4134 33
879 4089 977 4150 33333
1000 4071 1110 4133 mortis
1133 4070 1307 4146 irroganda,

562 4178 593 4230 et
613 4168 738 4248 quibus,
761 4165 861 4246 quoad
882 4165 1099 4243 probationum
1122 4162 1218 4224 robur
1239 4179 1309 4224 cau·

561 4279 612 4324 sae
627 4259 864 4322 Beattbcattonis
879 4267 910 4320 ct
925 4257 1176 4320 canonizationis
1191 4256 1308 4318 similes

562 4365 645 4418 sunt.
663 4351 694 4415 Si
714 4353 832 4414 etenim
855 4351 1049 4430 probandum
1070 4359 1129 4425 est,
1152 4364 1216 4412 333
1238 4365 1306 4428 pro-

562 4458 684 4511 motum
705 4449 740 4509 ad
762 4445 968 4508 sacerdotium
981 4445 1105 4506 missam
1126 4444 1306 4520 celebrasse,

561 4543 643 4621 quod
665 4548 753 4602 atron
773 4539 892 4602 crimen
908 4537 1040 4616 punitur
1052 4553 1148 4615 poene
1170 4537 1309 4600 traditio-

562 4637 610 4698 nis
631 4635 755 4698 bracbio
776 4633 925 4698 saeculari
947 4640 977 4693 et
999 4648 1081 4694 unus
1104 4631 1189 4693 testis
1217 4633 1308 4711 depo-

562 4738 614 4791 nat
636 4731 674 4794 de
695 4743 852 4790 sacrarum
884 4725 1021 4788 vestium
1047 4725 1243 4799 indumento,
1267 4725 1307 4786 ai·

564 4831 610 4884 ter
630 4823 669 4884 de
690 4838 811 4884 accessu
832 4819 867 4880 ad
890 4820 995 4894 altare,
1019 4817 1097 4882 alter
1118 4819 1156 4880 de
1176 4819 1308 4882 celebra-

562 4918 648 4980 tione
669 4917 777 4978 Missae
796 4928 896 4992 usque
916 4912 952 4973 33
973 4912 1208 4991 praelationem,
1230 4911 1309 4974 alter

561 5011 599 5072 de
613 5007 850 5072 continuatione
863 5021 961 5084 usque
976 5004 1011 5066 ad
1028 5005 1136 5080 finem,
1153 5005 1307 5066 dictorum

562 5103 689 5165 testium
716 5102 752 5163 fit
771 5099 960 5174 coniunctio,
983 5106 1072 5159 etex
1094 5113 1128 5158 ea
1149 5099 1308 5174 consurgit

562 5197 701 5276 probatio
716 5193 871 5256 sufficiens
882 5191 1020 5270 quidem,
1034 5201 1068 5254 ut
1083 5207 1155 5275 rcus
1171 5199 1310 5253 tormen-

564 5291 601 5352 tis
615 5287 797 5352 subiiciatur
812 5284 1019 5364 prestmeade
1034 5282 1240 5359 consessione,
1256 5282 1307 5345 sed

563 5397 627 5444 333
654 5379 821 5454 sufficiens,
845 5386 880 5440 ut
907 5379 990 5440 idem
1017 5379 1155 5440 tradatur
1183 5375 1308 5439 bracbio

563 5475 710 5538 saeculari
741 5473 918 5553 puniendus
951 5487 1049 5551 poena
1073 5472 1199 5547 mortis,
1225 5471 1307 5539 iuxta

563 5568 768 5648 Apostolicam
779 5567 1044 5640 constitutionem,
1059 5582 1137 5644 quae
1148 5573 1194 5626 est
1205 5581 1306 5629 xcvii.

562 5665 581 5738 ἓ
601 5663 624 5720 3
645 5666 675 5722 et
696 5660 730 5734 4,
755 5667 829 5722 totta.
855 5661 872 5718 1
896 5661 994 5721 nostri
1015 5659 1153 5721 Buiiarii.

602 5759 726 5830 Octavo,
743 5756 800 5816 etsi
815 5755 930 5816 nedum
946 5769 1001 5833 per
1014 5756 1175 5817 decretum
1189 5755 1307 5818 editum

563 5869 579 5912 a
600 5857 722 5912 sanctae
743 5865 836 5910 mem.
859 5848 1024 5910 Clemente
1036 5848 1088 5911 iil.
1104 5855 1172 5926 post
1187 5865 1308 5910 accura-

565 5957 627 6009 tam
649 5947 871 6010 discussionem
891 5961 975 6012 3333
996 5961 1144 6008 333333.
1162 5945 1309 6023 aliudque

1091 591 1155 634 tun.
1180 588 1271 633 PONT·
1296 585 1337 630 tte
1358 585 1386 628 Ι).
1410 585 1438 630 Ρ.
1464 584 1546 630 PARS
1568 585 1589 627 l.

1371 711 1512 765 nostrum
1537 701 1745 782 praecedentis
1775 696 2044 761 cottiarmatorium
2069 695 2125 755 de-

1369 803 1491 857 cretum
1512 795 1632 857 editum
1648 795 1696 856 die
1713 810 1743 854 x.
1762 792 1867 871 aprilis
1881 805 2049 855 uoccxnn.
2068 805 2126 849 ve

1371 890 1463 950 titum
1483 889 1523 950 sit
1551 887 1755 966 respondere,
1789 885 1870 964 quod
1896 885 1934 946 de
1959 880 2126 945 miraculis

1370 981 1522 1056 rideatur,
1546 983 1621 1042 dum
1643 981 1675 1042 in
1697 980 1795 1043 causis
1820 977 2031 1040 consessorum
2055 975 2125 1052 agi-

1369 1082 1421 1136 tur
1442 1073 1479 1136 de
1494 1075 1677 1149 virtutibus,
1691 1089 1748 1135 333
1764 1071 1912 1135 transitus
1934 1071 2002 1132 iteri
2023 1068 2125 1148 possit

1369 1166 1405 1229 33
1428 1167 1650 1230 discussionem
1672 1166 1894 1229 miraculorum
1916 1165 1976 1226 nisi
1998 1163 2124 1242 prolato

1370 1268 1437 1340 post
1459 1276 1527 1322 rem
1538 1260 1704 1322 discussam
1727 1260 1760 1321 in
1783 1259 1883 1321 tribus
1904 1258 2124 1336 congregatio-

1371 1354 1461 1415 nibus
1482 1354 1594 1416 iudicio
1610 1353 1744 1415 virtutes
1766 1352 1965 1430 approbante,
1982 1351 2068 1414 iuxta
2086 1366 2124 1412 ea

1370 1464 1448 1525 quae
1469 1465 1485 1508 a
1507 1447 1595 1509 nobis
1617 1445 1745 1508 deducta
1766 1454 1840 1508 sunt
1861 1446 1893 1508 in
1915 1460 2004 1524 saepe
2025 1445 2124 1507 citato

1370 1557 1462 1620 opere
1495 1539 1538 1601 Dc
1571 1540 1763 1605 canonizati.
1798 1538 1955 1612 8333333,
1989 1537 2043 1600 itt.
2081 1540 2118 1613 1,

1359 1627 1438 1711 333.
1462 1632 1519 1706 27,
1543 1651 1631 1696 acm.
1656 1635 1678 1696 5
1699 1639 1729 1696 ct
1751 1650 1839 1696 3333.
1858 1638 1898 1707 8,·
1917 1649 1989 1695 cum
2012 1641 2121 1696 tamen

1370 1727 1402 1788 in
1423 1729 1522 1790 causis
1544 1738 1737 1807 martyrum,
1763 1736 1830 1790 tum
1852 1745 1867 1787 a
1889 1727 2003 1790 nostris
2030 1742 2123 1806 prae-

1369 1820 1591 1897 decessoribus,
1617 1829 1683 1884 tum
1699 1839 1714 1882 a
1730 1812 1819 1883 nobis
1841 1820 1913 1899 ipsis
1935 1835 2122 1882 concessum

1369 1914 1532 1992 aliquando
1563 1915 1615 1988 sit,
1638 1922 1673 1975 ut
1706 1929 1767 1976 una
1798 1929 1871 1975 curn
1903 1913 2053 1990 martyrio
2087 1919 2121 1974 et

1369 2022 1456 2068 causa
1477 2007 1619 2085 martyrii
1649 2012 1839 2085 proponatur
1865 2004 1997 2066 dubium
2018 2005 2054 2066 de
2076 2003 2122 2066 si-

1369 2101 1439 2178 gnis
1461 2108 1492 2162 et
1511 2100 1680 2174 miraculis,
1695 2109 1727 2160 et
1747 2099 1820 2160 binc
1841 2097 1987 2161 nonnulli
2009 2113 2120 2159 ansam

1368 2194 1542 2273 eripuerint
1563 2193 1683 2256 ferendi
1704 2190 1872 2254 favorabile
1894 2190 2043 2254 iudicium
2065 2206 2121 2250 su-

1370 2302 1423 2364 per
1444 2287 1594 2365 martyrio
1616 2293 1646 2347 et
1667 2301 1756 2347 causa
1770 2284 1921 2360 martyrii,
1943 2282 2119 2362 supplendo

1367 2378 1524 2442 deiectum
1544 2379 1765 2458 probationum
1783 2377 1925 2455 martyrii
1941 2393 1998 2456 333
2011 2375 2120 2453 signo-

1368 2487 1439 2534 rum
1460 2481 1491 2534 33
1520 2471 1763 2546 miraculorum,
1785 2477 1838 2534 aut
1865 2471 2037 2532 eorundem
2057 2485 2119 2548 ope

1366 2563 1562 2627 difficultates
1575 2564 1745 2639 obruendo,
1758 2579 1835 2642 quae
1847 2566 2033 2642 martyrium
2046 2581 2117 2625 cau-

1366 2674 1494 2737 samque
1517 2659 1656 2736 martyrii
1671 2658 1872 2733 obnubilant,
1889 2657 2045 2735 praesenti
2060 2674 2118 2719 no·

1365 2762 1430 2814 stro
1462 2754 1585 2816 decreto
1617 2752 1822 2826 declaramus,
1859 2752 2116 2814 coniunctionem

1366 2845 1452 2908 dubii
1473 2845 1511 2908 de
1531 2845 1629 2922 signis
1644 2855 1675 2907 et
1690 2845 1858 2920 miraculis,
1875 2861 1947 2906 cum
1969 2845 2061 2907 dubio
2077 2846 2116 2908 33

1369 2939 1518 3018 martyrio
1534 2948 1564 3001 ct
1579 2956 1667 3002 causa
1679 2940 1820 3016 martyrii
1832 2955 1870 3000 cu
1886 2939 2116 3017 dispensatione

1366 3034 1522 3113 pontificia
1534 3050 1572 3094 ex
1584 3031 1697 3110 duplici
1709 3034 1809 3111 capite
1824 3032 1901 3094 iieri:
1917 3033 2032 3108 Primo,
2042 3033 2115 3111 quia

1365 3144 1437 3190 cum
1450 3129 1554 3190 minus
1569 3143 1714 3206 operosae
1725 3126 1789 3188 sint
1803 3143 1911 3189 causae
1924 3135 2112 3204 martyrum,

1366 3225 1549 3304 inquibus,
1583 3232 1706 3287 tantum
1727 3223 1766 3285 33
1793 3221 1944 3302 martyrio
1966 3228 1997 3282 et
2024 3235 2113 3282 causa

1365 3320 1505 3397 martyrii
1536 3321 1717 3398 inquiritur,
1740 3336 1835 3398 quam
1857 3337 1965 3382 causae
1993 3321 2114 3383 contes-

1364 3431 1483 3488 sorum,
1506 3415 1538 3475 in
1561 3415 1673 3492 quibus
1700 3422 1849 3475 tractatur
1871 3413 1906 3474 de
1932 3421 1996 3476 toto
2018 3432 2113 3476 cursu

1356 3507 1446 3569 'vitae
1466 3509 1614 3583 bominis,
1631 3506 1660 3569 id
1675 3506 1779 3582 efficit,
1796 3516 1830 3568 ut
1849 3522 1910 3569 una
1932 3523 2003 3569 curn
2019 3507 2112 3570 dubio

1365 3602 1507 3681 martyrii
1529 3601 1617 3664 iacile
1637 3601 1865 3664 discutiendum
1881 3602 1995 3665 assumi
2017 3603 2112 3682 possit

1365 3699 1493 3762 dubium
1516 3699 1554 3760 33
1581 3697 1679 3772 signis
1707 3702 1738 3758 el
1759 3695 1930 3759 miraculis:
1956 3696 2110 3773 Secundo,

1364 3793 1446 3872 quia,
1459 3808 1531 3855 cum
1548 3791 1633 3852 iuxta
1648 3797 1738 3852 vetus
1752 3789 1894 3865 adagium
1909 3807 2017 3852 causae
2032 3807 2112 3853 mar·

1365 3893 1471 3962 tyrum
1492 3885 1584 3947 citius
1606 3884 1815 3962 expediendae
1837 3883 1910 3960 sint,
1933 3899 2025 3962 quam
2041 3901 2110 3946 cau·

1363 3996 1413 4041 sae
1433 3979 1658 4053 consessorum,
1682 3976 1846 4054 utriusque
1870 3976 1955 4039 dubii
1981 3977 2113 4040 coniun-

1363 4074 1423 4135 ctio
1443 4072 1586 4135 celeriori
1608 4071 1798 4149 expeditioni
1820 4070 1906 4132 viam
1927 4071 2037 4148 aperit,
2058 4088 2112 4150 per

1362 4182 1430 4228 earn
1447 4165 1562 4229 etenim
1579 4164 1723 4241 martyris
1736 4164 1918 4227 beatificatio
1935 4164 2034 4226 tribus
2047 4170 2111 4225 tan-

1366 4267 1432 4322 tum
1462 4258 1715 4337 praecedentibus
1743 4256 2035 4333 congregationibus
2059 4258 2111 4319 ob·

1365 4352 1457 4414 tineri
1489 4351 1589 4427 vaiet,
1619 4353 1698 4429 quod
1728 4350 1838 4428 nequit
1869 4349 2053 4426 contingere
2079 4351 2110 4411 in

1363 4447 1461 4508 causis
1482 4445 1706 4517 comessorum,
1733 4442 1901 4520 inquibus
1929 4442 2111 4504 beatificatio

1364 4555 1427 4601 non
1449 4538 1610 4602 obtinetur
1625 4537 1685 4598 nisi
1701 4553 1755 4599 ser
1771 4537 2025 4614 praecedentibus
2040 4552 2110 4598 con·

1363 4632 1617 4711 gregationibus,
1640 4631 1739 4693 tribus
1760 4628 1905 4692 videlicet
1934 4646 2028 4708 super
2048 4631 2110 4691 rir-

1365 4727 1494 4800 tutibus,
1517 4732 1548 4786 et
1570 4725 1671 4787 tribus
1691 4739 1785 4801 super
1800 4723 1968 4786 miraculis.
1994 4724 2040 4785 Eu
2053 4723 2111 4786 hoc

1363 4828 1466 4881 autem
1489 4817 1668 4880 nullatenus
1690 4814 1800 4879 inierri
1821 4823 1932 4895 potest,
1945 4817 2027 4894 quod
2040 4832 2112 4894 sup

1364 4912 1561 4991 plementum
1583 4908 1799 4989 probationum
1821 4910 1854 4972 in
1876 4910 1973 4972 causis
1994 4907 2111 4971 confes·

1363 5022 1468 5067 sorum
1491 5020 1585 5083 super
1613 5003 1706 5068 dubio
1734 5003 1888 5064 virtutum
1915 5019 1930 5062 a
1955 5002 2111 5066 miraculis

1363 5099 1593 5163 desumendum
1607 5098 1814 5174 undequaque
1825 5097 1970 5171 vetitum,
1982 5096 2112 5174 permis·

1363 5209 1433 5255 sum
1455 5191 1515 5255 dici
1538 5192 1639 5254 valeat
1661 5191 1693 5252 in
1716 5191 1812 5253 causis
1834 5198 2021 5268 martyrum,
2038 5205 2110 5252 cum

1362 5288 1465 5366 agitur
1486 5285 1524 5348 de
1545 5285 1695 5364 martyrio
1717 5293 1748 5346 ct
1770 5300 1859 5346 causa
1873 5285 2024 5362 martyrii.
2050 5284 2111 5344 ilu-

1363 5382 1449 5442 bium
1471 5382 1509 5443 de
1541 5379 1701 5458 martyrio,
1725 5385 1755 5440 et
1777 5394 1864 5440 causa
1894 5378 2053 5454 martyrii,
2077 5378 2110 5440 iu

1363 5475 1462 5536 causis
1483 5481 1659 5551 martyrum
1673 5471 1859 5551 aequipollet
1880 5471 1974 5532 dubio
1995 5471 2034 5532 de
2049 5471 2111 5532 rir-

1364 5565 1870 5630 tutibusincausisconfessorum.
1895 5565 2013 5626 Rursus
2024 5565 2110 5627 iuxta
2134 5637 2136 5642 ,

1363 5668 1558 5722 constantem
1587 5660 1674 5723 Sedis
1696 5659 1888 5739 spostolicae
1915 5656 2110 5736 disciplinam

1362 5772 1379 5816 a
1402 5755 1490 5816 nobis
1513 5754 1574 5816 late
1596 5753 1768 5831 expositam
1790 5752 1821 5814 in
1844 5752 1936 5813 citato
1957 5767 2052 5830 opere
2066 5751 2111 5813 iic

1366 5849 1558 5916 Curioniani.
1595 5847 1762 5919 sanctor„
1795 5861 1904 5908 causae
1935 5853 2110 5923 martyrum

1364 5953 1549 6022 exaequatae
1570 5947 1643 6004 sunt
1664 5941 1762 6004 causis
1784 5937 1997 6026 confessorum
2012 5939 2045 6000 in
2061 5954 2109 6014 eo,

2159 554 2215 605 An.
2230 555 2260 605 c.
2283 557 2345 606 1749
