4838 6982
951 590 1148 635 ιιιιιιιίιι
1172 591 1234 635 xiv.
1787 573 1841 635 571
1896 570 1948 621 An.
1961 573 1992 645 ¹c.
2014 571 2083 624 1754

317 719 463 788 utsupra
484 711 682 773 visitantibus
704 715 734 772 et
749 711 920 784 orantibus,
934 715 1062 771 centum
1117 705 1225 770 clesiae
1247 726 1301 787 per
1322 709 1448 774 modum
1471 711 1608 788 suffragii
1637 709 1864 786 indulgentiam

316 803 379 866 dies
400 805 438 866 de
453 804 601 866 iniunctis
618 805 661 865 eis
676 820 730 865 seu
745 803 816 865 alias
832 800 1062 882 quomodolibet
1118 811 1336 879 consequatur,
1360 804 1438 866 itaut
1460 805 1598 866 eiusdem
1620 803 1742 866 Domini
1758 801 1862 864 Nostri

315 896 424 959 debitis
445 897 643 976 poenitentiis
666 897 697 958 in
719 896 817 958 forma
833 896 977 959 ecclesiae
991 909 1062 956 coii-
1117 892 1185 954 lesu
1207 894 1322 956 Christi
1337 913 1370 957 ac
1384 897 1581 959 Beatissimae
1598 897 1736 972 Virginis
1752 895 1863 957 lllariae

315 997 400 1052 sueta
422 991 605 1052 relaxamus.
633 991 712 1066 Quas
738 1005 847 1051 omnes
868 1000 898 1050 et
924 987 1062 1062 singulas
1116 985 1364 1068 sanctorumque
1385 991 1524 1051 omniurn
1549 991 1668 1051 meritis
1683 989 1739 1051 sibi
1755 989 1863 1050 suflra-

315 1083 523 1160 indulgentias
544 1090 575 1144 et
597 1092 791 1161 peecatorum
812 1082 1008 1144 remissiones
1029 1096 1061 1141 ac
1117 1081 1259 1156 gentibus
1274 1098 1289 1140 a
1305 1084 1475 1160 purgatorii
1491 1084 1598 1162 poenis
1612 1083 1774 1157 liberetur,
1790 1099 1862 1145 coii-

314 1177 577 1255 poenitentiarum
610 1176 815 1237 relaxationes
848 1183 882 1237 ut
913 1189 967 1252 per
996 1189 1061 1234 mo·
1116 1172 1253 1234 cedimus
1273 1183 1305 1235 et
1327 1174 1536 1252 indulgemus.
1561 1175 1775 1237 Praesentibus
1794 1191 1862 1254 pei·-

314 1269 389 1331 dnm
409 1269 548 1345 suffragii
571 1268 713 1330 fidelibus
737 1268 889 1330 defunctis
910 1266 1062 1345 applicare
1116 1267 1215 1343 petuis
1238 1266 1351 1330 laturis
1373 1271 1565 1347 temporibus
1586 1270 1738 1331 valituris.

314 1364 443 1442 possint,
466 1362 665 1425 concedimus
687 1370 717 1424 et
738 1362 948 1438 indulgemus.
967 1360 1061 1420 Porro
1156 1361 1266 1423 batum
1282 1362 1408 1438 Romae,
1422 1366 1501 1442 apud
1518 1363 1549 1426 S.
1561 1363 1684 1426 llariaiii
1702 1363 1859 1440 Maiorem,

314 1473 370 1518 rios
392 1457 511 1519 duohus
533 1458 595 1518 iam
616 1456 727 1518 abhinc
748 1455 837 1516 aimis
852 1469 1061 1532 saepememo-
1114 1453 1171 1516 sub
1186 1455 1302 1516 annulo
1318 1456 1486 1531 Piscatoris,
1500 1459 1548 1519 die
1560 1472 1603 1518 xi.
1618 1457 1689 1518 maii
1702 1473 1859 1532 unocurt,

314 1557 410 1610 ratam
433 1548 604 1623 ecclesiam,
620 1557 651 1610 et
667 1549 697 1608 in
714 1563 747 1608 ea
761 1549 857 1609 situm
873 1547 980 1620 altare,
992 1561 1062 1624 ριι-
1117 1548 1312 1625 pontificatus
1334 1550 1431 1610 nostri
1453 1566 1534 1611 anno
1557 1567 1612 1612 xii.

314 1649 408 1720 petuo
439 1643 620 1720 quotidiano
652 1641 816 1719 privilegio
848 1640 1061 1702 decoravimus

315 1753 369 1815 per
389 1735 462 1797 alias
483 1742 601 1796 nostras
623 1734 656 1796 iri
674 1734 768 1796 simili
783 1733 879 1795 forma
896 1733 996 1795 brevis
1012 1731 1062 1793 lit·

316 1834 407 1905 teras,
431 1843 563 1906 quarum
586 1834 676 1889 tenor
697 1826 817 1906 estqui
844 1825 997 1904 sequitur:

1428 1685 1612 1747 flainvaivus
1634 1687 1778 1748 Αιιιιι.

1155 1832 1223 1907 §fa
1248 1831 1418 1910 Eapropter
1439 1849 1495 1896 nos
1516 1833 1611 1896 altare
1632 1835 1808 1899 huiusmodi
1824 1837 1861 1900 ab
1907 1856 2076 1903 conirmaaro.

1115 1925 1350 2004 hrchiepiscopo
1382 1927 1539 1989 llexicano
1570 1927 1629 1988 fam
1663 1929 1861 2006 designatum

1115 2019 1229 2078 iterum
1264 2018 1467 2096 approbamus
1497 2027 1528 2080 ιι
1559 2020 1798 2096 confirmamus,
1831 2030 1861 2084 ιι

1116 2116 1269 2189 quatenus
1290 2126 1366 2188 opus
1387 2113 1427 2173 sit
1448 2111 1484 2172 de
1507 2127 1589 2174 novo
1611 2113 1809 2176 concedimus
1831 2125 1861 2177 et

498 2029 689 2092 Benedictus
711 2025 773 2087 PP.
799 2027 875 2090 XlV.

418 2189 460 2252 (ld
481 2195 668 2268 perpetuum
691 2190 737 2250 ffl'
759 2187 954 2250 memffl'fm·
1115 2203 1295 2278 elargimur.
1319 2205 1497 2280 Caeterum,
1517 2221 1588 2266 cum
1603 2206 1636 2268 iri
1659 2207 1804 2268 catholica
1819 2208 1861 2270 le·
1921 2227 2093 2283 induigentia-

1113 2312 1150 2356 sii
1172 2296 1286 2358 Christi
1308 2297 1454 2372 Ecclesia,
1477 2315 1571 2376 quain
1594 2299 1657 2378 ipse
1675 2299 1862 2379 Redemptor
1881 2291 1937 2327 “¹¹¹¹
1956 2283 2090 2328 ⁰⁰¹¹⁰³⁵⁸¹⁰·

106 2399 210 2444 insertio
226 2409 294 2462 eree
354 2392 505 2453 heternae
528 2392 560 2452 in
583 2390 672 2452 caelis
693 2390 835 2452 omnium
854 2389 945 2452 saluti
961 2399 1061 2468 pater·
1114 2397 1220 2450 noster
1241 2391 1365 2468 proprio
1386 2391 1541 2467 sanguine
1561 2391 1715 2467 fundavit,
1740 2394 1862 2454 mortis-

81 2453 133 2496 cett
156 2464 295 2498 concessae·

83 2517 123 2549 nis
138 2505 225 2551 airairs
246 2507 294 2563 pri.
314 2503 351 2548 ιι
373 2485 500 2546 ιιιιιιιι
521 2485 731 2562 procurandae
762 2483 887 2558 intenti,
911 2501 991 2544 sacra
1015 2483 1060 2544 in-

83 2559 203 2614 vilegiati.

315 2580 438 2640 terdum
462 2579 535 2652 loca,
558 2585 650 2654 atque
672 2593 705 2638 ea
723 2578 914 2654 praesertim,
931 2578 965 2637 ad
982 2591 1059 2654 qaae

314 2670 538 2736 Christilideles
559 2669 596 2730 ah
617 2670 669 2730 hac
692 2669 771 2731 alma
793 2669 875 2732 Urbe
897 2678 1012 2743 nostia,
1029 2677 1059 2731 ct

314 2765 376 2840 ipsa
386 2763 518 2841 Europa,
530 2762 709 2838 longissime
720 2763 811 2840 positi
822 2762 988 2824 ardentiori
1003 2763 1060 2839 pie·

314 2857 383 2918 tatis
411 2855 682 2934 venerationisque
704 2856 806 2916 studio
828 2855 967 2932 undique
989 2870 1059 2917 con-

314 2949 431 3023 fluunt,
459 2947 671 3025 spiritualibus
702 2947 969 3024 indulgentiarum
992 2963 1059 3008 mu-

313 3041 439 3103 neribus
470 3041 660 3116 decoranius,
684 3052 719 3102 iit
748 3041 819 3102 inde
848 3040 986 3102 fidelium
1009 3041 1059 3102 de-

312 3133 492 3196 functorum
504 3133 624 3195 animae
639 3133 760 3194 Domini
773 3131 877 3194 Nostri
893 3133 959 3195 lesu
972 3133 1060 3196 Chri-

312 3229 351 3288 sti
378 3227 507 3305 einsque
535 3226 731 3287 Beatissimae
757 3225 921 3288 Cenitricis
949 3227 1060 3290 Mariae

312 3321 449 3396 Virginis
483 3337 517 3382 ac
550 3325 729 3381 sanctorum
759 3319 904 3396 suffragia
934 3321 1059 3381 merito-

312 3430 384 3476 rum
400 3412 563 3491 consequi,
585 3418 676 3489 atque
699 3411 757 3474 illis
786 3412 907 3474 adiutae
928 3429 966 3473 ex
987 3429 1059 3491 ριι-

313 3507 423 3584 gatoiii
446 3507 552 3584 poenis
571 3507 606 3568 ad
621 3507 844 3584 sempiternam
860 3506 990 3582 gloriam
1006 3522 1060 3583 per

313 3599 499 3661 ineffabilem
521 3598 644 3659 divinae
663 3599 888 3661 misericordiae
902 3599 1059 3662 abundan-

312 3694 388 3754 tiam
409 3693 535 3771 perduci
557 3691 690 3753 valeant.

351 3787 502 3860 Quoniam
524 3793 628 3846 aulem
651 3800 745 3864 prope
772 3786 928 3848 civitatem
951 3787 1059 3849 blexici

313 3881 345 3940 iii
367 3879 459 3942 liidiis
481 3880 608 3940 ecclesia
630 3880 702 3940 alias
725 3880 762 3940 iri
779 3879 972 3956 collegiatam
994 3897 1059 3942 ere-

312 3982 357 4035 cta
387 3973 445 4035 sub
476 3973 671 4034 invocatione
699 3972 894 4036 Beatissimae
921 3973 1059 4050 Virginis

312 4065 527 4128 immaculatae
549 4065 584 4126 de
608 4065 797 4142 Guadulupe
819 4075 993 4144 nuncupata
1011 4083 1059 4128 re-

313 4160 444 4238 peritur,
456 4159 491 4220 atl
504 4173 597 4236 quam
615 4158 794 4220 accedentes
812 4175 964 4238 opemque
980 4161 1058 4221 eius-

313 4253 383 4313 dem
406 4250 543 4327 Virginis
558 4251 667 4312 hlai'iae
681 4251 893 4330 implorantes,
909 4269 965 4331 pro
980 4255 1059 4315 votis

311 4344 476 4406 salutarem
492 4345 711 4423 experientem
729 4351 901 4424 eapropter,
918 4346 1058 4408 volentes

312 4437 409 4515 ipsam
431 4438 598 4500 Ecclesiam
620 4437 825 4514 collegiatam,
843 4440 875 4500 iii
898 4456 957 4517 qua
976 4440 1057 4504 aliud

312 4530 407 4592 altare
433 4531 664 4609 privilegiatum
692 4531 758 4592 sive
779 4534 814 4594 ad
846 4539 966 4610 tempus
993 4534 1059 4594 sive

312 4624 344 4685 in
367 4632 553 4702 perpetuum
569 4639 751 4686 concessum
767 4641 830 4685 nori
846 4627 1011 4703 reperitur,
1028 4633 1058 4688 et

312 4726 465 4795 quatenus
486 4718 660 4795 reperiatur
682 4733 736 4795 per
752 4728 926 4796 praesentes
941 4728 1058 4797 aposto-

312 4809 367 4871 lica
388 4811 571 4872 auctoritate
592 4826 784 4887 revocamus,
801 4819 832 4872 et
853 4814 886 4874 in
908 4828 940 4874 ea
962 4813 1058 4874 situm

312 4903 407 4964 altare
428 4920 483 4982 per
504 4904 700 4967 Ordinarium
725 4905 780 4966 loci
807 4907 904 4967 semel
935 4905 1056 4968 tantum

312 4996 539 5072 designandum
559 4998 616 5058 hoc
637 4998 760 5074 speciali
786 5000 866 5060 dono
889 4999 1056 5075 illustrare,

313 5091 495 5153 auctoritate
523 5090 611 5152 nobis
632 5107 648 5151 a
669 5091 801 5153 Bomino
823 5091 944 5168 tradita,
967 5109 999 5154 ac
1020 5095 1057 5155 de

312 5184 541 5261 omnipotentis
573 5183 625 5243 Bel
656 5185 876 5261 misericordia,
900 5194 931 5247 ιι
953 5187 1057 5247 Βιιιι-

313 5292 383 5340 rum
399 5279 481 5338 Petri
496 5287 526 5339 et
542 5276 627 5339 Pauli
642 5278 861 5355 Apostolorum
874 5281 942 5342 eius
956 5288 1059 5342 aucto-

313 5371 402 5432 ritate
424 5372 543 5447 confisi,
566 5379 602 5434 ιι
622 5374 881 5452 quandocumque
913 5375 1057 5438 sacerdos

266 5457 269 5466 ’
312 5469 431 5546 uliquis
445 5469 619 5545 saecularis,
636 5471 687 5532 vel
700 5473 835 5534 cuiusvis
850 5473 972 5538 tlrdinis
987 5492 1059 5538 coii-

312 5563 499 5639 gregationis
510 5571 541 5624 et
551 5563 687 5624 instituti
699 5565 862 5642 regularis,
872 5569 994 5630 missam
1007 5571 1058 5632 de-

312 5655 491 5715 functorum
512 5670 570 5732 pro
592 5655 703 5717 citima
718 5657 948 5736 cuiuscumque
966 5660 1058 5722 Clari·

310 5749 471 5828 stifidells,
494 5765 570 5826 quae
599 5749 661 5811 Boo
682 5751 713 5811 in
741 5753 869 5812 caritate
893 5754 1057 5815 coniuncta

310 5844 347 5904 ab
370 5843 424 5904 hac
449 5843 516 5904 luce
540 5843 733 5919 migraverit,
757 5846 793 5907 ad
821 5845 992 5924 praefatum
1014 5848 1056 5907 al-

312 5946 374 6000 tare
396 5937 574 6012 celebrabit,
590 5938 691 5998 anima
714 5937 776 6015 ipsa
791 5939 828 6002 de
844 5939 985 6000 thesauro
1001 5940 1057 6003 Bc·

1114 2497 1174 2560 que
1194 2497 1268 2543 suae
1298 2484 1418 2544 meritis
1449 2486 1603 2562 usquead
1636 2493 1777 2548 aeternae
1799 2486 1861 2562 glo·

1114 2575 1176 2636 riae
1192 2576 1416 2638 revelationem
1432 2577 1464 2637 in
1480 2577 1573 2638 coelis
1591 2587 1862 2655 perseveraturum

1114 2668 1179 2730 fore
1207 2669 1359 2746 promisit,
1391 2669 1468 2730 nihil
1497 2670 1548 2742 sit,
1572 2671 1653 2747 qiiod
1675 2670 1861 2732 immensam

1114 2761 1252 2823 eiusdem
1274 2761 1388 2823 Christi
1412 2763 1570 2823 caritatem
1592 2762 1689 2838 magis
1704 2777 1862 2824 commen·
1908 2811 1912 2819 .

1114 2855 1165 2916 det
1185 2861 1277 2933 atque
1301 2854 1448 2932 illustret,
1464 2871 1558 2934 qnam
1574 2854 1793 2932 religiosorum
1808 2857 1861 2919 Or-

1114 2946 1222 3009 dinem
1240 2949 1400 3010 institutae
1415 2949 1595 3023 Societates,
1612 2957 1643 3011 et
1657 2949 1861 3012 saecularium

1114 3041 1279 3102 hominum
1302 3042 1569 3118 Congregationes
1601 3050 1631 3104 et
1660 3041 1860 3120 Sodalitates3

1114 3141 1274 3212 propterea
1289 3134 1419 3196 Romani
1438 3135 1601 3196 Pontifices
1616 3137 1862 3214 praedecessores

1114 3227 1210 3288 nostri
1232 3229 1267 3288 ad
1290 3243 1396 3288 earum
1418 3225 1617 3303 Societatum,
1641 3229 1861 3306 Congregatio-

1113 3335 1192 3380 num
1214 3325 1243 3380 et
1266 3318 1468 3382 Sodalitatum
1500 3322 1731 3383 incrementum
1753 3337 1861 3399 procu-

1115 3411 1246 3477 randum
1268 3412 1446 3474 caelestium
1469 3428 1641 3475 munerum
1658 3415 1815 3476 thesauros
1831 3433 1861 3478 e·

1114 3519 1223 3580 rogare
1245 3521 1308 3566 non
1339 3505 1539 3579 destiterunt,
1563 3506 1599 3566 iis
1620 3511 1725 3568 aiitem
1753 3507 1861 3570 maiori

1114 3613 1184 3658 cum
1207 3597 1404 3672 liberalitate,
1420 3598 1532 3676 quibus
1555 3598 1775 3662 Christifideles
1797 3617 1861 3662 non

1114 3690 1216 3751 solum
1238 3691 1274 3751 ab
1291 3691 1347 3752 hac
1361 3692 1441 3752 alma
1457 3693 1533 3753 urbe
1549 3699 1664 3766 nostra,
1681 3693 1733 3755 sed
1748 3693 1785 3755 ab
1800 3695 1860 3771 ipsa

1113 3799 1237 3862 quoque
1258 3785 1378 3862 Europa
1402 3786 1494 3862 longe
1515 3785 1624 3860 dissiti,
1642 3785 1700 3848 sub
1721 3787 1860 3850 Beatissi-

1114 3895 1180 3940 mae
1205 3877 1340 3955 Virginis
1368 3879 1478 3940 hlariae
1509 3879 1679 3957 patrocinio
1705 3887 1735 3942 et
1764 3881 1860 3942 tutela

1113 3971 1325 4048 Omnipotenti
1347 3972 1409 4042 fleo
1424 3971 1610 4034 famulantes
1625 3987 1691 4034 sese
1706 3973 1861 4051 mancipa-

1114 4073 1198 4129 runt.
1222 4066 1372 4140 Quoniam
1397 4072 1502 4126 autem
1524 4065 1555 4126 in
1579 4066 1748 4143 saepedicta
1769 4066 1862 4128 colle-

1114 4161 1193 4238 giata
1223 4167 1252 4220 ιι
1274 4159 1438 4236 parochiali
1467 4157 1591 4220 ecclesia
1621 4157 1728 4218 Beatae
1750 4159 1860 4219 Mariae

1113 4256 1249 4334 Virginis
1271 4253 1306 4316 de
1327 4252 1525 4329 Cuudolupe,
1545 4267 1605 4313 una
1628 4251 1676 4330 pia
1697 4259 1727 4312 et
1751 4253 1859 4314 devota

1115 4353 1276 4430 utriusque
1296 4366 1387 4411 sexus
1409 4347 1666 4411 Cliristifidelium
1686 4348 1860 4423 Congrega-

1115 4446 1156 4508 tio
1176 4461 1232 4508 seii
1255 4442 1497 4507 Conl'raternitas
1524 4441 1582 4501 snb
1608 4439 1699 4502 titulo
1720 4447 1750 4501 et
1774 4441 1858 4502 invo-

1113 4539 1232 4601 catione
1253 4537 1389 4598 eiusdem
1412 4535 1521 4596 Beatae
1536 4534 1646 4596 Mariae
1661 4534 1797 4611 Virginis
1813 4552 1859 4597 ca-

1115 4634 1226 4695 noiiice
1256 4643 1357 4694 erecta
1378 4647 1431 4693 seii
1454 4632 1600 4708 erigenda
1633 4631 1747 4704 existit,
1771 4630 1860 4692 cuius

1113 4727 1282 4788 confratres
1304 4736 1334 4788 et
1355 4739 1534 4788 consorores
1553 4723 1779 4802 quamplurima
1796 4724 1858 4802 pie·

1114 4820 1184 4881 tatis
1204 4827 1236 4881 et
1257 4820 1390 4881 caritatis
1412 4835 1503 4897 opera
1529 4835 1684 4893 exercere,
1707 4817 1858 4880 eiusdem·

1113 4929 1173 4992 que
1189 4911 1327 4989 Virginis
1345 4911 1457 4974 Mariae
1472 4911 1592 4973 cultum
1611 4910 1860 4973 venerationem·

1113 5023 1173 5086 que
1185 5021 1368 5085 promovere
1383 5013 1413 5066 et
1428 5005 1533 5066 fovere
1547 5011 1791 5078 consueverunt,
1803 5019 1859 5065 seii

1114 5093 1302 5175 intendunt3
1316 5114 1382 5174 rios,
1397 5098 1649 5176 utCongiegatio
1662 5113 1717 5158 seu
1733 5096 1858 5159 Confra-

1114 5194 1243 5256 ternitas
1265 5193 1442 5255 huiusmodi
1459 5193 1573 5254 maiora
1588 5193 1619 5252 in
1635 5189 1699 5252 dies
1713 5191 1859 5268 suscipiat

1113 5289 1315 5360 incrementa,
1329 5287 1511 5349 auctoritate
1526 5287 1614 5349 nohis
1629 5285 1787 5348 aDomino
1799 5293 1858 5345 tra·

1113 5381 1173 5442 dita
1188 5398 1221 5443 ac
1237 5382 1275 5444 de
1290 5381 1519 5459 omnipotentis
1534 5380 1586 5442 Bei
1603 5377 1812 5442 misericordia
1827 5384 1857 5438 ιι

1113 5474 1277 5536 Beatorum
1299 5475 1381 5536 Petri
1404 5482 1434 5536 et
1457 5475 1541 5536 Pauli
1553 5472 1769 5553 Apostolorum
1791 5470 1857 5532 eius

1112 5568 1294 5629 auctoritate
1315 5568 1435 5644 confisi,
1457 5569 1602 5629 omnibns
1619 5572 1649 5628 et
1669 5566 1801 5643 singulis
1822 5583 1857 5627 ii·

1113 5664 1252 5740 tritisque
1272 5678 1364 5723 sexus
1387 5660 1642 5724 christifidelibus
1663 5675 1737 5720 vere
1751 5660 1856 5738 poeni·

1112 5755 1248 5816 tentibus
1270 5763 1300 5816 et
1321 5753 1477 5830 confessis,
1500 5769 1533 5814 ac
1554 5769 1635 5813 sacra
1657 5753 1855 5816 Communic-

1112 5864 1152 5909 ne
1173 5847 1306 5922 refectis,
1329 5849 1382 5926 qui
1410 5847 1571 5909 ecclesiam
1602 5861 1656 5908 seii
1686 5846 1852 5924 cappellam

1111 5940 1161 6003 vel
1183 5943 1351 6004 oratorium
1373 5942 1523 6021 praelatae
1538 5943 1785 6022 congregationis
1800 5959 1853 6005 seu
