4732 7014
177 2355 213 2403 ab„
223 2353 251 2404 C.
273 2353 358 2405 1740

200 3957 277 4002 haas
291 3955 388 4001 natio-

190 4011 388 4108 nullasnulla-

225 4898 387 4945 antistitum

173 4951 285 4998 srbbsm

684 1066 691 1092 *
771 1058 1019 1225 runis
1079 1007 1589 1226 raorrrroh

561 1375 701 1480 DE
746 1373 1506 1489 PROPAGANDA
1550 1378 1799 1485 FIDE

887 1641 1128 1720 PARS
1170 1643 1477 1722 PRIMA

1060 1845 1310 1853 „W

962 2112 1281 2235 assemanus
1310 2115 1409 2194 xm.

630 2341 885 2407 CONSTlTUTIO
905 2341 928 2402 l.

399 2534 510 2596 Facta
532 2541 561 2596 ct
588 2539 676 2612 pasta
705 2531 740 2592 ia
767 2529 917 2591 electione
945 2527 1154 2604 patriarchae

448 2627 690 2692 Maronitarum
712 2623 806 2686 trullo
828 2629 858 2682 ct
878 2621 980 2684 irrita
997 2621 1155 2690 declarat,-

447 2723 522 2783 iure
541 2717 754 2782 devotationis
770 2716 929 2778 Simonem
946 2714 1104 2776 anodiam
1119 2714 1154 2774 ia

447 2811 673 2892 patriarcham
702 2811 810 2888 elipit,
841 2809 989 2870 actitata
1018 2805 1155 2868 dissidia

448 2905 650 2969 eliminanda
671 2909 766 2966 curat
789 2901 845 2982 (l).

404 3091 536 3159 Dilectis
559 3091 631 3157 liliis
650 3089 799 3157 universis
816 3084 1064 3154 christifidelibus
1080 3083 1154 3150 cleri

448 3185 620 3253 saecularis
642 3200 679 3249 ac
700 3181 848 3266 repuleris
869 3186 901 3246 et
922 3179 1007 3247 laicis
1025 3178 1154 3245 nationis

449 3278 670 3354 Maronitarum,
689 3275 781 3354 Botri,
796 3273 907 3359 Beryti,
923 3273 1017 3358 cypri,
1034 3270 1101 3356 Tpri
1116 3288 1154 3337 ac

448 3371 575 3454 Tripolis
598 3371 771 3454 respectae
794 3368 981 3447 dioecesum,

579 3515 823 3586 sensadolus
840 3516 899 3586 ΡΡ.
916 3515 985 3583 lltll.

685 3653 791 3721 bilecti
814 3651 882 3730 lilii,

445 3749 576 3817 salutem
597 3753 630 3815 et
651 3746 850 3832 apostolicam
873 3745 1121 3812 benedictionem.

449 3940 604 4004 Praeclara
625 3939 663 4001 de
689 3939 845 4001 constanti
876 3937 1010 3999 nationis
1035 3943 1157 4001 uestrae

408 4034 633 4098 Maronitarum
661 4031 827 4094 catholicae
854 4031 925 4092 fidei
953 4027 1154 4108 professione,

407 4127 553 4190 laudabili
574 4125 758 4188 christianae
780 4123 900 4203 pietatis
921 4124 1019 4197 cultu,
1039 4131 1071 4183 et
1092 4121 1157 4182 exi-

408 4221 474 4282 mio
494 4220 591 4282 vestri
610 4235 681 4296 erga
696 4217 901 4297 apostolicam
916 4219 997 4279 hanc
1012 4216 1156 4279 Sanctam

409 4313 522 4376 Sedem
543 4312 694 4391 obsequii,
717 4310 927 4372 venerationis
948 4318 980 4371 et
1000 4307 1155 4371 adhaesio-

409 4407 458 4468 nis
481 4407 558 4482 zelo,
580 4414 626 4468 tot
647 4406 815 4468 luculentis
843 4413 964 4467 vestrae
990 4403 1155 4466 alacritatis

409 4508 442 4563 et
462 4500 652 4563 obedientiae
673 4499 824 4577 exemplis
837 4513 960 4576 semper
975 4499 1155 4559 confirmata

409 4594 517 4672 opinio
538 4609 593 4655 nos
615 4593 745 4667 inducit,
769 4600 804 4654 ut
823 4607 931 4653 omnes
950 4589 1155 4652 amantissimi

409 4687 513 4766 potius
535 4688 627 4764 patris
648 4703 742 4765 quam
762 4685 864 4747 severi
883 4685 991 4747 iudicis
1006 4690 1107 4762 partes
1123 4683 1155 4743 in

408 4780 586 4858 praesentia
607 4779 806 4842 adhibeamus
827 4793 899 4840 cam
926 4776 1155 4839 uenerabilibus

407 4872 556 4935 tratribus
586 4872 786 4935 antistitibus
817 4871 928 4933 vestris
960 4869 1154 4949 praesertim,

407 4966 465 5044 qui
486 4964 672 5027 venerabilis
693 4965 797 5026 lralris
820 4963 954 5028 Simonis
977 4963 1085 5025 Evodii
1102 4963 1155 5023 Pa·

408 5059 559 5122 triarchas
581 5075 597 5120 a
619 5059 708 5120 nobis
734 5061 769 5121 ad
791 5058 922 5120 schisma
951 5058 1084 5119 cluorum
1106 5071 1156 5134 pa·

407 5152 615 5220 triarcharum
637 5151 767 5214 nulliter
786 5150 959 5214 electorum
980 5149 1156 5210 tollendum

408 5244 573 5323 apostolica
594 5244 777 5307 anctoritate
798 5243 972 5318 constituti,
988 5248 1018 5303 et
1036 5241 1072 5303 ab
1087 5241 1157 5303 uni-

408 5339 509 5400 versis
542 5339 677 5400 nationis
716 5336 939 5400 Maronitarum
976 5335 1156 5397 hominibus

452 5549 482 5604 (l)
497 5551 534 5595 Ex
548 5552 609 5608 app.
624 5549 658 5594 ad
672 5547 738 5594 Bull.
749 5550 822 5594 Pont.
835 5549 1155 5607 S.cong.deP1·op.Flde,

410 5617 578 5674 vot11.,pog.
589 5619 621 5660 80.
633 5617 802 5662 —Leclorem
817 5615 861 5662 hic
874 5616 1011 5662 advertere
1025 5616 1154 5674 cupimus,

410 5684 480 5741 qnod
493 5683 521 5728 in
535 5683 681 5740 colligendo
693 5685 753 5728 acta
767 5684 792 5728 h.
809 5686 833 5728 P.
849 5695 916 5740 quae
930 5684 964 5729 ad
979 5689 1001 5728 S.
1014 5687 1037 5729 c.
1049 5685 1080 5728 de
1089 5686 1115 5728 P.
1127 5686 1153 5728 F.

411 5750 650 5796 extraordinariam
671 5749 880 5796 iurisdictionem
902 5753 1030 5807 spectant,
1052 5751 1155 5796 diversa

411 5817 470 5862 eins
487 5816 626 5864 selectiora
639 5817 671 5863 ad
692 5815 734 5863 ius
755 5829 866 5864 comune
880 5819 907 5863 et
921 5817 1097 5864 universalem
1112 5821 1156 5862 Ec·

411 5884 507 5930 clasiae
527 5885 693 5941 disciplinam
714 5885 875 5942 [pertinentia
895 5884 1073 5941 adiungimus
1095 5897 1156 5942 quo·

412 5961 473 5996 rum
487 5951 624 5998 scientiam
633 5951 661 5996 in
672 5951 841 5998 missionibus
852 5950 1028 5998 necessariam
1038 5965 1095 5998 esse
1106 5953 1157 5999 exi-

413 6016 566 6076 stimamus,
584 6030 645 6064 cum
666 6019 819 6065 huiusmodi
840 6019 1030 6076 sapientissimi
1049 6024 1075 6066 P.
1097 6025 1157 6068 acta

1208 2357 1279 2402 cum
1302 2342 1427 2406 laudum
1450 2349 1614 2424 praeconio
1635 2355 1665 2410 ct
1687 2351 1793 2428 plausa
1823 2355 1954 2432 excepti,
1989 2373 2042 2424 nn.
2056 2373 2086 2424 a.
2109 2375 2177 2424 1740

1209 2433 1420 2498 iurisdictione
1458 2442 1666 2520 praestitoque
1701 2444 1747 2504 illi
1782 2445 1956 2508 obedientia

1207 2543 1272 2589 sese
1301 2529 1530 2607 subduxerunt,
1555 2542 1584 2595 el
1611 2551 1667 2612 per
1695 2553 1764 2599 suas
1792 2539 1956 2600 circulares

1208 2622 1350 2698 epistolas
1371 2632 1494 2701 praeter
1520 2625 1576 2687 alia
1598 2628 1686 2690 vobis
1715 2630 1954 2706 denuntiarunt,

1209 2723 1254 2788 ul,
1279 2717 1406 2778 nomine
1430 2725 1551 2781 tantum
1572 2721 1779 2784 Patriarcbam
1795 2724 1956 2786 Simonem

1210 2807 1363 2870 Evadium
1384 2811 1585 2888 appellantes,
1607 2815 1727 2876 nullam
1749 2817 1787 2878 de
1809 2817 1891 2880 illius
1913 2817 1958 2878 di-

1209 2901 1328 2975 gnitate
1348 2909 1379 2962 et
1401 2905 1584 2967 anctoritate
1615 2909 1767 2970 rationem
1789 2909 1953 2972 haberetis.

1209 2995 1288 3055 Fore
1302 2995 1389 3057 enim
1403 2997 1437 3058 in
1453 2997 1584 3060 Domino
1599 3002 1795 3078 conlidimus,
1811 3011 1846 3064 ut
1861 3004 1956 3066 iidem
2021 3029 2140 3076 noriano
2155 3031 2187 3075 aa

1209 3089 1400 3150 venerabiles
1432 3090 1541 3154 iratres
1563 3094 1727 3156 antistites
1749 3097 1857 3170 vestri,
1880 3113 1956 3174 qnos
1975 3085 2145 3130 ⁰⁰¹¹⁰⁰¹d¹³¹st

1208 3196 1263 3258 per
1284 3181 1356 3242 alias
1378 3191 1497 3246 nostras
1520 3185 1551 3246 in
1574 3187 1668 3248 simili
1690 3187 1788 3249 lorma
1802 3189 1905 3252 brevis
1921 3191 1956 3251 li-

1211 3283 1289 3336 teras
1310 3277 1355 3355 (S)
1378 3277 1432 3339 hac
1453 3279 1491 3339 cle
1506 3294 1538 3338 re
1553 3280 1665 3341 absona
1681 3289 1711 3342 et
1726 3297 1782 3359 per
1796 3299 1895 3344 sacros
1909 3301 1956 3346 ca·

1210 3385 1307 3431 nones
1336 3377 1496 3449 tantopere
1523 3373 1692 3451 improbata
1722 3377 1953 3452 admonuimus,

1209 3464 1329 3524 saniora
1351 3465 1477 3526 consilia
1508 3467 1741 3544 amplectentes
1764 3477 1795 3530 et
1816 3469 1854 3532 cle
1874 3487 1957 3532 com·

1210 3556 1310 3632 missis
1331 3557 1450 3620 delictis
1471 3559 1622 3636 dolentes,
1642 3559 1677 3621 ad
1698 3563 1956 3626 communionem

1209 3649 1242 3710 in
1263 3651 1385 3712 unitate
1410 3653 1547 3729 spiritus,
1570 3661 1602 3715 et
1623 3653 1743 3716 debitae
1764 3656 1957 3718 obedientiae

1208 3743 1356 3822 obsequio
1377 3761 1449 3806 cam
1469 3748 1579 3808 eodem
1604 3747 1778 3810 Patriarcha
1799 3751 1959 3828 quampri-

1210 3851 1299 3899 mum
1317 3839 1457 3899 redeant.
1480 3837 1598 3901 Plories
1619 3840 1699 3918 ipsos
1721 3841 1883 3905 antistites
1904 3859 1956 3904 ve-

1209 3937 1288 3990 stros
1309 3931 1422 3992 hortati
1441 3948 1561 4008 sumus,
1578 3950 1611 3995 ac
1626 3935 1856 4012 quamplurima
1871 3953 1958 4014 prae·

1208 4022 1399 4101 scripsimus,
1423 4032 1453 4086 et
1475 4026 1637 4104 apostolica
1658 4029 1840 4090 caecinnae
1856 4028 1958 4090 indul·

1209 4115 1317 4193 simas,
1341 4125 1376 4178 ut
1391 4119 1494 4179 omnia
1510 4119 1644 4196 partium
1659 4120 1772 4196 stadia,
1789 4121 1911 4183 dissidia
1925 4129 1957 4185 et

1209 4209 1372 4271 schismata
1394 4210 1518 4288 penitus
1538 4211 1789 4288 eliminarentur,
1805 4221 1837 4275 et
1853 4216 1957 4276 omnia

1210 4308 1311 4363 restra
1330 4303 1362 4364 in
1379 4303 1505 4365 caritate
1520 4307 1642 4368 fierent.
1661 4305 1701 4367 Ea
1717 4315 1842 4385 propter
1858 4307 1954 4382 vobis,
1988 4335 2127 4383 maana„
2141 4348 2187 4383 an-

1210 4393 1313 4458 dilecti
1324 4395 1391 4470 alii,
1406 4412 1470 4459 non
1482 4397 1584 4460 solum
1596 4405 1708 4462 notum
1719 4415 1785 4462 esse
1796 4401 1954 4475 volumus,
1976 4387 2187 4500 ξξξιξξῑέᾞειᾞθὲῑ·

1210 4490 1292 4566 quod
1314 4505 1369 4550 nas
1390 4493 1494 4552 omnia
1516 4500 1547 4554 et
1567 4493 1690 4570 singula
1711 4495 1744 4555 in
1759 4496 1885 4571 negotia
1899 4494 1955 4555 ha-

1209 4581 1342 4646 iusmodi
1363 4583 1400 4645 ab
1421 4583 1531 4647 iisdem
1554 4586 1751 4649 antistitibus
1773 4587 1897 4663 vestris,
1920 4595 1956 4649 ut

1209 4693 1225 4736 a
1247 4676 1361 4738 laudati
1382 4678 1573 4741 Patriarahae
1589 4679 1724 4742 Simonis
1739 4681 1850 4743 Evodii
1866 4682 1957 4743 iuris·

1209 4767 1343 4832 dictione
1365 4787 1398 4832 se
1418 4771 1638 4848 subducerent,
1661 4773 1737 4835 lacta
1759 4781 1790 4836 et
1805 4783 1889 4851 gesta
1903 4791 1956 4836 an·

1211 4863 1451 4942 nullarerimus,
1482 4867 1780 4947 irritaverimusque,
1810 4875 1841 4930 et
1869 4869 1956 4930 nulla

1210 4965 1302 5036 atque
1323 4958 1410 5020 incita
1431 4967 1462 5021 et
1484 4960 1602 5022 nullius
1623 4963 1775 5023 momenti
1790 4979 1824 5024 ac
1837 4963 1956 5024 roboris

1210 5067 1276 5114 esse
1296 5069 1328 5114 ac
1349 5052 1416 5115 iore
1437 5053 1712 5132 declaraverimus3
1736 5057 1956 5119 verumetiam

1209 5146 1296 5207 vobis
1316 5147 1480 5224 apostolica
1501 5148 1685 5210 auctoritate
1698 5156 1803 5210 nostra
1818 5149 1956 5226 iniungi-

1210 5256 1280 5301 mus
1302 5247 1332 5302 et
1354 5243 1548 5316 mandamus,
1572 5251 1606 5304 ut
1630 5243 1748 5316 eadem,
1772 5251 1807 5305 ut
1828 5242 1957 5321 praelati

1209 5349 1329 5408 sumus,
1352 5334 1428 5396 lacta
1450 5351 1483 5396 ac
1504 5341 1588 5411 gesta
1609 5336 1739 5397 omnino
1761 5335 1956 5414 nollentque

1209 5548 1317 5594 concilii
1337 5547 1485 5596 Tridentini
1508 5549 1655 5596 doctrinam
1679 5547 1812 5596 declarent
1833 5553 1859 5596 et
1879 5552 1957 5597 adfln-

1209 5619 1288 5662 ment.

1250 5686 1279 5740 tal
1295 5687 1346 5730 lias
1360 5685 1452 5730 literas
1467 5684 1538 5730 ltaud
1554 5683 1689 5742 potuimus
1703 5685 1837 5742 colligere,
1852 5699 1912 5732 cum
1928 5688 1954 5732 in

1209 5754 1265 5797 vat.
1280 5752 1355 5796 arch.
1371 5753 1458 5797 desint
1472 5751 1559 5809 prima
1570 5755 1685 5808 quatuor
1695 5753 1744 5798 vob
1756 5753 1830 5810 epist.
1841 5754 1875 5798 ad
1885 5753 1956 5811 prin·

1208 5819 1278 5875 cipes
1293 5821 1319 5863 el
1333 5818 1407 5864 alios.
1423 5820 1501 5864 Adest
1515 5820 1564 5864 vol.
1577 5822 1605 5864 v.
1621 5821 1689 5876 quod
1704 5820 1797 5878 incipit
1811 5831 1828 5865 a
1841 5821 1884 5866 die
1899 5833 1952 5866 xvc.

1209 5886 1317 5943 augusti
1338 5899 1480 5932 muccxnnt.
1504 5887 1530 5931 si
1550 5899 1567 5932 a
1585 5887 1759 5944 patriarchali
1780 5892 1954 5934 armenorum

1210 5954 1343 6000 tabulario
1362 5965 1406 6000 aas
1426 5955 1590 6011 habebimus,
1608 5956 1690 6001 lector
1709 5955 1735 6000 in
1754 5955 1900 6012 appendice
1918 5955 1955 6002 in·

1209 6022 1303 6068 veniet.
