4838 6982
967 615 1165 672 inuenturos
1187 618 1252 672 xit.
1803 597 1862 668 Old
1912 597 1966 658 dn.
1980 603 2011 658 0.
2031 594 2101 657 1755

337 739 521 819 Symbolum
535 753 607 804 cum
621 737 828 806 additamento
843 741 983 819 recitare,
1000 742 1080 824 quod
1139 742 1242 821 tiopue
1269 745 1448 822 recitarent,
1476 743 1567 813 sicuti
1588 750 1694 810 narrat
1715 741 1882 820 Gregorius

337 837 539 898 adhaererent
560 835 659 898 errori
679 836 873 916 opinantium
892 854 925 899 ac
945 853 1082 900 assereu·
1139 837 1363 915 Trapezunuus
1385 839 1420 902 irc
1441 856 1502 902 ecce
1517 839 1652 917 epistola
1666 839 1708 902 ed
1726 838 1880 908 Creterra„

338 929 429 1005 tium,
453 928 605 1008 Spiritum
634 926 784 994 Sanctum
805 947 821 992 a
843 931 931 992 Patre
953 937 983 991 et
1005 930 1081 992 Filio
1139 935 1213 993 tom.
1240 935 1256 994 1
1283 933 1434 996 Graeciae
1456 931 1662 1005 ortlcodomoc,
1683 931 1769 1010 opat
1797 930 1882 994 Alte-

337 1039 400 1086 nou
421 1022 601 1102 procedere,
622 1022 672 1084 vel
693 1023 731 1084 ab
746 1023 880 1086 Ecclesia
894 1023 1080 1086 additionem
1138 1025 1222 1086 tium
1238 1040 1308 1104 pup.
1326 1027 1410 1098 537,
1427 1026 1508 1104 quod
1523 1025 1725 1088 confirmatur
1739 1026 1830 1088 ellam
1843 1022 1882 1087 ob

336 1118 419 1180 illam
442 1116 586 1194 Filioque
607 1116 825 1194 symbolosteri
846 1133 910 1180 nou
932 1116 1077 1196 potuisse.
1139 1116 1277 1180 Ecbord.
1302 1125 1377 1180 tom.
1397 1119 1413 1178 1
1433 1118 1636 1196 Scriptorum
1653 1118 1786 1182 Ordinis
1803 1119 1883 1181 Scu-

335 1213 402 1273 buo
423 1208 544 1272 Summi
564 1211 739 1285 Pontifices,
755 1225 869 1290 nempe
883 1210 994 1275 Beatus
1008 1211 1081 1273 Gre·
1137 1211 1183 1272 cti
1197 1211 1359 1273 Dorttuici
1372 1225 1445 1292 pop.
1459 1211 1544 1284 762;
1562 1212 1689 1274 tortasse
1704 1212 1788 1275 enim
1804 1212 1882 1273 Pon-

336 1306 442 1381 gorius
463 1305 501 1368 X.
525 1304 558 1365 in
579 1304 782 1381 Lugdunensi
807 1303 957 1378 Concilio,
974 1311 1005 1366 et
1021 1305 1082 1366 Eu·
1137 1303 1213 1366 tilen
1224 1305 1445 1383 suspicabatur,
1456 1322 1497 1368 ne
1507 1305 1654 1384 praedicti
1666 1305 1881 1384 Graeci,quip·

337 1397 447 1476 genius
467 1397 519 1461 lll.
543 1397 575 1458 in
597 1397 791 1472 Florentino,
815 1397 948 1476 primam
970 1397 1080 1474 agendi
1137 1413 1175 1476 pe
1188 1399 1290 1476 quiex
1306 1398 1383 1460 urbe
1397 1398 1663 1478 Constantinopoli
1679 1399 1881 1474 advenerant,

335 1493 502 1568 rationem,
525 1490 563 1552 ob
577 1491 722 1553 indicatas
744 1507 858 1564 causas,
875 1491 1081 1554 cumGraecis
1137 1491 1168 1552 in
1191 1508 1227 1553 eo
1243 1493 1314 1555 hdei
1336 1493 1476 1569 dogmate
1492 1494 1596 1556 minus
1611 1494 1694 1556 Ormi
1715 1500 1830 1556 essent.
1847 1494 1881 1555 ln

336 1587 557 1662 adhibuerunt,
579 1585 626 1647 uti
647 1592 766 1647 constat
785 1600 825 1646 ex
847 1590 921 1646 tom.
946 1583 969 1642 7
990 1585 1079 1647 colle·
1136 1585 1253 1647 duabus
1267 1584 1409 1648 turmulis
1424 1586 1620 1664 professionis
1635 1586 1718 1660 lidei,
1731 1603 1806 1665 quas
1822 1586 1883 1647 iam

336 1680 446 1744 ctionis
472 1679 591 1742 Concil.
616 1679 778 1752 Hardulni,
800 1693 871 1756 pop.
896 1677 963 1738 698
988 1678 1027 1750 D,
1050 1687 1081 1740 et
1136 1679 1278 1756 superius
1301 1680 1626 1755 commemoravimus,
1654 1696 1786 1758 quarum
1808 1679 1884 1741 alte-

337 1783 410 1838 tom.
435 1773 455 1834 9
476 1774 616 1836 eiusdem
638 1771 837 1848 collectionis,
853 1788 925 1853 pap.
943 1771 1021 1845 395,
1041 1773 1078 1833 D.
1137 1787 1203 1834 ram
1224 1771 1391 1848 Gregorius
1412 1773 1492 1836 Xlll.
1515 1773 1648 1849 Graecis,
1674 1773 1803 1836 alteram
1825 1773 1882 1836 Ur-

335 1869 475 1934 Alteram
495 1881 571 1928 vero
599 1865 770 1942 rationem,
793 1882 831 1927 en
853 1867 949 1929 causis
972 1867 1079 1929 itidem
1137 1866 1233 1928 banus
1255 1865 1332 1929 lllll.
1349 1867 1557 1931 Orientalibus
1578 1867 1784 1946 praescripsit,
1802 1867 1882 1929 nihil

335 1979 426 2042 supra
458 1960 572 2036 allatis,
608 1959 767 2037 amplexus
803 1965 848 2021 est
884 1960 1081 2038 servavitque
1135 1957 1216 2022 aliud
1239 1961 1431 2036 continetur,
1446 1977 1540 2038 quam
1561 1961 1641 2039 quod
1658 1961 1690 2022 in
1702 1960 1882 2024 Florentino

336 2058 486 2122 Summus
514 2052 655 2116 Pontifex
683 2050 825 2115 Nicotaus
847 2053 907 2129 lll.,
938 2069 1009 2116 cum
1030 2057 1081 2118 de
1137 2051 1274 2114 Concilio
1295 2052 1353 2115 luit
1373 2056 1588 2118 coustitutum.
1614 2057 1648 2118 ln
1671 2057 1788 2118 duabus
1810 2072 1882 2118 eon-

335 2148 512 2230 prehendit,
523 2145 701 2209 blichaelem
717 2145 938 2225 imperatorem
953 2163 991 2210 ex
1002 2147 1081 2210 bona
1134 2146 1359 2221 stitutionibus,
1373 2147 1468 2210 altera
1480 2147 1624 2211 videlicet
1635 2148 1775 2212 Clemen.
1790 2148 1882 2225 lllll.,

336 2246 396 2306 tide
416 2257 480 2304 nou
503 2255 604 2316 agere,
628 2253 730 2319 neque
753 2239 790 2300 lis
811 2249 902 2314 stare,
919 2257 997 2317 quae
1017 2240 1081 2318 pol·
1136 2254 1215 2316 quae
1228 2248 1274 2301 est
1287 2239 1342 2311 34,
1361 2239 1478 2303 arcteris
1493 2240 1583 2302 Rom.
1598 2241 1742 2304 Butlerii
1759 2247 1834 2304 tom.
1847 2243 1881 2314 3,

336 2338 438 2400 licitus
466 2335 567 2397 iuerat
592 2334 624 2394 iu
654 2334 809 2394 tractanda
835 2334 965 2408 unione,
988 2349 1080 2412 quam
1138 2331 1210 2406 56,
1234 2339 1339 2394 nostra
1359 2333 1454 2395 altera
1476 2333 1658 2414 incipiente:
1684 2334 1756 2396 litei
1777 2341 1884 2412 pecto·

335 2447 407 2495 rum
435 2428 582 2490 Pontilice
609 2425 758 2503 Gregorio
784 2426 822 2488 X.
851 2429 1081 2505 praedecessore
1136 2425 1229 2496 rotis,
1245 2426 1264 2500 5
1281 2425 1309 2497 1,
1328 2425 1473 2488 Recitavit
1489 2427 1593 2488 nostri
1610 2432 1683 2488 tom.
1703 2428 1735 2499 1,
1752 2435 1884 2506 utraque

335 2541 390 2588 suo
404 2523 577 2586 absolverat
597 2528 690 2600 atque
710 2521 898 2582 firmaverat.
923 2520 1021 2582 Huius
1036 2519 1080 2580 rei
1135 2520 1215 2580 edita
1227 2534 1282 2597 pro
1293 2518 1410 2581 Latinis
1426 2519 1592 2598 Episcopis,
1603 2519 1635 2581 iu
1651 2537 1785 2598 quorum
1801 2521 1883 2583 dioe-

335 2621 560 2682 documentum
581 2630 598 2675 e
620 2613 766 2677 Vaticano
794 2613 931 2675 archivio
958 2615 1081 2676 desum·
1135 2612 1253 2694 eesibus
1284 2621 1448 2675 versantur
1478 2613 1664 2675 Graeciam
1694 2607 1899 2677 albanenses

335 2721 424 2792 ptum
452 2711 485 2772 iu
512 2707 661 2787 haynaldi
691 2707 862 2770 Annalibus
894 2708 1080 2785 impressum
1136 2719 1282 2781 graecum
1314 2706 1410 2767 ritum
1441 2713 1618 2783 servantes,
1650 2706 1818 2769 dummodo
1850 2707 1883 2770 hi

335 2813 382 2869 est
404 2807 444 2869 ed
465 2819 588 2867 eruero
622 2801 745 2864 Christi
768 2815 981 2878 accurrunt,
1004 2803 1023 2877 5
1044 2801 1076 2862 7.
1137 2797 1288 2877 Spiritum
1310 2799 1459 2862 Sanctum
1481 2817 1496 2861 a
1518 2799 1607 2862 Patre
1628 2807 1658 2862 et
1680 2801 1757 2862 Filio
1779 2817 1883 2879 proce·

335 2901 483 2964 Eamdem
505 2899 589 2958 viam
610 2895 794 2957 institerunt
816 2895 965 2957 Martinus
980 2894 1031 2956 llt.
1049 2903 1081 2957 et
1136 2893 1208 2954 dere
1223 2893 1432 2969 intermanet
1447 2893 1883 2970 agnoscantEcclesiaeiuisse

335 2992 477 3057 Nicotaus
499 2990 547 3052 lll.
581 2990 619 3051 Et
645 2988 787 3066 quamvis
815 2989 852 3050 de
881 2988 1081 3050 Pontillcibus
1137 2994 1321 3066 potestatem
1342 2987 1473 3049 addendi
1489 2987 1636 3065 Symbolo
1657 3004 1766 3050 rocem
1782 2986 1883 3050 Ititc'o·

334 3087 413 3164 istis,
435 3085 518 3164 quod
538 3085 574 3144 ad
596 3083 676 3144 hanc
697 3097 763 3144 rem
784 3083 933 3159 pertinet,
953 3081 1081 3159 scripto-
1135 3096 1204 3157 prce,
1228 3081 1360 3142 minime
1382 3081 1528 3142 iubentur
1543 3077 1727 3159 Symbolum
1741 3097 1812 3144 cum
1828 3082 1882 3144 hac

334 3197 383 3244 res
405 3181 524 3244 diversa
539 3175 735 3258 tradiderint,
748 3174 949 3252 Pachymeres
963 3181 1078 3251 mmen,
1135 3175 1291 3236 additione
1302 3175 1442 3252 recitare;
1459 3175 1518 3236 nisi
1532 3174 1624 3250 torte,
1641 3191 1675 3236 ea
1687 3175 1883 3254 praetermis·

335 3279 387 3358 qul
416 3285 492 3339 tunc
523 3273 670 3350 temporis
702 3271 1078 3348 Constantinopolitanam
1134 3283 1177 3339 sa,
1191 3267 1370 3329 scandalum
1386 3268 1584 3344 immineret3
1607 3276 1661 3330 aut
1678 3275 1763 3330 certo
1778 3269 1881 3348 aliquo

334 3370 497 3436 historiam
519 3374 713 3446 posterorum
731 3365 899 3426 memoriae
921 3379 1078 3425 commen·
1134 3361 1166 3421 iu
1188 3361 1254 3423 loeo
1277 3360 1439 3438 peculiaris
1449 3362 1641 3424 cousuetudo
1656 3361 1715 3422 lam
1732 3361 1883 3424 invaluis-

334 3465 434 3536 dabat,
458 3461 512 3525 lib.
529 3463 563 3534 6,
580 3475 649 3538 cup.
667 3459 718 3532 14,
737 3467 842 3536 aperte
864 3465 1005 3534 testatur,
1029 3474 1079 3519 eos
1134 3462 1180 3516 set
1200 3455 1349 3516 recitandi
1370 3454 1547 3534 symbolum
1568 3471 1641 3516 curn
1655 3454 1812 3518 additione
1829 3455 1880 3518 Fi-

334 3551 1080 3638 praedeoessorumsuorumepicbeiamnouluis·
1135 3549 1254 3626 liopcce;
1280 3554 1334 3610 aut
1359 3548 1494 3626 denique
1522 3549 1734 3610 necessarium
1756 3559 1880 3628 putare·

333 3669 366 3715 se
387 3659 523 3725 secutos,
535 3648 587 3710 sed
603 3647 749 3722 voluisse,
774 3656 807 3708 ut
822 3647 859 3708 ab
873 3644 1080 3709 Orientalibus
1135 3650 1197 3718 tur,
1221 3649 1256 3703 ιιι
1277 3638 1461 3720 Symbolum
1482 3641 1519 3704 ab
1540 3641 1601 3703 illis
1626 3657 1699 3704 cum
1728 3642 1881 3720 praedicta

334 3754 366 3809 et
387 3744 508 3809 Graecis
523 3741 707 3820 Symbolum
728 3751 800 3803 cunt
814 3738 970 3801 additione
982 3735 1079 3799 Filio·
1133 3735 1290 3798 additione
1312 3735 1509 3810 recitaretur,
1529 3736 1566 3798 ad
1588 3733 1770 3798 eliciendam
1792 3736 1883 3799 indu·

334 3854 393 3918 pue
414 3821 614 3909 recitaretur,
637 3842 671 3897 ut
694 3834 805 3896 iniecta
831 3833 889 3894 sibi
911 3831 949 3893 de
975 3832 1080 3894 ortho-
1134 3829 1215 3890 biam
1246 3837 1348 3892 rectae
1378 3830 1517 3908 ipsorum
1552 3829 1622 3890 lldei
1655 3829 1879 3907 probationem.

334 3935 412 3996 doxa
434 3931 560 3992 illorum
582 3928 643 3989 side
665 3927 814 3990 dubitatio
842 3926 1015 4000 tolleretur,
1039 3925 1079 3988 od
1134 3922 1228 3984 llecte
1248 3930 1352 3984 autem
1373 3938 1436 3984 uon
1460 3923 1552 3998 modo
1566 3929 1667 3998 patres
1683 3923 1811 3986 Concilii
1828 3925 1881 3986 Za-

335 4030 459 4086 certem
481 4022 734 4100 ceperimcctrcm
750 4019 941 4096 capiendum
961 4019 1033 4096 ,idei
1049 4026 1079 4081 et
1135 4015 1424 4091 rnosoiae,tit.1dc
1440 4015 1515 4078 Fide
1528 4013 1706 4086 corbolien,
1718 4014 1773 4076 sed
1788 4018 1881 4080 etiam

333 4117 514 4180 sententiae
541 4116 751 4178 Graecorum:
778 4113 848 4174 circs
869 4129 941 4174 uero
961 4114 1079 4192 pipicus
1134 4109 1239 4171 Patres
1260 4109 1439 4172 Libanensis
1461 4108 1603 4183 Goncilii,
1625 4116 1712 4187 port.
1728 4111 1758 4181 1,
1775 4111 1881 4172 eodem

335 4211 483 4274 teloneum
505 4211 584 4290 fore,
601 4207 630 4268 at
652 4213 680 4269 el
704 4206 771 4284 ipsi¹
783 4202 975 4281 Symbolum,
992 4207 1078 4268 sicut
1136 4203 1203 4278 tit,
1221 4221 1309 4266 eum.
1328 4203 1381 4276 12,
1404 4202 1440 4264 ad
1462 4219 1588 4266 omnem
1603 4203 1787 4282 scrupulum
1808 4205 1878 4267 sub·

335 4304 459 4375 Latini,
471 4301 736 4380 monuociereet.
761 4299 846 4362 ldem
861 4298 1002 4360 Pontifex
1018 4298 1080 4360 llu-
1134 4300 1340 4374 movendum,
1363 4296 1492 4376 provide
1512 4305 1702 4372 statuerunt,
1727 4307 1761 4360 ut
1782 4315 1880 4360 sacer-

335 4399 458 4476 genius,
467 4396 520 4475 qui
532 4394 757 4458 inllorencino
767 4392 907 4454 Concilio
918 4392 1079 4456 Orientali·
1133 4392 1219 4456 dotes
1240 4407 1349 4454 omnes
1370 4405 1479 4454 eorum
1502 4389 1621 4466 legibus
1636 4391 1778 4467 subiecti,
1792 4389 1881 4470 Sym-

335 4494 391 4555 bus
412 4496 613 4562 concesserat,
626 4494 662 4550 ut
675 4487 743 4548 sine
763 4501 798 4547 ea
819 4501 905 4560 voce,
923 4483 1077 4562 Filioque,
1133 4485 1252 4560 bolum,
1276 4486 1362 4547 iuxta
1383 4484 1642 4547 consuetudinem
1654 4485 1810 4550 Romanae
1825 4489 1880 4552 Ec·

335 4582 518 4663 Symbolum
539 4579 717 4653 recitarent,
740 4594 811 4640 eum
834 4577 945 4640 deinde
971 4579 1079 4640 Arme·
1133 4579 1254 4654 olesiae,
1276 4593 1348 4640 oum
1370 4578 1518 4658 particula
1541 4576 1686 4656 Filioque
1709 4590 1871 4659 usurpent.

335 4693 390 4740 uos
413 4677 447 4738 in
468 4675 621 4739 unitatem
643 4672 772 4736 Sanctae
788 4671 941 4734 Ecclesiae
961 4671 1079 4750 recipe·
1172 4673 1192 4747 9
1213 4670 1263 4734 3l.
1287 4672 1331 4734 Ex
1347 4672 1406 4747 his,
1419 4687 1497 4750 quae
1511 4671 1571 4734 huo
1586 4688 1685 4750 usque
1699 4673 1777 4736 dicta
1793 4683 1877 4750 suut,
1933 4693 2044 4741 rourum
2067 4695 2112 4742 uc-

334 4779 394 4847 ret,
410 4769 523 4832 eisdem
540 4766 704 4846 praecepit,
717 4773 752 4828 ut
767 4763 913 4844 Symbolo
927 4766 1079 4844 praedicta
1134 4765 1225 4845 plene
1245 4765 1452 4840 concluditur,
1471 4765 1584 4828 Sedem
1603 4765 1809 4844 Apostolicam
1823 4769 1878 4831 hac
1897 4747 2110 4900 Esslffiyffllff

334 4865 489 4928 additione
509 4861 637 4922 adaucto
658 4867 836 4934 uterentur,
852 4859 898 4920 uti
913 4858 1019 4920 videre
1033 4867 1079 4920 est
1134 4861 1197 4938 ipsa
1219 4859 1252 4921 in
1275 4875 1308 4919 re
1329 4857 1524 4936 quandoque,
1541 4875 1579 4920 ex
1601 4859 1806 4938 peculiaribus
1821 4863 1878 4926 cir·
1918 4856 2111 4902 '³⁰⁰⁸E⁰⁰¹⁰⁵¹³›

334 4959 366 5021 in
378 4953 560 5021 collectione
570 4951 783 5017 conciliorum
796 4951 944 5014 Harduini
959 4957 1032 5013 tom.
1043 4953 1076 5026 9,
1132 4951 1341 5028 cumstontiis,
1370 4959 1592 5030 perspectaque
1611 4951 1669 5013 sibi
1701 4955 1803 5030 gentis
1825 4956 1879 5017 ali·
1897 4909 2111 5020 'cgfltfflorsipgrg

333 5066 407 5132 pag.
432 5049 502 5112 435
524 5047 562 5118 Β,
584 5061 621 5106 eo
650 5045 731 5124 quod
760 5043 887 5106 tortasse
914 5046 1077 5121 ArmeuoS,
1132 5049 1221 5110 cuius
1241 5047 1362 5120 indole,
1390 5046 1591 5119 consensisse,
1614 5052 1649 5106 ut
1672 5055 1774 5110 certus
1795 5048 1879 5110 adbi-
1896 5017 2111 5129 ἕὲιᾞῗῗιῗρέἷιῖ

334 5160 397 5208 ιιοιι
412 5157 507 5222 aeque
522 5155 556 5202 ao
569 5139 710 5214 Graecos,
726 5137 875 5200 eiusmodi
890 5138 1078 5200 additamen-
1134 5141 1260 5204 beretur
1281 5141 1409 5214 modus,
1438 5153 1533 5217 quem
1557 5146 1659 5201 umen
1681 5139 1718 5202 ab
1739 5139 1817 5216 aliis,
1841 5141 1879 5204 ob
1897 5120 1949 5169 ¹¹⁰³
1963 5125 2047 5172 ⁸⁰⁶⁰&

335 5247 366 5301 to
377 5242 585 5317 repugnantes
600 5231 853 5311 deprehenderat.
872 5229 1015 5294 Callistus
1029 5232 1078 5294 iti·
1132 5234 1267 5297 diversas
1287 5232 1547 5307 circumstantias,
1563 5231 1783 5312 diversumque
1799 5233 1878 5297 loco·

333 5333 404 5396 dem
425 5329 474 5393 lll.
497 5328 654 5390 Romanus
676 5322 833 5400 Pontifex,
855 5339 928 5387 cum
949 5323 1077 5388 tratrem
1131 5343 1205 5390 rum
1235 5344 1269 5390 ac
1300 5326 1485 5406 populorum
1517 5329 1667 5403 genium,
1699 5327 1878 5392 nullatenus

334 5425 497 5489 Simonem
512 5438 549 5484 ex
562 5420 675 5484 Ordine
686 5418 931 5480 Praedicatorum
947 5434 1078 5480 munere
1132 5421 1275 5500 usurpari
1300 5420 1450 5500 permisit.
1480 5420 1702 5495 Quamobrem,
1725 5427 1760 5482 ιιι
1790 5422 1878 5484 oneri

333 5517 528 5598 inquisitoris
539 5513 718 5576 decoratum
729 5513 762 5574 in
776 5512 898 5575 Cretam
912 5511 1076 5588 ablegaret,
1131 5523 1272 5592 suscepto
1293 5513 1366 5576 satis
1389 5514 1548 5588 iaciamus
1572 5514 1650 5575 nibil
1671 5513 1755 5584 aliud
1770 5531 1879 5594 super.

334 5604 962 5694 quamininsulamsereceperantplures
972 5604 1078 5667 Graeci
1132 5614 1189 5682 est,
1211 5623 1305 5685 quam
1327 5615 1362 5669 ut
1384 5605 1594 5682 ostendamus,
1610 5607 1774 5684 aliquando
1796 5623 1877 5670 eam.

332 5703 529 5780 aulugleutes
557 5701 595 5762 ab
619 5698 696 5762 urbe
724 5696 1076 5775 Constantinopolitano,
1132 5701 1202 5766 dem
1224 5701 1336 5765 sedem
1356 5699 1573 5780 Apostolicam,
1595 5701 1671 5762 dum
1692 5701 1782 5763 novit
1803 5717 1879 5778 gen-

332 5798 422 5861 ouius
436 5803 508 5860 aute
523 5793 687 5858 biennium
701 5793 818 5854 'turcae
832 5790 921 5869 potiti
941 5789 1075 5868 luerent,
1133 5801 1197 5856 tem
1217 5794 1352 5872 aliquam
1366 5793 1573 5856 Orientalium
1587 5802 1618 5855 et
1632 5792 1831 5871 Graecorum,
1843 5796 1877 5858 iu

334 5891 424 5954 iussit
444 5891 545 5970 ipsum
573 5889 702 5966 vigilem
729 5889 873 5952 adhibere
893 5904 1018 5966 curam,
1042 5897 1076 5953 ut
1132 5888 1234 5966 aliquo
1266 5887 1361 5950 latino
1392 5889 1455 5951 ritu
1484 5888 1656 5952 adhibendo
1687 5890 1877 5953 tenaciorem

329 5983 428 6050 iidem
449 5983 556 6048 Graeci
571 5981 752 6064 Symbotum
768 5999 839 6046 cum
853 5982 1007 6046 additione
1022 5981 1078 6045 Si·
1132 5997 1216 6057 esse,
1247 5980 1331 6044 illius
1352 5999 1445 6045 usum
1467 5981 1496 6043 ei
1522 5981 1658 6060 benigue
1684 5984 1875 6070 permisisse,
