4798 6978
96 571 150 621 Au.
166 572 198 622 O.
220 570 289 624 1756

123 717 241 763 Dubitat.
266 727 300 762 an

80 770 132 816 sub
150 781 182 816 ea
196 771 298 816 constit

79 823 301 880 comprehendan-

81 882 126 922 tur
145 879 225 940 etiarn
247 888 299 923 mo·

80 933 202 976 nastcrra
213 931 300 976 foemi-

79 993 178 1046 narum
190 986 216 1030 et
225 983 299 1030 rolle-

77 1047 126 1090 gta
161 1039 299 1094 utriusque

77 1102 164 1135 settis.

91 2210 239 2256 herlus-atio
249 2210 296 2256 cir·

75 2273 106 2307 ru
115 2264 296 2310 ratrammo-nes

74 2322 155 2379 post·
174 2318 295 2380 ‘dictam

73 2381 252 2428 promeremur
261 2373 297 2426 fb·

75 2427 154 2470 rtunt.

89 2877 151 2936 dena
162 2875 231 2921 circa
238 2886 294 2921 ron-

76 2933 210 2975 rrrrttorrar
235 2934 294 2974 artie

73 2987 227 3044 prrrserttem
239 2993 294 3028 rort-

72 3037 292 3133 {titutionemr'ai-

82 3101 125 3134 us.

118 3338 265 3386 (lustratae.

953 586 1150 632 esuaurcrus
1172 586 1237 632 xiv.
1792 567 1851 634 (365
1901 571 1954 621 Au.
1968 568 1999 626 c,
2020 565 2089 620 1756

320 719 443 780 aarum,
467 707 518 767 vel
540 704 682 784 capitula,
695 721 751 767 seu
767 704 907 782 collegia,
929 719 1009 782 quae
1023 705 1068 764 iu·
1124 704 1291 766 utilitatem
1315 708 1437 784 cedunt,
1452 706 1503 768 vel
1518 723 1596 785 quae
1612 704 1761 784 alioquin,
1774 705 1800 766 si
1815 720 1869 784 per

321 807 372 860 xta
395 798 621 862 nonnullarum
647 800 879 879 provinciarum
901 803 1067 860 consuetu·
1121 813 1155 858 se
1174 793 1364 874 spectentur,
1387 816 1451 862 non
1473 799 1650 862 iudicantur
1671 799 1806 860 illicitae.

319 892 434 968 dinem,
457 901 531 955 sunt
553 895 648 955 mixta
664 910 700 954 ex
713 892 850 954 maribus
863 899 893 952 et
909 889 1065 965 foeminis
1161 891 1180 964 ἓ
1201 889 1229 952 2.
1254 891 1332 953 Hinc
1352 891 1386 953 ad
1410 892 1559 954 tollendas
1580 893 1759 954 huiusmodi
1780 892 1869 954 dubi·
1927 898 2099 996 Ειῃιιιηοῑῑαπι

318 986 375 1048 sub
396 987 489 1048 unius
517 987 685 1048 abbatissae
705 1003 760 1048 seu
788 985 977 1064 praepositae
998 983 1069 1045 sive
1122 985 1251 1045 tationes
1274 992 1304 1046 et
1325 985 1499 1048 animarum
1522 986 1656 1064 pericula
1680 986 1776 1048 tutius
1796 987 1867 1048 sub·
1886 960 1957 997 ”⁰¹¹¹
1981 961 2002 996 ¹⁶
2027 962 2100 1008 ω’

1886 1005 1983 1050 ctiones
2000 1004 2098 1060 prohib.

318 1081 479 1160 priorissae
503 1081 671 1157 regimiue3
694 1079 841 1153 secundo,
858 1093 896 1138 an
912 1075 1063 1156 praedicta
1120 1079 1287 1152 movenda,
1319 1080 1524 1156 congregatio
1550 1079 1742 1158 particularis
1769 1079 1867 1142 consi·
1885 1059 2099 1113 ⁰⁰⁰⁵¹¹³‘⁰⁰¹¹⁸¹⁰'

1885 1116 1936 1166 gat.
1960 1111 2097 1168 praedicta,

317 1174 497 1236 constitutio
513 1190 561 1234 eas
573 1173 666 1234 etiam
681 1173 792 1234 afficiat
803 1171 970 1250 pactiones,
986 1184 1064 1248 quae
1119 1170 1263 1245 storialis,
1280 1187 1295 1232 a
1318 1173 1516 1236 sanctissimo
1542 1174 1674 1236 Domino
1696 1181 1801 1235 nostro
1816 1175 1867 1235 de-
1884 1165 2100 1274 fflffleffigriif

319 1267 349 1329 in
365 1267 563 1330 ecclesiarum
585 1266 634 1327 vel
649 1261 908 1328 monasteriorum
923 1263 1060 1341 ipsorum
1118 1270 1234 1340 putata,
1247 1266 1380 1343 censuit,
1396 1268 1421 1328 si
1436 1265 1594 1330 Sanctitati
1611 1283 1683 1330 suae
1696 1267 1864 1340 videbitur,
1884 1274 1925 1317 cca
1939 1281 2034 1328 courr-

1145 1437 1313 1448 ———.--—-.--
1321 1443 1355 1448 -.-

315 1547 362 1588 aut
375 1542 461 1588 facere
474 1541 590 1588 audeant
610 1541 702 1598 quovis
723 1540 800 1585 modo
814 1550 860 1584 seu
875 1537 1060 1596 praesumant:
1088 1537 1090 1593 l
1117 1539 1143 1582 ct
1157 1537 1350 1596 interpretandi
1370 1543 1496 1590 facultate
1517 1549 1543 1592 et
1564 1546 1733 1602 auctoritate,
1752 1545 1865 1592 iudicari

315 1611 414 1668 illaque
428 1609 545 1667 proinde,
559 1611 691 1665 qnatenus
705 1607 737 1652 de
750 1606 818 1652 facto
836 1608 929 1652 contra
942 1615 1062 1661 praesen·
1088 1660 1089 1673 ἵ
1117 1606 1143 1648 et
1164 1606 1269 1653 definiri
1290 1609 1396 1666 debere,
1417 1621 1448 1658 ac
1468 1613 1577 1658 irritum
1599 1617 1625 1660 et
1648 1615 1736 1670 inane,
1750 1613 1772 1658 ei
1791 1613 1865 1658 secus

316 1677 350 1722 tis
364 1677 471 1722 nostrae
486 1673 670 1732 prohibitionis
685 1673 796 1719 formam
810 1673 886 1726 inita,
900 1671 1005 1718 condita
1015 1681 1062 1716 seu
1117 1682 1196 1728 super
1210 1673 1252 1720 his
1266 1687 1282 1721 a
1296 1687 1438 1734 quoquam,
1457 1680 1549 1736 quavis
1568 1680 1736 1736 auctoritate,
1751 1679 1865 1726 scienter

314 1743 382 1789 beta
395 1742 504 1797 riserint,
518 1743 600 1796 nulla,
611 1740 709 1795 inania,
719 1741 843 1795 invalida,
853 1739 942 1794 irrita,
951 1737 1062 1783 viribus·
1115 1739 1157 1784 vel
1171 1739 1333 1800 ignoranter,
1347 1745 1489 1802 contigerit
1504 1747 1641 1793 attentari.

314 1822 365 1868 que
379 1813 407 1856 et
420 1810 513 1856 effectu
528 1809 634 1866 penitus
649 1811 675 1853 et
690 1807 797 1854 omuino
810 1817 902 1862 vacua,
917 1817 948 1852 ac
961 1805 1062 1851 nullius
1155 1812 1168 1854 e
1183 1809 1215 1852 10.
1230 1811 1285 1854 Non
1306 1811 1473 1858 obstantibus
1494 1813 1657 1870 praemissis,
1676 1825 1714 1867 ac,
1733 1815 1864 1871 quatenus
1905 1819 2097 1868 contrariorum

315 1875 418 1922 roboris
436 1881 463 1921 et
478 1877 605 1922 momenti
627 1887 684 1922 esse
705 1879 731 1921 et
752 1877 878 1932 perpetuo
894 1873 961 1929 fore,
983 1873 1063 1918 nemi·
1087 1930 1089 1939 ,
1116 1883 1181 1929 opus
1196 1873 1240 1930 sit,
1256 1877 1348 1922 nostra
1363 1879 1388 1922 et
1404 1879 1582 1925 cancellariae
1592 1881 1756 1936 apostolieae
1770 1879 1865 1936 regulet
1885 1871 2026 1930 demittit·

314 1944 473 2000 nemqneed
487 1943 598 1988 illorum
613 1955 659 1988 seu
678 1941 821 1987 cuiuslibet
840 1951 941 1996 eorum,
956 1940 1062 1986 etiamsi
1087 1942 1089 1987 ;
1115 1938 1147 1983 de
1161 1941 1219 1988 iure
1232 1943 1352 2000 quaesito
1366 1956 1418 1990 non
1433 1946 1559 2002 tollendo,
1572 1947 1686 2004 aliisque
1703 1945 1865 2004 apostolicis

314 2008 465 2056 iuramento
486 2009 585 2054 vallata
608 2009 670 2060 sint,
691 2008 886 2054 observantiam
908 2007 995 2052 teneri
1015 2010 1062 2054 aut
1087 1990 1089 2075 l
1115 2006 1186 2052 acin
1202 2008 1397 2056 universalibus
1414 2012 1672 2070 provincialibusque
1689 2017 1715 2058 et
1734 2011 1865 2069 synodali-

313 2076 460 2134 obligatum
482 2076 596 2122 existere
615 2078 656 2121 vel
676 2075 740 2132 fore,
758 2075 926 2124 decernimus
940 2076 966 2120 et
980 2075 1062 2120 decla·
1116 2073 1164 2118 bus
1175 2074 1297 2120 conciliis
1307 2077 1394 2132 editis,
1402 2079 1571 2134 generalibus
1581 2080 1623 2124 vel
1633 2079 1865 2136 specialioraeon-

315 2155 413 2190 ramus,
1087 2143 1089 2181 t
1116 2139 1300 2186 stitutionibus
1314 2147 1341 2188 et
1351 2144 1571 2200 ordinationibus,
1582 2157 1682 2192 necnon
1692 2143 1863 2192 ecclesiarum

338 2219 366 2262 s
381 2215 400 2256 i.
417 2216 487 2263 Quae
501 2221 563 2256 vero
578 2210 706 2256 electione
719 2222 766 2256 seu
780 2209 958 2266 postulatione
973 2209 1063 2254 huius·
1116 2205 1142 2248 et
1157 2211 1381 2254 monasteriorum
1395 2213 1557 2268 quorumvis,
1568 2216 1595 2259 et
1606 2213 1715 2258 illorum
1726 2213 1863 2266 ordinum,

315 2277 386 2322 modi
400 2277 489 2323 secuta
503 2276 698 2334 quomodolibet
710 2275 781 2331 iniri,
792 2275 867 2322 condi
878 2287 924 2321 seu
936 2275 993 2321 fleri
1005 2287 1063 2320 con-

315 2343 415 2400 tigerit,
429 2343 462 2389 ad
476 2355 523 2390 nos
538 2355 584 2389 seu
599 2343 721 2388 eumdem
740 2346 888 2388 Romanum
908 2341 1060 2388 Pontificem

314 2421 361 2467 pro
375 2413 493 2467 tempore
515 2410 671 2460 existentem
689 2409 886 2466 quamprimum
905 2407 1010 2464 deferri,
1025 2413 1063 2454 at-

313 2489 364 2535 que
378 2477 418 2523 ita
432 2479 524 2522 nostro
538 2479 564 2522 et
585 2476 659 2521 Sedis
673 2476 836 2533 apostolicae
857 2474 953 2520 iudicio
967 2475 1061 2520 subiici

313 2543 499 2602 praecipimus,
513 2544 640 2600 suspensa
658 2542 767 2588 interim
789 2553 880 2588 eorum
900 2541 1019 2587 omnium
1034 2545 1061 2587 et

313 2611 480 2669 singulorum
501 2611 663 2666 executione,
684 2610 765 2656 donec
778 2612 805 2654 et
819 2603 956 2667 quous'qne
973 2611 1007 2655 ab
1021 2609 1062 2655 eai-

312 2678 372 2722 dem
386 2679 460 2734 Sede,
473 2678 531 2723 sine
548 2676 625 2723 cuius
645 2677 807 2724 auctoritate
828 2677 896 2722 nihil
911 2676 1018 2722 omuino
1033 2676 1060 2721 in

312 2744 444 2791 similibus
459 2743 555 2801 pacisci
569 2743 607 2789 fas
622 2747 670 2798 est,
680 2743 840 2800 apostolicae
849 2743 1060 2788 confirmationis

312 2811 394 2857 robur
408 2811 436 2856 in
450 2814 536 2856 totum
551 2810 593 2855 vel
606 2810 634 2855 iu
649 2813 752 2867 partem
766 2809 922 2867 receperint.

352 2885 365 2928 s
379 2881 398 2922 8.
415 2881 537 2923 Ceterum
551 2887 599 2934 per
612 2879 766 2934 praesentes
780 2888 833 2922 nou
847 2876 1010 2922 intendimus
1020 2889 1059 2934 ea,

312 2956 379 3002 quae
393 2945 506 2990 antehac
519 2947 611 2989 contra
627 2943 841 3000 supradictarum
856 2944 963 2999 Nicolai,
979 2945 1018 2989 Pii
1032 2948 1059 2990 et

312 3011 433 3068 Gregorii
446 3011 686 3068 praedecessorum,
700 3022 747 3056 seu
761 3011 849 3056 forsan
871 3011 986 3057 aliarum
1000 3023 1059 3070 apo

312 3077 467 3124 stollcarum
481 3077 702 3123 constitutionum
717 3089 762 3122 seu
777 3078 930 3124 litterarum
945 3079 1058 3125 formam

311 3145 507 3203 quomodolibet
528 3143 603 3201 gesta
618 3144 733 3200 fuerunt,
749 3145 884 3192 ullatenus
904 3147 1058 3203 approbare,

311 3225 358 3259 uec
372 3224 468 3276 poenas
482 3213 513 3258 ea
527 3213 558 3257 de
570 3213 649 3257 carisa
660 3223 707 3268 per
718 3214 928 3268 transgressores
938 3214 1058 3260 incursas

311 3279 450 3325 remittere
464 3279 505 3324 vel
519 3279 675 3324 condonare.

323 3357 334 3374 ·
350 3349 396 3396 sti.
412 3349 586 3391 Decernentes
600 3345 709 3403 pariter,
724 3348 829 3392 easdem
850 3349 1002 3404 praesentes
1016 3349 1059 3394 lit·

311 3415 392 3468 teras,
401 3415 427 3457 et
441 3413 468 3458 in
483 3411 520 3458 eis
534 3415 658 3458 contenta
672 3425 860 3471 quaecumque,
875 3414 956 3460 etiarn
972 3426 1004 3459 ex
1018 3427 1057 3470 eo,

310 3482 378 3538 quod
392 3480 504 3538 quilibet
518 3481 545 3525 in
559 3481 722 3536 praemissis,
735 3493 781 3526 seu
796 3492 889 3526 eorum
898 3481 1005 3539 aliquis,
1015 3482 1057 3527 ius

310 3549 351 3594 vel
369 3547 498 3594 interesse
519 3547 654 3603 habentes,
676 3559 723 3592 seu
743 3548 841 3594 habere
861 3549 1058 3605 quomodolibet

310 3616 522 3673 praetendentes,
540 3615 729 3672 cuiuscumque
749 3617 845 3670 status,
864 3617 971 3672 gradus,
989 3617 1059 3662 ordi-

310 3683 359 3737 nis,
374 3683 599 3740 praeeminentiae
613 3685 639 3728 et
654 3681 793 3739 dignitatis
812 3681 934 3739 existant,
948 3687 975 3728 et
989 3684 1057 3730 alias

310 3749 431 3808 specifica
445 3752 472 3795 et
489 3749 625 3795 individua
645 3749 778 3794 mentione
793 3751 819 3794 et
840 3751 1007 3807 expressione
1022 3751 1058 3796 di-

309 3818 364 3874 gni,
378 3817 430 3862 illis
445 3829 496 3862 non
514 3815 704 3867 consenserint,
718 3827 766 3861 neo
779 3817 812 3861 ad
827 3828 858 3862 ea
872 3817 966 3872 vocati,
980 3818 1057 3863 citati

310 3887 336 3930 et
350 3884 444 3938 auditi,
466 3895 551 3940 neque
570 3894 673 3937 causae,
695 3886 803 3940 propter
824 3895 889 3940 quas
904 3887 1057 3941 praesentes

309 3952 469 4008 emanarint,
484 3950 644 3997 sufficienter
661 3951 797 4006 adductae,
813 3951 965 3998 verificatae
979 3955 1005 3998 et
1019 3952 1058 3998 iu-

310 4019 440 4065 stificatae
454 4018 563 4074 fuerint,
573 4022 623 4064 aut
635 4029 666 4062 ex
680 4017 734 4064 alia
743 4027 908 4074 quacumque
918 4022 1057 4076 quantum-

309 4087 350 4132 vis
363 4085 477 4132 iuridici
491 4089 518 4130 et
531 4085 700 4142 privilegiata
714 4085 907 4142 causi,'colore,
917 4090 1057 4143 praetextu

310 4156 336 4199 et
350 4154 444 4211 capite,
453 4153 535 4199 etiam
550 4153 577 4198 in
587 4164 695 4209 corpore
707 4153 775 4198 iuris
783 4153 883 4207 clauso,
893 4154 973 4199 etiam
984 4166 1057 4200 euor·

310 4220 368 4276 mis,
390 4220 592 4265 enormissimae
611 4223 638 4265 et
659 4219 750 4265 totalis
769 4213 901 4271 laesionis,
922 4221 994 4267 nullo
1012 4234 1057 4267 uu-

309 4299 389 4344 quam
404 4291 522 4344 tempore
536 4287 567 4331 de
587 4286 764 4343 subreptionis
779 4287 818 4332 vel
833 4287 995 4344 obreptionis
1009 4291 1056 4334 aut

310 4355 443 4402 nullitatis
457 4354 531 4410 vitio,
545 4365 591 4399 seu
610 4353 767 4400 intentionis
785 4357 901 4410 nostrae,
915 4357 963 4400 aut
977 4356 1057 4401 inter-

309 4433 366 4468 esse
387 4421 542 4468 habentium
561 4418 712 4475 cousensus,
733 4419 818 4466 aliove
838 4421 956 4478 quolibet
974 4421 1056 4468 etiam

308 4488 480 4545 quantumvis
494 4498 590 4544 magno
603 4489 630 4532 et
644 4486 824 4541 substantiali,
834 4499 864 4533 ac
875 4487 1020 4545 incogitata
1030 4492 1056 4534 et

308 4555 514 4613 inexcogitabili,
527 4553 744 4612 individuamque
762 4555 956 4612 expressionem
972 4557 1057 4613 requi-

308 4628 384 4670 rente
405 4623 506 4669 defectu
528 4621 624 4676 notari,
645 4621 806 4680 impugnari,
829 4622 947 4680 infringi,
966 4623 1056 4670 invali-

308 4691 375 4745 dari,
390 4688 542 4743 retractari,
556 4689 590 4734 ad
610 4687 738 4734 terminos
759 4688 828 4734 iuris
848 4690 947 4745 reduci,
967 4701 1013 4735 seu
1028 4690 1055 4735 in
1075 4721 1079 4728 -

308 4755 515 4802 controversiam
535 4755 633 4810 vocari,
647 4757 695 4800 aut
709 4755 836 4800 adversus
857 4755 919 4802 illes
931 4757 1057 4813 aperitio-

308 4824 349 4869 nis
363 4823 425 4880 oris,
440 4821 619 4868 restitutionis
640 4821 667 4868 in
688 4821 832 4878 integrum,
854 4823 959 4868 aliudve
977 4825 1056 4882 quod·

308 4901 420 4948 cumque
433 4890 502 4935 iuris
517 4889 557 4934 vel
570 4888 633 4934 faeti
647 4889 688 4934 vel
701 4888 804 4944 gratiae
814 4891 961 4936 remedium
972 4891 1056 4936 inten-

308 4957 362 5004 tari
376 4958 416 5002 vel
437 4957 586 5014 impetrari,
600 4967 647 5001 scu
668 4956 820 5013 impetrato,
840 4957 983 5004 autetiam
1004 4970 1056 5005 mo·

309 5028 347 5080 tu,
362 5024 474 5070 scientia
487 5028 514 5069 et
534 5023 675 5080 potestatis
695 5024 860 5080 plenitudine
875 5025 984 5081 paribus
998 5038 1055 5071 con-

307 5103 380 5138 cesso
394 5093 435 5137 rel
449 5094 581 5145 emanato,
594 5090 745 5148 quempiam
760 5091 788 5136 iu
807 5091 904 5136 iudicio
923 5092 965 5136 vet
978 5096 1055 5139 extra

307 5159 373 5204 illud
388 5158 429 5204 uti
443 5170 490 5204 seu
504 5169 531 5202 se
546 5157 638 5202 iuvare
655 5167 739 5213 posse,
753 5158 799 5202 sed
812 5156 884 5213 ipsas
902 5163 1054 5215 praesentes

307 5226 413 5272 litteras
427 5235 531 5282 semper
545 5225 645 5278 firmas,
659 5223 759 5270 validas
773 5224 800 5268 et
814 5224 930 5271 efficaces
941 5226 1054 5272 existere

308 5296 334 5338 et
347 5294 410 5348 fore,
425 5302 538 5348 suosque
557 5290 689 5348 plenarios
703 5294 730 5335 et
745 5289 864 5347 integros
878 5292 986 5337 effectus
1001 5304 1054 5339 sor·

308 5359 356 5404 tiri
368 5362 396 5404 et
409 5359 537 5414 obtinere,
551 5369 582 5404 ac
594 5358 628 5403 ab
642 5357 764 5402 omnibus
777 5361 804 5402 et
813 5358 934 5414 singulis,
944 5359 978 5405 ad
988 5372 1054 5417 quos

308 5429 409 5484 spectat
423 5428 450 5471 et
471 5437 519 5485 pro
539 5428 657 5482 tempore
677 5425 895 5482 quandocumque
916 5428 1053 5484 spectabit,

307 5493 497 5540 inviolabiliter
510 5493 536 5538 et
550 5493 702 5538 inconcusse
712 5490 855 5545 observari,
866 5493 954 5549 sicque
964 5497 992 5538 et
1001 5505 1053 5539 uon

307 5559 387 5606 aliter
406 5560 433 5604 in
447 5559 601 5617 praemissis
616 5570 662 5616 per
680 5569 858 5616 quoscumque
873 5559 972 5604 iudices
986 5561 1053 5606 ordi·

308 5626 397 5672 uarios
417 5627 444 5671 et
458 5625 600 5682 delegatos,
621 5625 701 5671 etiam
724 5637 866 5671 causarum
885 5623 980 5682 palatii
995 5638 1054 5684 apo-

308 5691 394 5738 stolici
414 5692 559 5747 auditores,
579 5703 609 5738 ac
627 5691 744 5737 eiusdem
763 5695 787 5738 S.
802 5695 832 5738 st.
848 5696 876 5737 lt.
892 5694 1052 5752 cardinales,

307 5758 389 5804 etiam
403 5759 435 5804 de
447 5754 535 5806 latere'
547 5761 666 5816 Legatos,
680 5763 707 5804 et
721 5759 884 5817 apostoticae
896 5760 969 5806 Sedis
979 5773 1053 5820 prae·

307 5823 377 5870 fatae
391 5825 511 5880 Nuntios,
528 5826 627 5872 aliosve
641 5826 771 5882 quoslibet
785 5837 949 5883 quacumque
964 5839 1052 5884 praee-

307 5891 437 5938 minentia
450 5893 477 5937 et
491 5894 621 5950 potestate
634 5893 774 5949 fungentes
790 5895 816 5938 et
830 5892 978 5948 iuncturos,
994 5896 1052 5940 sub·

306 5959 363 6007 lata
377 5959 416 6006 eis
430 5961 456 6004 et
470 5971 562 6006 eorum
583 5959 692 6006 cuilibet
713 5959 805 6016 quavis
823 5960 904 6006 aliter
917 5959 1052 6007 indicandi

414 6082 466 6130 lar.
483 6082 551 6144 Pcnf.
567 6080 598 6128 ds
611 6081 686 6146 Prop.
702 6081 764 6130 Fide
777 6082 859 6128 Partis
874 6084 892 6128 i.
907 6082 962 6131 vol.
977 6084 1021 6132 lll.

1115 2272 1208 2318 aliisve
1226 2275 1371 2331 quibusvis,
1386 2278 1466 2323 etiam
1487 2279 1647 2334 iuramento,
1662 2278 1864 2325 confirmatione

1114 2339 1266 2396 apostolica,
1281 2345 1329 2387 aut
1343 2344 1435 2400 quavis
1451 2345 1579 2392 firmitate
1593 2345 1647 2391 alia
1663 2344 1803 2399 roboratis,
1813 2347 1865 2389 sta·

1114 2405 1180 2450 tutis
1195 2409 1221 2451 et
1235 2409 1477 2470 consuetudinibus,
1492 2411 1638 2469 privilegiis
1652 2423 1764 2470 quoque,
1779 2411 1864 2456 indul-

1115 2471 1150 2516 tis
1165 2476 1191 2516 et
1210 2473 1308 2520 litteris
1329 2477 1488 2532 apostolicis,
1508 2479 1607 2524 eisdem
1630 2478 1756 2533 ecclesiis,
1777 2487 1865 2522 mona-

1115 2538 1205 2584 steriis
1219 2544 1246 2586 et
1260 2540 1411 2597 Ordinibus,
1426 2543 1587 2602 illorumque
1606 2545 1782 2602 praesulibus,
1796 2543 1864 2601 capi-

1115 2603 1188 2655 tulis.
1203 2605 1351 2663 abbatibus,
1367 2609 1479 2667 aliisque
1502 2611 1683 2668 superioribus
1703 2615 1729 2656 et
1744 2610 1864 2668 personis

1114 2671 1285 2729 quibuslibet,
1296 2675 1344 2721 sub
1356 2674 1564 2733 quibuscumque
1574 2678 1716 2723 verborum
1726 2676 1864 2722 tenoribus

1114 2741 1141 2782 et
1155 2737 1254 2796 formis,
1266 2753 1297 2786 ac
1310 2753 1369 2787 cum
1385 2743 1521 2800 quibusvis
1536 2744 1616 2789 etiam
1632 2743 1862 2800 derogatoriarum

1114 2805 1301 2864 derogatoriis,
1321 2809 1435 2866 aliisque
1456 2811 1654 2866 efficacioribus,
1675 2808 1863 2856 efficacissimis

1114 2877 1139 2916 et
1154 2872 1270 2920 insolitis
1283 2876 1418 2931 clausulis,
1433 2877 1655 2934 irritantibusqne
1670 2880 1696 2924 et
1706 2877 1768 2924 aliis
1777 2877 1863 2922 decre-

1114 2937 1157 2994 tis,
1172 2941 1253 2986 etiam
1269 2945 1351 2998 motu,
1366 2943 1478 2990 scientia
1492 2947 1519 2990 et
1537 2945 1677 3002 potestatis
1696 2945 1862 3002 plenitudine

1114 3007 1231 3064 paribus,
1245 3021 1276 3055 ac
1289 3011 1518 3068 consistorialiter,
1537 3014 1564 3057 et
1578 3013 1645 3058 alias
1666 3011 1862 3071 quomodolibet

1114 3075 1141 3120 in
1155 3077 1320 3123 contrarium
1335 3081 1543 3136 praemissorum
1557 3080 1695 3135 concessis,
1706 3091 1736 3126 ac
1746 3079 1863 3137 quantis·

1112 3155 1224 3200 cumque
1239 3145 1340 3191 vicibus
1361 3147 1533 3202 confirmatis,
1548 3149 1701 3206 approbatis
1711 3150 1742 3192 et
1756 3147 1863 3192 innova·

1113 3211 1160 3264 tis;
1175 3213 1271 3269 quibus
1291 3215 1414 3260 omuibus
1429 3219 1455 3260 et
1470 3215 1592 3271 singulis,
1614 3215 1720 3260 etiarnsi
1741 3226 1789 3271 pro
1805 3214 1862 3259 illo

1113 3288 1174 3324 rum
1188 3278 1328 3326 sufficienti
1342 3281 1513 3338 derogatione
1527 3282 1559 3327 de
1573 3282 1628 3327 illis
1643 3291 1788 3338 eorumque
1798 3279 1861 3326 totis

1112 3343 1248 3390 tenoribus
1263 3346 1393 3403 specialis,
1407 3348 1536 3403 specifica,
1546 3359 1671 3406 expressa
1680 3349 1707 3393 et
1717 3346 1861 3402 individua,

1112 3423 1143 3456 ac
1156 3413 1187 3458 de
1202 3414 1280 3458 verbo
1294 3414 1327 3459 ad
1348 3415 1468 3470 verbum,
1483 3427 1534 3461 non
1555 3418 1644 3460 atatem
1666 3426 1714 3473 per
1727 3414 1861 3460 clausulas

1113 3480 1250 3534 generales
1271 3481 1340 3526 idem
1362 3481 1545 3539 importantes,
1567 3481 1666 3527 mentio
1688 3493 1735 3526 seu
1753 3481 1861 3538 quaevis

1112 3545 1167 3592 alia
1180 3547 1312 3603 expressio
1333 3549 1462 3604 habenda,
1476 3554 1524 3595 aut
1542 3549 1634 3606 aliqua
1653 3548 1708 3595 alia
1729 3548 1861 3606 exquisita

1112 3611 1197 3659 forma
1210 3615 1243 3660 ad
1258 3615 1306 3660 hoe
1328 3617 1456 3662 servanda
1476 3615 1552 3671 foret,
1574 3619 1680 3661 tenores
1699 3615 1860 3670 huiusmodi,

1112 3692 1143 3726 ac
1157 3680 1180 3726 si
1194 3682 1225 3726 de
1238 3683 1318 3726 verbo
1332 3683 1497 3737 adverbum,
1512 3682 1580 3728 nihil
1593 3683 1700 3740 penitus
1714 3682 1820 3737 omisso,
1834 3687 1861 3726 et

1111 3748 1196 3794 formai
1210 3748 1238 3793 iu
1252 3748 1306 3794 illis
1321 3749 1421 3795 tradita
1441 3749 1589 3805 observata,
1604 3749 1819 3806 exprimerentur
1833 3751 1859 3793 et

1112 3815 1302 3872 insererentur,
1316 3816 1501 3874 praesentibus
1515 3827 1563 3873 pro
1577 3817 1652 3874 plene
1664 3819 1690 3862 et
1699 3816 1860 3861 sufficienter

1112 3882 1242 3938 expressis
1257 3885 1283 3927 et
1297 3882 1405 3928 insertis
1419 3883 1555 3938 babentes,
1571 3883 1625 3928 illis
1638 3883 1706 3931 alias
1721 3883 1749 3928 iu
1764 3893 1812 3928 suo
1821 3893 1861 3927 ro·

1113 3948 1175 3994 bore
1188 3949 1379 4005 permansuris,
1394 3951 1427 3996 ad
1441 3950 1649 4007 praemissorum
1664 3949 1796 4004 effectum,
1811 3950 1861 3994 hac

1113 4015 1167 4059 vice
1181 4015 1327 4072 dumtaxat,
1342 4017 1495 4073 specialiter
1508 4021 1535 4062 et
1549 4029 1671 4074 expresse
1692 4017 1860 4073 derogamus,

1111 4095 1142 4128 ac
1156 4083 1308 4140 plenissime
1324 4087 1350 4129 et
1363 4077 1529 4140 amplissime
1547 4085 1704 4140 derogatum
1718 4096 1775 4130 esse
1790 4084 1861 4129 volu·

1113 4162 1183 4205 mus;
1204 4152 1352 4208 ceterisque
1372 4151 1514 4198 contrariis
1534 4150 1755 4209 quibuscumque;
1775 4153 1822 4197 aut
1837 4152 1860 4196 si

1112 4217 1235 4275 praefatis
1249 4219 1290 4263 vel
1304 4218 1364 4264 aliis
1378 4218 1540 4276 quibuslibet
1555 4219 1732 4266 communiter
1747 4219 1860 4264 reldivi·

1111 4285 1162 4330 sim
1176 4285 1211 4330 ab
1228 4285 1320 4331 eadem
1342 4285 1377 4330 sit
1398 4286 1462 4331 Sede
1482 4285 1617 4331 indultum
1638 4287 1709 4343 quod
1728 4285 1859 4344 interdici,

1112 4352 1235 4410 suspendi
1250 4353 1290 4397 vel
1304 4353 1528 4406 excommunicari
1540 4364 1592 4398 non
1614 4353 1716 4409 possint
1730 4365 1776 4410 per
1790 4353 1860 4398 litte·

1111 4431 1155 4465 ras
1169 4419 1327 4476 apostolicas
1342 4431 1393 4465 non
1408 4419 1533 4466 facientes
1548 4419 1653 4476 plenam
1667 4423 1695 4465 et
1708 4431 1858 4478 expressam

1110 4499 1141 4532 ac
1155 4487 1186 4531 de
1200 4487 1280 4532 verbo
1294 4487 1327 4532 ad
1342 4487 1451 4532 verbum
1465 4487 1497 4532 de
1511 4487 1615 4533 indulto
1625 4487 1778 4532 huiusmodi
1790 4499 1859 4533 men-

1112 4554 1218 4599 tionem.

1150 4623 1210 4670 sll.
1231 4623 1262 4666 ut
1283 4623 1374 4666 autem
1395 4621 1501 4667 eaedem
1524 4625 1675 4678 praesentes
1696 4623 1804 4669 litterae
1825 4618 1858 4670 ad
1898 4636 1993 4694 aarum
2006 4633 2090 4691 puppi.

1110 4687 1229 4732 omnium
1244 4687 1367 4733 notitiam
1381 4688 1485 4733 facilius
1495 4689 1643 4746 deveniant,
1654 4691 1777 4736 volumus
1787 4691 1857 4746 illas,
1877 4687 1952 4730 catto.

1109 4764 1156 4798 seu
1169 4764 1263 4798 aarum
1277 4754 1405 4810 exempla,
1420 4754 1452 4800 ad
1466 4754 1555 4800 valvas
1567 4755 1691 4802 ecclesiae
1702 4759 1858 4803 Lateranen-

1109 4821 1146 4865 sis
1160 4823 1187 4866 et
1202 4820 1327 4868 basilicae
1341 4821 1470 4878 Principis
1482 4823 1675 4880 Apostolorum,
1686 4835 1786 4870 necnon
1797 4829 1859 4871 Gan·

1108 4887 1232 4933 cellariae
1243 4888 1415 4944 apostolicae,
1430 4888 1576 4945 curiaeque
1590 4890 1722 4946 generalis
1733 4891 1761 4936 iu
1771 4895 1857 4938 Monte

1109 4954 1216 5008 citorio,
1230 4966 1261 5000 ac
1274 4955 1302 4999 in
1320 4954 1377 5000 acie
1399 4954 1571 5012 Campiflorae
1590 4958 1621 5002 de
1640 4959 1716 5014 Urbe,
1731 4962 1761 5003 ut
1775 4959 1857 5006 moris
1913 5007 1920 5018 ,

1109 5023 1157 5075 est,
1172 5020 1244 5076 afligi
1258 5021 1285 5065 et
1300 5021 1442 5078 publicari;
1458 5023 1547 5079 sicque
1564 5024 1711 5080 publicatas
1725 5027 1752 5070 et
1767 5025 1857 5072 affixas

1109 5099 1199 5133 omnes
1214 5092 1241 5134 et
1254 5088 1382 5144 singulos,
1397 5101 1462 5146 quoe
1477 5089 1539 5135 illae
1560 5093 1729 5147 concernunt,
1749 5093 1857 5150 perinde

1109 5162 1213 5202 arctare
1227 5159 1254 5200 et
1269 5155 1380 5211 afficere,
1394 5168 1425 5201 ac
1439 5157 1462 5201 si
1477 5155 1618 5213 unicnique
1634 5168 1725 5203 eorum
1741 5160 1857 5206 nomina·

1110 5223 1157 5268 tim
1173 5225 1199 5268 et
1212 5223 1389 5280 personaliter
1403 5223 1542 5269 intimatae
1557 5223 1678 5280 fuisseut;
1694 5229 1776 5282 utque
1790 5226 1858 5284 ipsa·

1109 5301 1169 5335 rum
1190 5289 1370 5347 praesentium
1390 5289 1542 5335 litterarum
1564 5291 1748 5349 transumptis,
1768 5303 1814 5338 seu
1834 5305 1857 5337 e

1109 5358 1230 5415 xemplis,
1252 5357 1333 5403 etiam
1354 5356 1504 5414 impressis,
1526 5367 1605 5402 rnanu
1627 5357 1740 5404 alicuius
1758 5359 1858 5404 notarii

1109 5425 1207 5482 publici
1223 5423 1387 5482 subscriptis,
1405 5427 1431 5468 et
1451 5423 1540 5481 sigillo
1554 5413 1722 5480 personaein
1738 5426 1857 5472 ecelesia-

1108 5493 1175 5538 stica
1188 5491 1319 5548 dignitate
1332 5491 1493 5537 constitutae
1508 5491 1628 5544 munitis,
1641 5492 1732 5538 eadem
1746 5505 1856 5550 prorsus

1108 5559 1172 5604 fides
1191 5561 1246 5604 tam
1261 5557 1289 5602 iu
1303 5557 1401 5603 iudicio
1415 5569 1494 5614 quam
1509 5561 1584 5603 extra
1598 5557 1664 5604 illud
1680 5559 1777 5616 ubique
1791 5560 1858 5606 loco·

1108 5637 1168 5671 rum
1183 5625 1349 5680 adhibeatur,
1361 5635 1430 5681 quae
1443 5624 1508 5681 ipsis
1522 5623 1705 5688 praesentibus
1721 5627 1856 5672 adhibere·

1108 5696 1161 5748 tur,
1177 5692 1200 5738 si
1214 5691 1299 5737 forent
1314 5690 1448 5737 exhibitae
1462 5690 1504 5736 vel
1518 5694 1646 5738 ostensae.

1147 5763 1241 5806 batum
1262 5763 1369 5814 Romae,
1391 5759 1460 5816 apud
1482 5763 1505 5802 s.
1526 5758 1637 5805 Mariam
1658 5760 1792 5818 Maiorem,
1807 5762 1856 5808 sub

1107 5826 1205 5873 annulo
1225 5825 1379 5883 piscatoris,
1402 5825 1444 5870 die
1465 5837 1531 5870 xxii.
1554 5827 1711 5882 septembris
1732 5841 1856 5886 anesca,

1107 5893 1275 5952 pontificatus
1290 5893 1375 5940 nostri
1390 5903 1459 5939 anno
1473 5904 1498 5939 v.
