4744 6976
68 643 103 688 in.
114 633 137 681 C.
157 625 217 677 ttto

79 775 175 841 vnaius
192 775 227 816 est
288 762 405 819 xxviii.
431 757 465 818 ln
487 770 683 835 quocumque
704 760 863 817 conventu
877 750 929 812 vel
942 751 994 811 ho-

60 835 227 942 Wolff?
244 850 338 928 spitio
368 852 483 912 Terrae
507 851 635 913 Sanctae
660 847 833 926 reperiatur
854 862 883 924 p.
908 843 993 907 Vica-

59 950 105 988 Μω-
244 943 323 1016 rius,
350 943 465 1022 respici
480 950 511 1004 et
526 941 712 1004 considerari
728 940 834 1002 debeat
849 947 990 1016 tanquam

243 1037 344 1114 prima
367 1037 531 1099 Custodiae
545 1050 675 1113 persona
690 1040 757 1112 post
772 1033 991 1107 Guardianum,

242 1137 398 1206 quantum
419 1129 455 1189 ad
477 1129 629 1191 honorem
650 1136 680 1190 ct
695 1125 941 1207 praecedentiam
963 1133 992 1188 et

243 1220 278 1280 ad
313 1224 501 1300 peragendas
532 1237 629 1283 sacras
656 1221 842 1294 functiones,
870 1218 992 1297 quando

242 1331 388 1394 praesens
410 1331 475 1378 non
499 1322 545 1378 est
566 1332 596 1393 p.
620 1313 820 1376 Guardianus.

75 1423 173 1488 ,tutando
188 1422 225 1466 vt·
282 1423 374 1471 xxix.
401 1408 590 1470 Nominatur
612 1414 735 1470 tanturn
757 1405 895 1469 Vicarius
916 1405 990 1467 sacri

59 1487 224 1592 tlfflffffi
241 1501 356 1564 Montis
378 1503 464 1577 Sion,
488 1510 540 1563 aut
563 1501 696 1562 vicarius
725 1499 898 1562 custodialis
920 1499 993 1559 Ter-

59 1583 224 1696 fllfflssnt‘i'ffll
242 1611 295 1656 rae
310 1596 451 1670 Sanctae,
468 1605 499 1657 et
521 1594 609 1657 nullo
631 1595 721 1656 modo
737 1593 876 1656 vicarius
898 1607 993 1668 gene-

58 1699 90 1740 ns
242 1689 317 1751 ralis
338 1688 529 1768 appellatum
552 1689 604 1767 qui
628 1687 659 1748 in
674 1686 897 1762 lunationibus,
914 1699 990 1762 quae

242 1783 325 1844 liunt
347 1783 558 1844 conveniente
570 1781 794 1842 communitate
811 1776 914 1840 Sancti
929 1777 992 1840 Sal-

242 1876 376 1949 vatoris‚
405 1875 532 1938 absente
554 1875 604 1936 vel
629 1873 777 1952 impedito
805 1871 990 1946 Guardiano,

240 1970 414 2046 praesideat
435 1976 467 2031 et
489 1969 699 2048 praeferatur,
722 1969 849 2046 ipseque
871 1976 935 2029 tum
959 1966 989 2028 in

240 2060 341 2124 ssmo
362 2062 522 2140 Sepulcro,
548 2070 614 2124 tum
632 2063 700 2122 aliis
721 2061 927 2124 conventibus
948 2059 992 2120 di-

240 2163 304 2218 ctas
319 2157 507 2232 functiones,
525 2173 599 2235 qtras
613 2164 772 2218 exerceret
787 2154 990 2228 Guardianus,

238 2250 265 2310 si
288 2265 434 2328 praesens
456 2255 551 2324 esset,
570 2257 751 2328 exequatur.

79 2363 220 2424 tpopaece-
281 2359 359 2405 xxx.
383 2343 618 2404 Praecedentiae
639 2341 714 2404 ordo
736 2342 819 2403 inter
836 2339 989 2402 Ticarium

61 2421 131 2462 mm*
239 2438 356 2499 Montis
385 2436 458 2499 Sion
489 2444 519 2498 et
548 2452 578 2514 p.
602 2436 836 2497 Procuratorem
865 2449 990 2510 genera·

240 2531 306 2592 lem
329 2531 442 2592 'Terrae
471 2527 598 2591 Sanctae
625 2537 770 2590 servetur
799 2529 912 2606 ubique
938 2543 991 2605 per

240 2625 371 2686 Terram
396 2625 557 2698 Sanctam,
581 2624 633 2703 qui
656 2621 875 2700 Hierosolymis
896 2621 990 2684 sanci·

242 2725 293 2779 tus
316 2725 372 2779 est.

21 2821 22 2828 ’
61 2819 136 2892 ,trad
150 2818 221 2892 tatas·
279 2827 373 2872 xxxi.
396 2812 484 2873 Pater
499 2812 637 2875 Vicarius
659 2813 770 2876 Montis
785 2811 857 2874 Sion
874 2812 905 2872 in
921 2827 990 2889 pro-

21 2919 22 2988 ]
61 2881 219 2970 Zafmpffiprooes-
238 2905 431 2966 cessionibus
457 2907 597 2982 procedat
626 2915 697 2967 ante
731 2907 855 2968 indutos
883 2919 989 2984 super·

238 2996 389 3076 pelliceis,
412 2998 505 3060 etiam
532 2997 606 3060 dum
628 2998 792 3062 Guardiani
814 2999 988 3076 praesentia

239 3089 446 3152 desideratur.
656 3102 661 3109 ’

63 3189 221 3285 ΕΠειιψιιεξῑ-
281 3198 388 3244 xxxii.
417 3185 571 3262 Tempore
599 3201 659 3263 qno
692 3183 812 3246 Missam
843 3184 987 3260 celebrat,

62 3253 222 3342 iffliffi
240 3276 370 3339 nullum
392 3277 424 3338 in
447 3277 543 3354 capite
565 3277 700 3339 biretum
728 3285 849 3354 gestare
870 3283 987 3355 potest3

61 3357 108 3404 ΨΜ·
240 3385 346 3447 neque
370 3371 401 3431 in
417 3370 581 3432 relectorio
595 3371 709 3450 aliquid
726 3370 910 3450 particulare
925 3371 989 3433 sive

238 3463 299 3524 cibi
322 3464 388 3525 sive
411 3471 501 3542 potus
522 3465 645 3538 babere,
662 3466 713 3526 sed
732 3465 814 3526 vitae
829 3465 988 3527 communi

238 3555 272 3616 in
304 3556 450 3618 omnibus
480 3565 510 3618 et
539 3573 594 3635 per
621 3559 741 3631 omnia,
776 3557 868 3618 etiam
890 3557 987 3635 quoad

239 3649 402 3723 vestitum,
424 3649 491 3711 aliis
512 3650 664 3726 religiosis
684 3666 717 3711 se
738 3651 929 3712 conformare
946 3655 990 3711 te·

239 3749 338 3803 netur
358 3743 416 3804 sub
439 3758 537 3822 poena
559 3745 740 3823 privationis
762 3745 862 3806 officii.

76 3853 221 3900 statianam·
279 3851 396 3898 xxxin.
421 3837 481 3898 Pro
502 3839 549 3898 sui
571 3837 699 3899 arbitrio
720 3837 838 3900 socium
858 3837 924 3899 sive
944 3855 989 3899 sa-

61 3912 486 4007 2l3ffi¹g²121lsslcerdotemsive
514 3933 627 3994 laicum
648 3933 760 3995 habere
786 3933 914 4011 poterit3
937 3951 991 3994 ve-

21 4065 23 4110 ,
61 4018 85 4058 ‘¹³
239 4032 302 4086 stes
326 4026 420 4088 etiam
441 4043 539 4088 sacras
555 4035 585 4088 et
600 4036 777 4105 paramenta
799 4029 941 4094 distincta
956 4029 988 4090 in

21 4131 22 4136 ’
239 4118 375 4181 sacristia
398 4120 435 4181 ad
456 4121 579 4182 Missam
603 4121 826 4194 celebrandam,
844 4123 989 4185 interiora

242 4219 348 4274 tamen
380 4213 423 4274 eis
452 4214 563 4292 quibus
594 4217 694 4277 utitur
720 4215 929 4295 Guardianus3
959 4227 990 4280 et

240 4305 273 4366 in
298 4307 404 4382 choro,
427 4307 552 4369 absente
574 4323 603 4386 p
622 4308 806 4386 Guardiano,
823 4318 870 4374 ter
885 4314 989 4376 incen-

238 4401 299 4462 sari
322 4401 423 4463 debet.

72 4509 222 4562 npnausna-
280 4511 392 4557 xxxiv.
419 4495 488 4558 Non
511 4495 767 4574 possitllicarius,
794 4500 922 4564 visitatis
943 4521 989 4566 se-

21 4657 22 4660 ,
64 4564 222 4680 ffifflegt'lll
240 4589 305 4650 mel
326 4589 506 4652 sanctuariis
529 4591 642 4652 Terrae
664 4589 805 4668 Sanctae,
829 4613 843 4656 a
865 4597 989 4659 civitate

21 4699 22 4708 ³
64 4670 222 4769 ffiffi‘llgffl‘·
239 4681 513 4759 hierosolymitana
534 4691 566 4746 et
595 4686 807 4748 adiacentibus
838 4689 905 4750 eius
926 4689 991 4751 exi-

239 4791 285 4850 re,
310 4775 369 4836 nisi
392 4776 571 4853 gravissima
594 4793 632 4839 en
658 4795 746 4840 causa
768 4797 783 4841 a
805 4782 989 4844 Discretorin

239 4868 451 4946 approbanda3
475 4878 506 4931 et
521 4870 578 4932 boc
594 4870 675 4932 idem
692 4873 839 4934 statuitur
853 4891 908 4952 pro
923 4889 989 4936 om-

240 4961 333 5024 nibus
354 4969 384 5022 et
405 4962 538 5039 singulis
560 4963 737 5025 Discretorii
758 4967 906 5042 patribus.

70 5058 221 5156 tll,l,‘‡„⁰²⁰b⁸‘
280 5055 990 5135 xxxv.ProhibeturpatriTicarioSanctiSal·

69 5127 222 5220 tltgntimnsss
239 5147 369 5223 vetoris,
393 5164 433 5209 ne
453 5151 563 5212 audeat
584 5149 656 5212 dare
685 5151 902 5215 obedientiales
930 5155 989 5216 lra-

67 5219 209 5270 ffi‘wdffi
240 5239 340 5300 tribus
363 5240 527 5303 Custodiae
549 5242 660 5303 Terrae
682 5240 820 5320 Sanctae,
840 5247 897 5308 sub
917 5263 987 5325 poe·

21 5333 22 5338 ’
239 5346 276 5392 na
302 5333 481 5410 privationis
509 5335 616 5408 officii,
639 5343 670 5396 et
692 5353 753 5398 non
783 5337 892 5400 audeat
914 5341 986 5401 reti-

239 5441 316 5487 nere
337 5427 478 5504 sigillum
498 5428 557 5490 sub
578 5444 674 5506 poena
697 5429 819 5492 falsarii.

537 5601 613 5664 Cae.
638 5602 686 5664 lll.

466 5731 511 5794 lle
533 5733 759 5798 Procurator-e.

21 5951 22 5958 ,
68 5895 222 5997 ,gffilfflfflss
280 5908 390 5955 xxxvi.
414 5894 528 5956 Curam
544 5895 668 5958 babebit
683 5896 865 5958 Procurator
880 5913 986 5960 rerum

240 5987 457 6066 temporalium
473 5989 509 6051 ad
525 5989 652 6052 Terram
668 5987 812 6052 Sanctam
828 5990 987 6070 pertinen·

878 631 1076 676 BENEDICTUS
1097 629 1163 675 xlv.

1714 612 1772 676 253
1823 598 1876 653 An.
1891 600 1921 654 d.
1943 599 2011 652 1746

1051 755 1142 828 tium,
1165 769 1227 815 non
1250 751 1375 830 quidem
1397 758 1432 814 ut
1452 749 1603 830 superior,
1619 747 1671 812 sed
1693 748 1790 812 veluti

1049 846 1180 926 simplex
1201 845 1442 920 administrator,
1466 845 1498 906 in
1520 843 1665 906 omnibus
1687 851 1717 906 et
1738 859 1793 922 per

1049 940 1152 1001 omnia
1173 957 1189 1000 a
1210 939 1383 1002 Guardiano
1398 947 1428 1000 et
1444 955 1460 998 a
1475 937 1658 999 Discretorio
1680 938 1794 1016 depen-

1049 1035 1134 1095 dens.
1158 1032 1287 1096 Habebit
1303 1042 1405 1095 tamen
1420 1033 1456 1094 ad
1478 1029 1641 1093 arbitrium
1661 1045 1732 1091 suos
1745 1029 1792 1090 so-

1048 1125 1122 1199 cios,
1138 1141 1215 1204 quos
1229 1127 1387 1188 dimittere
1409 1123 1565 1187 tenebitur
1586 1124 1792 1202 quotiescum·

1048 1233 1109 1296 que
1136 1221 1273 1295 graviter
1303 1217 1508 1297 deliquerint:
1540 1217 1688 1280 iudicium
1717 1233 1791 1279 vero

1048 1312 1181 1374 levitatis
1202 1312 1252 1373 vel
1276 1311 1434 1386 gravitatis
1459 1309 1561 1374 delicti
1584 1312 1619 1373 ad
1641 1311 1791 1373 Discreto-

1048 1406 1127 1468 rium
1151 1407 1330 1484 pertinebit.

1088 1515 1211 1561 xxxin.
1236 1499 1305 1563 Non
1337 1500 1431 1580 possit
1456 1501 1639 1564 Procurator
1666 1515 1722 1578 pro
1742 1499 1788 1560 sui
1810 1504 2022 1604 bnequtgutstrt-

1047 1592 1174 1654 arbitrio
1196 1594 1303 1655 domos
1324 1593 1358 1672 ad
1382 1596 1509 1657 Terram
1530 1595 1673 1659 Sanctam
1695 1569 2022 1672 perti-v02l⁰ss⁰arag‘t'1}¹1¹11⁰.⁸

1049 1693 1159 1748 nentes
1181 1687 1376 1762 distribuere,
1400 1705 1457 1750 nec
1479 1688 1643 1763 tributum,
1666 1703 1732 1762 seu,
1755 1694 1791 1748 ut

1048 1779 1150 1855 aiunt,
1181 1781 1336 1858 caragium
1366 1797 1421 1861 pro
1447 1782 1622 1844 christianis
1652 1780 1792 1860 pauperi·

1047 1873 1105 1935 bus
1126 1874 1264 1950 solvere;
1287 1876 1338 1938 sed
1356 1883 1417 1936 tam
1432 1876 1581 1938 domuum
1604 1874 1790 1948 distributio,

1048 1982 1140 2045 quam
1163 1968 1271 2029 tributi
1294 1969 1407 2031 solutio
1430 1969 1567 2048 quolibet
1589 1985 1670 2030 anno
1691 1985 1706 2028 a
1727 1967 1792 2029 Dis-

1047 2061 1180 2121 cretorio
1212 2061 1413 2124 determinari
1442 2062 1560 2138 debeat,
1589 2061 1691 2123 babito
1711 2077 1792 2123 sem·

1047 2169 1101 2231 per
1112 2161 1254 2233 respectu
1267 2155 1301 2215 ad
1319 2156 1467 2218 maiorem
1480 2156 1531 2218 vel
1543 2158 1697 2218 minorem
1712 2155 1792 2217 cbri-

1047 2251 1223 2312 stianorum
1245 2251 1460 2327 indigentiam.
1490 2252 1574 2326 Quod
1597 2258 1632 2313 ut
1652 2250 1792 2312 securius

1047 2344 1193 2420 praestari
1225 2344 1335 2422 possit,
1375 2350 1516 2408 teneatur
1547 2345 1697 2423 parochus
1727 2359 1791 2404 orn·

1047 2436 1136 2498 nium
1158 2436 1348 2499 familiarum
1363 2438 1603 2500 christianorum
1618 2436 1792 2514 Hierosoly·
1886 2487 1890 2497 .

1046 2528 1105 2590 mis
1116 2529 1299 2605 degentium
1310 2531 1482 2606 catalogum
1495 2532 1595 2594 eidem
1607 2529 1791 2593 Discretorio

1046 2629 1306 2700 praesentaneae
1327 2631 1442 2684 statum
1464 2625 1656 2698 earumdem,
1679 2639 1792 2702 nempe

1046 2718 1195 2780 maiorem
1227 2718 1277 2779 vel
1306 2719 1462 2780 minorem
1492 2717 1684 2797 pauperiem,
1714 2716 1791 2779 indi-

1046 2827 1124 2872 care.

1086 2921 1224 2966 xxrvrn.
1264 2906 1486 2970 conventuum
1518 2914 1547 2967 et
1584 2905 1789 2984 hospitiorum
1816 2908 2022 2972 protttnttsvtca-

1046 2999 1161 3059 Terrae
1182 2996 1310 3061 Sanctae
1325 2999 1576 3062 Procuratoribus
1591 2999 1696 3060 literas
1711 3013 1791 3059 carn·
1810 2971 2023 3078 {ffifflsslafflffl

1045 3091 1139 3152 biales
1159 3107 1315 3153 summam
1337 3093 1542 3154 ducentorum
1570 3092 1790 3154 zeccbincrum
1810 3081 1865 3116 “¹¹¹¹
1879 3069 2008 3116 ²¹¹⁰”³²¹⁰'

1047 3183 1229 3246 excedentes
1256 3185 1323 3246 sine
1351 3186 1527 3248 discretorii
1555 3201 1707 3248 consensu
1733 3184 1790 3246 sol·

1045 3293 1120 3340 vere
1143 3278 1274 3339 minime
1303 3280 1411 3356 possit:
1437 3295 1538 3358 neque
1559 3279 1626 3341 sine
1651 3279 1789 3340 eiusdem

1046 3371 1222 3433 Discretorii
1244 3371 1356 3448 placito
1377 3387 1509 3434 inunera
1531 3373 1614 3447 dare,
1630 3371 1682 3434 vcl
1700 3386 1791 3449 pecu·

1046 3465 1123 3540 nias,
1147 3464 1197 3525 vel
1218 3464 1388 3541 horologia,
1411 3473 1463 3528 aut
1485 3473 1597 3541 vestes,
1614 3465 1663 3526 vel
1679 3465 1737 3525 alia
1751 3464 1792 3524 si-

1045 3559 1149 3633 milia,
1174 3575 1275 3636 neque
1304 3559 1426 3621 avanias
1449 3558 1581 3634 solvere,
1604 3566 1635 3620 et
1655 3560 1714 3619 boc
1734 3557 1792 3618 sub

1046 3669 1142 3730 poena
1164 3653 1346 3730 privationis
1361 3653 1466 3715 odicii.
1489 3653 1614 3728 Quoties
1635 3660 1737 3715 autem
1753 3650 1791 3712 de

1045 3745 1222 3807 Discretorii
1254 3763 1408 3809 consensu
1437 3747 1552 3826 aliquid
1582 3749 1718 3824 erogabit
1738 3755 1791 3809 aut

1045 3838 1154 3914 solvet,
1171 3839 1223 3902 tali
1240 3839 1330 3901 modo
1341 3855 1374 3901 se
1386 3849 1483 3916 gerat,
1497 3851 1531 3902 ut
1545 3840 1637 3902 turcis
1651 3848 1682 3901 et
1697 3840 1789 3901 etiarn

1046 3932 1220 3994 christianis
1235 3933 1416 4008 innotescat,
1430 3935 1509 4012 quod
1526 3935 1599 3996 haec
1620 3949 1682 3995 non
1705 3950 1789 4012 prae·

1044 4031 1103 4087 stat
1133 4027 1261 4088 nomine
1291 4027 1429 4105 proprio,
1452 4033 1482 4089 et
1503 4028 1602 4090 veluti
1630 4035 1719 4105 caput
1740 4027 1790 4089 vel

1044 4119 1186 4198 superior
1208 4121 1319 4182 Terrae
1333 4118 1471 4195 Sanctae,
1485 4120 1536 4182 sed
1554 4119 1681 4184 nomine
1695 4121 1790 4183 Guar-

1045 4213 1127 4276 diani
1156 4221 1187 4275 et
1215 4216 1309 4276 totius
1342 4215 1534 4292 Discretnrii;
1566 4223 1597 4276 et
1628 4215 1707 4277 circa
1732 4216 1790 4277 boc

1046 4316 1197 4387 punctum
1228 4308 1335 4372 sedulo
1357 4317 1387 4370 et
1417 4309 1498 4370 serio
1526 4310 1723 4372 instruantur
1744 4309 1789 4371 in·

1045 4409 1196 4482 terpretes
1211 4410 1243 4465 et
1264 4402 1314 4464 alii
1336 4401 1373 4463 ad
1394 4418 1470 4482 quos
1491 4391 1643 4481 praedicta
1666 4402 1789 4480 negotia

1045 4504 1176 4558 tractare
1197 4497 1343 4575 pertinet.

1083 4605 1196 4654 xxxix.
1228 4590 1291 4654 Nec
1321 4591 1525 4666 vestimenta,
1554 4607 1611 4652 nec
1641 4588 1786 4665 sandalia,
1814 4590 2022 4690 gestamepetltja

1044 4699 1101 4745 nec
1123 4685 1180 4746 atta
1210 4685 1386 4746 uniusmodi
1416 4683 1470 4745 mn
1498 4684 1643 4759 rettgtoso
1676 4683 1788 4744 triton
1807 4655 2020 4798 {actitant

1043 4777 1229 4840 Procurator
1250 4779 1363 4856 absque
1385 4779 1508 4840 licentia
1531 4777 1579 4839 vel
1596 4778 1739 4839 mandato
1754 4778 1786 4839 in
1828 4751 1954 4798 ⁰³¹d¹³¹¹¹'

1044 4873 1165 4950 scriptis
1180 4888 1208 4950 p.
1219 4872 1395 4934 Guardiani.
1406 4872 1667 4948 Quotiescumque
1682 4878 1788 4932 autem

1044 4965 1105 5026 tale
1133 4967 1314 5028 mandatum
1336 4965 1393 5027 sibi
1421 4973 1651 5042 praesentatum
1679 4963 1786 5038 luerit,

1044 5057 1197 5134 benigne,
1221 5058 1381 5120 caritative
1402 5066 1433 5120 ct
1454 5059 1523 5120 sine
1544 5075 1630 5119 mora
1659 5059 1786 5132 tribuat,

1043 5151 1211 5214 vel'tribui
1233 5158 1337 5227 curet,
1360 5152 1441 5230 quod
1465 5151 1516 5212 tali
1543 5151 1686 5213 mandato
1708 5151 1788 5212 ordi-

1043 5251 1152 5306 natum
1174 5247 1243 5308 erit.

1083 5355 1132 5400 xc.
1164 5337 1229 5402 Sub
1258 5355 1356 5418 poena
1389 5339 1570 5418 privationis
1601 5339 1691 5400 officii
1722 5354 1786 5400 non
1864 5341 1949 5439 Neque
1973 5351 2019 5385 su-

1044 5434 1137 5512 possit
1149 5433 1356 5511 supellectiles
1370 5449 1478 5508 sacras,
1495 5432 1613 5507 calices,
1626 5447 1788 5510 paramen-
1806 5390 2019 5493 ῗῧιὲθνεῖηθῗεῖιῖἶὲ

1042 5531 1083 5600 ta,
1105 5525 1223 5602 aliaque
1238 5524 1415 5588 huiusmodi
1431 5527 1466 5588 ad
1480 5531 1655 5587 conventus
1668 5525 1719 5587 vel
1734 5525 1787 5586 ho·
1806 5499 2020 5601 {lssgsslofffifflfflff

1042 5619 1131 5694 spitia
1154 5620 1317 5682 Custodiae
1339 5619 1405 5680 sine
1430 5618 1607 5680 Discretorii
1633 5634 1786 5680 consensu
1807 5617 1838 5652 ‘⁰-

1043 5713 1265 5774 transmittere.
1299 5712 1519 5774 Discretorium
1544 5718 1649 5772 autem
1676 5710 1788 5774 sollici·

1043 5813 1105 5866 tam
1126 5821 1232 5867 curam
1254 5813 1350 5880 gerat,
1367 5813 1402 5866 ut
1423 5809 1597 5868 conventus
1610 5811 1642 5864 et
1656 5804 1787 5883 hospitia

1041 5898 1212 5976 aequaliter
1241 5905 1272 5960 et
1306 5898 1406 5961 debita
1437 5906 1555 5970 servata
1586 5898 1786 5976 proportione

1042 5992 1273 6070 provideantur.
