4820 6980
320 534 374 590 An.
388 538 418 588 0.
441 537 509 590 1757
560 533 619 600 788

539 673 656 734 audeat
671 670 801 732 iniussu
815 667 906 732 eiust
927 675 962 731 at
984 665 1071 732 abest
1091 667 1148 730 llei
1169 675 1283 739 mutus,

538 763 585 826 uel
608 765 733 826 iussum
755 763 791 824 dc
811 759 872 824 sibi
894 761 1073 834 assidendo,
1089 763 1118 823 si
1137 760 1221 824 absit
1236 777 1286 823 ιι-

1058 549 1121 596 tha.
1147 548 1238 596 ΡΟΝΤ.
1262 547 1302 594 DE
1324 548 1352 595 1².
1377 547 1406 596 E·
1431 549 1513 596 Palis
1535 547 1555 596 l.

1343 667 1453 742 dnum,
1484 667 1633 730 loannem
1663 668 1742 733 vlit.
1765 669 1799 732 in
1820 669 1929 732 eodem
1950 667 2088 734 Concilio

1343 762 1378 824 ad
1394 762 1575 824 instantiam
1591 762 1814 843 Episcoporum
1829 763 1994 826 Hincmaro
2008 762 2087 831 Lau-

2117 525 2312 585 aa.e.1rm
2394 529 2395 596 i

539 853 671 936 prituda
693 856 834 932 corporis
855 855 1024 916 sessionem
1046 853 1224 932 deposcens,
1250 869 1286 916 ea
1343 854 1475 916 dunensi
1489 857 1706 934 caeco,nepoti
1721 855 2087 929 hincmarilthemensis,
2112 853 2116 859 “

539 947 623 1010 euim
644 945 785 1024 corporis
808 945 1012 1010 imbecillitas
1027 947 1156 1010 diuinae
1177 944 1286 1008 ludul-

540 1041 667 1120 peatiae
686 1039 727 1102 ad
742 1039 912 1102 sedendum
928 1056 1090 1102 concessae
1106 1044 1223 1108 tessera
1233 1043 1286 1100 est

540 1150 579 1196 ιι
601 1141 726 1196 ιιιιιιι
759 1135 817 1195 rei.
852 1131 996 1212 Cumque
1016 1134 1049 1195 in
1081 1134 1206 1196 canone
1230 1131 1285 1194 iti

541 1227 670 1290 Concilii
684 1227 943 1306 aquisgranensis
958 1227 1111 1304 legamus:
1136 1225 1199 1288 Nec
1214 1241 1285 1287 cum

541 1319 665 1384 baculis
688 1320 723 1383 in
745 1320 855 1393 choro,
878 1319 1018 1398 exceptis
1043 1319 1211 1390 debilibus,
1233 1319 1286 1380 sed

540 1413 779 1495 relipiasissime
810 1414 878 1476 illis
909 1413 1063 1476 starxdum
1095 1422 1125 1476 et
1149 1413 1285 1492 psallen-

541 1509 617 1571 dum
639 1514 696 1570 est.
722 1507 870 1570 Eruditus
888 1508 976 1570 Pater
998 1506 1165 1570 Mneltenus
1187 1507 1219 1568 in
1235 1508 1288 1570 do·

541 1603 597 1664 ctis
615 1602 680 1664 suis
694 1599 960 1680 disquisitionibus
980 1601 1169 1675 monasticis,
1181 1598 1235 1662 lib.
1250 1601 1286 1671 7,

542 1695 675 1774 ιιιιιιι.
702 1698 732 1768 1,
755 1709 826 1774 pap.
844 1693 925 1766 705,
947 1695 988 1756 its
1011 1694 1169 1758 canonem
1191 1693 1289 1771 expli-

541 1795 602 1850 cat:
635 1787 723 1862 Ouad
750 1793 858 1850 autem
887 1783 1043 1848 debilibus
1072 1785 1124 1848 bia
1152 1784 1287 1866 lepimus

542 1877 692 1944 baculum
722 1879 906 1959 ludulperi,
936 1879 1050 1941 ceteris
1084 1878 1216 1959 aspari,
1254 1878 1288 1940 id

542 1977 667 2056 lactum
689 1990 722 2036 eu
749 1974 848 2045 mado,
873 1990 932 2050 qua
961 1973 997 2035 de
1025 1971 1145 2036 lebino
1172 1969 1288 2034 scribit

548 2067 760 2130 Theodorelus
788 2067 822 2128 iu
849 2065 992 2128 Pbilalb.
1021 2081 1091 2144 cap.
1118 2064 1173 2136 24,
1203 2067 1287 2142 past·

542 2178 637 2239 quam
649 2167 758 2225 autem
774 2175 837 2221 aaa
852 2156 1056 2236 permittebat
1077 2162 1233 2229 senectus,
1250 2163 1287 2220 ut

543 2258 629 2319 citra
651 2253 829 2317 molestiam
851 2261 939 2316 stare
958 2261 1061 2333 posset
1077 2254 1217 2322 assidue,
1234 2269 1290 2314 su·

542 2349 761 2410 steutaculum
790 2348 817 2408 ei
844 2345 1030 2425 praestabat
1060 2345 1204 2416 baculus,
1234 2346 1288 2408 cui

544 2442 681 2503 iauiaus
703 2441 877 2503 Dominum
892 2450 922 2503 et
939 2439 1094 2503 laudabat
1115 2446 1144 2501 et
1161 2437 1285 2502 orabat.

582 2551 637 2596 xx.
662 2535 701 2596 Et
714 2549 800 2608 sane,
812 2533 836 2593 si
856 2533 955 2596 media
970 2533 1074 2594 omnia
1089 2531 1287 2608 adhibentur,

544 2637 578 2691 ut
599 2629 739 2692 sacerdos
759 2629 794 2690 ad
822 2626 928 2688 Missae
954 2626 1197 2688 celebrationem
1224 2625 1289 2687 ine·

543 2730 613 2801 ptus
628 2721 766 2795 ellectns,
776 2719 1011 2800 dispensationis
1026 2718 1162 2782 remedio
1173 2718 1209 2780 ad
1221 2733 1288 2780 eam

542 2815 757 2878 celebrandam
779 2812 924 2876 reddatur
945 2813 1093 2889 idoneus3
1116 2813 1142 2873 si
1162 2818 1289 2874 conatus

543 2908 646 2971 omnis
674 2905 866 2980 intenditur,
888 2915 923 2968 ut
952 2905 1135 2968 auferantur
1161 2905 1289 2983 impedi·

543 3009 648 3064 menta
667 3000 758 3063 laicos
772 3018 786 3059 a
803 2999 1075 3063 sacramentorum
1091 2998 1290 3077 perceptione

543 3095 691 3157 arcentis:
715 3093 820 3154 mirari
837 3107 929 3154 nemo
951 3092 1053 3168 debet,
1069 3093 1094 3154 si
1110 3108 1173 3154 non
1188 3091 1288 3154 solum

542 3187 819 3267 aliquibuspedum
830 3185 986 3248 debilitate
1000 3185 1208 3247 laborantibus
1218 3200 1289 3246 con·

543 3282 669 3343 cedatur
690 3278 818 3342 facultas
839 3278 945 3340 Missae
964 3278 1157 3340 sedentariae
1173 3293 1290 3340 canone

544 3382 684 3451 excepto,
706 3372 759 3434 sed
777 3373 802 3434 si
817 3371 1011 3450 dignioribus
1026 3371 1179 3434 Ecclesiae
1200 3369 1289 3433 Mini-

543 3467 627 3543 stris‚
651 3465 806 3546 Episcopis
828 3465 1024 3544 praesertim,
1047 3463 1153 3526 eadem
1177 3463 1288 3542 pedum

544 3561 727 3622 infirmitate
742 3558 895 3637 oppressis
913 3558 1111 3638 permittatur
1125 3557 1218 3619 sessio
1233 3556 1291 3619 sub

543 3654 608 3732 ipso
630 3669 754 3732 quoque
775 3668 893 3715 canone
914 3659 944 3713 et
965 3651 1209 3713 consecratione.

584 3764 652 3810 xxx.
675 3743 707 3808 Si
730 3748 890 3826 parochus,
912 3753 964 3808 aut
984 3745 1124 3808 sacerdos
1139 3743 1228 3819 aliae,
1245 3745 1289 3805 vi-

545 3839 637 3903 dendi
665 3839 809 3902 laenitate
839 3839 976 3916 privatus
999 3853 1063 3899 non
1084 3837 1142 3912 sit,
1166 3837 1289 3900 lieentia

545 3935 572 3996 ei
595 3933 773 3997 conceditur
788 3930 963 3994 celebrandi
977 3931 1009 3992 in
1025 3931 1109 3994 lestis
1123 3932 1290 3994 solemnio-

543 4027 630 4090 ribus
660 4035 693 4087 et
723 4023 897 4104 duplicibus
928 4024 1051 4086 Missam
1083 4025 1221 4087 votivam
1252 4023 1290 4086 de

544 4119 722 4181 beatissima
749 4115 891 4193 Virgine,
918 4115 1026 4179 diebus
1052 4126 1156 4179 autem
1177 4115 1291 4179 leriali-

544 4213 601 4276 hus
612 4211 734 4274 Missam
748 4208 981 4272 detunctorum:
997 4208 1113 4271 multae
1124 4225 1199 4270 vero
1210 4209 1292 4273 clau·

544 4307 630 4370 sulae
640 4305 712 4367 huic
726 4303 916 4366 concessioni
928 4303 1189 4379 adiiciuntur,illa
1205 4320 1292 4381 prae-

543 4399 665 4473 sertim,
685 4406 719 4459 ut
734 4413 796 4458 aaa
817 4397 862 4458 sit
885 4397 1011 4458 omuino
1034 4413 1156 4470 coecus,
1173 4414 1229 4458 uec
1245 4413 1291 4458 re-

544 4494 622 4554 citet
644 4489 846 4562 memoriter‚·
868 4489 1110 4568 iniungiturque
1137 4491 1292 4570 Episcopis

545 4595 591 4660 ut,
608 4585 633 4646 si
647 4585 777 4646 omnino
798 4599 904 4646 caecus
926 4584 1083 4660 reddatur,
1106 4585 1190 4646 omni
1214 4585 1293 4648 cele-

545 4679 652 4741 brandi
674 4676 818 4739 facultate
846 4677 999 4753 privetur.
1026 4677 1128 4755 nique
1148 4679 1173 4740 si
1194 4695 1291 4741 saeer-

544 4769 598 4834 dos
613 4787 719 4834 caecus
733 4769 886 4832 alliciatur
901 4775 968 4847 post
979 4781 1155 4849 susceptum
1168 4773 1293 4850 presby·

546 4870 663 4925 teratus
692 4863 850 4936 ordinem,
873 4861 921 4923 hie
944 4861 1034 4924 illam
1060 4862 1198 4926 delectus
1227 4881 1290 4928 non

545 4957 656 5019 ordine
677 4956 752 5034 ipsa,
775 4956 826 5016 sed
848 4955 965 5016 ordinis
979 4957 1163 5018 executione
1178 4951 1299 5036 privat,

546 5061 578 5114 et
600 5051 726 5131 quidem
741 5059 863 5112 tantum
878 5051 976 5128 quoad
992 5050 1218 5114 conlectionem
1232 5054 1292 5114 Eu-

546 5143 716 5214 charistiae,
733 5157 796 5203 non
812 5143 886 5203 item
902 5143 1002 5218 quoad
1022 5142 1095 5204 alias
1117 5141 1292 5206 functiones

547 5237 650 5298 visum
671 5250 735 5296 non
757 5235 929 5311 exigentes,
955 5235 1053 5313 qualis
1075 5243 1153 5298 esset
1173 5237 1292 5300 contes-

546 5329 642 5391 sionis
663 5328 791 5402 auditio,
813 5328 997 5405 praedicatio
1012 5338 1085 5403 eta,
1102 5338 1193 5406 prout
1214 5333 1292 5409 opti·

547 5437 598 5482 me
609 5421 751 5482 observat
762 5419 792 5483 S.
804 5420 946 5496 Thomas,
955 5420 977 5479 3
987 5428 1089 5498 part,
1100 5427 1221 5498 quaest.
1232 5424 1288 5496 82,

547 5520 612 5576 ιιι.
636 5514 689 5585 10,
713 5514 754 5574 ιι
775 5513 806 5572 3.
831 5513 899 5574 Non
922 5529 996 5576 vero
1017 5516 1130 5576 desunt
1151 5516 1291 5594 exempla

547 5624 706 5670 concessae
721 5608 817 5669 caecis
833 5607 990 5685 Episcopis
1006 5606 1149 5669 licentiae
1170 5608 1289 5670 Missam

547 5699 732 5762 celebrandi.
763 5701 925 5762 himonius
945 5715 1018 5761 sane
1041 5699 1136 5762 relert
1165 5701 1197 5763 in
1218 5702 1291 5764 actis

548 5793 679 5856 Concilii
703 5792 865 5856 tricassini
894 5808 975 5854 anno
997 5809 1216 5856 naaaxxxmu.
1240 5795 1291 5856 ha·

548 5885 605 5950 biti
627 5885 705 5968 apud
734 5886 915 5964 Baronium,
938 5893 969 5948 et
997 5885 1138 5948 Natalem
1160 5887 1292 5950 Alexan·

1342 945 1520 1010 lacultatem
1532 947 1631 1012 Sacris
1645 950 1793 1028 operandi
1804 949 1899 1012 luisse
1909 949 2087 1026 elargitum.

1343 1040 1417 1104 Solo
1438 1058 1561 1120 quoque
1577 1043 1609 1106 in
1625 1044 1649 1106 4
1668 1041 1825 1110 starem„
1842 1043 1917 1104 dist.
1936 1042 1969 1112 9,
1986 1058 2039 1119 qu.
2055 1041 2087 1108 1,

1342 1138 1408 1195 ιιι.
1424 1133 1457 1207 2,
1477 1143 1606 1198 testatur
1627 1136 1757 1198 visnma
1772 1152 1805 1198 se
1820 1136 1852 1198 in
1868 1134 2006 1199 Concilio
2021 1134 2089 1196 'lni-

1342 1223 1470 1288 dentino
1499 1227 1684 1307 Episcopum
1715 1244 1842 1292 caecum
1868 1245 1906 1291 ex
1933 1225 2090 1290 Pontitlcis

1343 1319 1570 1396 dispensatione
1597 1323 1735 1398 qnotidie
1763 1323 1984 1384 celebrantem.
2008 1320 2088 1383 Eum

1344 1427 1399 1472 nas
1414 1412 1450 1473 ia
1464 1411 1644 1476 minoribus
1667 1430 1800 1478 munere
1821 1413 2030 1490 fungeremur
2043 1429 2090 1474 se-

1342 1504 1465 1570 cretarii
1498 1507 1757 1584 congregacionis
1787 1508 1934 1584 concilii,
1966 1514 2091 1570 mature

1343 1595 1476 1658 discussa
1507 1599 1653 1674 materia,
1685 1603 1883 1680 excussisque
1914 1600 2090 1664 auctoribus

1344 1690 1483 1766 allegatis
1504 1709 1519 1752 a
1535 1693 1635 1768 nobis,
1649 1695 1681 1755 in
1696 1694 1771 1756 lolio
1785 1696 1917 1774 desuper
1937 1691 2089 1766 conlecto,

1344 1789 1375 1846 et
1404 1791 1477 1846 tom.
1508 1783 1531 1845 4
1562 1786 1715 1850 Thesaur.
1748 1787 1850 1850 Meaot.
1884 1789 2087 1868 Gouprepat„

1344 1894 1416 1957 pap.
1450 1882 1531 1950 101,
1554 1887 1585 1942 ιι
1614 1897 1692 1959 seqq.
1724 1881 1801 1944 edit.
1830 1881 1927 1944 Urbin
1957 1881 2091 1958 parocho

1345 1971 1527 2037 Florentino
1547 1990 1635 2038 caeco
1664 1977 1807 2050 omnino,
1829 1977 1881 2038 sed
1904 1989 2091 2052 magnorum

1344 2066 1530 2130 meritorum
1558 2068 1676 2132 intuitu
1708 2068 2014 2132 circumstantiarum
2040 2083 2091 2129 xa·

1345 2157 1463 2220 riarum
1485 2160 1518 2222 in
1540 2161 1606 2224 eius
1623 2162 1761 2224 lavarem
1782 2161 2040 2226 concurrentium
2056 2161 2092 2222 li-

1344 2251 1444 2313 centia
1466 2267 1608 2316 concessa
1630 2263 1677 2317 est
1698 2255 1819 2317 Missam
1839 2252 2013 2316 celebrandi
2034 2253 2092 2314 suh

1345 2343 1517 2407 assistentia
1546 2346 1673 2408 alterius
1698 2347 1881 2422 sacerdotis3
1903 2361 1993 2410 causa
2018 2346 2092 2407 haee

1345 2438 1498 2516 proposita
1511 2447 1556 2502 est
1567 2456 1602 2502 ιι.
1615 2441 1738 2518 augusti
1750 2456 1955 2514 uncaxxmx„
1967 2446 1999 2502 et
2012 2439 2094 2501 eius·

1345 2525 1518 2606 lemanni,
1540 2531 1720 2612 mensisque
1731 2533 1782 2595 die
1796 2549 1889 2596 xxxix.
1915 2532 2089 2595 terminata.

1346 2621 1454 2701 Neque
1470 2626 1641 2688 recentiora
1656 2627 1771 2690 desunt
1785 2627 1927 2706 exempla
1941 2624 2092 2688 similium

1345 2718 1591 2782 concessionum.

1386 2827 1466 2874 xxix.
1491 2810 1560 2874 Non
1582 2821 1627 2876 est
1651 2813 1832 2876 celebranda
1863 2815 1954 2876 Missa
1985 2821 2094 2892 operto

1346 2905 1453 2984 capite.
1484 2905 1625 2968 canones
1652 2907 1680 2970 ιι
1709 2907 1908 2986 prohibentes
1933 2909 2093 2970 adductis

1346 2999 1435 3060 nabis
1454 3007 1528 3062 sunl
1550 2999 1585 3061 ia
1608 2999 1835 3078 Notificatioue
1866 3001 1921 3072 14,
1950 2999 2031 3062 Tum.
2055 3004 2091 3072 2,

1347 3110 1426 3172 quae
1446 3093 1492 3154 34
1514 3101 1559 3156 ιιι
1582 3093 1706 3156 ιιιιιιι
1727 3093 1890 3164 editionis,
1913 3095 1933 3169 5
1953 3097 1990 3165 2,
2012 3095 2089 3156 edit.

1347 3187 1436 3257 ital.,·
1452 3187 1576 3249 tatiana
1591 3203 1663 3249 uera
1683 3195 1759 3250 sect.
1778 3186 1809 3258 1,
1826 3203 1914 3250 aunt.
1939 3189 1996 3250 63.
2007 3189 2093 3252 inter

1346 3278 1420 3341 alios
1442 3295 1518 3341 vero
1537 3294 1671 3342 canones
1684 3279 1720 3342 sd
1736 3281 1857 3344 literam
1874 3281 1902 3344 id
1920 3281 2010 3345 habet
2024 3298 2090 3344 ean.

1347 3372 1466 3436 Nullas
1489 3371 1663 3451 Episcopus
1684 3373 1721 3434 ds
1744 3375 1926 3436 consecrat.
1951 3375 2028 3437 dist.
2055 3377 2092 3436 1.-

1347 3467 1467 3530 Nultus
1492 3467 1677 3544 Episcopus,
1703 3465 1884 3544 presbpter,
1906 3473 1967 3529 aut
1989 3468 2093 3530 diaca-

1347 3577 1423 3632 aas,
1452 3559 1493 3621 ad
1520 3559 1675 3621 solemnia
1704 3560 1879 3624 Missurum
1907 3559 2093 3623 eebbruada

1346 3661 1532 3732 praesumat
1555 3669 1627 3716 eum
1650 3651 1763 3716 bacula
1787 3654 1938 3724 introire,
1962 3663 2022 3716 aut
2043 3671 2092 3715 ae·

1347 3746 1413 3810 late
1435 3746 1540 3824 capite
1560 3745 1665 3808 attari
1686 3743 1740 3808 liei
1754 3747 1916 3810 assistere.
1939 3748 2092 3825 Quidquid

1346 3849 1451 3902 autem
1471 3841 1513 3902 sit
1535 3841 1573 3903 de
1592 3855 1641 3915 eo,
1665 3841 1747 3918 quod
1779 3838 1934 3918 vasquez,
1958 3847 2032 3902 tam.
2058 3843 2091 3912 3,

1347 3933 1382 3993 iu
1403 3933 1424 3992 3
1448 3939 1545 4008 ΙΙιιι,
1561 3931 1683 4010 disput.
1700 3933 1782 4004 232,
1795 3948 1864 4010 cap.
1880 3935 1913 4002 4,
1931 3931 2037 4008 ιιιιιι,
2060 3934 2092 3995 in

1346 4025 1470 4087 Palania
1491 4025 1669 4088 Sacerdotes
1688 4027 1782 4088 etiam
1801 4027 1958 4102 regulares
1973 4028 2004 4088 in
2020 4028 2093 4105 hye-

1347 4134 1399 4180 me
1419 4126 1525 4196 operto
1546 4119 1645 4196 capite
1668 4119 1790 4182 Missam
1812 4119 1916 4183 dicere
1936 4136 2036 4198 usqne
2056 4123 2091 4183 ad

1346 4211 1626 4288 consecrationem
1650 4213 1888 4274 consuevitdari
1911 4213 2031 4275 licentia
2046 4229 2094 4274 ca·

1348 4303 1411 4382 pite
1425 4312 1534 4381 operto
1544 4303 1666 4366 Missam
1682 4304 1805 4382 legendi
1820 4312 1948 4385 excepto
1963 4321 2092 4381 maone,

1347 4398 1372 4458 si
1395 4405 1549 4460 testentur
1563 4397 1674 4460 medici
1688 4415 1726 4459 ex
1741 4399 1846 4477 capitis
1864 4400 2036 4462 nudatione
2049 4417 2095 4460 sa·

1348 4490 1453 4553 nitatis
1464 4489 1641 4568 pericnlum
1655 4490 1833 4554 imminere.
1850 4490 1962 4554 Paulas
1973 4492 2011 4555 V.
2022 4507 2095 4554 con·

1348 4582 1473 4644 cessisse
1495 4582 1611 4658 legitur
1625 4583 1658 4644 in
1673 4583 1827 4662 aliquibus
1841 4584 1977 4648 Orientis
1991 4585 2094 4647 Eccle-

1348 4676 1400 4736 siis
1415 4675 1518 4736 Missas
1532 4675 1668 4751 integras
1684 4692 1746 4738 una
1759 4693 1830 4739 eum
1852 4693 1971 4740 canone
1987 4686 2094 4756 aperto

1348 4770 1446 4846 capite
1456 4767 1616 4841 celebrari,
1629 4784 1701 4830 cum
1717 4770 1753 4831 iis
1768 4770 1801 4830 in
1812 4769 1993 4846 regionibus
2007 4772 2095 4834 inur-

1349 4863 1424 4924 bana
1448 4859 1711 4939 habeaturcapitis
1733 4861 1910 4925 denudatio.
1937 4863 2094 4942 Erymna·

1348 4954 1405 5015 dus
1426 4954 1521 5016 citat.
1545 4957 1620 5014 tom.
1643 4955 1677 5026 0,
1698 4969 1770 5034 pap.
1795 4955 1873 5026 499,
1897 4957 2035 5018 calamo.
2058 4958 2092 5026 2,

1347 5055 1378 5108 ιι
1390 5047 1513 5109 Menaus
1524 5052 1599 5109 tam.
1612 5050 1648 5118 2,
1661 5047 1698 5108 ιι
1711 5047 1887 5127 Sacrificio,
1901 5049 2023 5126 disput.
2035 5049 2092 5122 27,

1347 5143 1478 5203 sectiou.
1495 5144 1531 5212 2,
1548 5156 1638 5203 uum.
1656 5144 1714 5211 10,
1730 5142 1912 5217 admittunt,
1925 5153 2032 5222 operto
2046 5161 2094 5206 ca-

1349 5236 1412 5314 pite
1433 5235 1553 5297 Missam
1569 5241 1600 5296 et
1615 5232 1774 5296 damonem
1792 5234 1851 5296 dici
1866 5251 1965 5312 pesse,
1981 5237 2007 5298 si
2021 5237 2094 5298 alias

1348 5329 1496 5390 timeatur
1522 5327 1614 5389 saluti
1640 5325 1824 5404 ιιιιιιιιιι,
1854 5329 1886 5390 in
1913 5329 2094 5405 regionibus

1349 5421 1528 5500 praesertim
1542 5420 1673 5497 trigidis.
1691 5421 1823 5499 ideoque
1838 5421 1993 5484 Navarrus
2004 5420 2094 5484 tias

1349 5514 1386 5576 de
1400 5511 1546 5576 celebrat.
1565 5513 1751 5584 Missurum,
1771 5514 1888 5577 Gaasil.
1908 5514 1942 5586 7,
1959 5517 2093 5588 mamb,
2123 5588 2125 5592 ¹

1347 5607 1425 5670 edil.
1454 5608 1554 5670 Versat.
1584 5611 1689 5679 1621,
1712 5610 1787 5670 haec
1814 5607 1928 5671 adieri:
1953 5609 2024 5671 Mau
2046 5609 2095 5670 tle-

1347 5701 1463 5762 sinaut
1480 5702 1690 5766 Sacramenta
1705 5701 1817 5764 diviua
1832 5709 2013 5780 reverenter
2028 5710 2096 5766 tra-

1349 5795 1446 5866 ctari,
1459 5810 1492 5856 eo
1514 5795 1595 5872 quod
1616 5811 1656 5856 sa
1680 5796 1769 5858 iustu
1790 5811 1888 5858 causo
1909 5799 1941 5857 et
1963 5798 2096 5856 necessi·

1349 5893 1417 5949 tate
1438 5887 1568 5950 uitandi
1589 5889 1735 5968 triparis,
1754 5888 1801 5949 oet
1822 5885 1942 5950 doloris
1964 5889 2094 5966 cupitis,
