4708 6978
343 599 397 666 An.
411 605 441 658 G.
463 604 531 656 1746
580 603 639 666 300

562 738 736 802 letudinem
757 755 831 802 vere
853 737 1059 800 necessarium
1082 752 1147 800 esse
1168 733 1303 815 pruden-

562 841 610 897 ter
630 832 825 896 iudicabitur.

331 1001 362 1036 na
372 937 543 1038 ἓθιιῐιὶιέἰὲἓὲῑῶἶ
599 927 656 1002 Qui
679 924 803 988 tandem
825 925 984 988 licentiam
1015 922 1225 986 commorandi
1251 937 1302 984 ex·

331 1043 389 1090 bris.

561 1028 607 1083 tra
628 1019 791 1082 dioecesim
812 1016 977 1098 postulabit
991 1023 1116 1096 propter
1130 1015 1304 1093 malignita-

562 1123 625 1177 tem
639 1113 727 1187 aeris,
744 1127 838 1192 quem
854 1111 884 1172 iu
899 1127 954 1173 sua
969 1111 1098 1174 dioecesi
1113 1107 1216 1188 aliquo
1230 1108 1302 1170 anni

565 1215 705 1285 tempore
732 1204 921 1266 insalubrem
950 1218 1017 1266 esse
1043 1202 1190 1278 affirmem
1214 1200 1238 1262 is
1259 1200 1304 1261 vi-

563 1301 633 1363 deal
653 1299 747 1360 etiam
770 1305 862 1376 atque
882 1296 975 1360 etiam
996 1295 1068 1376 quid
1084 1301 1162 1372 agat.
1184 1291 1304 1371 thui-

561 1393 632 1456 dem
643 1407 698 1471 pro
709 1392 838 1454 veritate
849 1398 994 1469 exponat,
1005 1389 1117 1469 quibus
1128 1387 1200 1450 anni
1216 1401 1304 1448 men-

560 1484 644 1549 sibus
664 1485 853 1564 perniciosus
867 1483 907 1546 sil
927 1482 1063 1560 regionis
1084 1497 1152 1544 aer:
1174 1480 1250 1542 item
1265 1495 1302 1540 an

561 1579 668 1642 eadem
684 1576 760 1641 coeli
776 1577 941 1656 temperies
956 1583 1052 1639 totam
1067 1573 1304 1653 comprehendat

561 1671 737 1748 dioecesim,
753 1671 831 1732 itaut
852 1669 959 1732 nullus
981 1669 1062 1732 intra
1083 1668 1149 1730 eius
1170 1671 1303 1728 tractum

562 1765 646 1828 locus
667 1763 788 1838 existat,
804 1763 910 1842 inquo
932 1770 1109 1841 suspectum
1131 1758 1206 1822 illud
1228 1767 1304 1822 tem·

561 1875 618 1938 pus
649 1857 762 1936 absque
786 1856 892 1918 salutis
919 1855 1109 1917 detrimento
1135 1853 1304 1930 transigere

561 1952 679 2026 valeat;
695 1957 851 2030 postremo
866 1965 904 2010 au
919 1947 1132 2011 conciliaribus
1147 1945 1305 2008 mensibus

561 2062 635 2108 usus
661 2044 766 2107 inerit.
799 2042 924 2106 Etenim
945 2042 969 2103 si
999 2040 1139 2104 nondum
1167 2055 1219 2102 eos
1248 2037 1304 2100 sibi

561 2138 746 2216 sumpserit,
770 2151 832 2199 non
861 2149 951 2212 aegre
974 2133 1126 2196 obtinebit
1147 2132 1302 2194 indultum

561 2231 720 2294 abessendi
741 2245 796 2310 per
822 2237 954 2308 quatuor
984 2243 1106 2290 menses
1132 2227 1305 2309 (quatenus

561 2324 738 2404 periculum
759 2325 795 2386 ab
815 2338 886 2385 aere
908 2322 1026 2386 tamdiu
1054 2322 1164 2384 durare
1185 2337 1306 2384 censea-

562 2415 638 2497 tur),
660 2418 693 2480 in
718 2417 831 2496 quibus
863 2423 966 2478 tamen
990 2423 1051 2478 tres
1072 2414 1117 2476 illi
1139 2431 1154 2476 a
1175 2413 1305 2477 concilio

562 2509 703 2590 permissi
725 2507 911 2571 numerandi
937 2515 1050 2570 erunt:
1074 2509 1098 2568 si
1119 2515 1223 2570 autem
1250 2506 1306 2569 bu·

562 2602 694 2666 iusmodi
715 2602 837 2664 concilii
859 2600 1053 2677 indulgentia
1076 2601 1137 2662 iam
1153 2616 1226 2662 usus
1240 2600 1305 2662 lue-

561 2697 615 2772 rit,
638 2697 753 2759 lrustra
774 2710 894 2758 novum
916 2693 1074 2756 indultum
1095 2693 1248 2772 praedicta
1269 2693 1306 2755 de

560 2807 648 2854 causa
670 2788 708 2850 ab
729 2787 903 2867 Apostolica
925 2785 1004 2851 Sede
1031 2785 1214 2865 postulabit,
1236 2785 1307 2847 sibi-

561 2898 623 2961 que
643 2884 798 2960 imputare
819 2880 953 2955 debebit,
974 2879 1068 2958 quod,
1089 2895 1187 2958 quum
1215 2879 1306 2944 sciret

562 2985 645 3038 certo
667 2975 741 3037 anni
763 2981 901 3052 tempore
922 2974 956 3034 in
977 2989 1031 3035 sua
1052 2971 1181 3036 dioecesi
1203 2987 1305 3034 aerem

562 3067 754 3131 insalubrem
775 3067 852 3141 lore,
867 3081 1024 3129 concessos
1040 3065 1205 3128 vacationis
1219 3081 1307 3128 men-

561 3179 610 3223 ses
631 3161 664 3222 in
686 3168 808 3239 tempus
834 3159 911 3222 illud
940 3174 1003 3221 non
1025 3157 1241 3220 reservaverit.
1271 3157 1304 3220 ln

562 3254 708 3318 omnibus
738 3261 844 3317 autem
873 3243 1027 3314 abs'entiae
1059 3252 1204 3328 indultis,
1227 3267 1305 3330 quac

562 3349 682 3411 ratione
703 3349 781 3411 aeris
811 3345 973 3408 insalubris
994 3346 1026 3408 in
1047 3352 1206 3423 posterum
1233 3361 1305 3408 con-

563 3442 724 3517 cedentur,
746 3441 826 3503 banc
846 3439 1015 3502 clausulam
1035 3439 1123 3502 adiici
1144 3438 1303 3502 volumus:

565 3535 739 3598 Dummodo
770 3535 861 3596 intra
884 3531 1047 3594 dioecesim
1073 3531 1193 3610 aliquis
1220 3531 1306 3594 locus

565 3647 628 3694 aton
649 3631 746 3702 adsit,
772 3629 807 3690 in
828 3643 886 3706 quc
908 3643 964 3690 aar
984 3624 1125 3690 sclrcbria
1146 3625 1200 3700 sit,
1219 3633 1249 3688 ct
1271 3626 1306 3688 in

563 3741 623 3802 quo
646 3724 821 3802 Episcopus
842 3720 1032 3784 commorari
1053 3719 1164 3798 possit.

346 3829 409 3885 ouva
426 3843 471 3889 pro
484 3831 545 3879 aava
604 3815 1012 3896 SanepraedictusUrbanus
1021 3816 1232 3892 praedecessor
1243 3831 1303 3878 non

332 3885 545 3996 ῧῖἓῐὲἶξῖιὲἓιῖῗζζ
563 3911 770 3994 praetermisit
784 3922 893 3972 eorum
908 3907 1091 3970 Antistitum
1101 3923 1223 3970 causam
1234 3923 1304 3971 con·

332 3991 423 4040 ‘¹¹³⁰‘ss
438 3997 481 4039 “0·
562 4007 708 4083 siderare,
737 4008 791 4088 qui
823 4002 1062 4086 provincialibus
1083 4000 1232 4078 conciliis,
1256 4001 1303 4064 vel

562 4099 864 4179 congregationibus,
884 4114 941 4160 seu
958 4093 1135 4160 assembleis
1153 4097 1303 4174 generali-

561 4195 629 4272 bus,
643 4197 675 4256 in
696 4193 807 4272 quibus
829 4190 1026 4254 ecclesiastici
1047 4190 1240 4254 intervenire
1257 4206 1305 4251 so-

561 4289 639 4364 lent,
651 4286 853 4366 personaliter
866 4286 1025 4358 interesse,
1034 4285 1100 4348 sive
1112 4284 1145 4348 in
1156 4285 1224 4346 aliis
1236 4299 1303 4346 mu·

561 4381 700 4456 neribus
716 4389 768 4444 aut
782 4378 978 4458 Reipublicae
998 4377 1115 4456 officiis,
1132 4395 1211 4458 quae
1225 4379 1303 4458 ipso·

561 4491 633 4538 rum
667 4473 906 4554 episcopatibus,
934 4473 1131 4552 ecclesiisque
1162 4473 1302 4536 adiuncta

559 4577 655 4644 sunt,
677 4569 712 4630 ad
734 4574 855 4629 certum
885 4572 1007 4644 tempus
1029 4573 1113 4629 extra
1140 4566 1303 4630 dioecesim

560 4662 700 4740 occupari
715 4660 827 4740 solent,
843 4677 876 4722 ac
887 4659 1016 4737 debent,
1030 4669 1060 4723 et
1071 4660 1118 4722 bis
1128 4661 1253 4739 quidem
1269 4659 1302 4722 iu

560 4755 723 4833 praecitato
739 4752 969 4816 Constitutione
991 4752 1148 4816 licentiam
1162 4753 1302 4816 abessen·

561 4848 589 4912 di
611 4847 760 4911 concessit
781 4863 837 4927 pro
858 4861 894 4908 eo
915 4847 1044 4910 delinito
1069 4852 1218 4924 tempore,
1242 4862 1302 4925 quo

559 4942 710 5004 eiusmodi
725 4939 863 5016 concilia,
877 4939 1130 5018 congregationes
1145 4953 1176 5001 ec
1190 4955 1302 5002 assem-

559 5035 646 5098 bleae
665 5040 869 5114 peragentur,
886 5033 1133 5112 exercitiumque
1150 5035 1301 5110 muneris,

559 5145 616 5192 seu
637 5126 729 5190 officii
749 5127 984 5206 publicieorum
999 5127 1133 5189 ecclesiis
1153 5128 1301 5205 adiuncti,

558 5228 628 5283 actu
648 5220 822 5297 duraverit,
845 5220 1012 5282 dummodo
1035 5220 1071 5280 iis
1092 5219 1200 5296 linitis,
1218 5230 1302 5285 recto

559 5313 685 5376 tramite
713 5315 749 5376 ad
780 5312 920 5375 ecclesias
945 5313 1002 5376 sibi
1029 5313 1206 5376 commissas
1236 5331 1302 5378 sese

558 5407 754 5484 conferrent3
776 5407 863 5470 cuius
892 5407 1096 5470 concessionis
1117 5408 1301 5487 aequitatem

559 5520 616 5566 nos
637 5517 760 5582 quoque
789 5507 1009 5580 agnoscentes,
1035 5502 1175 5564 eamdem
1196 5519 1303 5581 appro-

559 5597 668 5660 bamus
689 5605 720 5658 et
745 5597 975 5660 confirmamus.
1000 5595 1072 5670 Sed,
1099 5611 1197 5674 quum
1219 5596 1301 5658 idem

558 5689 700 5752 Urbanus
722 5688 801 5751 nibil
820 5689 966 5752 statuerit
987 5691 1025 5751 de
1040 5689 1197 5767 Episcopis
1218 5689 1301 5767 quia

558 5781 742 5846 residentiae
762 5797 834 5844 suae
849 5781 914 5844 loco
935 5781 1097 5844 discedunt
1111 5797 1167 5862 pro
1181 5796 1302 5860 proces·

558 5873 705 5938 suumin
726 5875 824 5936 causis
843 5874 1108 5938 Beatificationum
1130 5881 1182 5937 aut
1204 5873 1301 5938 Gano-

560 5969 753 6032 nizationum
774 5968 1003 6048 compilatione,
1015 5969 1178 6048 apostolica
1199 5975 1301 6034 aucto-

1083 619 1146 662 lun.
1171 617 1260 662 dour.
1286 615 1325 659 llll
1347 617 1374 660 b.
1399 617 1427 662 1³.
1453 615 1534 660 PARS
1556 613 1575 658 l.
2132 593 2193 646 An.
2210 592 2244 644 C.
2267 591 2335 642 1746

1359 731 1451 796 ritate
1472 732 1544 811 ipsis
1565 729 1719 808 delegata3
1742 745 1867 794 necesse
1887 737 1934 792 est
1954 725 2100 806 aliquida

1359 825 1448 888 uobis
1468 841 1523 905 pro
1538 825 1693 888 bisetium
1710 824 1828 888 casibus
1842 830 2015 904 opportune
2029 835 2102 884 con-

1358 919 1456 983 stitui.

1400 1013 1618 1094 Expediuntur
1638 1029 1654 1074 a
1675 1011 1923 1090 congregatione
1943 1023 2098 1072 sacrorum
2140 1013 2213 1069 curo
2224 1023 2277 1110 5¹³⁰
2292 1021 2348 1094 con:

1358 1107 1488 1171 Rituum
1509 1107 1628 1182 literae,
1650 1123 1724 1186 quas
1746 1112 1856 1170 vocant
1880 1102 2100 1166 remissoriales
2120 1075 2267 1168 {issgiriusffl
2285 1075 2347 1170 {³53-

1359 1209 1390 1264 et
1411 1200 1671 1280 compulsoriales,
1693 1200 1805 1278 quibus
1825 1197 2043 1271 committitur,
2066 1204 2100 1258 ut
2119 1173 2348 1276 ξξξῗξξξοῇἳῑξῧὲἶ

1358 1294 1523 1374 supradicti
1545 1309 1705 1373 processus
1732 1294 1913 1356 auctoritate
1940 1289 2099 1371 apostolica
2121 1292 2200 1330 ”¹¹¹³-

1358 1387 1580 1464 conficiantur,
1596 1403 1710 1465 eaeque
1724 1387 1903 1464 diriguntur
1917 1385 2017 1450 tribus
2032 1383 2101 1462 Epi·

1359 1484 1467 1560 scopis,
1480 1489 1532 1545 aut
1546 1481 1755 1560 superioribus
1770 1480 1922 1560 praelatis,
1934 1494 2006 1542 cum
2020 1477 2101 1541 clau-

1360 1574 1438 1650 sula,
1462 1584 1496 1639 ut
1517 1575 1578 1636 daco
1600 1573 1642 1637 cd
1668 1573 1776 1635 mines
1797 1573 1982 1652 procedant.
2010 1573 2102 1636 Cum-

1360 1670 1482 1748 quein
1510 1668 1688 1732 huiusmodi
1720 1668 1939 1747 Episcopcrum
1970 1682 2102 1730 numero

1359 1779 1482 1841 semper
1502 1761 1679 1825 includatur
1694 1761 1874 1826 Ordinarius
1895 1761 1966 1835 loci,
1987 1761 2019 1822 iu
2042 1777 2102 1839 quo

1361 1873 1518 1936 processus
1532 1855 1743 1931 construitura
1758 1853 1823 1916 iere
1837 1853 2002 1930 contingit,
2018 1853 2102 1916 etri-

1361 1951 1429 2023 bus,
1451 1950 1487 2012 ad
1509 1965 1585 2027 quos
1607 1948 1715 2011 literae
1736 1956 1810 2010 sunt
1830 1947 1975 2022 directae,
2004 1961 2102 2010 unum

1363 2045 1523 2108 dumtaxat
1544 2058 1560 2105 a
1581 2041 1745 2104 residentia
1767 2041 1896 2103 avocari.
1920 2039 1978 2103 Ubi
1999 2041 2103 2119 itaque

1360 2137 1471 2216 aliquis
1492 2136 1659 2214 Episcopus
1681 2133 1812 2196 titularis
1832 2134 1974 2198 ecclesiae
1989 2132 2022 2196 iu
2036 2150 2104 2213 par·

1362 2229 1441 2292 tibus
1463 2228 1637 2290 infidelium
1658 2227 1843 2289 constitutae
1871 2227 1975 2289 baberi
1996 2227 2101 2306 possit,

1361 2323 1505 2386 volumus
1526 2339 1599 2384 eum
1623 2323 1655 2384 in
1680 2321 1819 2401 praelatis
1845 2320 1942 2382 literis
1962 2337 2017 2401 pro
2039 2338 2103 2384 uno

1361 2434 1400 2480 ex
1420 2417 1518 2480 tribus
1541 2414 1696 2494 Episcopis
1716 2413 1950 2493 comprehendi.
1972 2415 2100 2489 Quodsi

1362 2519 1423 2574 tres
1445 2508 1746 2572 omninobntistites
1767 2507 1799 2569 in
1821 2507 1950 2586 propriis
1971 2506 2102 2569 ecclesiis

1361 2603 1531 2666 residentes
1551 2603 1587 2664 ad
1610 2599 1787 2663 huiusmodi
1808 2599 1954 2662 ellectum
1968 2599 2102 2676 delegari

1361 2703 1511 2776 oporteat,
1533 2694 1698 2757 statuimus
1718 2701 1811 2770 atque
1831 2691 2045 2770 praecipimus,
2068 2701 2103 2756 ut

1362 2790 1470 2853 literae
1480 2804 1496 2851 a
1507 2789 1659 2868 praedicta
1670 2786 1918 2864 congregatione
1931 2788 2104 2864 dirigantur

1362 2883 1526 2962 Episcopis,
1549 2882 1602 2960 qui
1625 2881 1789 2944 viciniores
1811 2889 1885 2944 sunt
1905 2880 2047 2956 dioecesi,
2071 2881 2100 2942 in

1361 2993 1420 3056 qua
1441 2975 1622 3054 apostolicus
1637 2990 1796 3052 processus
1810 2973 2020 3037 coniciendus
2031 2975 2099 3037 erit.

1360 3069 1514 3145 Quoniam
1536 3083 1611 3130 vero
1633 3069 1725 3130 dere
1746 3066 1866 3143 agitur,
1889 3083 1967 3145 quae
1987 3067 2103 3131 duabus

1362 3164 1500 3226 tribusve
1521 3159 1761 3224 bebdomadibus
1776 3159 1879 3237 persici
1894 3167 2039 3238 nequeat,
2050 3163 2101 3224 sed

1361 3273 1441 3336 quae
1461 3255 1600 3334 plurium
1624 3268 1713 3332 saepe
1735 3253 1908 3328 mensium,
1930 3264 1983 3316 aut
2010 3255 2100 3316 etiam

1362 3363 1530 3424 annorum,
1555 3363 1680 3426 operam
1704 3347 1850 3426 requirit;
1878 3347 2041 3422 volumus,
2069 3357 2102 3410 ut

1362 3443 1513 3523 Episcopi,
1529 3441 1583 3521 qui
1604 3441 1754 3504 eiusmodi
1775 3440 2002 3518 delegationem
2023 3458 2102 3504 acce·

1363 3536 1529 3616 piaverint,
1542 3536 1744 3598 necessariam
1756 3535 1913 3597 licentiam
1924 3535 2101 3598 abscedendi

1361 3651 1376 3694 a
1398 3631 1542 3706 dioecesi,
1564 3645 1684 3692 causam
1706 3628 1861 3691 absentiae
1886 3629 2100 3708 exprimendo,

1362 3737 1467 3807 petere
1483 3733 1514 3787 et
1525 3727 1694 3806 impetrare
1710 3739 1772 3786 non
1788 3725 1944 3797 omittant,
1960 3724 2018 3786 sub
2032 3739 2103 3803 poe-

1361 3823 1409 3884 nis
1429 3819 1575 3882 adversus
1606 3833 1657 3879 eos
1682 3817 1873 3892 constitutis,
1905 3818 1959 3896 qui
1989 3817 2102 3897 absque

1361 3932 1449 3979 causa
1481 3911 1567 3975 eitra
1598 3909 1763 3974 dioecesim
1793 3919 2035 3974 commorantur.
2068 3913 2101 3974 ln

1361 4008 1654 4074 huiusmodiautem
1669 4004 1800 4068 licentiis
1815 4003 2028 4081 concedendis,
2044 4012 2104 4067 sta-

1361 4104 1490 4177 tuimus,
1506 4109 1541 4164 ut
1556 4099 1734 4162 conciliares
1749 4113 1870 4160 meuses
1883 4113 2007 4176 semper
2020 4115 2101 4162 com-

1360 4197 1606 4276 prehendantur,
1616 4203 1659 4268 et,
1669 4198 1790 4269 praeter
1800 4205 1864 4268 eos,
1877 4192 2001 4269 triginta
2013 4192 2101 4255 dum-

1360 4299 1442 4353 taxat
1464 4288 1539 4363 dies,
1552 4287 1576 4348 si
1591 4303 1667 4364 opus
1689 4284 1795 4360 inerit,
1808 4285 2006 4361 adiiciantur3
2029 4301 2101 4348 nam

1359 4390 1390 4445 et
1401 4384 1436 4444 ad
1449 4381 1535 4462 plura
1551 4377 1721 4461 peragenda
1733 4379 1956 4456 quadrimestre
1968 4381 2100 4458 spatium,

1359 4475 1512 4540 sufficiens
1534 4483 1591 4549 est,
1614 4481 1657 4547 el,
1673 4473 1698 4534 si
1719 4471 1817 4534 adhuc
1838 4471 1975 4536 iacienda
1994 4489 2101 4552 super-

1358 4573 1433 4645 sint,
1456 4576 1589 4649 quatuor
1610 4566 1661 4628 alii
1676 4581 1798 4628 menses
1812 4565 1956 4643 sequenti
1971 4581 2053 4629 anno
2069 4569 2099 4630 in

1358 4665 1441 4728 idem
1461 4679 1538 4741 opus
1560 4661 1673 4723 insumi
1696 4665 1854 4738 poterunt.

1397 4757 1476 4819 llaec
1497 4765 1587 4830 sunt,
1616 4769 1695 4832 quae
1724 4751 1888 4817 salubriter
1909 4754 1942 4815 in
1969 4755 2099 4819 Domim
2134 4771 2169 4814 ba
2184 4771 2351 4826 precantes¹

1357 4851 1518 4914 statuenda
1540 4849 1755 4923 iudicavimus,
1777 4864 1919 4927 quaeque
1938 4864 1995 4928 pro
2008 4865 2100 4927 regu·
2118 4825 2351 4937 {ffirssssiia‘t‘t'fn'if,

1358 4944 1386 5007 la
1407 4952 1438 5005 et
1459 4959 1568 5006 norma
1589 4942 1622 5003 in
1644 4948 1803 5021 posterum
1814 4940 1920 5002 haberi
1941 4941 2097 5018 volumus,

1359 5045 1393 5101 ut
1407 5055 1423 5099 a
1438 5036 1667 5098 venerabilibus
1681 5034 1827 5096 iratribus
1838 5033 2029 5110 Patriarcbis,
2044 5036 2098 5097 Ar-

1357 5131 1559 5209 cbiepiscopis
1590 5136 1621 5191 el
1653 5127 1826 5207 Episcopis,
1859 5127 2098 5205 gravissimum,

1358 5224 1438 5303 quod
1461 5223 1535 5302 ipsis
1556 5221 1728 5296 incumbit,
1751 5221 1938 5284 residentiae
1964 5221 2099 5284 officium

1358 5323 1463 5379 exacte
1484 5315 1662 5394 impleatur.
1686 5313 1792 5393 ltaque
1812 5313 1924 5377 dilecto
1952 5315 2015 5376 lilio
2036 5331 2101 5378 mo-

1357 5411 1455 5474 derno
1482 5407 1635 5488 praelatae
1658 5407 1913 5483 congregationis
1938 5423 2031 5486 super
2052 5424 2100 5469 eae

1358 5504 1428 5566 dem
1450 5501 1615 5566 residentia
1636 5499 1813 5575 secretario,
1835 5501 1966 5579 eiusque
1984 5517 2100 5564 succes-

1357 5594 1477 5658 soribus
1498 5595 1531 5656 in
1559 5602 1765 5673 perpetuum,
1798 5593 1995 5670 iniungimus
2016 5599 2046 5655 et
2067 5594 2099 5655 in

1357 5687 1473 5750 virtute
1484 5695 1607 5750 sanctae
1622 5685 1824 5762 obedientiae,
1837 5686 1895 5751 sub
1908 5687 2015 5765 poeuis
2030 5703 2099 5749 con-

1357 5789 1403 5843 tra
1424 5781 1638 5844 inobedientes
1659 5781 1809 5842 mandatis
1824 5780 1998 5860 apostolicis
2019 5782 2052 5843 in
2067 5797 2100 5843 re

1358 5875 1455 5952 gravi,
1471 5875 1692 5954 praecipimus,
1704 5883 1798 5952 atque
1811 5873 1965 5950 iubemus,
1981 5881 2016 5936 ut
2030 5890 2100 5953 sup

1357 5969 1450 6049 plices
1462 5967 1580 6032 libellos
1592 5983 1646 6047 pro
1658 5974 1743 6048 parte
1758 5983 2028 6046 quorumcumque
2038 5967 2100 6030 alu·
