4856 6984
339 511 438 567 Auo.
460 513 526 566 1751
578 510 638 572 llil

560 644 640 704 vivis
661 651 778 720 ageret,
802 641 955 704 iacturum
984 649 1037 702 aut
1058 639 1228 702 ducturum
1250 654 1304 716 pu-

559 736 689 798 tandum
712 742 769 810 est,
792 735 829 809 si,
852 750 931 812 quae
952 733 1174 811 inpraesentia
1195 733 1228 794 in
1250 732 1305 793 Po-

559 829 640 890 lonia
652 828 854 904 contingunt,
870 827 936 888 heri
952 827 1093 890 rideretl
1114 825 1219 889 Nimio
1235 825 1305 887 buia

559 929 590 983 et
604 920 722 984 furenti
733 921 885 996 Radulpbi
901 921 967 982 zelo
979 919 1110 996 inagnus
1126 919 1179 980 ille
1190 919 1221 983 S.
1231 920 1305 982 Ber·

559 1013 673 1074 nardus
694 1029 760 1074 sese
775 1013 929 1092 opposuit,
947 1021 1038 1092 atque
1054 1012 1086 1073 in
1102 1012 1237 1090 Epistola
1250 1028 1305 1072 sua

560 1106 1013 1182 uocuxrrr.,qua1nadclerum
1028 1111 1058 1167 et
1073 1105 1223 1183 populum
1238 1103 1307 1167 Gal·

559 1198 620 1260 liae
641 1198 806 1260 Orientalis
820 1198 914 1274 dedit,
932 1199 972 1259 ita
993 1197 1144 1276 scriptum
1159 1196 1303 1274 reliquit:

560 1291 631 1352 Non
653 1295 732 1352 suut
752 1291 957 1369 persequendi
988 1291 1114 1362 ludaei,
1140 1307 1204 1351 non
1227 1297 1306 1350 sunt

561 1385 761 1456 trucidandi,
779 1385 831 1447 secl
847 1402 902 1447 uec
917 1382 1080 1463 effupandi
1096 1384 1231 1462 quidem.
1256 1383 1308 1446 Iu-

562 1483 722 1557 terropate
743 1493 796 1540 eas
818 1477 945 1540 divinas
963 1477 1109 1557 papinus.
1135 1477 1215 1540 Noui
1230 1475 1307 1554 quid

562 1570 597 1630 iu
609 1570 735 1634 Psalmo
746 1570 867 1650 lepitur
877 1571 1105 1649 prophetatum
1117 1569 1152 1631 de
1167 1568 1306 1632 ludaeis:

560 1665 641 1727 Deus
662 1664 796 1726 ostendit
815 1663 903 1740 milii,
920 1663 1026 1742 inquit
1044 1661 1198 1733 Ecclesia,
1214 1678 1308 1740 super

561 1757 702 1819 inimicos
723 1771 819 1832 meos,
842 1772 882 1818 ne
904 1756 1020 1819 occidas
1040 1771 1103 1830 eae,
1124 1771 1165 1817 ne
1186 1755 1308 1833 quando

561 1848 784 1912 obliviscantur
822 1849 928 1927 populi
963 1847 1036 1910 mei.
1081 1848 1147 1910 Vici
1183 1848 1307 1926 quidem

563 1943 668 2018 apices
690 1938 779 2003 uobis
800 1946 880 2002 sunt
905 1947 1181 2017 repraesentantes
1205 1939 1309 2002 Domi-

562 2035 670 2097 nicam
693 2034 888 2098 Passionem.
922 2033 1060 2111 Propter
1088 2033 1144 2094 hac
1173 2032 1307 2110 dispersi

562 2133 642 2188 sunt
663 2128 699 2188 in
721 2142 825 2188 omnes
847 2126 1021 2206 Rapiones,
1044 2132 1082 2188 ut
1105 2126 1181 2188 dum
1203 2127 1307 2188 iustas

563 2221 651 2284 tanti
673 2220 832 2300 facinoris
853 2235 969 2297 poenas
991 2219 1101 2292 luunt,
1127 2224 1220 2281 testes
1240 2220 1308 2279 sint

563 2319 693 2374 nostrae
731 2311 978 2389 Redemptiouis.
1019 2310 1053 2372 ln
1091 2311 1218 2389 epistola
1258 2327 1309 2373 au-

563 2413 628 2468 tem
648 2422 781 2470 ccclxv.
798 2407 834 2467 ad
849 2405 1019 2468 Henricum
1036 2404 1309 2481 drobiepiseopum

562 2499 784 2577 Mogontinum
806 2499 847 2560 ita
874 2500 911 2561 ab
936 2501 1045 2562 eodem
1073 2499 1306 2574 scriptumest:

564 2593 674 2656 Nonne
690 2591 847 2669 copiosius
861 2590 1043 2668 triumphat
1057 2590 1199 2654 Ecclesia
1211 2589 1246 2650 de
1258 2589 1310 2650 iu·

563 2686 651 2750 alueis
672 2701 728 2763 per
755 2683 899 2764 simpulos
921 2684 1003 2755 dies,
1033 2683 1081 2745 ael
1109 2683 1307 2755 convincens,

563 2780 609 2840 cel
632 2781 817 2838 conuertens
844 2794 903 2848 eos,
928 2777 1073 2854 quamsi
1101 2775 1193 2837 semel
1215 2781 1246 2836 et
1264 2776 1309 2837 si-

563 2870 631 2934 mul
655 2876 854 2931 consumeret
876 2885 925 2931 eos
948 2870 983 2930 iu
999 2885 1053 2930 ore
1066 2869 1188 2949 pladiil
1208 2867 1308 2931 llum-

564 2965 640 3045 quid
663 2966 826 3028 incessam
842 2964 1023 3027 constituta
1038 2971 1084 3026 est
1106 2965 1165 3026 illa
1181 2964 1310 3025 uniuer-

563 3059 642 3122 salis
673 3059 778 3120 oralia
800 3056 972 3128 Ecclesiae,
995 3074 1075 3135 quaa
1096 3055 1231 3136 offertur
1251 3073 1309 3136 pro

563 3152 692 3232 perfidis
725 3151 851 3213 iudaeis
883 3168 902 3214 a
929 3148 1006 3211 solis
1033 3156 1108 3213 ortu
1144 3167 1242 3228 usque
1268 3151 1309 3214 ad

565 3261 728 3316 occasum,
752 3250 791 3306 ut
822 3243 907 3306 Deus
928 3249 959 3304 et
989 3243 1145 3306 Dominus
1176 3245 1311 3324 auferat

563 3339 704 3402 uelamen
727 3338 763 3400 de
784 3336 932 3400 cordibus
947 3353 1070 3410 eorum,
1086 3344 1125 3399 ut
1146 3337 1311 3400 adtamen

565 3431 711 3495 ueritatis
737 3432 847 3494 esuis
871 3429 1009 3493 tenebris
1033 3438 1206 3494 eruantur.
1238 3429 1311 3493 Nisi

564 3524 648 3586 euim
670 3541 731 3595 eos,
754 3524 809 3603 qui
831 3523 992 3586 increduli
1013 3531 1104 3596 sunt,
1129 3524 1310 3587 credituros

563 3625 720 3695 speraret,
742 3617 945 3695 superfluum
965 3621 997 3680 et
1012 3635 1131 3681 uanum
1146 3617 1311 3680 uideretur

564 3727 657 3774 orare
676 3725 735 3788 pro
756 3710 812 3772 eis.

345 3821 495 3886 uppusun:
508 3819 546 3864 ru·
603 3804 622 3878 5
642 3804 672 3864 5.
690 3804 805 3867 Contra
816 3801 1015 3882 Radnlphum
1031 3804 1106 3866 item
1118 3804 1226 3868 Petrus
1239 3805 1311 3869 Clu·

331 3871 546 3974 ἷξξξιζᾙὲξῖἓῐθὲζ
566 3895 717 3960 niaeensis
739 3895 837 3957 llbbas
859 3895 894 3956 ad
910 3895 1102 3958 Ludoricum
1119 3898 1311 3959 Francorum

331 3980 474 4081 pgpltessium
484 3978 546 4025 ‘⁰¹⁰‘
566 3989 683 4067 Regem
698 3989 774 4050 dum
787 3988 921 4066 scripsit,
937 3989 1083 4051 eumdem
1098 3989 1225 4068 quidem
1240 3990 1312 4051 hor·

566 4089 645 4146 tatus
660 4086 717 4156 est,
735 4095 775 4142 ue
791 4079 974 4142 ludaeorum
990 4081 1142 4143 excidium
1161 4080 1229 4141 lieri
1243 4095 1313 4158 per-

566 4175 721 4250 mitteret:
738 4188 848 4235 verum
863 4174 971 4235 eodem
989 4181 1129 4251 tempore
1144 4174 1244 4250 ipsum
1260 4190 1312 4235 eu-

566 4266 690 4342 citavit,
713 4272 748 4328 ut
770 4281 825 4343 pra
847 4265 1023 4328 excessibus
1051 4281 1161 4328 earum
1184 4267 1216 4327 in
1244 4265 1312 4328 illas

566 4361 841 4436 animadverteret,
855 4376 969 4438 eosque
980 4360 1067 4422 bonis
1079 4361 1115 4422 iis
1130 4360 1310 4439 expolierat,

362 4472 399 4514 ue
414 4465 546 4514 trinarius
566 4471 644 4534 quae
666 4452 716 4516 rel
736 4471 752 4514 a
774 4453 949 4516 christianis
973 4453 1171 4516 abstulissent
1193 4453 1243 4516 vel
1258 4469 1313 4531 per·

334 4520 549 4630 1²0¹¹s²3¹ssssii¹fnffiss
568 4563 675 4609 usuras
687 4546 1044 4625 accumulassent,atque
1056 4548 1312 4624 eorumpretium

568 4641 601 4701 in
623 4640 751 4703 Sanctae
772 4639 941 4716 Religionis
963 4643 1056 4702 usum
1081 4640 1313 4718 utilitatemque

568 4739 778 4806 converteret,
800 4732 1063 4809 quemadmodum
1086 4733 1118 4795 in
1139 4733 1313 4796 Annalibus

569 4823 754 4886 venerabilis
781 4824 951 4887 cardinalis
972 4824 1097 4888 Raronii
1126 4827 1167 4888 ad
1189 4842 1313 4888 annum

572 4917 695 4978 Christi
722 4933 851 4980 nexum.
886 4917 991 4981 uidere
1012 4927 1067 4981 esi.
1103 4918 1165 4981 Nos
1186 4919 1314 4998 quidem

570 5012 602 5072 in
623 5011 680 5074 bae
701 5027 734 5072 re
756 5027 819 5074 non
846 5011 966 5087 minus,
995 5029 1088 5090 quam
1111 5013 1143 5074 in
1168 5013 1314 5076 omnibus

569 5104 646 5180 aliis,
668 5107 809 5167 eamdem
825 5104 936 5182 agendi
959 5121 1101 5168 normam
1116 5105 1313 5183 suscipimus,

375 5216 411 5259 ua
432 5211 551 5257 chriso:-
569 5209 662 5274 quam
677 5194 872 5257 venerabiles
887 5196 1061 5258 decessores
1072 5197 1172 5258 nostri
1183 5195 1314 5256 Romani

337 5264 551 5368 {ffleffif'ffl'
570 5287 733 5350 Pontifices
762 5294 944 5350 tenuerunt.
968 5289 1142 5351 Alexander
1161 5288 1226 5364 lll,
1248 5303 1316 5364 gra-

571 5382 659 5444 vibus
679 5381 842 5460 propositis
870 5383 992 5460 poenis,
1014 5381 1191 5444 christianis
1217 5381 1314 5442 inter·

569 5477 658 5553 dixit,
680 5490 720 5539 ne
742 5475 927 5538 continuum
955 5477 1035 5554 apud
1066 5476 1192 5538 ludaeos
1219 5477 1315 5539 servi-

571 5571 649 5631 tium
679 5578 731 5631 aut
754 5568 936 5632 famulatum
964 5568 1173 5648 susciperent:
1198 5569 1242 5632 Na
1265 5571 1280 5632 l
1304 5603 1315 5616 ·

571 5662 723 5726 dacorum
753 5663 886 5725 seruitio
907 5679 939 5724 se
966 5662 1095 5725 assidue
1124 5662 1316 5741 proaliquo

569 5757 708 5818 mercede
735 5763 916 5833 cauponarum
938 5756 1025 5818 cuins
1047 5757 1092 5817 rei
1117 5757 1195 5817 ratio
1221 5757 1314 5832 bisce,

569 5865 647 5930 quae
658 5849 958 5928 sequuntur,rerbis
969 5848 1125 5912 abeodem
1137 5850 1313 5928 exponitur:

1083 523 1147 568 lun.
1172 523 1263 570 PONT.
1288 519 1328 564 DE
1349 520 1378 564 P.
1402 520 1430 564 R.
1456 519 1537 565 bans
1558 518 1580 562 l.

2138 499 2199 550 An.
2216 498 2248 548 C.
2272 497 2339 547 1751

1363 635 1446 712 Quia
1465 636 1658 699 ludaeorum
1673 650 1774 696 mores
1796 639 1827 696 et
1849 635 1955 696 nostri
1968 635 2003 697 in
2017 633 2106 696 nullo

1361 729 1609 800 concordantet
1620 729 1684 807 ipsi
1693 728 1821 807 (scilicet
1833 726 2106 808 ludaei)desacili,

1362 821 1397 886 ob
1413 824 1602 886 continuam
1619 822 1891 884 conversationem
1905 828 1934 883 et
1944 823 2107 885 assiduam

1361 916 1637 995 familiaritatem,
1663 915 1705 977 ad
1725 930 1819 978 suam
1846 913 2109 992 superstitionem

1362 1013 1393 1070 et
1412 1008 1580 1088 perfidiam
1601 1008 1799 1086 simplicium
1824 1007 1948 1070 animos
1971 1007 2109 1068 inelina-

1362 1109 1453 1176 ront,·
1464 1101 1727 1181 quemadmodum
1739 1101 1772 1162 in
1788 1100 1946 1175 decretali,
1959 1099 2008 1161 Ad
2020 1099 2107 1171 hoec,

1364 1195 1400 1256 de
1422 1194 1560 1264 ludaeis,
1584 1193 1709 1270 legitur.
1734 1194 1936 1255 innocentius
1957 1193 2004 1254 lll.
2028 1201 2111 1270 post-

1363 1303 1454 1368 quam
1476 1289 1627 1362 narravit,
1640 1287 1722 1366 quod
1737 1305 1752 1348 a
1767 1287 1942 1350 christianis
1960 1287 2042 1348 intra
2058 1304 2109 1348 ur-

1363 1381 1416 1442 bes
1437 1395 1545 1442 eorum
1568 1379 1670 1442 ludaei
1689 1380 1916 1458 reciperentur,
1933 1379 2111 1442 huiusmodi

1363 1474 1550 1552 receptionis
1571 1473 1756 1536 methodum
1778 1482 1809 1536 et
1833 1473 2045 1536 conditionem
2067 1479 2110 1534 ta-

1364 1568 1426 1630 lem
1448 1585 1514 1630 esse
1533 1568 1646 1631 debere
1668 1566 1825 1641 admonet,
1850 1583 1891 1630 ne
1914 1567 1971 1644 ipsi
1994 1567 2111 1627 maleil-

1364 1661 1447 1724 cium
1469 1676 1524 1740 pro
1552 1659 1701 1722 beneficio
1730 1661 1918 1738 rependant:
1955 1658 2018 1734 Qui
2040 1663 2111 1720 tan·

1365 1771 1459 1832 quam
1481 1754 1736 1815 misericorditer
1757 1755 1793 1815 iu
1807 1760 1951 1816 nostrum
1966 1751 2111 1832 [amiliu-

1365 1848 1498 1909 ritatem
1519 1846 1670 1918 admissi,
1695 1843 1785 1908 nohis
1807 1843 1898 1907 illam
1920 1841 2111 1906 retributio-

1365 1955 1434 2002 nem
1466 1939 1672 2016 impeudunt,
1707 1955 1816 2016 quam,
1847 1939 1947 2000 inccta
1978 1936 2112 2016 aulpare

1364 2031 1579 2112 proverbium,
1602 2049 1674 2094 mus
1690 2033 1726 2094 iu
1738 2046 1828 2110 pera,
1845 2046 1972 2108 serpens
1993 2029 2028 2091 iu
2044 2044 2112 2108 pre-

1365 2127 1440 2199 mia,
1465 2133 1494 2189 et
1516 2127 1602 2207 ipuis
1624 2128 1659 2188 iu
1680 2127 1768 2196 sinu,
1785 2125 1855 2188 suis
1878 2129 2112 2186 consueverunt

1365 2219 1546 2299 hospitibus
1560 2218 1718 2283 euhihere.
1743 2222 1891 2298 idemque
1905 2216 2048 2280 Pontifex
2068 2235 2113 2278 as·
2180 2253 2182 2256 -

1364 2331 1471 2377 serens
1486 2315 1677 2376 conveniens
1692 2329 1770 2388 esse,
1784 2314 1909 2376 ludaeos
1923 2310 2111 2384 christianis,

1365 2423 1428 2470 non
1451 2417 1557 2470 autem
1578 2407 1635 2468 bos
1656 2406 1729 2482 illis,
1753 2406 1923 2477 inservire,
1946 2404 2042 2466 addit:
2068 2404 2112 2470 Ne

1365 2500 1427 2580 filii
1446 2501 1563 2564 liberae
1580 2499 1658 2577 filiis
1674 2497 1879 2579 famulentur
1892 2497 2044 2568 ancillae,
2060 2495 2112 2557 sed

1367 2598 1522 2671 tanquam
1537 2594 1620 2654 sarai
1636 2610 1656 2655 a
1671 2591 1806 2654 Domino
1822 2588 1994 2670 reprobati,
2010 2590 2045 2650 in
2060 2606 2113 2652 cu-

1367 2686 1419 2747 ius
1440 2691 1573 2749 martam
1595 2685 1742 2762 nequiter
1757 2685 1988 2754 commorunt,
2005 2699 2038 2743 se
2050 2683 2112 2745 sal·

1369 2777 2113 2858 tempereffoctumoperisrecopuoscantseraas

1367 2871 1508 2944 illorum,
1527 2889 1602 2950 quas
1627 2871 1750 2934 Christi
1766 2887 1850 2931 mors
1866 2867 1980 2932 liberos
1994 2875 2026 2930 et
2042 2868 2112 2930 illos

1366 2981 1470 3026 sareas
1492 2965 1612 3044 effecit,-
1633 2981 1711 3044 quae
1732 2966 1826 3026 verba
1841 2965 1874 3025 in
1889 2963 2111 3038 decretalisua,

1369 3055 1442 3120 lltsi
1450 3058 1594 3129 ludaeos,
1604 3059 1815 3137 reperiuntur.
1824 3059 1859 3120 ln
1871 3057 1922 3118 illa
1934 3057 2022 3130 item,
2035 3057 2113 3119 Cum

1366 3151 1411 3211 sit
1433 3151 1542 3222 nimis,
1565 3151 1623 3214 sub
1645 3153 1753 3214 eodem
1770 3150 1861 3212 titulo
1883 3150 1919 3212 de
1940 3149 2068 3213 Indaeis
2083 3156 2113 3210 et

1368 3242 1548 3316 Saracenis,
1564 3261 1604 3306 ne
1626 3245 1727 3307 ludaei
1743 3245 1776 3305 in
1791 3243 1922 3323 publicis
1942 3243 2049 3305 ollieiis
2064 3243 2113 3305 ad-

1367 3337 1545 3412 bibeanlur,
1568 3337 1743 3400 interdicit:
1768 3335 1986 3408 Prohibentes,
2010 3352 2049 3396 ue
2064 3335 2113 3397 iu·
2159 3359 2197 3420 pe
2213 3355 2346 3420 onciapu-

1369 3429 1439 3492 daei
1455 3430 1491 3491 iu
1505 3428 1642 3506 publicis
1655 3430 1764 3511 officiis
1780 3432 2024 3510 praeferantur,
2042 3445 2114 3491 cum
2132 3409 2206 3520 {3¹0¹ssss
2226 3419 2345 3507 issmfflj

1368 3520 1427 3584 suh
1449 3523 1511 3585 tali
1533 3529 1706 3600 praetentu
1722 3522 1914 3584 christianis
1934 3521 2114 3600 plurimum
2133 3519 2261 3617 {3ng
2280 3526 2346 3560 0¹⁰¹·

1367 3616 1436 3676 sint
1458 3615 1592 3695 infensi.
1623 3617 1821 3679 innocentius
1849 3616 1941 3678 eliam
1964 3613 2015 3676 IV.
2039 3616 2114 3677 dum
2155 3605 2160 3614 ’
2213 3605 2219 3616 ’

1369 3707 1402 3768 ad
1420 3708 1569 3771 Sanctum
1585 3709 1777 3771 Ludovicum
1793 3711 1982 3772 Francorum
1997 3709 2115 3786 Regem

1367 3803 1528 3877 scriberet,
1550 3802 1600 3864 eni
1623 3797 1749 3886 ludaeos
1770 3818 1787 3864 e
1809 3802 1909 3878 Regni
1930 3801 1979 3863 sui
2000 3801 2115 3864 linibus

1368 3896 1526 3973 expellere
1548 3897 1580 3956 in
1602 3895 1705 3957 animo
1727 3903 1804 3971 erat,
1820 3895 1986 3956 consilium
2008 3895 2115 3955 huius-

1368 3990 1451 4051 modi
1473 3989 1636 4068 approbat,
1660 3990 1807 4066 queniam
1830 3988 1885 4067 ipsi
1911 3988 2042 4050 minime
2064 3987 2114 4049 illo

1369 4082 1579 4158 observarent,
1593 4097 1670 4160 quae
1686 4090 1826 4160 respectu
1850 4083 1987 4160 ipsorum
2002 4097 2018 4142 a
2034 4080 2114 4143 Sede

1369 4174 1542 4253 Apostolica
1559 4175 1744 4254 praescripta
1759 4185 1876 4237 essent:
1903 4175 1964 4237 Nos
1987 4173 2028 4236 ad
2044 4174 2114 4237 aui·
2161 4190 2246 4243 utque
2263 4185 2342 4230 omni:

1369 4283 1499 4330 marum
1513 4268 1652 4329 salutem
1670 4268 1746 4329 totis
1762 4265 1930 4347 affectibus
1945 4267 2114 4344 adspiran·
2134 4239 2343 4347 Ξζῗῖἑῗηὲῗῧξξξ

1372 4364 1425 4432 tes,
1452 4360 1628 4437 :apellandi
1647 4361 1829 4437 praedictos
1848 4359 1977 4422 iudaeos
1991 4360 2039 4421 uel
2059 4375 2116 4438 par
2134 4348 2210 4394 ΘΜ·

1372 4458 1412 4525 te,
1435 4456 1482 4516 ael
1503 4469 1560 4532 por
1580 4453 1673 4524 alios,
1689 4453 1879 4531 praesertim
1898 4468 1969 4514 cum
1985 4458 2115 4516 statuta

1370 4551 1484 4608 contra
1506 4561 1555 4606 eos
1576 4563 1596 4608 a
1620 4545 1696 4607 Sede
1716 4545 1884 4623 praedicta
1904 4546 2005 4617 editu,
2028 4547 2115 4608 sicut

1370 4639 1560 4715 accepimus,
1594 4655 1657 4700 non
1679 4636 1852 4711 obserbent,
1881 4638 2007 4716 plenam
2035 4637 2113 4711 Tibi,

1370 4731 1571 4794 auctoritate
1592 4731 1823 4808 praesentium,
1847 4731 2046 4792 concedimus
2068 4733 2118 4811 [-

1371 4825 1544 4896 cultatem·
1556 4825 1818 4902 quemadmodum
1834 4825 1912 4902 apud
1925 4823 2116 4902 Raynaldum

1371 4917 1412 4979 ad
1433 4933 1558 4979 anuum
1582 4917 1706 4980 Christi
1721 4934 1871 4993 uacuum,
1889 4933 1978 4980 num.
1996 4917 2053 4990 34,
2070 4917 2115 4978 vi·

1371 5011 1445 5072 dere
1466 5017 1524 5071 est.

1410 5104 1430 5178 ἓ
1451 5103 1480 5164 6.
1506 5103 1537 5166 Si
1559 5111 1664 5166 autem
1686 5111 1871 5184 quaeratur,
1894 5119 2048 5184 quaenam
2069 5121 2118 5166 res

1372 5195 1442 5258 illae
1462 5197 1536 5271 sint,
1553 5212 1630 5274 quae
1646 5197 1760 5259 iudaeis
1776 5199 1856 5259 intra
1876 5197 1995 5260 easdem
2012 5199 2116 5275 urbes,

1372 5290 1404 5352 in
1426 5290 1538 5369 quibus
1559 5289 1719 5352 christiani
1752 5291 1908 5365 habitant,
1933 5290 2119 5368 degentibus

1372 5381 1409 5442 ab
1430 5381 1603 5459 apostolica
1626 5382 1704 5446 Sede
1731 5383 1977 5459 interdicuntur:
2000 5399 2034 5445 ea
2056 5383 2119 5462 ipsa

1373 5475 1476 5536 omnia
1498 5476 1629 5538 omnino
1651 5493 1718 5538 esse
1747 5477 1901 5553 dicemus,
1924 5493 2003 5556 quae
2029 5476 2119 5540 bodie

1373 5569 1405 5630 in
1427 5567 1573 5630 roloniae
1601 5585 1701 5647 regno
1722 5569 1832 5646 agendi
1854 5569 1981 5632 facultas
2002 5569 2118 5631 eisdem
2161 5595 2163 5600 ·

1373 5661 1578 5740 permittitur,
1602 5671 1732 5742 atquae
1755 5663 1897 5742 superius
1919 5680 1935 5723 a
1958 5664 2046 5726 nobis
2068 5681 2120 5726 ex·

1373 5756 1469 5834 posita
1489 5763 1574 5818 sunt.
1599 5757 1645 5818 Ad
1666 5756 1795 5819 huiusce
1811 5758 1856 5818 rei
1869 5757 2034 5819 veritatem
2057 5772 2119 5818 ma·

1373 5847 1486 5911 nilesto
1500 5849 1794 5930 deprehendendam
1809 5865 1872 5912 non
1885 5849 1981 5912 multa
1993 5850 2120 5928 quidem
