4820 6980
369 575 468 636 bne.
489 573 559 633 3343
608 563 667 641 pls

589 703 821 776 venerabilibus
842 689 990 767 iratribus
1006 685 1204 768 1331333313,
1220 686 1333 754 Ρ3133-

628 803 717 879 tibus,
748 789 1003 876 metropolitanis,
1036 782 1281 868 hrohiepisoopis
1303 783 1334 845 et

630 890 791 978 Episcopie
814 883 979 962 universis,
1002 880 1127 967 gratiam
1150 882 1182 944 et
1206 889 1334 942 conmu-

629 993 746 1058 nionem
769 975 1072 1065 sedisapostolicae
1095 968 1286 1048 habentibus,

759 1151 1004 1228 Benedictus
1021 1150 1082 1218 PP.
1097 1144 1167 1214 xlv.

786 1328 986 1403 denotabiles
1008 1326 1136 1401 iratres,

625 1464 806 1535 salutemet
829 1448 1027 1538 apostolicam
1053 1435 1303 1510 benedictionem.

421 1675 575 1722 sollicitabo
633 1650 851 1720 Libentissime
872 1641 999 1722 quidem
1021 1631 1249 1714 amplectimur,
1260 1637 1337 1704 qnae

361 1729 510 1829 113111131ἧὲ
519 1739 576 1829 ῧὲἒζ
594 1751 683 1817 nobis
704 1746 890 1812 3113333333,
906 1731 1080 1796 occasiones
1094 1727 1129 1788 ad
1145 1729 1263 1784 vestros
1275 1716 1340 1778 331-

362 1836 519 1883 ⁰¹⁰⁸i³⁸¹¹⁰⁸⁰
541 1837 576 1881 αἱ·
595 1863 662 1911 mos
687 1837 881 1907 excitandos,
904 1834 938 1890 33
959 1810 1337 1888 33313313331333311331311-

593 1957 652 2005 333
673 1931 858 2014 reparandae
878 1920 1016 1984 sedulam
1029 1928 1136 1978 curam
1158 1907 1334 1972 conteratis:

593 2031 711 2097 etenim
740 2021 855 2090 summi
886 2013 1083 2096 pontificatus
1112 2001 1272 2081 dignitati,
1302 1996 1338 2060 ad

594 2140 686 2205 quam
702 2137 758 2182 uos
778 2117 851 2180 licet
873 2111 1074 2173 immerentes
1094 2096 1194 2161 333331
1210 2093 1337 2165 luimus,

362 1889 491 1947 scipliuee.

594 2217 790 2280 coniunctam
804 2221 870 2270 esse
884 2197 1089 2274 intelligimus
1108 2186 1338 2252 solicitudinem

594 2313 728 2376 aliarum
747 2299 957 2370 ecclesiarum,
974 2288 1123 2364 nobisque
1143 2279 1339 2346 commenda-

597 2414 671 2478 tam,
694 2397 749 2478 qui
770 2396 860 2475 plane
882 2385 1064 2452 tenuitatem
1086 2376 1202 2439 virium
1223 2376 1338 2435 nostra·

594 2515 667 2561 rum
688 2507 752 2555 non
774 2489 963 2565 ignoramus.

416 2609 576 2656 reductorum
635 2593 654 2668 5
678 2590 704 2650 l.
728 2586 808 2648 Cum
826 2579 931 2656 133333
944 2565 1155 2652 praesentium
1176 2562 1338 2624 literarum

363 2663 529 2711 ⁰¹³⁸⁰W³¹¹⁸¹³
561 2674 820 2762 aargumentum
851 2675 952 2732 totum
976 2664 1015 2725 sit
1037 2662 1074 2722 de
1101 2655 1228 2732 ieiunio,
1256 2653 1338 2732 quod

364 2717 577 2871 Ξὲζῶεἷῗὲῃξέὲ
597 2789 736 2856 tempore
747 2763 1008 2849 quadragesimae,
1018 2753 1117 2818 veteri
1128 2750 1281 2814 Ecclesiae
1293 2747 1340 2809 13-

382 2835 431 2870 aa.
595 2874 703 2937 stitutc
726 2882 758 2927 33
781 2866 860 2940 lege,
883 2853 1023 2920 fidelibus
1044 2848 1210 2923 indicitur3
1232 2859 1340 2922 super-

594 2975 766 3030 vacaneum
780 2956 923 3020 ducimus
940 2949 1066 3024 longam
1081 2941 1252 3004 orationem
1267 2953 1339 2998 333-

596 3067 688 3126 licere
702 3058 740 3118 de
754 3045 1003 3132 quadragesimae
1018 3035 1227 3107 institutione,
1243 3039 1275 3093 33
1289 3047 1340 3109 33-

595 3163 682 3218 trum
702 3157 734 3211 et
754 3143 956 3208 conciliorum
979 3147 1087 3195 omnes
1111 3128 1282 3216 superhac
1302 3126 1339 3188 de

594 3265 629 3312 re
650 3247 682 3307 in
705 3241 844 3306 medium
866 3229 1005 3313 prolerre
1026 3221 1233 3286 auctoritates.
1258 3217 1340 3280 iiiiii-

594 3341 653 3404 niie
674 3335 705 3398 id
720 3332 846 3413 quidem
862 3324 950 3388 nobis
971 3334 1080 3398 parum
1095 3316 1270 3378 videretur:
1287 3316 1338 3377 sed

595 3434 697 3515 potius
723 3429 861 3490 alienum
881 3426 923 3482 et
949 3415 1036 3480 nullo
1065 3414 1156 3474 modo
1181 3416 1340 3474 consenta-

595 3543 692 3592 neum
714 3522 812 3596 vobis,
835 3531 912 3595 quos
940 3509 1097 3572 doctrinae
1126 3505 1227 3576 laude,
1251 3519 1341 3565 3333-

595 3635 674 3682 num
694 3623 726 3678 33
750 3625 852 3674 333333
878 3603 1024 3667 historiae
1054 3597 1231 3674 cognitione
1257 3611 1340 3673 prae-

595 3720 711 3776 stantes
726 3706 924 3776 arbitramur.
942 3697 1037 3758 Porro
1052 3691 1086 3754 ad
1098 3687 1273 3752 scribendas
1288 3687 1341 3750 bas

595 3807 699 3870 literas
721 3796 842 3862 adducti
857 3793 973 3856 luimus
996 3784 1183 3864 gravissimis
1197 3781 1258 3843 illis
1273 3797 1341 3842 ver-

596 3899 642 3961 bis
664 3888 861 3957 Tridentinae
886 3880 1015 3962 synodi,
1038 3891 1116 3956 quae
1143 3891 1216 3938 sess.
1240 3877 1285 3938 25
1306 3877 1341 3938 de

597 3991 774 4071 deformat.
795 3979 945 4060 praecipit
968 3975 1141 4055 Episcopis,
1165 3987 1257 4034 omne
1278 3978 1343 4034 stu-

596 4087 683 4149 dium
704 4078 896 4157 impendere,
914 4079 948 4134 ut
970 4068 1075 4132 fideles
1097 4068 1235 4144 ipsorum
1251 4081 1343 4127 curae

598 4177 702 4240 traditi
721 4187 834 4248 magna
855 4165 1007 4242 religione
1023 4159 1183 4240 perficiant
1205 4173 1251 4234 ea,
1265 4173 1342 4237 quae

597 4269 725 4334 3333313
755 4261 924 4326 canonibus
945 4253 1214 4334 praescribuntur:
1245 4251 1282 4313 113
1305 4249 1342 4312 il·

598 4365 638 4427 lis
665 4357 822 4429 omnibus,
852 4361 881 4415 et
909 4351 950 4412 iis
975 4349 1146 4427 praecipue
1173 4346 1239 4408 sict
1263 4344 1343 4409 obse-

597 4463 738 4538 quentes,
762 4447 903 4529 quoted
928 4441 1188 4521 mortificandam
1216 4455 1343 4502 carnem

598 4549 795 4616 conducunt,
830 4547 867 4603 ut
900 4536 1043 4600 ciborum
1076 4533 1214 4597 delectus
1243 4539 1274 4595 33
1303 4535 1346 4596 ie·

597 4644 704 4709 iunio.

382 4751 512 4800 33333333
527 4759 581 4798 son·
638 4741 658 4815 g
678 4739 705 4800 2.
718 4734 777 4797 Ubi
788 4732 926 4811 primum
937 4727 1165 4790 bononiensem
1177 4723 1345 4786 Ecclesiam

366 4806 581 4916 ἑῗιὲἐξιῗωῗξξῧῗ
599 4825 874 4893 administrandam
896 4819 1088 4896 suscepimus
1108 4815 1158 4896 (ad
1179 4831 1273 4893 quam
1294 4814 1346 4877 be·

599 4921 710 4986 3311313
732 4911 975 4982 Clementisllll.
990 4910 1041 4972 131.
1059 4925 1120 4972 333.
1137 4909 1175 4969 ab
1189 4906 1267 4970 Sede
1283 4908 1345 4968 hn-

367 4913 473 4960 ieiunio.

598 5015 740 5078 cenitana
756 5008 894 5073 translati
911 5002 1052 5083 inimus),
1066 5001 1246 5063 mandatum
1258 4999 1345 5061 evul-

599 5108 741 5186 gavimus
767 5103 861 5182 (quod
883 5099 962 5162 libro
984 5097 1084 5174 primo
1105 5094 1344 5157 institutionum

598 5209 777 5264 nostrarum
798 5212 853 5275 pro
875 5193 950 5256 31313
976 5188 1185 5253 33313313331313
1211 5186 1344 5251 decimo-

598 5295 708 5373 quinto
730 5291 795 5352 lcco
810 5281 1013 5364 continetur).
1038 5284 1073 5345 ln
1095 5281 1149 5343 1113
1169 5281 1274 5359 313333
1289 5279 1345 5342 3111-

598 5386 749 5450 1133133333
765 5381 983 5454 indicavimus
999 5377 1038 5439 ob
1053 5393 1126 5456 quas
1142 5375 1273 5436 minime
1287 5372 1345 5434 sol·

597 5479 715 5542 vendes
737 5475 845 5538 ieiunii
858 5473 978 5550 legibus
993 5471 1176 5549 putabamus
1198 5467 1278 5540 illos,
1290 5466 1343 5544 qui

597 5574 636 5635 ob
658 5571 831 5648 legitimam
847 5581 980 5640 causam,
993 5575 1024 5627 33
1040 5563 1176 5640 legitima
1192 5561 1277 5639 prius
1294 5577 1345 5621 au-

598 5667 741 5729 ctoritate
762 5660 959 5739 interposite,
982 5655 1233 5736 quadragesimae
1255 5652 1345 5714 absti-

598 5759 737 5821 nentiam
749 5770 813 5818 non
825 5754 1035 5836 observarent,
1049 5749 1192 5821 minime,
1205 5748 1343 5824 inquam,

599 5849 790 5914 solvendosa
811 5849 938 5922 ieiunio,
955 5846 1034 5907 itant
1055 5843 1162 5906 liceret
1183 5842 1255 5918 ipsis
1269 5855 1345 5918 qno-

598 5943 675 6012 iibel
696 5944 745 6006 die
763 5957 903 6004 mensam
925 5939 969 6001 bis
984 5937 1160 6012 instituere,
1176 5949 1239 5996 non
1255 5931 1346 5996 unica

1110 569 1176 620 11111.
1199 565 1291 618 undu.
1315 562 1355 615 nn
1376 561 1405 614 P·
1429 567 1459 614 p,
1482 559 1564 614 huns
1586 559 1608 613 i.

1388 685 1472 762 vice,
1506 686 1682 765 3333333133
1713 677 1910 764 superaddita
1944 676 2133 758 reiectione,

1389 795 1468 858 quae
1489 779 1625 858 permitti
1649 778 1859 842 ieiunantibus
1880 777 2053 840 consuevit.

1430 876 1449 950 5
1470 874 1498 936 3.
1524 875 1660 937 Tandem
1683 874 1714 936 in
1730 873 1786 934 hac
1803 870 1961 933 Pontificia
1983 869 2331 984 83313331-3131383113383333303

1391 966 1576 1042 insanirem
1596 973 1692 1029 totam
1713 965 1895 1027 incitamen
1916 965 2034 1026 iterum
2047 978 2136 1024 revo-
2155 982 2279 1038 manganes.

2372 5855 2373 5878 l

1392 1061 1541 1135 cavimus,
1564 1069 1595 1122 et
1616 1057 1888 1139 praestantissimis
1916 1072 2041 1137 quoquc
2062 1057 2139 1118 viris

1393 1153 1659 1226 demandavimus,
1683 1153 1778 1231 ipsam
1796 1150 1966 1228 diligenter
1985 1157 2140 1212 accurate-

1393 1261 1453 1325 que
1474 1246 1676 1325 perpendere,
1699 1262 1823 1308 333333
1844 1243 1956 1307 31313313
1976 1242 2140 1323 opiniones

1395 1339 1483 1401 nobis
1512 1354 1679 1417 33333333.
1711 1338 1764 1402 1113
1785 1337 1931 1417 33333313,
1960 1337 2140 1399 huiusmodi

1392 1433 1728 1495 controversiaetincm
1749 1431 1888 1494 tribuere
1909 1430 2140 1504 constituimus,

1394 1527 1534 1608 illudque
1548 1529 1754 1604 decrevimus,
1771 1544 1812 1590 ne
1827 1526 1888 1589 ullu
1910 1527 1944 1589 in
1965 1533 2140 1606 posterum,

1393 1621 1460 1681 sive
1487 1620 1668 1699 peculiaris,
1689 1622 1755 1683 sive
1783 1619 1936 1698 generalis
1963 1619 2141 1698 proaliquo

1394 1713 1518 1776 civitate
1538 1714 1588 1776 vel
1610 1713 1733 1793 oppido,
1749 1711 1934 1777 concedatur
1949 1713 2077 1775 13331333
2092 1714 2142 1776 331-

1396 1805 1521 1868 3133331
1536 1823 1644 1870 carnes
1659 1806 1694 1869 ad
1709 1822 1850 1869 mensam
1869 1813 2008 1885 tempore
2031 1807 2144 1870 ieiunii

1395 1903 1445 1966 vel
1467 1902 1728 1981 quadragesimae,
1751 1901 1811 1964 nisi
1840 1900 1977 1962 conditio
1997 1901 2143 1963 servandi

1394 1997 1517 2074 ieiunii,
1539 1997 1604 2059 sive
1626 1997 1720 2058 unius
1740 1993 1949 2068 comestionis,
1966 1994 2145 2072 interpona-

1394 2097 1465 2166 tur3
1487 2099 1518 2153 et
1545 2090 1636 2153 illum
1664 2105 1788 2168 quoque
1815 2089 1973 2150 monitum
2000 2085 2143 2165 addatur,

1395 2193 1590 2263 nequaquam
1612 2183 1705 2246 licere
1726 2197 1866 2245 mensam
1887 2183 2028 2244 eamdem
2051 2197 2145 2244 carne

1395 2296 1429 2342 ae
1450 2279 1581 2357 piscibus
1606 2279 1773 2340 instruere.
1795 2276 1960 2353 Equidem,
1983 2273 2145 2338 declinatis

1394 2373 1450 2435 hac
1472 2373 1592 2433 3331333
1613 2371 1748 2432 nimium
1769 2367 1934 2447 implicatis
1955 2367 2146 2446 quaestioni·

1395 2467 1463 2542 bns,
1480 2465 1729 2528 existimavimus
1743 2463 1867 2525 unicam
1885 2461 2020 2538 singulis
2035 2461 2145 2525 diebus

1395 2560 1619 2621 comestionem
1640 2558 1787 2620 inducere
1807 2555 1868 2616 illis
1889 2555 1995 2630 etiam,
2011 2557 2067 2632 qui
2081 2572 2146 2618 car-

1396 2653 1487 2714 nibus
1504 2653 1561 2726 uli,
1577 2667 1650 2714 cum
1665 2649 1818 2712 ieiunium
1839 2647 1999 2723 indicitur,
2016 2649 2078 2710 rite
2093 2649 2145 2711 ob-

1396 2747 1578 2821 tinuerunt;
1593 2752 1624 2807 33
1636 2758 1762 2822 pravam
1776 2741 1862 2807 illam
1872 2742 2144 2818 consuetudinem,

1396 2856 1474 2920 3333
1502 2837 1580 2918 33331
1608 2837 1724 2900 multos
1745 2838 1807 2900 iam
1833 2836 1926 2898 nimis
1956 2836 2145 2911 invaluerat,

1397 2935 1520 3014 penitus
1547 2931 1698 3007 evellere,
1727 2929 1874 2992 3113333311
1903 2943 2017 3007 nempe
2038 2944 2147 2990 carnes

1397 3029 1429 3090 in
1453 3041 1593 3088 mensam
1618 3038 1689 3086 cum
1717 3023 1866 3100 piscibus,
1896 3029 2058 3102 postquam
2089 3020 2146 3099 ipsi

1397 3119 1667 3199 quadragesimalis
1689 3117 1892 3179 abstinentiae
1913 3123 2077 3195 praecepto
2099 3131 2148 3176 so-

1397 3213 1454 3277 luti
1478 3214 1618 3288 luerunt,
1641 3211 1680 3273 ob
1701 3225 1769 3273 eam
1790 3209 1986 3288 potissimum
2008 3225 2144 3284 causam,

1397 3309 1479 3386 quod
1502 3321 1596 3384 grave
1618 3303 1843 3368 detrimentum
1859 3302 1949 3365 saluti
1971 3303 2078 3364 abusu
2100 3303 2146 3380 pi-

1396 3400 1496 3462 scium
1516 3399 1676 3477 accipiant.
2100 3411 2102 3417 ⁸

1437 3493 1456 3568 ἓ
1477 3492 1506 3553 d.
1523 3491 1603 3554 11333
1616 3489 1809 3567 apertissime
1824 3494 1965 3551 constant
1976 3505 2015 3551 ex
2030 3489 2146 3552 nostris
2201 3512 2261 3564 onae
2275 3521 2332 3555 ercn-

2165 3563 2224 3609 tloni
2241 3566 2331 3610 mandau-

2163 3621 2210 3664 tur.

1397 3585 1567 3665 apostolicis
1581 3583 1692 3658 literis,
1708 3599 1783 3661 quas
1804 3583 1837 3642 13
1859 3581 1956 3644 dorma
1970 3582 2078 3644 Brevis
2093 3582 2144 3644 313-

1398 3681 1499 3744 dimus
1520 3680 1556 3740 ad
1577 3693 1685 3738 omnes
1707 3675 1871 3753 Episcopos
1899 3675 1981 3738 orbis
2002 3677 2145 3739 catholici

1398 3791 1481 3836 anno
1502 3787 1670 3846 nuncnunc,
1686 3784 1819 3848 quarum
1833 3770 1951 3848 primae
1971 3770 2144 3849 incipiunt:

1399 3867 1470 3930 Non
1491 3863 1696 3944 untdipimos,
1719 3863 1834 3924 alterae
1862 3878 1951 3925 vero:
1977 3865 2146 3942 13333333-

1398 3979 1460 4025 mo.
1475 3959 1536 4022 Nos
1547 3959 1685 4038 33313333
1700 3956 1780 4018 33111
1795 3971 1943 4035 umquam
1960 3955 2082 4034 elargiti
2095 3975 2147 4020 su-

1400 4071 1469 4118 mus
1491 4054 1573 4115 vesci
1594 4051 1757 4126 carnibus,
1781 4065 1853 4112 cum
1876 4057 1998 4128 tempus
2019 4051 2149 4129 quadra·

1400 4149 1545 4224 gesimae,
1567 4147 1633 4208 sive
1654 4145 1738 4206 alind
1757 4143 1924 4219 ieiunium,
1946 4147 2146 4224 praecipitur,

1401 4242 1459 4303 nisi
1488 4241 1602 4303 13311333
1626 4240 1800 4317 3331333333
1828 4237 2024 4313 conditione,
2054 4255 2148 4316 quam

1400 4335 1543 4414 superius
1564 4331 1887 4395 commemoravimus.
1911 4329 2075 4393 ldaximam
2097 4348 2149 4410 pa-

1400 4431 1478 4491 riter
1505 4427 1653 4490 laetitiam
1680 4425 1891 4504 percepimus,
1914 4439 1986 4486 cum
2012 4425 2148 4488 redditae

1402 4523 1490 4586 nobis
1512 4522 1640 4585 luerunt
1662 4521 1767 4599 plnres
1788 4517 1932 4598 epistolae
1950 4533 1983 4579 33
2005 4519 2147 4582 mandata

1402 4627 1521 4692 vestra,
1544 4617 1644 4679 literis
1671 4613 1787 4676 nostris
1815 4612 1987 4691 apostolicis
2017 4614 2147 4674 omuino

1402 4718 1619 4784 consentanea,
1645 4707 1757 4787 quibus
1786 4721 1840 4785 333
1862 4705 1945 4766 313111
1967 4713 2051 4784 parte
2073 4722 2147 4769 con·

1402 4804 1543 4867 tendistis
1564 4801 1716 4865 adducere
1726 4800 1855 4879 populos
1876 4800 1962 4860 vobis
1981 4800 2146 4876 subiectos,

1402 4907 1436 4961 ut
1447 4897 1633 4977 propositam
1645 4895 1677 4957 in
1691 4894 1750 4956 illis
1765 4892 1957 4970 disciplinam
1973 4899 2145 4954 servarent.

1442 4993 1461 5067 ς
1482 4991 1511 5051 d.
1534 4988 1665 5050 Interim
1681 4985 1885 5066 promulgatis
1907 4984 2014 5047 iisdem
2030 4993 2147 5063 aposto

1402 5085 1468 5148 licis
1489 5083 1599 5158 literis,
1615 5097 1689 5160 quas
1711 5082 1801 5158 paulo
1815 5089 1887 5142 ante
1902 5080 2146 5155 nominavimus,

1402 5178 1507 5258 plures
1525 5174 1733 5238 cavillationes
1747 5173 1938 5248 excogitatae
1950 5180 2026 5235 sunt
2040 5189 2055 5234 3
2070 5189 2146 5234 non-

1404 5268 1510 5344 nullis,
1533 5268 1657 5330 331333
1685 5275 1773 5328 33333
1791 5267 1876 5329 dacili
1901 5267 2147 5330 333133333333-

1401 5363 1507 5442 spicati
1535 5361 1662 5424 luimus.
1695 5359 1803 5422 Plures
1829 5361 1924 5421 etiam
1954 5360 2148 5438 quaestiones

1402 5455 1580 5535 propositae
1605 5454 1693 5515 nobis
1723 5452 1862 5529 luerunt,
1892 5453 1995 5529 exigui
2022 5451 2148 5531 quidem

1402 5549 1547 5630 ponderis
1568 5563 1602 5609 ac
1623 5547 1786 5622 momenti,
1809 5545 2071 5624 quemadmodum
2093 5562 2164 5620 nos.

1403 5645 1582 5720 opinamnr3
1600 5657 1671 5702 cum
1687 5638 1758 5701 illae
1773 5638 1824 5701 vel
1839 5639 1934 5716 ipsius
1946 5639 2022 5715 legis
2034 5637 2146 5712 verbis,

1403 5736 1454 5798 vel
1464 5752 1569 5812 sensu,
1583 5735 1706 5812 penitus
1721 5739 1868 5794 corruant
1882 5749 1914 5793 ac
1929 5731 2146 5792 dissolvantur.

1404 5832 1548 5892 Attamen
1568 5842 1653 5918 sacro
1676 5823 1824 5886 tribunali
1845 5833 1968 5888 nostrae
1988 5825 2150 5901 poeniten·

1404 5926 1521 6004 itariae,
1543 5937 1652 5986 rerum
1673 5918 1850 5983 huiusmodi
1875 5918 1996 5982 conscio
2017 5932 2051 5978 33
2072 5916 2149 5996 peri·

2164 5062 2259 5161 cumas
2268 5071 2333 5159 1333-

2164 5128 2281 5222 gcarffilariee
2293 5171 2334 5221 lpo-

2165 5224 2333 5276 stol.solvuutnr.

2161 531 2211 596 dn.
2223 547 2250 598 o.
2267 546 2321 604 3333

2177 5001 2335 5056 3333333311-
2372 4969 2373 5000 ἶ

2283 5068 2334 5118 ever·
