4708 6978
335 529 388 581 An.
403 533 433 582 C.
457 533 524 584 tuto
574 532 632 598 302

324 675 536 778 rffifflaggcetc-ir·
553 671 622 735 silio
642 681 674 734 et
688 671 828 734 unanimi
843 687 995 734 consensu
1014 675 1216 733 emanassent.
1233 667 1295 733 Sic·

456 766 460 776 '
554 781 614 844 que
635 772 666 827 ct
688 781 750 829 uon
765 765 854 828 aliter
865 767 898 826 in
909 763 1083 844 praemissis
1100 763 1244 826 omnibus
1265 767 1296 823 et

553 857 684 934 singulis
698 874 753 938 per
767 865 976 937 quoscumque
992 856 1106 920 iudices
1127 854 1296 918 ordinarios

553 951 603 1013 vel
624 951 790 1028 delegatos,
812 952 906 1013 etiam
928 966 1087 1013 causarum
1103 949 1205 1028 palatii
1227 947 1296 1026 apo·

551 1043 650 1106 stolici
662 1045 827 1119 auditores,
841 1060 971 1107 necnon
982 1044 1153 1123 praedictae
1168 1042 1198 1105 S.
1210 1041 1244 1102 R.
1259 1041 1293 1102 Ε.

553 1137 739 1214 Cardinales,
755 1138 848 1200 etiam
864 1139 901 1200 de
922 1137 1032 1198 Latere
1046 1136 1187 1212 Legatos,
1203 1135 1297 1198 Vitae-

551 1231 680 1308 Legatos
701 1238 732 1294 et
746 1232 936 1310 Apostolicae
950 1229 1036 1293 Sedis
1051 1229 1194 1303 Nuntios,
1210 1243 1295 1307 prae·

552 1325 726 1403 dictamque
747 1323 1031 1400 Congregationem
1046 1339 1139 1400 super
1160 1322 1297 1384 residen-

552 1420 592 1480 tia
614 1419 801 1497 deputatam,
817 1424 848 1479 et
863 1433 1074 1496 quoscumque
1094 1416 1169 1477 alios
1190 1415 1296 1493 quavis

552 1512 732 1575 auctoritate
750 1520 781 1572 ct
803 1516 951 1588 potestate
973 1509 1139 1586 iungentes
1160 1523 1245 1570 nunc
1265 1515 1296 1569 et

552 1621 607 1684 pro
630 1613 768 1684 ternpore
789 1605 970 1680 existentes,
992 1602 1109 1666 sublata
1129 1602 1173 1664 eis
1195 1610 1225 1664 et
1247 1617 1297 1664 eo-

551 1715 624 1760 rum
645 1698 771 1761 cuilibet
786 1697 893 1778 quavis
909 1696 998 1758 aliter
1012 1695 1175 1769 iudicandi,
1198 1694 1295 1756 decla-

552 1792 652 1868 randi,
669 1791 891 1871 interpretandi
907 1799 937 1852 et
952 1789 1118 1853 definiendi
1140 1788 1294 1862 facultate,

552 1885 679 1948 iudicari
694 1893 725 1948 et
740 1885 863 1948 deliniri
886 1884 1008 1958 debere,
1034 1891 1064 1944 et
1085 1880 1234 1962 quidquid
1250 1896 1295 1942 se-

552 1997 605 2043 cus
626 1996 720 2059 super
744 1980 791 2041 bis
811 1997 827 2040 a
847 1993 1004 2057 quoquam
1030 1977 1137 2055 quavis
1165 1975 1295 2037 auctori·

553 2079 614 2135 tate
635 2074 768 2135 scienter
789 2072 839 2134 vel
860 2073 1043 2150 ignoranter
1062 2067 1228 2145 contigerit
1252 2073 1304 2153 at3

554 2167 676 2242 tentari,
694 2167 817 2228 irritum
840 2173 871 2227 et
892 2165 985 2226 inane
1007 2163 1213 2226 decernimus.

592 2258 661 2322 Non
683 2258 874 2322 obstantibus
902 2256 1174 2320 constitutionibus
1196 2263 1227 2317 et
1247 2269 1295 2316 or-

552 2353 760 2415 dinationibus
789 2351 978 2430 apostolicis,
1001 2351 1094 2412 etiam
1116 2350 1149 2412 in
1171 2349 1298 2412 uuiver-

551 2448 675 2521 salibus,
689 2444 894 2523 generalibus,
911 2443 1151 2522 provincialibus
1173 2450 1204 2504 et
1225 2459 1296 2520 syn·

551 2541 689 2604 odalibus
715 2538 851 2601 conciliis
876 2537 964 2599 editis
989 2535 1039 2596 vel
1063 2535 1210 2610 edendis,
1240 2551 1296 2596 nec

552 2650 627 2710 non,
651 2641 803 2712 quatenus
825 2647 900 2710 opus
928 2631 985 2704 sit,
1009 2631 1131 2692 deuon
1159 2628 1295 2692 tollendo

553 2728 620 2790 iure
641 2727 796 2805 quaesito,
828 2723 958 2800 aliisque
981 2722 1186 2786 Cancellariae
1217 2723 1298 2800 Apo-

551 2820 674 2883 stolicae
696 2817 823 2894 regulis,
839 2815 960 2878 statutis
983 2832 1118 2898 quoque,
1135 2815 1228 2876 etiam
1249 2815 1295 2874 iu-

519 2953 522 2964 ·
552 2913 626 2976 rutis
650 2911 936 2984 consuetudinibus,
965 2910 1058 2971 ctiam
1087 2908 1245 2971 diuturnis
1265 2917 1296 2969 et

553 3004 862 3078 irnrnemorabilibus,
886 3004 1036 3066 dictarum
1058 3001 1228 3079 respective
1249 3017 1296 3062 ec·

552 3101 729 3171 clesiarum,
751 3113 808 3160 nec
830 3113 893 3160 non
916 3096 1058 3170 licentiis,
1080 3095 1251 3174 privilegiis
1266 3102 1296 3156 et

553 3193 682 3256 indultis
704 3193 798 3254 etiam
820 3190 1002 3270 apostolicis,
1018 3191 1134 3252 eisdem
1150 3188 1295 3262 ecclesiis,

552 3301 723 3365 earumque
743 3284 934 3363 praesulibus
949 3281 1180 3361 quomodolibet
1197 3281 1297 3343 bacte-

553 3402 612 3447 nus
627 3382 790 3455 concessis,
807 3379 1015 3456 omnibusque
1027 3385 1057 3439 et
1071 3375 1202 3452 singulis
1217 3374 1295 3448 aliis,

553 3493 631 3558 quac
647 3474 817 3556 praedictus
832 3472 973 3535 Urbanus
989 3485 1116 3532 suarum
1135 3470 1295 3531 literarum

554 3571 693 3634 tirmitati
714 3577 745 3632 et
767 3567 943 3631 executioni
958 3564 1058 3627 voluit
1079 3578 1142 3625 non
1165 3562 1295 3636 obstare,

553 3667 743 3742 caeterisque
760 3662 921 3727 contrariis
943 3660 1198 3738 quibuscumque.

322 3761 535 3870 vrffl'assfflffi
594 3761 634 3823 Ut
655 3765 760 3822 autem
782 3758 907 3820 eaedem
932 3763 1124 3834 praesentes,
1148 3759 1178 3812 et
1200 3751 1232 3812 in
1254 3750 1297 3811 cis

322 3869 532 3916 renaudotus.
552 3863 696 3921 contenta
711 3868 935 3935 quaecumque,
948 3850 982 3912 ad
999 3847 1141 3910 omnium
1154 3845 1297 3907 notitiam

552 3950 755 4024 deducantur,
772 3955 803 4010 et
818 3963 858 4009 ne
872 3945 982 4024 aliquis
1005 3943 1130 4006 illorum
1152 3943 1297 4018 ignoran-

553 4045 626 4108 tiam
648 4041 850 4123 praetendere
884 4039 995 4118 possit3
1026 4038 1188 4112 uolumus,
1215 4037 1296 4114 quod

553 4137 678 4200 eaedem
696 4143 870 4215 praesentes
885 4147 940 4212 per
951 4132 1098 4210 aliquem,
1111 4147 1165 4192 seu
1180 4129 1297 4208 aliquos

552 4249 590 4292 ex
612 4231 787 4294 cursoribus
819 4229 943 4302 nostris,
969 4227 1008 4310 ad,
1030 4225 1133 4286 valvas
1155 4223 1297 4287 Basilicas

553 4324 701 4404 Principis
723 4324 940 4404 Apostolorum
970 4339 1003 4384 ac
1031 4319 1238 4384 cancellariae
1260 4323 1298 4381 A·

553 4420 716 4498 postolicae
737 4420 815 4480 etin
839 4419 911 4480 alcio
932 4415 1037 4493 Campi
1060 4414 1168 4476 Florae
1189 4412 1226 4474 de
1241 4413 1299 4475 Ur-

553 4515 588 4574 be
604 4511 816 4592 publicentur,
833 4516 985 4570 eteorum
1001 4507 1105 4586 copiae
1127 4507 1241 4568 ibidem
1256 4505 1297 4568 ai-

446 4592 456 4618 ⁹
553 4607 702 4682 ligantur,
726 4614 756 4666 et
777 4603 884 4665 altinae
905 4602 1134 4679 relinquantur,
1158 4615 1236 4677 quae
1254 4599 1297 4660 sic

553 4699 694 4778 publicae
708 4705 740 4760 et
755 4697 863 4760 altinae
884 4711 993 4757 omues
1009 4701 1039 4756 et
1052 4691 1203 4770 singulos,
1220 4708 1297 4771 quos

461 4815 468 4832 ·
552 4801 758 4866 concernunt,
774 4797 893 4852 arctant
914 4793 944 4850 et
967 4787 1109 4861 alliciant,
1126 4802 1189 4848 non
1210 4801 1297 4846 secus

552 4903 584 4948 ac
606 4887 630 4948 si
648 4901 756 4947 eorum
772 4884 941 4961 unicuique
956 4880 1160 4959 personaliter
1175 4879 1299 4940 intima·

344 2259 531 2315 Derogutionas.

553 4986 601 5041 tae
622 4987 652 5041 et
668 4979 840 5040 notificatae
855 4976 1001 5050 luissent3
1018 4972 1162 5052 quodque
1177 4987 1298 5033 earum-

553 5073 625 5134 dem
648 5070 859 5151 praesentium
879 5067 1098 5145 transumptis,
1125 5066 1219 5126 etiam
1241 5065 1298 5126 im·

554 5165 675 5244 pressis,
699 5179 796 5226 manu
817 5162 945 5224 alicuius
967 5159 1080 5221 notarii
1100 5157 1211 5236 publici
1227 5157 1298 5218 sub-

552 5257 684 5336 scriptis,
702 5265 731 5318 et
746 5255 848 5331 sigillo
863 5267 1010 5331 personae
1025 5252 1056 5312 in
1080 5251 1228 5326 dignitate
1251 5265 1298 5311 ec·

554 5350 718 5412 closiastica
739 5347 923 5411 constitutae
937 5345 1078 5419 munitis,
1091 5347 1197 5407 eadem
1213 5359 1298 5423 pror·

553 5461 604 5506 sus
620 5444 694 5505 tides
709 5441 889 5504 adhibeatur
904 5439 935 5500 in
953 5437 1063 5500 iudicio
1079 5445 1109 5498 et
1124 5444 1209 5498 extra
1221 5434 1297 5498 illud

554 5537 668 5615 ubique
679 5537 917 5611 locorum,quae
928 5530 1297 5607 adhibereturipsisprae·

552 5630 702 5703 sentibus,
718 5629 743 5689 si
758 5628 860 5689 lorent
875 5625 1027 5687 exiribitae
1042 5623 1091 5685 vel
1105 5631 1255 5685 ostensae.

398 5729 507 5775 sanatio.
594 5722 678 5784 Nulli
693 5737 767 5800 ergo
781 5722 911 5784 omnino
926 5717 1091 5781 bominum
1104 5717 1192 5778 liceat
1214 5716 1298 5795 pagi-

1073 553 1135 596 lt'tt.
1161 551 1251 596 PON'l'.
1276 550 1315 594 DF.
1337 549 1364 594 Ρ.
1389 549 1417 594 F·
1444 550 1525 594 entis
1548 550 1568 592 l.

2131 527 2186 580 An.
2201 529 2231 580 d.
2252 529 2310 584 tuto

1351 682 1424 728 nam
1451 667 1530 728 banc
1551 673 1729 728 nostrarum
1751 663 1994 738 ordinationum,
2024 678 2099 724 cun·

1351 760 1563 836 stitutionum,
1583 758 1830 836 derogationum,
1850 762 2097 834 praeceptorum,

1351 860 1539 916 statutorum
1561 858 1592 914 et
1613 851 1810 914 decretorum
1836 849 2019 925 intringere,
2040 863 2098 910 seu

1352 946 1452 1008 eidem
1475 963 1551 1008 ausu
1581 945 1745 1008 temerario
1772 943 1936 1006 contraire.
1969 939 2099 1020 Siquis

1351 1050 1456 1103 autem
1477 1039 1535 1102 hoc
1559 1046 1711 1101 attentare
1737 1035 1994 1116 praesumpserit,
2017 1032 2099 1095 indi-

1352 1134 1531 1210 gnationem
1546 1129 1774 1210 omnipotentis
1792 1129 1857 1204 Dei,
1875 1145 1909 1190 ac
1930 1127 2098 1190 Beatorum

1352 1226 1433 1288 Petri
1455 1235 1485 1288 et
1507 1225 1591 1288 Pauli
1607 1223 1825 1303 Apostolorum
1840 1223 1907 1284 eius
1920 1238 1953 1283 se
1974 1220 2098 1282 noverit

1352 1319 1563 1383 incursurum.

1391 1413 1501 1474 Datum
1512 1412 1639 1489 Romae,
1652 1409 1731 1489 apud
1747 1408 1777 1472 S.
1793 1407 1919 1470 llariam
1934 1407 2095 1482 llaiorem,

1351 1521 1433 1567 anno
1455 1503 1674 1566 incarnationis
1699 1501 1876 1564 Dominicae
1901 1499 2095 1577 unoculus,

1352 1599 1444 1662 tertio
1459 1613 1555 1660 nonas
1570 1594 1765 1675 septembris,
1779 1594 1975 1674 pontificatus
1996 1595 2095 1656 nostri

1351 1707 1433 1754 anno
1454 1708 1510 1754 vll.

1605 1833 1844 1848 m

1642 1973 1805 2038 cxxxiv.

1352 2165 1434 2227 Suus
1457 2163 1569 2226 literas
1590 2162 1964 2243 odacrauscoufcasorios
1985 2161 2094 2240 ecqui·

1391 2265 1495 2320 rentes
1517 2275 1536 2320 u
1558 2253 1795 2335 poenitentibus
1823 2255 2011 2334 complicum
2040 2273 2095 2316 oo·

1390 2352 1480 2414 mino
1502 2351 1669 2430 corafirmut
1691 2354 1722 2410 et
1743 2349 1900 2412 edomites
1921 2347 2038 2428 ubique
2052 2349 2097 2410 lo-

1392 2461 1502 2508 corum
1524 2444 1671 2506 accendit
1692 2441 1747 2522 (l).

1484 2624 1726 2696 eudemones
1750 2623 1965 2695 [etsooetts

1538 2806 1645 2858 aeruna
1667 2805 1822 2856 servorun
1845 2786 1908 2868 oar,

1477 2911 1513 2979 ad
1536 2916 1707 2994 perpetuen
1729 2909 1773 2976 rei
1796 2908 1974 2976 nenoricn.

1392 3102 1436 3165 Ad
1459 3103 1675 3166 eradicandum
1698 3115 1829 3179 pravum
1848 3099 1959 3162 zizanii
1974 3113 2093 3174 semen,
2114 3101 2316 3200 missiiffih‘idl

1352 3196 1434 3274 quob
1445 3195 1481 3257 ab
1495 3194 1670 3256 adversario
1685 3193 1809 3270 generis
1825 3191 1953 3254 humani
1965 3191 1997 3252 in
2013 3192 2095 3267 Agro
2116 3208 2315 3270 poenitentiaea-

1352 3289 1512 3351 Dominico
1526 3302 1678 3365 sparsum,
1691 3301 1746 3364 per
1757 3284 1936 3347 Lusitaniae
1956 3285 2095 3363 primum
2116 3262 2314 3360 {affluerentu-

1353 3383 1496 3458 regiones
1517 3380 1670 3460 pullulare
1691 3388 1885 3459 compertum
1907 3378 2019 3453 luerat,
2042 3377 2093 3440 ubi

1352 3477 1503 3539 nimirum
1525 3476 1604 3553 apud
1626 3474 1795 3536 nonnullos
1823 3471 2038 3546 confessarios,
2061 3471 2094 3531 in

1352 3573 1596 3635 administrando
1631 3569 1827 3634 Sacramento
1863 3569 2094 3642 Poenitentiae,

1352 3683 1495 3746 perversa
1527 3666 1675 3746 quaedam
1700 3672 1730 3727 et
1758 3667 1885 3728 absurda
1913 3664 2026 3743 praxis,
2048 3678 2096 3724 ec-

1353 3761 1527 3824 clesiasticis
1549 3759 1665 3837 regulis
1687 3760 1850 3833 contraria,
1873 3759 2037 3837 eidemque
2051 3775 2095 3818 sa·
2164 3773 2174 3790 ·

1353 3861 1510 3916 eramento
1532 3854 1692 3928 iniuriosa,
1709 3862 1740 3914 et
1762 3854 1796 3914 ad
1819 3849 2003 3915 avertendos
2025 3852 2096 3913 lide·

1354 3949 1397 4010 les
1419 3948 1455 4008 ab
1476 3947 1572 4025 ipsius
1598 3947 1757 4009 salutifero
1786 3963 1841 4006 usu
1869 3945 2097 4024 quammaxime

1354 4043 1496 4115 tendens,
1521 4040 1673 4102 introduci
1695 4049 1854 4117 coeperat3
1877 4055 1932 4117 pro
1954 4039 2096 4116 imposito

1354 4136 1442 4198 nobis
1464 4133 1611 4212 vigilandi
1627 4134 1740 4208 debito,
1754 4133 1929 4212 apostolicas
1950 4132 1984 4194 in
1999 4132 2096 4193 lorma

1354 4229 1460 4292 Brevis
1481 4229 1585 4292 literas
1605 4227 1776 4290 direximus
1791 4225 2018 4290 venerabilibus
2038 4224 2097 4286 lra-

1354 4323 1452 4385 tribus
1472 4321 1712 4398 drobiepiscopis
1727 4325 1758 4380 et
1774 4319 1939 4396 Episcopis,
1955 4333 2011 4396 per
2026 4316 2097 4378 Por-

1354 4415 1498 4492 tugalliae
1519 4421 1550 4475 et
1578 4412 1795 4489 Algarbiorum
1824 4426 1920 4488 regna
1941 4419 2032 4488 atque
2052 4411 2096 4473 di-

1355 4509 1454 4571 tiones
1485 4509 1679 4583 constitutis,
1703 4525 1777 4586 quas
1798 4509 1909 4570 deinde
1939 4524 1995 4586 per
2025 4508 2096 4569 alias

1354 4608 1472 4664 nostras
1493 4603 1552 4664 sub
1571 4601 1699 4679 plumbo
1725 4602 1879 4680 expeditas
1901 4601 2015 4675 literas,
2038 4617 2095 4663 nu-

1354 4711 1418 4772 per,
1441 4703 1550 4772 quarto
1573 4695 1724 4757 nimirum
1747 4711 1844 4757 nonas
1867 4695 1961 4773 elapsi
1983 4696 2096 4758 mensis

1353 4787 1442 4862 iunii,
1466 4788 1720 4850 confirmavimus
1741 4794 1771 4848 et
1793 4787 2025 4863 innovavimus,
2047 4788 2098 4849 ad-

1353 4881 1437 4942 iectis
1459 4880 1620 4942 nonnullis
1649 4880 1894 4944 ordinationibus
1916 4888 1946 4943 et
1967 4882 2097 4944 declara-

1353 4974 1500 5050 tionibus,
1523 4990 1597 5052 quas
1618 4975 1653 5034 ad
1675 4975 1801 5036 meritas
1830 4989 1943 5052 poenas
1966 4983 2026 5036 tam
2048 4975 2098 5036 de·

1355 5067 1579 5144 linquentibus
1592 5083 1684 5144 quam
1700 5069 1893 5130 contrarium
1906 5069 2096 5144 tenentibus,

1353 5160 1418 5222 sive
1439 5161 1630 5237 docentibus,
1653 5161 1842 5237 irrogandas,
1865 5170 1896 5224 et
1917 5165 1952 5224 ad
1977 5169 2097 5224 rectum

1353 5255 1501 5315 adversus
1522 5269 1573 5315 eos
1594 5255 1777 5331 procedendi
1799 5253 1941 5316 ordinem
1962 5255 1995 5316 in
2013 5270 2099 5334 prae-

1353 5345 1441 5407 dictis
1463 5345 1576 5422 Regnis
1590 5355 1621 5408 et
1642 5347 1809 5409 ditionibus
1830 5348 2029 5422 servandum,
2045 5363 2097 5425 op-

1353 5445 1486 5517 portune
1507 5439 1652 5516 expedire
1674 5440 1706 5500 in
1729 5439 1859 5502 Domino
1881 5441 2095 5504 iudicavimus.

1394 5531 1508 5592 Earum
1530 5537 1635 5592 autem
1647 5531 1822 5606 literarum,
1838 5549 1912 5610 quas
1934 5533 1968 5594 ad
1991 5534 2097 5594 buius·
2157 5523 2307 5627 ·*·¹⁵³15‘·-'¹¹§¹oif

1354 5623 1436 5685 modi
1460 5625 1573 5686 erroris
1595 5631 1625 5686 et
1646 5625 1757 5686 abusus
1773 5623 2021 5704 reprobationem
2036 5623 2097 5705 pri·
2116 5587 2305 5702 {rsr'smcass'naus

1354 5731 1442 5778 muru
1463 5715 1626 5792 edidimus,
1649 5717 1699 5779 bic
1721 5724 1811 5778 tenor
1832 5726 1915 5779 erat:
2117 5693 2170 5739 ‘¹¹¹¹'

595 5937 625 5991 (l)
640 5934 702 5980 vida
717 5945 796 5992 supra
811 5939 943 5987 Srqrruvrtu
957 5937 1114 5977 austeriorum
1130 5955 1156 5964 -
1174 5933 1217 5976 dot
1229 5935 1359 5983 petulum.
