4708 6978
874 583 1069 630 anuanrcrus
1093 584 1154 628 xxv.
1707 555 1765 618 293
1816 549 1870 603 an.
1885 551 1915 601 0.
1936 549 2005 599 1746

243 701 400 769 Desiderio
412 700 530 768 ordinis
545 700 670 770 fratrum
683 699 826 768 llinorum
842 696 875 765 8.
891 697 985 765 fran-

26 571 28 662 }
69 589 104 638 3.
115 583 137 632 3.
156 576 215 628 343

283 796 357 864 cisni
379 795 415 862 de
438 795 640 863 Obseruantia
663 800 896 880 nuncupatorum
918 809 984 877 pro·

282 889 411 968 fossori,
439 893 609 955 conuentus
639 885 745 955 Sancti
774 886 933 971 Sepulchri
957 887 984 952 in

283 981 496 1064 Hierosolymis
519 981 701 1064 praesidenti
724 999 762 1049 ao
777 979 984 1072 commissario

281 1075 458 1161 apostolico,

401 1221 644 1293 nsuentcfus
668 1222 728 1290 ΡΡ.
753 1221 824 1290 tlt.

513 1361 630 1429 flilecte
653 1360 713 1440 lili,
944 1433 949 1444 ⁸

276 1456 407 1525 salutem
429 1461 462 1524 et
482 1455 680 1541 apostolicam
704 1455 952 1529 benedictionem.

60 1661 222 1766 miskprgpffi
281 1647 406 1711 Nemini
427 1664 501 1710 sane
521 1649 729 1723 manifestim,
745 1663 836 1727 qnam
859 1647 926 1722 tibi,
942 1647 985 1708 di-

214 1737 318 1807 'fecte
339 1744 396 1818 tili,
419 1758 485 1806 csse
511 1749 623 1821 potest,
646 1750 758 1822 quanta
789 1741 914 1803 coelesti
935 1740 986 1801 be-

238 1839 395 1916 nignitate
426 1845 581 1915 pastorum
614 1837 756 1916 princeps
786 1837 870 1898 lesus
899 1835 985 1898 Chri·

237 1939 315 2005 stus,
339 1931 622 1992 misericordiarum
645 1936 730 2008 pater
751 1938 782 1993 et
797 1930 876 1992 Deus
891 1929 985 1992 totius

237 2023 473 2097 consolationis,
505 2025 698 2086 benedixerit
730 2023 900 2102 apostolicis
931 2037 984 2083 no-

236 2119 310 2180 stris
335 2117 458 2194 stndiis,
491 2118 763 2192 sollicitudinibus,
796 2116 931 2178 consiliis
952 2133 984 2178 33

236 2209 405 2288 favoribus,
427 2210 539 2290 quibus
559 2212 695 2273 suaviter
715 2210 898 2288 fortiterque
913 2208 984 2269 alias

236 2305 393 2379 adhibitis,
417 2305 540 2367 tandem
561 2304 680 2366 sublato
702 2303 837 2366 duorum
857 2302 985 2364 nulliter

236 2397 409 2460 electorum
441 2399 574 2460 nationis
606 2398 827 2460 Maronitarum
857 2396 984 2476 patriar-

238 2491 371 2554 charum
385 2492 561 2567 schismate,
578 2491 787 2554 uenerabilem
801 2489 928 2551 fratrem
940 2486 985 2550 Si-

237 2600 366 2647 monem
383 2585 532 2647 Evodium
553 2584 628 2646 olim
643 2583 913 2663 archiepiscopum
930 2583 983 2643 lia-

238 2693 421 2740 33333333
449 2695 464 2738 3
494 2679 580 2741 nobis
612 2677 773 2758 apostolica
804 2677 983 2740 auctoritate

237 2771 376 2834 electum
405 2769 820 2846 Patriarcham,'nnirersim
846 2770 982 2831 eiusdem

237 2865 374 2926 nationis
394 2863 587 2926 uenerabiles
609 2864 718 2926 itidem
734 2863 841 2924 fratres
858 2862 983 2923 antisti-

237 2964 293 3031 tes,
319 2973 352 3018 ac
374 2956 477 3018 dilecti
499 2957 555 3018 lilii
577 2957 679 3018 clerici
701 2955 870 3018 saeculares
892 2961 923 3016 et
937 2969 983 3016 33-

235 3049 373 3126 gulares,
396 3067 428 3112 ac
450 3049 519 3112 laici
534 3065 647 3126 magna
661 3050 840 3111 animorum
855 3064 982 3116 consen·

234 3141 325 3203 sione
344 3150 376 3203 et
392 3141 646 3204 luculentissimis
661 3143 836 3204 communis
851 3140 984 3203 factitiae

235 3241 267 3296 et
288 3235 474 3297 uniuersalis
506 3235 629 3314 plausus
649 3235 748 3310 signis
769 3235 922 3312 complexi
941 3235 982 3295 ei-

235 3326 308 3388 dem
329 3327 464 3390 debitam
485 3329 693 3391 obedientiam
710 3335 741 3392 et
756 3328 982 3390 observantiam

235 3421 470 3497 praestiterunt.
506 3423 722 3484 Exultarimns
753 3422 890 3500 profecto
912 3437 983 3502 prae

235 3515 361 3591 gaudio,
385 3532 560 3596 manusque
581 3519 612 3578 in
628 3519 752 3581 coelum
767 3519 939 3580 levavimus
954 3525 983 3578 ct

235 3611 394 3674 bonorum
415 3613 558 3674 omniurn
580 3612 717 3689 largitori
733 3612 905 3688 singulares
921 3611 983 3687 egi-

235 3718 306 3766 mus
328 3706 451 3781 gratias,
474 3722 546 3769 cum
568 3706 750 3768 rescivimus
770 3722 825 3783 per
844 3703 981 3766 eiusdem

235 3798 311 3859 noui
326 3798 527 3873 Patriarohae,
543 3799 853 3878 archiepiscoporum
866 3805 897 3860 et
912 3797 982 3876 Epi-

233 3907 412 3971 scopornm,
434 3891 629 3971 aliorumque
656 3893 754 3955 dictae
782 3892 915 3954 nationis
936 3892 982 3953 in-

233 3985 375 4062 signium
396 3987 538 4048 virorum
553 3986 694 4065 epistolas
710 3986 831 4048 eximiis
845 3985 982 4047 addictis·

233 4080 331 4141 simae
352 4087 462 4142 eorum
484 4095 555 4158 erga
571 4079 775 4159 apostolicam
790 4081 867 4143 hanc
883 4077 913 4142 S.
931 4077 982 4141 Se·

235 4174 309 4235 dem
320 4189 438 4252 nosque
450 4174 529 4252 ipsos
541 4175 762 4249 venerationis,
776 4175 981 4250 reverentiae,

235 4267 429 4332 obedientiae
442 4268 535 4344 notis,
548 4269 739 4346 actionisque
754 4269 924 4344 gratiarum
939 4267 981 4328 ol-

234 4361 314 4424 ficiis
335 4362 474 4424 refertas.

65 4468 218 4558 ή,3333333
275 4453 396 4518 Verum
418 4465 524 4518 exorta
545 4457 657 4520 deinde
685 4459 830 4520 eumdem
852 4457 983 4519 Patriar-

120 4531 138 4566 ⁸“
233 4549 322 4611 cham
344 4549 428 4612 inter
448 4567 481 4612 33
502 4551 695 4630 Stephanum
716 4552 812 4626 Botri,
835 4551 979 4613 loannem

235 4646 353 4723 Beryti,
376 4645 501 4707 Tobiam
535 4648 638 4726 Cypri,
670 4646 824 4723 ignatium
856 4645 929 4724 Tyri
951 4651 980 4707 ct

233 4739 425 4802 Germanum
452 4739 586 4817 Tripolis
613 4741 784 4819 respective
806 4739 979 4802 dioecesum

233 4834 397 4896 antistites
418 4833 539 4897 dissidia
570 4849 633 4896 non
654 4835 721 4895 sine
750 4834 863 4897 intimo
884 4833 981 4895 animi

233 4927 333 4988 nostri
354 4927 460 4989 dolore
487 4927 682 5004 accipientes,
705 4927 739 4987 ad
762 4943 841 4989 noua
864 4934 980 5005 aposto·

1041 701 1219 778 regionibus
1234 716 1441 774 commorans,
1457 707 1487 761 et
1501 694 1702 776 praesidentis
1717 708 1786 756 mu-

1042 810 1116 857 nere
1137 795 1169 858 in
1191 795 1249 857 isto
1272 796 1316 857 tui
1332 794 1452 859 Ordinis
1467 797 1624 856 conuentu
1638 789 1783 864 fungens,

1042 887 1179 966 ingenia,
1195 904 1309 962 mores,
1325 887 1469 950 idiomata
1483 893 1514 948 et
1531 885 1673 948 instituta
1690 881 1785 945 dictae

1042 981 1174 1043 nationis
1195 980 1416 1044 Maronitarum
1438 980 1576 1058 apprime
1597 975 1733 1049 noveris,
1756 990 1785 1034 a·

1041 1075 1225 1153 postaticum
1246 1074 1494 1136 commissarium
1515 1075 1593 1149 apud
1616 1069 1711 1148 ipsain
1733 1083 1785 1128 na·

1044 1167 1159 1229 tionem
1179 1183 1252 1230 cum
1273 1168 1418 1230 omnibus
1439 1174 1470 1228 et
1489 1163 1621 1240 singulis
1636 1159 1786 1224 facultati·

1041 1261 1109 1335 bus,
1138 1261 1174 1323 ad
1203 1253 1394 1338 infrascripta
1426 1257 1606 1322 necessariis
1626 1263 1657 1318 et
1678 1269 1785 1332 oppor-

977 1383 980 1386 ·
1043 1355 1138 1429 turris,
1169 1363 1276 1417 tenore
1302 1351 1511 1433 praesentium
1542 1349 1704 1429 apostolica
1733 1363 1785 1408 au·

1042 1449 1182 1510 ctoritate
1209 1447 1348 1522 lenitaue,
1370 1444 1586 1510 constituimus
1608 1450 1639 1506 et
1660 1443 1784 1520 [leputa-

1042 1557 1122 1604 mus.

1081 1635 1124 1696 ac
1151 1633 1287 1712 primum
1318 1633 1444 1713 quidem
1476 1632 1530 1694 tibi
1561 1629 1785 1693 committimus
1805 1637 2015 1734 mrssigrir'smm‘

1041 1734 1072 1788 et
1094 1727 1286 1802 mandamus,
1308 1735 1344 1788 nt
1365 1735 1527 1806 postquam
1554 1723 1694 1801 exempla
1716 1736 1786 1798 apo-

1040 1821 1219 1883 stolicarum
1240 1830 1417 1882 nostrarum
1437 1820 1470 1881 in
1490 1818 1585 1880 simili
1603 1817 1701 1879 forma
1718 1815 1786 1876 hre-

1041 1915 1087 1975 ris
1109 1913 1270 1978 literarum
1291 1913 1328 1974 ad
1344 1913 1478 1976 laudatos
1493 1912 1710 1985 Patriarcham,
1723 1909 1784 1972 an·

1043 2009 1164 2084 tistites,
1196 2024 1369 2086 eorumque
1401 2008 1528 2070 clericos
1559 2006 1727 2068 saeculares
1755 2011 1785 2065 et

1041 2101 1209 2179 regulares,
1221 2117 1255 2164 33
1270 2102 1360 2163 laicos
1375 2103 1526 2175 datarum,
1543 2100 1576 2162 in
1591 2098 1703 2161 chartis
1717 2112 1787 2176 per·

1041 2195 1180 2272 gamenis
1206 2195 1404 2273 scriptarum,
1428 2201 1460 2256 ct
1481 2193 1597 2258 annulo
1625 2190 1786 2254 Piscatoris

1040 2289 1247 2364 munitarum,
1263 2303 1341 2366 quae
1362 2287 1491 2350 insimul
1506 2302 1578 2350 cum
1593 2286 1666 2364 ipsis
1681 2297 1784 2347 exem·

1040 2380 1175 2460 pleribus
1196 2382 1293 2445 literis
1316 2381 1429 2443 nostris
1452 2380 1507 2444 tibi
1529 2378 1683 2442 reddenda
1698 2393 1785 2440 man-

1040 2473 1193 2550 darimus,
1216 2481 1355 2537 accurate
1376 2473 1556 2551 perlegeris,
1579 2482 1719 2536 accurate
1741 2478 1786 2532 et-

1041 2569 1101 2630 iam
1123 2570 1160 2630 dc
1181 2569 1217 2630 iis
1245 2568 1401 2643 omnibus,
1425 2584 1503 2646 quae
1531 2569 1563 2630 in
1586 2567 1658 2646 ipsis
1690 2565 1785 2627 literis

1041 2663 1154 2724 nostris
1175 2662 1389 2736 continentur,
1413 2669 1442 2724 te
1464 2661 1583 2724 edoceri
1605 2675 1704 2722 cures.
1728 2659 1784 2720 De-

1040 2754 1111 2816 inde
1139 2765 1174 2818 nt
1196 2755 1237 2818 ita
1263 2757 1419 2834 sapienter
1449 2755 1682 2833 prudenterque
1713 2767 1784 2813 cum

1041 2849 1217 2912 memoratis
1237 2848 1421 2923 Patriarcha,
1434 2848 1645 2921 antistitibus,
1667 2845 1784 2908 clericis

1039 2951 1070 3004 et
1092 2941 1175 3002 laicis
1204 2957 1273 3018 agas
1294 2957 1327 3003 33
1351 2947 1379 3002 tc
1411 2955 1509 3016 geras,
1543 2947 1588 3014 ut,
1622 2947 1783 3016 postquam

1040 3035 1226 3112 compereris
1258 3034 1362 3096 omnia
1394 3049 1449 3111 pro
1480 3033 1593 3096 nostris
1625 3031 1719 3108 votis,
1753 3039 1784 3092 et

1040 3128 1135 3206 ipsius
1155 3128 1288 3189 nationis
1310 3127 1482 3202 concordia,
1507 3125 1732 3204 tranquillitate
1751 3140 1784 3186 33

1041 3237 1112 3300 pace
1133 3219 1198 3282 fore
1231 3229 1462 3296 cesseramus
1489 3222 1647 3283 dumtaxat
1675 3219 1783 3280 iisdem

1040 3315 1134 3378 olicias
1155 3323 1273 3376 nostras
1304 3314 1407 3376 literas
1439 3313 1550 3390 tradas,
1572 3320 1659 3375 notas
1680 3311 1781 3385 facias,

1040 3431 1192 3495 proponas
1212 3429 1245 3476 33
1266 3414 1420 3492 publices,
1437 3420 1472 3475 ut
1487 3426 1595 3474 omnes
1610 3421 1641 3472 et
1655 3409 1782 3487 singuli,

1039 3511 1075 3571 ad
1097 3503 1172 3588 quos
1192 3515 1330 3588 spectare
1351 3508 1553 3586 perspexeris,
1570 3507 1606 3566 de
1626 3505 1739 3566 nostris
1754 3521 1783 3564 3-

1040 3607 1193 3686 postoliois
1205 3607 1462 3680 ordinationibus,
1476 3605 1644 3686 praeceptis
1655 3613 1686 3667 ct
1698 3618 1784 3666 man·

1040 3707 1115 3768 datis
1137 3701 1283 3768 certiores
1304 3707 1390 3767 hant.
1414 3705 1523 3786 Neque
1548 3706 1682 3780 omittas,
1705 3706 1781 3783 quin

1041 3800 1102 3862 imo
1126 3807 1155 3861 te
1176 3799 1272 3862 adniti
1304 3798 1450 3862 uolumus
1471 3807 1502 3860 et
1534 3801 1725 3872 mandamns,
1749 3805 1783 3860 ut

1039 3893 1110 3972 ipsis
1141 3895 1337 3972 potissimum
1368 3892 1557 3955 antistitibus
1588 3908 1650 3954 non
1681 3892 1782 3953 solum

1039 3987 1184 4062 declares,
1209 4003 1319 4048 rerum
1352 3989 1444 4049 etiam
1478 3987 1653 4064 intelligere
1683 3985 1782 4058 lacius,

1039 4097 1130 4159 quarn
1160 4082 1317 4144 immerito
1345 4098 1411 4143 sese
1432 4084 1486 4144 hac
1508 4081 1540 4142 in
1563 4097 1597 4143 re
1618 4081 1782 4158 gesserint,

1038 4191 1132 4253 quarn
1154 4177 1266 4239 iniurie
1289 4176 1493 4254 apostolicam
1516 4178 1593 4238 franc
1615 4175 1644 4238 S.
1671 4175 1783 4238 Scdem

1039 4273 1075 4333 de
1098 4271 1168 4349 ipsis
1189 4286 1313 4349 semper
1328 4269 1521 4332 benemereti
1536 4276 1720 4348 pergentem
1732 4269 1784 4330 ha·

1039 4365 1177 4440 buerint,
1189 4381 1282 4445 quam
1297 4364 1433 4427 indebite
1447 4380 1518 4426 cum
1534 4363 1598 4440 ipso
1610 4363 1782 4426 Patriarcha

1038 4459 1172 4535 egerint.
1197 4459 1299 4521 Tuum
1322 4459 1419 4536 igitur
1441 4473 1555 4519 munus
1584 4457 1655 4531 crit,
1678 4456 1783 4518 omnia

1038 4551 1183 4626 caritatis,
1217 4551 1428 4629 benignitatis,
1458 4552 1550 4630 pacis,
1580 4550 1783 4612 auctoritatis·

1037 4659 1096 4722 que
1125 4655 1307 4722 argumenta
1337 4635 1503 4722 explicare,
1526 4655 1561 4706 ut
1583 4652 1613 4706 et
1639 4643 1782 4716 iniuncto

1038 4740 1093 4801 tibi
1114 4741 1288 4802 ministerio
1311 4748 1341 4802 et
1364 4742 1473 4818 optatis
1502 4739 1631 4812 nostris,
1664 4737 1699 4798 ad
1729 4738 1782 4799 liei

1037 4832 1167 4908 gloriam
1189 4841 1219 4896 et
1240 4843 1397 4897 aeternam
1423 4833 1562 4894 eiusdem
1584 4832 1716 4894 nationis
1736 4847 1782 4892 sa·

1038 4924 1135 4986 lutern
1157 4925 1297 5002 intentis,
1319 4928 1492 4990 satisfacias.

1076 5020 1235 5082 Praeterea
1265 5022 1442 5084 facultatem
1474 5025 1566 5083 etiarn
1597 5017 2015 5126 ilbi¹sibui·1„⁰21‘}2}'{a⁰i⁰2¹0¹32
2069 5067 2077 5082 .

1036 5129 1106 5176 mus
1137 5122 1167 5176 et
1201 5115 1408 5192 impertimur,
1439 5121 1474 5178 nt
1504 5115 2012 5230 mimate'‘¹1³⁰'iflffffpfgiqngssss‘

1034 5205 1134 5267 stolici
1163 5207 1260 5270 nostri
1293 5209 1504 5283 comnmissarii,
1527 5209 1552 5269 si
1574 5224 1651 5285 opus
1672 5208 1778 5282 fuerit,
1801 5234 1884 5275 norum
1920 5199 2014 5285 synnai

1036 5306 1127 5360 utens
1149 5301 1180 5361 in
1203 5301 1344 5374 rebelles,
1368 5310 1563 5363 contumaces
1586 5307 1616 5361 ct
1638 5301 1779 5380 apostoli·
1799 5283 2013 5392 {fflffissfflelffi

1034 5393 1077 5453 cis
1102 5393 1253 5456 mandatis
1281 5395 1393 5456 nostris
1425 5410 1487 5455 nnn
1519 5395 1778 5473 obtemperantes,
1799 5395 1865 5444 neat.

1033 5487 1087 5548 sed
1108 5489 1305 5551 adversantes
1326 5489 1446 5551 meritis
1470 5489 1688 5568 canonicisque
1710 5502 1782 5567 pne-

1035 5581 1082 5641 nis
1104 5589 1134 5642 et
1156 5584 1294 5643 censuris
1308 5583 1556 5645 animadvertere
1570 5583 1666 5659 possis
1681 5599 1714 5644 ac
1730 5599 1780 5642 va-

1034 5673 1105 5735 leas.
1130 5675 1270 5753 insuper,
1292 5677 1316 5736 si
1339 5693 1398 5754 qua
1420 5692 1483 5737 non
1506 5677 1582 5737 leuis
1615 5676 1778 5750 momenti,

1032 5767 1097 5830 sire
1119 5783 1134 5826 a
1158 5767 1339 5843 Patriarchn,
1352 5770 1418 5830 sire
1436 5769 1473 5830 ab
1488 5767 1698 5844 antistitibus,
1714 5769 1781 5832 sire

1032 5861 1069 5922 ab
1090 5861 1246 5937 omnibus,
1270 5862 1336 5923 sive
1365 5861 1498 5938 singulis
1519 5863 1556 5924 de
1577 5877 1659 5923 novo
1687 5863 1775 5940 facta,

1033 5965 1135 6035 gesta,
1172 5955 1419 6035 praescriptoque
1453 5953 1547 6018 luisse
1577 5957 1780 6033 cognoveris,

231 5019 307 5083 ficae
329 5028 453 5082 nostrae
483 5019 694 5100 providentiae
725 5020 871 5095 remedia,
894 5021 979 5083 hisce

230 5113 384 5188 sedandis,
397 5113 629 5191 componendis,
642 5114 925 5192 extinguendisque
935 5131 978 5176 sa-

232 5206 354 5283 lutaria,
378 5216 550 5287 opportune
573 5207 785 5286 comparanda,
809 5215 902 5284 urget
924 5225 979 5270 nos

232 5301 347 5363 Christi
369 5301 508 5363 charitas
532 5299 577 5362 ad
599 5301 775 5363 huiusmodi
797 5301 894 5379 igitur
912 5317 979 5380 gra-

231 5393 397 5455 uissimum
424 5395 585 5469 negotium
608 5394 666 5456 rite
691 5402 859 5474 sancteque
880 5402 978 5458 trans-

232 5485 393 5562 igendum,
416 5503 542 5565 operam
564 5487 812 5567 industriamque
833 5498 916 5552 tuam
931 5505 979 5551 re·

231 5579 397 5657 quirimus.

26 5657 27 5708 3
71 5681 215 5779 ιΙὶ303133333-
271 5675 452 5752 Eapropter,
477 5681 518 5749 te,
541 5675 578 5736 de
604 5676 693 5738 cuius
724 5675 876 5752 singulari
905 5677 976 5751 fide,

71 5749 215 5836 diaiiimffi'
232 5767 408 5846 prudentia,
441 5767 601 5846 sapientia,
634 5769 818 5832 dexteritate
846 5787 878 5833 33
906 5772 977 5833 reli-

231 5861 332 5938 gionis
353 5861 431 5936 zelo,
455 5862 626 5940 plurimum
649 5863 680 5922 in
702 5862 833 5924 Domino
851 5864 976 5926 confidi-

231 5969 312 6028 mus,
335 5961 428 6032 atque
448 5970 487 6016 cx
509 5970 544 6016 eo
567 5954 745 6034 praesertim
767 5955 848 6035 qnod
863 5955 896 6017 in
912 5958 977 6020 istis
