4820 6980
346 528 403 584 An.
416 527 449 586 0.
468 526 538 590 1748

363 940 422 988 llus
435 939 501 998 finis,
512 952 551 988 ra»

337 993 481 1095 figamque
502 995 550 1044 uu·

394 3652 559 3700 Prollnlora

343 3706 559 3818 uttmttttt

343 3813 543 3862 contrahuntur.

587 527 646 590 736

567 666 592 728 si
614 671 645 728 et
665 680 721 728 nos
742 662 777 728 ad
793 664 955 741 egregium
977 678 1055 742 opus
1075 662 1313 743 perficiendum,

567 758 683 836 aliquid
703 756 869 836 apostolico
884 756 1009 818 muneri
1024 771 1089 820 non
1105 757 1315 833 incongruum

567 851 792 914 conferremus.

610 962 644 1008 11.
669 945 798 1009 Minime
810 961 866 1008 nos
882 943 1008 1020 fugiunt
1018 944 1136 1007 multae
1147 958 1316 1022 gravesque

569 1037 819 1114 controversiae,
842 1053 920 1117 quae
941 1038 1020 1101 circa
1042 1037 1218 1102 Romanum
1239 1035 1316 1098 blar-

569 1132 760 1211 tyrologium
773 1133 948 1208 agitantum
964 1131 1001 1193 ab
1011 1130 1079 1192 aliis
1090 1131 1229 1209 quidem,
1241 1144 1318 1208 quos

569 1225 699 1290 scientia
713 1225 812 1300 inflat,
822 1223 1002 1303 inexplebili
1017 1224 1148 1302 quadam
1158 1221 1316 1286 dubitandi

570 1319 751 1400 prurigine3
773 1317 811 1380 ab
830 1317 897 1378 aliis
919 1333 1011 1393 vero,
1038 1314 1092 1394 qui
1113 1317 1149 1378 ad
1173 1314 1319 1376 sobrieta-

569 1419 635 1474 tem
646 1412 781 1492 sapiunt,
795 1427 832 1472 eo
843 1410 983 1486 consilio,
994 1415 1029 1472 ut
1042 1407 1318 1487 quaesubobscura

570 1511 645 1570 sunt
666 1505 716 1568 vel
738 1505 874 1579 incerta,
902 1520 982 1567 nova
1012 1503 1143 1582 quadam
1164 1497 1319 1562 varietatis

571 1598 640 1663 luce
662 1601 829 1662 donentur.
860 1597 907 1660 hb
927 1597 1011 1658 hisce
1034 1602 1138 1662 tamen
1167 1593 1319 1673 quaestio·

571 1693 663 1756 nibus
674 1693 821 1755 duximus
833 1691 962 1752 omnino
973 1689 1205 1764 abstinendum3
1223 1701 1318 1765 quan-

570 1785 738 1866 doquidem
761 1787 815 1846 hac
837 1783 871 1845 in
894 1799 928 1844 re
949 1782 1024 1844 illud
1050 1782 1139 1843 nobis
1161 1779 1319 1860 proposui·

572 1896 653 1955 mus,
670 1886 704 1942 ut
717 1879 756 1940 ab
770 1876 918 1940 accuratis
928 1874 1141 1954 llartyrologii
1156 1873 1321 1936 correctio·

571 1974 675 2048 nibus,
692 1987 823 2051 quarum
839 1969 939 2050 prima
960 1967 1108 2044 Gregorio
1131 1966 1209 2030 lllll.
1233 1981 1321 2045 prae-

572 2067 732 2130 decessore
763 2071 870 2131 nostro
902 2063 1069 2126 Ecclesiam
1102 2061 1318 2138 gubernante,

572 2159 667 2222 altera
689 2175 764 2221 vero
785 2158 909 2221 Urbano
930 2155 1007 2220 Vlll.
1024 2163 1128 2218 nostro
1143 2154 1217 2216 item
1234 2169 1320 2232 prae·

572 2253 751 2327 decessore,
782 2259 902 2330 peracta
923 2258 988 2325 est,
1019 2248 1057 2310 de
1087 2247 1200 2327 quibus
1225 2246 1319 2308 verba

572 2345 702 2408 fecimus
723 2346 755 2407 in
777 2355 884 2407 nostro
904 2359 997 2422 opere
1012 2341 1049 2402 de
1065 2339 1321 2404 Cononizctione

575 2440 779 2509 Muciorum,
797 2435 852 2500 lib.
871 2435 903 2508 4,
920 2441 1006 2514 part.
1023 2438 1057 2506 2,
1082 2447 1150 2510 cap.
1178 2433 1233 2502 17,
1257 2430 1320 2493 edi·

575 2535 674 2596 tionis
697 2531 875 2595 Patauinae
896 2529 969 2608 (qua
991 2544 1053 2590 una
1073 2527 1107 2589 in
1124 2527 1263 2589 locorum
1279 2524 1322 2586 al-

573 2627 781 2704 legationibus
796 2625 846 2688 hic
862 2623 996 2702 utimur)
1017 2620 1106 2685 nullo
1128 2628 1216 2699 pacto
1238 2634 1321 2682 rece·

573 2721 692 2783 damus.
715 2719 872 2795 Quocirca,
894 2717 919 2779 si
941 2731 1020 2796 quae
1041 2712 1121 2776 infra
1143 2713 1257 2775 dicturi
1271 2728 1321 2774 su-

573 2831 656 2891 mus,
678 2815 739 2876 rite
767 2813 999 2890 expendantur,
1023 2806 1171 2871 blaiestati
1194 2805 1321 2868 Vestrae

573 2914 770 2988 perspectum
792 2904 864 2979 erit,
880 2910 1001 2966 nostras
1022 2902 1111 2964 hasce
1128 2899 1159 2962 in
1173 2899 1322 2976 Martyro

572 3001 694 3078 logium
705 3015 793 3062 curas
804 3012 840 3060 eo
852 2998 977 3060 tandem
988 2995 1186 3067 contendere,
1199 3001 1233 3055 ut
1244 3009 1322 3071 quae

575 3103 642 3175 post
673 3093 832 3168 evulgatas
862 3090 1069 3152 correctiones
1097 3101 1322 3165 supervacanea

575 3193 755 3260 occurrunt,
768 3190 968 3259 resecentur,
986 3196 1150 3259 quaerero
1160 3180 1321 3254 deficiunt,

575 3279 831 3360 superaddantur.
866 3277 928 3339 lloc
957 3284 1061 3338 autem
1091 3272 1188 3336 semel
1210 3273 1321 3352 posito,

576 3383 607 3438 et
637 3373 783 3436 anteactis
814 3369 1082 3432 emendationibus
1114 3366 1194 3428 nihil
1229 3365 1322 3428 detri-

575 3467 674 3530 menti
690 3473 720 3527 et
736 3479 834 3528 novae
855 3463 928 3527 lruic
942 3461 1070 3524 editioni
1086 3459 1229 3522 utilitatis
1244 3457 1323 3521 mul-

575 3549 643 3623 tum
666 3559 798 3621 accedet.

617 3669 665 3714 nr.
689 3650 811 3713 Nedum
837 3645 1022 3711 Sanctorum
1051 3646 1195 3721 nomina,
1217 3645 1269 3708 sed
1292 3653 1323 3710 et

577 3745 705 3806 illorum
727 3739 842 3818 elogia,
868 3741 926 3802 hoc
954 3744 1000 3802 est
1029 3739 1153 3801 brevior
1174 3738 1323 3815 quaedam

577 3847 609 3902 et
629 3833 857 3914 compendiaria
878 3832 917 3894 de
943 3847 1054 3896 eorum
1082 3831 1253 3893 uirtutibus
1274 3833 1323 3894 vel

578 3938 689 4005 morte,
706 3943 799 4006 quam
820 3942 875 4005 pro
899 3925 1014 3990 Christi
1037 3923 1095 3986 lide
1116 3924 1240 3986 fortiter
1261 3925 1324 3987 obi·

579 4031 705 4099 verunt,
737 4021 835 4086 oratio
865 4019 1005 4083 Romano
1034 4018 1253 4096 martyrologio
1273 4035 1324 4098 ep

576 4120 714 4200 ponitur.
743 4116 837 4178 Porro
863 4113 1015 4177 eiusmodi
1046 4112 1145 4188 elogia
1172 4127 1236 4174 non
1262 4113 1323 4174 iam

577 4212 728 4290 cuiusque
752 4207 879 4270 arbitrio
904 4206 1117 4268 concinnanda
1145 4211 1235 4280 sunt3
1257 4207 1322 4279 sed,

577 4312 645 4384 post
666 4302 783 4366 editum
810 4299 971 4362 decretum
998 4298 1036 4360 de
1062 4296 1166 4360 Sancti
1195 4295 1323 4359 alicuius

577 4397 704 4460 nomine
724 4393 863 4458 Romano
875 4388 1093 4467 llartyrologio
1114 4389 1321 4462 inscribendo,

577 4491 644 4554 eius
664 4487 814 4564 elogium,
836 4502 873 4548 en
895 4501 953 4548 usu
975 4493 1142 4561 receptus
1164 4485 1325 4546 venerabi-

576 4584 654 4648 lium
675 4580 808 4644 fratrum
830 4585 1011 4642 nostrorum
1032 4573 1108 4638 Sil.
1121 4577 1156 4638 E.
1181 4576 1323 4640 Cardina-

577 4675 656 4741 lium
677 4674 769 4738 sacris
790 4672 910 4734 llitibns
925 4671 1171 4749 praepositorum
1187 4670 1323 4745 Congre-

578 4769 702 4847 gatione
730 4764 972 4828 examinandum
997 4770 1043 4824 est
1074 4767 1166 4841 atque
1194 4763 1325 4840 proben-

578 4863 671 4937 dum;
695 4861 883 4937 tandemque
897 4857 1027 4919 liomani
1041 4855 1199 4918 Pontificis
1214 4857 1323 4920 confir-

545 5021 549 5029 ,
578 4956 673 5018 matio
694 4953 814 5016 accedet
831 4965 957 5012 necesse
971 4957 1028 5024 est,
1042 4955 1076 5010 ut
1097 4949 1130 5010 in
1152 4957 1324 5012 memorato

578 5064 671 5129 opere
682 5045 719 5108 de
732 5043 986 5109 Gaoonizotiooe
1003 5041 1208 5112 Sanctorum,
1220 5037 1274 5104 tid.
1286 5043 1321 5114 4,

577 5148 664 5221 part.
680 5143 716 5212 2,
733 5153 801 5215 cup.
823 5141 881 5209 18,
897 5152 987 5200 itum.
1004 5136 1038 5206 4,
1057 5135 1164 5198 multis
1179 5135 1322 5198 disserui·

577 5253 657 5298 mus.
681 5234 742 5296 llac
763 5231 796 5297 in
818 5248 863 5306 re,
880 5228 1033 5292 nonnulla
1055 5229 1086 5289 in
1105 5227 1324 5306 Martyrologio

577 5327 780 5399 offendimus,
801 5339 880 5402 quae
906 5322 1003 5390 nimia
1028 5320 1167 5384 laborant
1198 5321 1324 5398 prolixi·

577 5429 651 5484 tate.
683 5419 852 5484 Enimvero
880 5416 998 5493 aliquot
1023 5421 1192 5477 occurrunt
1225 5412 1323 5490 elogia

579 5516 777 5586 Sanctorum,
793 5525 903 5574 eorum
924 5506 1181 5585 praesertim,qui
1203 5507 1324 5570 recenti

503 5661 506 5668 .
577 5621 653 5668 aevo
679 5604 713 5668 in
739 5618 890 5666 canonem
922 5601 1012 5663 relati
1033 5607 1126 5674 sunt,
1150 5599 1183 5660 in
1210 5599 1324 5677 quibus

577 5699 676 5761 multa
698 5697 852 5762 inutiliter
876 5694 1034 5756 abundant
1062 5693 1172 5768 verbu
1194 5692 1325 5770 ideoque

578 5791 658 5855 facili
680 5791 847 5854 rationein
864 5789 1038 5852 breviorem
1052 5801 1232 5848 sermonem
1253 5800 1324 5846 cou-

578 5883 658 5950 trahi
686 5889 825 5962 possunt.
856 5881 945 5946 llisce
965 5881 999 5943 in
1021 5877 1138 5948 casibus
1163 5878 1324 5941 verbosam

1090 543 1156 590 lun.
1179 543 1272 591 PONT·
1294 541 1336 588 nlo
1357 542 1386 588 P.
1409 542 1439 588 F·
1463 542 1546 590 PARS
1567 543 1589 588 l.

1372 661 1547 725 orationem
1568 663 1715 728 duximus
1735 665 1971 744 amputandam
1994 681 2026 728 ea
2048 665 2119 742 lege

1373 761 1490 830 tamen,
1514 762 1549 819 ut
1570 757 1692 834 integra
1712 767 1858 822 servetur
1878 759 2052 836 sententia3
2075 767 2120 821 at·

1372 865 1432 928 que
1447 850 1480 914 in
1495 851 1551 914 hac
1562 858 1650 930 parte
1665 852 1809 915 brevitati
1823 853 2014 929 consulatur,
2025 869 2132 932 quam·

1375 944 1406 1005 in
1428 951 1574 1007 veterum
1595 953 1774 1008 sanctorum
1789 947 1897 1023 elogiis
1918 946 1951 1008 in
1972 943 2121 1024 lfartyro·

1373 1037 1492 1114 lcgium
1513 1036 1605 1100 illatis
1627 1037 1898 1116 deprehendimus.

1414 1147 1457 1192 rr.
1482 1131 1545 1192 Etsi
1565 1146 1640 1192 vero
1654 1130 1791 1193 absoluta
1806 1130 1867 1193 iam
1882 1130 1976 1194 fuerit
1998 1132 2123 1208 gemina

2146 529 2197 584 An.
2210 535 2236 588 ὓ.
2254 539 2308 596 ttlo

2185 1151 2231 1196 cur
2247 1157 2322 1206 vetere

1375 1223 1426 1286 illa
1446 1222 1657 1301 martyrologii
1678 1224 1841 1299 correctio,
1853 1225 2042 1303 ouiussupra
2058 1239 2124 1287 me·
2142 1199 2322 1307 {3312}qu

1375 1317 1541 1392 minimus3
1564 1331 1628 1379 uon
1650 1317 1717 1378 ideo
1740 1322 1843 1379 tamen
1866 1318 2016 1393 vetitum,
2039 1334 2122 1380 nova

1375 1407 1558 1472 Sanctorum
1588 1410 1712 1472 nomina
1738 1410 1772 1470 in
1797 1409 2055 1488 blartyrolcgium
2077 1411 2127 1472 in·

1375 1501 1468 1576 forre,
1491 1503 1583 1565 modo
1605 1502 1635 1564 id
1663 1503 1723 1564 rite
1743 1509 1836 1581 etque
1861 1519 1899 1564 ex
1927 1502 2037 1566 ordine
2060 1504 2124 1578 frat,

1377 1597 1433 1662 boo
1453 1605 1500 1658 est
1522 1611 1575 1658 eae
1596 1611 1716 1671 omnes,
1739 1612 1814 1675 quas
1836 1596 2008 1674 Apostolica
2030 1595 2127 1660 Sedes

1376 1689 1582 1767 praescripsit,
1604 1697 1772 1752 serventur
1792 1689 1930 1766 regulae,
1953 1689 2128 1768 dequibus

1377 1782 1475 1862 multa
1497 1781 1615 1844 anobis
1636 1781 1705 1844 fuso
1725 1781 1840 1844 calamo
1856 1782 1973 1860 prolata
1994 1789 2070 1843 sunt
2093 1783 2127 1843 in

1377 1877 1467 1938 citato
1489 1889 1557 1951 cop.
1587 1875 1630 1936 18
1663 1875 1805 1955 praefati
1838 1875 1941 1950 operia
1963 1873 1999 1936 de
2023 1874 2126 1938 Gono-

1376 1967 1543 2030 cinctione
1555 1966 1759 2030 Sanctorum.
1770 1968 1846 2030 llinc
1858 1969 1945 2032 aunis
1957 1968 2128 2047 insequen-

1377 2061 1470 2132 tibus,
1485 2059 1573 2136 plura
1589 2060 1773 2122 Sanctorum
1796 2061 1924 2123 nomina
1945 2061 2053 2138 elogiis
2075 2061 2130 2122 de-

1377 2159 1490 2230 corata,
1523 2153 1556 2215 in
1587 2151 1855 2231 Martyrologium,
1884 2155 2007 2232 praevio
2038 2169 2128 2232 prae·

1377 2247 1475 2308 dictae
1507 2246 1765 2322 congregationis
1792 2247 1919 2310 Decreto
1947 2261 1981 2308 ac
2002 2245 2128 2310 Summi

1376 2339 1534 2402 Pontificis
1555 2338 1785 2416 approbatione,
1800 2339 1944 2402 translata
1965 2348 2050 2402 suut.
2069 2339 2129 2402 Do

1377 2431 1505 2496 lendum
1520 2447 1606 2506 vero,
1618 2430 1698 2509 quod
1713 2447 1731 2492 e
1744 2431 1929 2495 Sanctorum
1944 2432 2128 2494 nominibus

1377 2526 1456 2588 bene
1477 2524 1587 2598 multa,
1610 2523 1642 2584 in
1664 2524 1770 2598 variis,
1782 2540 1860 2601 quae
1875 2539 2021 2603 procusae
2035 2529 2126 2600 sunt,

1377 2617 1588 2694 hlartyrologii
1615 2617 1821 2690 editionibus,
1844 2617 1961 2680 fuerint
1989 2627 2130 2695 praeter-

1378 2712 1481 2785 missa,
1504 2725 1542 2772 en
1564 2709 1722 2772 oscitantia
1747 2718 1839 2788 atque
1861 2711 1980 2774 incuria
2001 2727 2128 2786 eorum,

1377 2819 1513 2882 quorum
1524 2803 1673 2864 intererat
1685 2808 1749 2864 acta
1761 2803 2018 2880 congregationis
2028 2804 2127 2878 adire,

1378 2899 1499 2960 decreta
1520 2895 1684 2974 colligere,
1708 2897 1806 2976 iisque
1827 2899 1864 2960 ad
1891 2913 2003 2960 noram
2025 2897 2129 2960 nomi-

1378 3005 1456 3054 num
1477 2989 1682 3052 accessionem
1701 2992 1872 3068 prudenter
1892 2993 1949 3054 uti.
1971 2992 2128 3067 Quidnam

1378 3083 1456 3145 circa
1478 3082 1607 3144 nomina
1639 3079 1825 3146 Sanctorum
1857 3084 2028 3162 llartyrum
2059 3085 2128 3146 Ste-

1378 3175 1479 3253 phani
1508 3171 1641 3236 Abbatis
1663 3179 1693 3235 et
1715 3173 1927 3237 ducentorum
1958 3174 2128 3239 monacho·

1379 3283 1453 3330 rum
1476 3267 1507 3330 S.
1532 3265 1624 3328 Petri
1647 3267 1682 3328 de
1706 3268 1872 3348 Cordcqnu
1890 3267 1966 3330 olim
1987 3271 2128 3345 contige-

1379 3359 1431 3435 rit,
1453 3360 1525 3422 satis
1557 3368 1684 3436 notum;
1707 3375 1810 3438 neque
1837 3361 2044 3426 iniucundum
2066 3364 2128 3424 erit

1380 3454 1481 3532 paucis
1503 3462 1655 3530 repetere.
1681 3453 1865 3516 Decreverat
1887 3455 2032 3544 Clemens
2044 3455 2124 3518 Vlll.

1379 3546 1537 3609 Romanus
1558 3545 1711 3622 Pontifex,
1735 3547 1871 3610 instante
1895 3548 2049 3611 Cardinali
2072 3549 2126 3611 Ba-

1379 3637 1486 3712 ronio,
1509 3641 1544 3697 ut
1566 3636 1680 3699 horum
1706 3646 1881 3716 martyrum
1911 3641 2039 3702 nomina
2064 3657 2128 3704 una

1379 3745 1451 3792 cum
1472 3730 1592 3806 elogiis,
1616 3730 1747 3792 Romani
1776 3731 1987 3811 hlartyrologii
2013 3734 2129 3796 tabulis

1381 3823 1637 3886 inscriberentur.
1664 3824 1756 3886 lulis
1779 3833 1894 3901 tamen,
1923 3843 2000 3904 quae
2021 3828 2128 3890 subse·

1379 3922 1494 3996 quutae
1515 3925 1601 3992 snut,
1623 3915 1835 3994 Martyrologii
1856 3919 2054 3996 editionibus,
2078 3938 2128 3984 res

1379 4026 1465 4073 secus
1487 4010 1610 4086 accidit;
1641 4010 1892 4089 quandoquidem
1919 4013 1958 4074 ob
1984 4021 2128 4092 typogra-

1381 4105 1515 4183 phorum
1537 4103 1779 4182 indiligentiam,
1803 4111 1977 4182 martyrum
1999 4105 2128 4169 illorum

1381 4196 1530 4257 memorie
1545 4194 1720 4256 Romanum
1736 4195 1991 4273 blartyrologium
2013 4199 2065 4261 diu
2081 4215 2128 4262 ca·

1380 4290 1454 4351 ruit.
1478 4288 1557 4350 lliuc
1578 4304 1633 4350 nos
1654 4287 1752 4352 adhuc
1774 4289 1806 4350 in
1828 4289 2001 4352 minoribus
2022 4292 2126 4368 positi,

1380 4399 1441 4464 quo
1464 4389 1604 4460 tempore
1625 4383 1812 4458 promotoris
1827 4383 1897 4446 fidei
1911 4397 2044 4446 munere
2055 4383 2127 4458 fun-

1381 4477 1542 4554 gebamur,
1566 4473 1643 4536 illud
1664 4475 1855 4550 curavimus,
1873 4475 2060 4555 tandemque
2075 4478 2127 4540 ob

1380 4571 1605 4647 tinuimus„ut
1626 4583 1726 4630 sacrae
1755 4569 2013 4650 congregationis
2041 4573 2126 4636 iussu

1380 4663 1555 4727 communis
1569 4676 1657 4723 error
1671 4662 1881 4738 castigaretur,
1904 4669 1936 4724 et
1952 4675 2127 4743 martyrum

1381 4757 1507 4818 illorum
1521 4755 1649 4819 nomine
1663 4757 1843 4832 sequuturis
1859 4756 2047 4820 editionibus
2061 4775 2126 4821 om·

1381 4851 1457 4925 nipo
1468 4849 1665 4912 afferrentur.
1681 4851 1745 4925 Qua
1760 4850 1797 4912 de
1812 4866 1847 4911 re
1861 4851 1894 4912 in
1908 4850 1960 4912 cit.
1978 4867 2047 4928 cop.
2066 4856 2123 4925 18,

1380 4958 1470 5004 num.
1493 4941 1526 5017 6,
1548 4942 1648 5020 operis
1670 4942 1768 5004 nostri
1791 4941 1912 5020 pridem
1933 4944 2064 5019 egimus.

1420 5053 1449 5096 v.
1474 5033 1521 5098 Ne
1541 5042 1644 5096 autem
1665 5034 1699 5095 in
1716 5034 1757 5109 id,
1774 5035 1855 5112 qnod
1878 5035 1910 5097 in
1925 5036 2001 5098 olim
2021 5054 2124 5117 repre-

1380 5127 1558 5202 hendimus
1580 5126 1745 5204 improvidi
1766 5126 1985 5206 dilaberemur,
2001 5133 2125 5195 manda-

2161 5061 2213 5112 ran
2228 5063 2319 5109 laborent

2142 5117 2321 5166 vitioreceuttora

2142 5169 2304 5230 llartyrolo'gfc

1380 5221 1531 5295 davimus,
1544 5227 1580 5282 ut
1593 5235 1632 5280 ex
1647 5220 1720 5282 actis
1734 5235 1893 5282 sacrorum
1904 5221 2032 5284 Rituum
2046 5225 2126 5289 (lon-
2214 5250 2217 5260 ·

1381 5313 1569 5391 gregationis
1599 5314 1719 5376 decreta
1749 5315 1854 5375 omnia
1877 5317 1914 5377 de
1940 5317 2123 5382 Sanctorum

1380 5407 1559 5469 nominibus
1588 5405 1805 5484 Martyrologio
1832 5409 2036 5474 inscribendis
2064 5412 2125 5475 huc

1380 5515 1478 5578 usque
1492 5500 1572 5562 edito
1584 5498 1822 5576 colligerentur;
1839 5507 1931 5578 atque
1946 5509 1980 5564 ut
1994 5501 2124 5566 Romani

1380 5592 1590 5671 Martyrologii
1613 5591 1762 5655 editiones
1783 5593 2049 5672 quamplurimae,
2072 5611 2125 5658 eae
2171 5609 2173 5612 ·

1381 5690 1588 5768 potissimum,
1610 5703 1688 5765 quae
1709 5687 1852 5749 omnium
1871 5690 2058 5750 novissimae
2080 5697 2125 5767 ty-

1380 5783 1426 5861 pis
1447 5797 1577 5844 encusae
1597 5788 1682 5856 sunt,
1705 5777 1956 5859 consulerentur,
1973 5789 2007 5846 ut
2028 5782 2123 5862 siqui

1381 5883 1548 5940 occurrunt
1570 5873 1717 5949 defectus,
1739 5872 1857 5936 facilius
1877 5877 2121 5940 innotescerent.
