4764 6972
893 601 1090 650 succulentis
1111 599 1177 646 x1v.

262 727 379 794 rietatis
398 725 479 803 lesu,
501 733 536 790 ut
556 725 669 790 soliciti
687 725 751 789 sint
771 740 864 804 super
883 722 933 785 bis
946 735 1013 786 om·

262 824 351 888 nibus
372 839 497 886 servare
518 822 673 884 unitatem
698 819 825 898 spiritus
847 823 878 882 et
898 817 1011 880 doctri-

262 933 333 981 nae:
357 917 440 995 quod
468 917 614 995 quidem,
637 913 752 978 uostris
772 913 858 975 bisce
881 912 1011 976 decretis

263 1010 392 1087 aliisque
413 1011 452 1072 de
474 1009 586 1073 ritibus
606 1009 793 1072 Graecorum
818 1005 1012 1083 inpartibus

262 1104 463 1167 orientalibus
484 1103 685 1167 observandis
706 1101 778 1163 alias
799 1118 814 1161 a
834 1099 912 1164 Sede
933 1100 1012 1178 Apo-

261 1197 366 1260 stoliri
386 1197 477 1259 editis
498 1197 633 1260 fideliter
647 1197 908 1274 obtemperantes,
924 1192 1012 1255 lacile

1737 573 1794 640 129
1843 571 1942 625 asc.
1964 571 2033 624 raca

1615 723 1687 778 ante
1708 713 1813 778 omnia
1832 722 1909 774 suns,
1924 718 1987 766 sous
2002 727 2047 776 ou·

1067 719 1178 799 puellis
1199 734 1272 780 suae
1293 717 1428 784 nationis
1449 723 1480 782 et
1502 719 1592 792 ritus,
1832 771 1889 820 arus
1904 775 1950 819 m

1067 813 1269 888 declaramus,
1281 813 1383 876 eidem
1398 809 1744 876 Graeco-llelohitarum
1760 825 1812 872 na-

1067 907 1144 970 tioni
1165 907 1234 970 iure
1254 907 1451 986 proprietatis
1465 906 1651 985 acquisitum
1673 919 1755 980 essc;
1772 903 1813 966 ita

1067 1007 1102 1063 ut
1123 1000 1244 1079 puellae
1269 1000 1397 1065 alterius
1425 1001 1651 1078 cuiuscumque
1677 999 1756 1060 ritus
1782 1003 1812 1059 et

1067 1093 1201 1156 nationis
1229 1093 1408 1156 nullatenus
1434 1109 1632 1174 quacumque
1660 1092 1697 1154 de
1726 1089 1813 1153 causi

1067 1186 1100 1248 in
1122 1186 1230 1249 eodem
1251 1187 1396 1266 deinceps
1410 1187 1528 1250 admitti
1545 1187 1677 1264 possint,
1695 1182 1813 1248 sublati

108 1318 177 1368 unam
190 1324 247 1360 aaa·
262 1303 506 1370 consequentur.
531 1290 650 1354 curent
669 1297 841 1367 praeterea,
857 1295 892 1349 ut
906 1287 1011 1349 omnia
1066 1281 1268 1358 cuicumque,
1292 1281 1387 1342 etiam
1415 1281 1608 1342 Patriarcbae
1629 1287 1722 1358 atque
1743 1277 1813 1356 Epi·

87 1375 181 1424 pendatur
195 1377 246 1413 eon·

86 1423 246 1476 enatioritllc·

261 1384 425 1447 laudabilia
437 1385 591 1448 Ecclesiae
604 1382 736 1445 Graecae
751 1382 892 1444 instituta
907 1381 943 1442 ab
958 1395 1016 1448 an-,

86 1479 186 1528 clidis*
262 1480 347 1558 tiqui
368 1480 495 1541 Patrum
510 1478 676 1540 traditione
697 1476 834 1540 derivata
849 1481 880 1536 et
892 1480 1011 1552 aposto·
1107 1469 1195 1544 523.
1219 1469 1350 1546 lnsuper
1370 1468 1563 1547 praedictum
1588 1467 1812 1531 monasterium
1879 1479 2046 1580 urusgauar-

261 1572 317 1635 lici
339 1571 594 1651 comprobatione
620 1572 741 1632 lirmata
763 1570 795 1632 in
820 1584 876 1631 suo
903 1568 1012 1645 vigore

260 1672 477 1746 permaneant,
500 1673 593 1744 atque
608 1681 624 1725 a
642 1663 785 1726 fidelibus
806 1663 894 1724 istius
915 1663 1013 1724 natio·

260 1760 309 1822 nis
337 1761 462 1836 integre
490 1757 667 1821 executioni
700 1756 878 1832 tradantur3
898 1773 1012 1835 neque

261 1852 377 1932 aliquid
401 1853 511 1914 iisdem
536 1867 706 1928 suggerere
727 1859 781 1913 aut
809 1849 938 1913 suadere
959 1867 1012 1912 au·

260 1947 373 2021 deant,
403 1947 485 2026 quod
514 1945 642 2008 illorum
673 1943 890 2022 contemptum
921 1951 1014 2022 atque

262 2038 523 2104 imminutionem
545 2038 692 2100 inducere
713 2038 825 2116 possit3
849 2038 1013 2116 multoque

262 2133 371 2194 minus
391 2131 574 2194 auctoritate
591 2131 715 2209 proprii
729 2129 845 2208 aliquid
868 2130 945 2192 circa
961 2129 1012 2191 illa

1066 1375 1176 1452 scopis,
1197 1390 1291 1452 super
1311 1376 1371 1437 hoc
1391 1375 1586 1454 dispensandi
1607 1372 1763 1436 facultate.

1067 1568 1098 1624 et
1113 1562 1262 1624 moniales
1273 1563 1331 1625 sub
1342 1561 1536 1640 protectione
1547 1562 1578 1625 S.
1589 1561 1676 1626 Sedis
1687 1562 1813 1640 Aposto
1833 1535 2047 1634 ssifflsfpaffssr}

1068 1655 1142 1720 licae
1157 1665 1187 1718 et
1203 1657 1459 1734 congregationis
1479 1658 1517 1721 do
1531 1657 1726 1738 Propagandi
1740 1655 1814 1718 Fide
1833 1640 2048 1741 iiiiiffir‘ingflss

1068 1751 1252 1830 recipimus3
1268 1753 1353 1815 illius
1373 1769 1448 1814 vero
1461 1769 1517 1816 seu
1533 1751 1656 1814 illarum
1671 1753 1813 1829 regimen
1833 1748 2049 1849 ⁰ss¹⁰²¹s¹gqq²fflj

1069 1853 1137 1908 tum
1152 1847 1314 1924 spirituale
1330 1855 1398 1909 tum
1413 1847 1583 1924 temporale
1598 1844 1634 1908 ad
1648 1847 1814 1910 monachos
1833 1813 2048 2020 ssosrfssaaaau-

1069 1941 1327 2018 Gongrcgatiouis
1339 1941 1369 2004 S.
1380 1941 1503 2004 loannis
1514 1938 1815 2018 choairospectare
1833 1909 1887 1967 ἕω
1944 1943 1949 1954 ”

1068 2036 1284 2112 deceruimus,
1313 2052 1386 2099 cum
1414 2034 1592 2097 immediati
1623 2034 1815 2096 subiectione

1070 2129 1218 2208 Episcopo
1238 2129 1399 2193 Ordinatio
1421 2137 1452 2191 et
1474 2130 1607 2192 mediati
1622 2129 1815 2193 Patriarcbae

110 2247 142 2288 ue
157 2240 245 2300 ranan·
263 2227 426 2302 innovare,
450 2235 504 2290 aut
524 2225 618 2289 etiam
634 2241 727 2304 super
748 2226 856 2287 iisdem
878 2225 1013 2303 aliquam
1069 2224 1412 2287 Graeco-Melchitarum
1428 2223 1635 2300 Antiocheno,
1652 2225 1706 2303 qui
1721 2225 1815 2288 etiam

87 2290 246 2409 fffffiuffi
263 2321 530 2400 dispensationem
565 2321 736 2382 concedere
767 2319 817 2381 vel
849 2319 1013 2382 admittere
1069 2319 1278 2382 immediatam
1299 2335 1393 2398 super
1415 2333 1451 2382 co
1466 2325 1497 2379 et
1517 2318 1579 2380 illis
1600 2319 1815 2382 auctoritatem

107 2401 163 2448 villis
182 2397 246 2443 lubi-

88 2419 246 2508 ssancsubpm

263 2421 476 2495 praesumant.
502 2414 661 2492 Alioquin,
684 2420 807 2491 practer
828 2413 1011 2487 districtam,

1068 2414 1229 2494 acquirere
1259 2413 1383 2488 debeat,
1413 2413 1670 2491 quotiescumque
1702 2410 1817 2475 futuris

88 2515 151 2558 titt
262 2523 360 2587 quam
391 2509 471 2582 lieo,
505 2506 611 2581 uobis,
643 2507 771 2585 suisque
801 2505 1013 2585 superioribus
1070 2508 1262 2586 temporibus
1284 2523 1348 2570 non
1377 2506 1495 2569 adesset
1516 2507 1684 2584 Episcopus
1711 2506 1817 2568 ortbo·

85 3425 88 3431 Ι
100 3367 182 3430 trombi
192 3369 244 3414 snb·

84 3427 244 3522 lditittl·

84 3536 99 3573 r:
109 3511 244 3576 tarivttrttoul

33 3585 35 3600 '
84 3585 231 3630 ordinariorum.

123 4861 243 4908 Praesertim
302 4849 323 4923 ἓ

85 4913 150 4962 quoad
172 4913 244 4961 libro-

86 4974 120 5010 uta
134 4967 242 5016 editiones.

104 5863 247 5912 danubrium

87 5916 191 5965 localium
222 5921 246 5966 in

262 2603 356 2680 (quos
376 2603 415 2664 de
436 2601 575 2679 urgendi
596 2601 690 2662 buius
710 2599 825 2662 decreti
847 2599 1013 2660 observan-

262 2695 304 2757 tii
333 2693 532 2774 peculiariter
557 2691 739 2772 oneramus)
766 2693 919 2754 rationem
945 2693 1014 2754 red·

258 2789 350 2864 dent,
363 2789 461 2852 sciant
475 2805 508 2850 se
523 2789 635 2854 barum
651 2787 813 2848 literarum
829 2787 937 2864 vigore
953 2785 1014 2864 pri-

260 2881 425 2944 vationem
446 2881 529 2943 vocis
542 2881 660 2944 activae
680 2885 711 2941 et
732 2879 868 2957 passivae
881 2885 913 2941 et
927 2878 1014 2939 inba-

259 2974 471 3036 bilitationem
488 2973 523 3035 ad
536 2988 767 3054 quemcumque
782 2973 912 3049 gradum
928 2979 958 3033 et
969 2970 1013 3032 oi-

260 3068 372 3130 llcium
394 3067 427 3130 in
450 3067 513 3128 suis
534 3067 705 3145 respective
727 3065 903 3140 Ordinibus,
925 3065 1013 3126 insti-

261 3161 340 3224 tutis
362 3169 393 3224 et
414 3159 708 3236 congregationibus
730 3159 796 3238 ipso
817 3158 895 3221 lacto
909 3158 1012 3220 incur·

259 3269 364 3317 suros.

302 3349 394 3426 §ae
419 3349 565 3424 Demum,
589 3349 671 3427 quod
700 3348 812 3411 attinet
833 3347 868 3409 ad
891 3341 1011 3424 regula·-

261 3457 333 3507 rem
345 3443 572 3506 monachorum
583 3442 789 3522 disciplinam,
800 3441 1010 3516 decernimus,

261 3546 297 3601 ut
320 3538 468 3600 monachi
486 3537 650 3615 utriusque
672 3535 941 3612 congregationis,
954 3535 1013 3596 sub

261 3631 463 3694 invocatione
485 3630 657 3709 respective
679 3628 767 3692 ssmi
795 3629 961 3694 Salvatoris
981 3637 1012 3690 et

261 3724 293 3787 S.
319 3725 457 3798 loannis,
487 3725 653 3786 observent
674 3721 816 3799 regulam
842 3723 1013 3797 genuinam

260 3819 293 3884 S.
319 3818 436 3892 Basilii,
459 3818 504 3879 eis
526 3816 704 3879 tradendam
725 3831 852 3878 avenn.
867 3815 1013 3878 iratribus

261 3913 381 3977 nostris
402 3911 434 3975 S.
453 3909 769 3974 indamnandus
792 3910 926 3987 negotiis
940 3909 1014 3970 Pro-

261 4008 422 4087 pagandac
443 4005 529 4068 Fidei
551 4003 748 4084 praepositis:
776 4003 1012 4082 abstineantque

260 4103 299 4164 ab
322 4117 380 4164 esu
401 4101 543 4162 carnium
564 4099 597 4160 in
619 4113 712 4160 sensu
727 4095 900 4174 praedictae
922 4112 1013 4173 regu-

260 4196 319 4257 lae.
346 4195 516 4272 Utriusque
537 4199 642 4254 autem
663 4189 855 4269 supradictae
877 4189 1014 4266 Congre-

261 4289 398 4367 gationis
409 4288 476 4349 sive
497 4286 624 4349 alterius
639 4286 862 4362 cuiuscumque
877 4283 1014 4346 instituti

260 4381 434 4444 monachos
454 4379 634 4440 immediate
646 4377 771 4438 subesse
785 4376 928 4438 iubemus
944 4375 1014 4454 Epi-

260 4474 364 4552 scopis
385 4471 555 4536 Ordinariis
576 4469 744 4546 catholicis,
760 4479 792 4530 et
813 4469 946 4532 mediate
961 4469 1013 4530 Pa-

261 4566 418 4629 triarcbae
439 4562 728 4644 paritercatbolico.
754 4564 793 4624 nt
815 4562 847 4624 in
862 4563 1013 4625 llioecesi-

261 4659 334 4734 bus,
358 4659 392 4720 in
407 4659 521 4737 quibus
542 4665 666 4719 nonest
681 4655 849 4718 catholicus
864 4656 1012 4731 dutistes,

262 4753 459 4814 Patriarcbae
469 4749 618 4814 catholico
630 4749 809 4811 immediate
824 4749 1011 4811 subiaceant.

345 4846 396 4908 at.
419 4843 542 4910 Nullius
557 4859 634 4905 vero
649 4843 773 4920 generis
788 4842 883 4904 libros
903 4850 956 4904 aut
970 4842 1016 4903 io-

261 4941 301 5002 lia
333 4940 403 5001 sine
433 4938 557 5017 praevia
584 4936 804 5015 approbatione
831 4943 863 4997 et
889 4935 1015 5002 licentii

261 5033 408 5114 Episcopi
430 5030 602 5093 dioecesani
624 5029 859 5091 etPatriarcbae
880 5029 1014 5108 praedic·

260 5135 371 5189 torum
386 5126 479 5188 edere
492 5124 626 5203 possint;
643 5133 736 5201 atquc
747 5123 875 5200 insuper
888 5122 1014 5184 nullum

262 5222 301 5283 de
323 5219 420 5282 rebus
440 5219 534 5281 sacris
555 5216 672 5279 librum
693 5223 745 5278 aut
767 5215 875 5278 lolium
898 5216 1012 5296 publici

262 5313 345 5376 iuris
365 5310 491 5386 iaciant,
521 5311 697 5373 inconsulti
729 5308 808 5372 Sede
829 5309 1011 5388 Apostolici.

261 5405 351 5482 Quod
372 5405 399 5466 si
420 5421 516 5468 novas
538 5404 690 5466 librorum
705 5404 743 5466 ab
757 5403 865 5466 cidem
887 5402 919 5465 S.
936 5401 1016 5466 Sede

263 5499 326 5561 iam
349 5499 551 5578 probatorum
572 5496 723 5559 editiones
750 5497 819 5558 deri
841 5497 1013 5574 contingat,

264 5609 346 5656 onus
367 5592 428 5654 erit
453 5589 645 5653 Patriarcbae
666 5595 698 5651 et
725 5589 947 5670 Episcoporum
968 5605 1015 5651 ca·

264 5685 456 5748 tholicorum
478 5683 643 5762 inspicere,
659 5698 699 5744 ne
713 5682 777 5744 ulli
799 5683 832 5744 iu
854 5699 887 5745 re
902 5683 1014 5745 discor-

264 5780 343 5842 dent
364 5777 402 5858 ab
422 5777 610 5840 editionibus
631 5775 816 5854 approbatis.

305 5871 396 5949 522.
420 5868 642 5932 llonasterium
664 5885 756 5947 porro
777 5867 959 5930 llonialium
982 5868 1014 5930 in

1068 2604 1167 2664 dorus
1196 2601 1280 2663 illius
1307 2600 1404 2662 sedis:
1434 2607 1590 2679 quatenus
1615 2615 1692 2662 vero
1719 2599 1815 2681 (quod

1069 2695 1150 2756 Deus
1172 2694 1304 2772 avertat)
1325 2703 1438 2757 neuter
1459 2701 1540 2756 esset
1560 2693 1742 2768 catholicus,
1762 2707 1818 2771 per

1069 2789 1098 2850 id
1121 2796 1244 2851 tantum
1266 2789 1415 2867 temporis
1436 2795 1468 2850 et
1482 2787 1581 2851 donec
1602 2787 1754 2850 alteruter
1768 2803 1815 2848 ca-

1069 2882 1201 2944 thelicus
1215 2869 1444 2960 supervenerit,
1461 2881 1651 2960 praedictum
1667 2881 1818 2943 idonaste-

1068 2977 1152 3039 rium
1174 2975 1352 3039 immediate
1382 2975 1536 3039 subiaceat
1557 2973 1656 3037 abbati
1678 2973 1816 3050 generali

1068 3069 1221 3149 praelatae
1245 3068 1501 3146 congregationis
1529 3067 1560 3131 S.
1589 3067 1712 3132 loannis
1738 3073 1815 3129 tam·

1068 3179 1162 3243 quam
1184 3163 1329 3240 Delegato
1351 3161 1438 3225 Sedis
1459 3161 1662 3240 Apostolicae.

1108 3257 1197 3333 §ilc
1222 3255 1432 3320 confessarius
1443 3255 1618 3320 ordinarius
1629 3255 1815 3319 monialium
1883 3258 2047 3324 pectuscum

1068 3351 1214 3430 praedicti
1230 3350 1409 3412 monasterii
1423 3350 1463 3413 sit
1478 3350 1648 3412 monachus
1658 3349 1814 3428 protessus
1833 3313 2048 3414 fiississffflffi'l

1068 3444 1167 3506 dictae
1199 3443 1453 3522 congregationis
1484 3442 1514 3507 S.
1550 3443 1687 3519 loannis,
1720 3459 1815 3522 quem
1833 3420 2019 3470 ‘'³⁰“¹¹⁰³¹¹¹⁵·

1067 3537 1227 3612 scientiae,
1250 3537 1372 3615 pietatis
1393 3555 1427 3600 ac
1447 3537 1630 3616 prudentiae
1658 3553 1815 3601 commen-

1067 3631 1193 3692 datione
1213 3630 1251 3690 ab
1273 3629 1368 3707 ipsius
1381 3631 1489 3693 abbate
1503 3630 1642 3708 generali
1658 3630 1813 3694 delectum

1068 3731 1100 3784 et
1114 3734 1346 3802 praesentatum
1358 3725 1525 3804 Episcopus
1537 3725 1735 3788 dioecesanus
1748 3741 1816 3804 pro-

1069 3817 1204 3879 baverit:
1229 3817 1372 3896 idemque
1394 3820 1559 3881 statuimus
1580 3822 1617 3882 dc
1632 3819 1817 3882 confessario

1062 3910 1324 3986 *extraordinarie
1337 3927 1433 3991 quent
1455 3913 1536 3976 idem
1559 3913 1648 3976 abbas
1663 3915 1816 3991 generalis

1070 4011 1118 4065 ter
1139 4005 1171 4064 in
1194 4021 1287 4081 anuo,
1310 4015 1341 4068 et
1364 4009 1625 4086 quandocumque
1651 4009 1817 4071 necessitas

1069 4111 1190 4178 urgeat,
1214 4101 1249 4162 ad
1271 4099 1437 4164 audiendas
1459 4101 1613 4164 dictarum
1634 4102 1817 4164 monialium

1069 4193 1276 4257 confessiones
1297 4194 1396 4256 valeat
1411 4194 1575 4274 deputare:
1599 4193 1675 4257 lacti
1690 4195 1818 4274 insuper

1069 4287 1225 4366 praedicto
1248 4287 1397 4366 Episcopo
1419 4294 1587 4367 potestate,
1610 4294 1764 4366 quatenus
1785 4288 1816 4351 id

1070 4381 1214 4458 expedire
1230 4381 1397 4458 putaverit,
1413 4380 1510 4444 alium
1525 4395 1757 4458 quemcumque
1771 4397 1817 4442 sa-

1068 4475 1226 4536 cerdotem
1249 4473 1437 4549 regularem,
1461 4473 1555 4536 etiam
1579 4473 1707 4536 alterius
1728 4473 1817 4534 insti-

1071 4565 1130 4628 tuti
1152 4567 1281 4627 stritus
1310 4567 1409 4641 latini,
1433 4566 1482 4628 vel
1504 4568 1599 4629 etiam
1628 4566 1816 4630 saecularem

1069 4659 1208 4722 eiusdem
1231 4659 1321 4735 ritae,
1345 4661 1377 4722 in
1399 4660 1621 4723 confessarium
1647 4659 1817 4722 extraordi-

1070 4753 1192 4814 narium
1216 4753 1303 4816 dictis
1326 4753 1512 4817 monialibus
1534 4754 1713 4832 deputandi.

1109 4845 1198 4920 525.
1223 4845 1292 4908 Non
1314 4846 1404 4908 aliam
1427 4863 1502 4909 vero
1530 4847 1671 4925 regulam
1693 4864 1708 4909 a
1730 4861 1816 4926 prae·
1869 4857 1968 4910 berula
1982 4856 2049 4920 simt-

1070 4938 1159 5001 dictis
1198 4939 1381 5002 llonialibus
1412 4941 1594 5002 servandam
1627 4942 1814 5017 statuimus,
1835 4909 2051 5010 ῧῗιῖῑὲἰῑῗῗιῖηείέἑῗ

1070 5048 1163 5111 quam
1179 5032 1350 5109 genuinam
1366 5032 1451 5095 illam
1467 5033 1497 5096 S.
1515 5034 1630 5110 Basilii,
1642 5049 1732 5113 quam
1751 5050 1817 5096 mo-
1835 5018 1925 5064 ”¹⁰⁰³

1070 5123 1173 5184 naonis
1190 5123 1368 5185 tradendam
1383 5140 1474 5203 supra
1485 5125 1741 5202 significavimus.
1759 5125 1816 5188 Cui
1848 5135 1909 5179 cum
1924 5131 2050 5200 racuttate

1070 5216 1196 5295 quidem
1217 5216 1355 5293 regulae,
1371 5217 1397 5280 si
1413 5226 1475 5279 tam
1489 5219 1657 5297 supradicti
1673 5219 1815 5282 monachi
1835 5191 1951 5293 3123?ss
1952 5201 1975 5290 ὲ,
1985 5197 2050 5286 ἓξὲξ

1070 5324 1164 5387 quam
1191 5325 1265 5371 mou
1293 5311 1475 5372 enunciatae
1505 5311 1672 5388 lloniales,
1700 5313 1817 5391 aliquas
1835 5297 2024 5357 ²¹³⁹f⁰¹³²¹¹⁶⁸³·

1071 5402 1241 5480 peculiares
1273 5404 1520 5467 constitutiones
1552 5404 1664 5469 addere
1697 5405 1815 5482 velint,

1070 5511 1149 5574 quae
1176 5511 1234 5558 nec
1261 5497 1399 5560 ciusdem
1431 5497 1558 5574 regulae
1585 5497 1816 5576 observantiae,

1071 5606 1173 5668 neque
1195 5590 1312 5667 graecis
1333 5590 1445 5654 ritibus
1466 5589 1684 5666 adversentur,
1710 5609 1760 5654 eas
1780 5595 1819 5657 ad

1072 5683 1353 5760 congregationem
1368 5684 1406 5746 de
1421 5683 1616 5762 Propaganda
1637 5685 1711 5748 Fide
1733 5687 1818 5764 prius

1071 5777 1298 5854 cognoscendas
1309 5782 1339 5838 et
1359 5776 1384 5838 si
1407 5792 1484 5854 opus
1505 5776 1600 5840 luerit
1621 5779 1818 5856 corrigendas

1071 5869 1222 5948 nobisque
1242 5869 1425 5933 auctoritate
1446 5870 1610 5950 apostolici
1631 5873 1819 5935 confirman-

87 5971 177 6018 varaaao
196 5975 247 6020 aar·
265 5967 428 6030 Kermano
449 5971 589 6026 erectum
609 5979 625 6023 a
646 5961 933 6024 Graeco-llelclritis
960 5977 1015 6040 pro
1071 5964 1133 6040 das,
1157 5961 1306 6026 exhibere
1327 5969 1506 6028 tencantur.

373 6111 426 6156 lar.
443 6109 513 6156 Porti.
529 6107 560 6155 dc
572 6115 646 6168 prop.
661 6107 724 6156 Fide
737 6107 820 6156 Partis
834 6108 852 6154 1.
867 6105 921 6154 vol.
937 6106 980 6153 111.

1686 6112 1713 6158 l'i
