4732 7014
348 537 402 591 Aa.
416 537 446 590 G.
468 541 536 595 1742
586 542 625 606 56

606 679 676 744 buit
698 685 873 764 facultates
895 689 1202 756 ot'rcnolttntnorom
1225 696 1309 758 ordi-

606 776 770 838 nationem
791 778 846 859 (l).
907 818 912 832 ·

595 959 711 1029 Dilecto
733 962 797 1032 lilio
820 962 942 1034 Rectori
966 968 1091 1054 cotteptt
1115 972 1273 1057 duplorum

845 1059 1029 1144 buccensis,

723 1207 966 1278 efinfiotctus
993 1212 1052 1282 ΡΡ.
1078 1213 1148 1282 lllll.

843 1319 959 1416 ortecle
982 1350 1034 1430 33,

597 1436 724 1505 salutem
747 1444 778 1506 et
799 1442 997 1524 apostolicam
1023 1445 1273 1515 benedictionem.

602 1629 646 1690 De
669 1630 719 1691 tui
739 1631 890 1708 singulari
912 1634 982 1710 fide,
1003 1638 1165 1714 prudentia
1187 1646 1218 1700 et
1239 1639 1308 1702 doc·

563 1721 644 1784 ‘trini
665 1722 836 1800 plurimum
853 1727 886 1788 in
904 1728 1033 1792 [lomina
1055 1733 1258 1809 confidentes,
1272 1751 1306 1796 ea

563 1815 618 1877 tibi
640 1818 833 1880 concedenda
855 1820 1011 1899 duximus,
1028 1840 1105 1902 quae
1119 1827 1306 1906 infrascripti

564 1909 692 1986 Collegii
714 1920 745 1974 et
766 1912 966 1978 alumnorum
988 1917 1070 1980 illius
1091 1921 1253 1982 commodo
1275 1929 1306 1982 et

562 2002 689 2066 utilitati
711 2005 870 2083 profutura
892 2025 958 2072 esse
978 2014 1204 2088 cognoscimus,

602 2097 620 2171 ἓ
643 2097 669 2157 l.
694 2098 811 2177 ltaque,
825 2101 862 2162 de
875 2118 969 2165 renn.
981 2103 1115 2167 fratrum
1126 2116 1305 2172 nostrorum

563 2189 593 2252 S.
620 2187 656 2252 n.
685 2191 718 2252 E.
747 2193 957 2259 cardinalium
977 2197 1011 2259 in
1040 2199 1187 2262 universa
1214 2219 1306 2281 repu-

561 2282 638 2345 blica
658 2285 824 2348 rlrristiantf
845 2297 952 2352 contra
966 2292 1153 2355 haereticam
1174 2297 1306 2374 pravita-

561 2381 625 2436 tem
647 2380 841 2454 generalium
864 2383 1088 2462 inquisitorum
1103 2405 1118 2448 a
1134 2386 1212 2450 Sede
1226 2391 1306 2469 Apo-

561 2469 666 2532 stolici
679 2473 853 2549 specialiter
868 2477 1085 2556 deputatorum
1096 2483 1235 2560 consilio,
1249 2485 1305 2547 tibi

560 2564 710 2628 moderno
731 2585 764 2630 ao
785 2583 841 2647 pro
862 2577 1002 2650 tempore
1016 2574 1162 2639 existenti
1178 2579 1303 2653 rectori,

560 2663 595 2716 ut
609 2658 644 2718 ad
659 2660 913 2739 quinquennium
935 2669 1113 2745 proximum
1136 2679 1258 2733 tantum
1274 2679 1305 2734 et

560 2747 688 2811 interim
709 2755 846 2832 quandiu
875 2761 1003 2822 rectoris
1030 2777 1163 2826 munere
1190 2765 1223 2826 in
1246 2765 1304 2828 isto

560 2840 696 2920 uottegio
718 2850 892 2926 Anglorum
914 2854 1060 2918 Duacensi
1084 2857 1235 2934 fungeris,
1249 2875 1303 2920 seu

559 2947 661 3003 rector
676 2943 851 3007 huiusmodi
863 2963 918 3024 pro
931 2955 1070 3028 tempore
1082 2951 1218 3014 existens
1233 2953 1303 3014 fun-

560 3042 667 3112 getur,
691 3054 751 3116 quo
773 3039 867 3118 ipsius
895 3042 1046 3104 scholares
1077 3043 1213 3121 alumni,
1236 3053 1304 3122 post

559 3130 668 3207 longos
687 3131 863 3195 studiorum
878 3133 996 3196 labores
1010 3137 1189 3198 sacerdotali
1210 3139 1303 3200 mini-

558 3225 652 3285 sterio
667 3240 722 3303 pro
738 3225 795 3288 loci
810 3234 840 3288 et
861 3229 1005 3306 temporis
1019 3232 1199 3294 necessitate
1214 3232 1302 3308 fungi

559 3324 589 3377 et
611 3317 822 3382 functionibus
841 3322 935 3383 sacris
955 3339 1140 3401 assuescere,
1154 3343 1186 3388 33
1208 3326 1302 3388 eccle-

558 3411 621 3472 siae
642 3411 715 3474 dioti
736 3413 865 3491 Collegit
887 3415 984 3478 officia
1010 3417 1114 3480 divina
1135 3427 1300 3496 praestare,

559 3520 614 3566 seu
634 3507 682 3567 uti
703 3508 836 3584 operarii
855 3508 1042 3572 fructuosius
1060 3512 1143 3574 mitti
1165 3511 1300 3588 valeant,

559 3597 673 3660 eisdem
688 3600 834 3678 alumnis,
848 3609 881 3663 ut
897 3604 934 3664 de
952 3613 1004 3667 tuo
1019 3620 1171 3668 consensu
1186 3614 1216 3668 et
1232 3623 1302 3668 exa-

559 3693 645 3753 mine
665 3697 877 3772 praecedente,
893 3707 924 3759 et
944 3698 1058 3776 absque
1079 3699 1175 3763 literis
1197 3703 1301 3765 dimis-

558 3785 647 3846 soriis
678 3803 807 3850 suorum
835 3789 1083 3869 Ordinariorum,
1113 3800 1143 3855 et
1165 3811 1228 3857 non
1250 3797 1302 3858 ob

557 3886 658 3941 stante
679 3896 876 3961 quocumque
897 3885 1045 3948 natalium
1060 3887 1192 3964 defectu,
1208 3905 1301 3968 super

558 3989 620 4051 qao
641 3988 713 4035 cum
736 3973 795 4036 illis
816 3978 949 4052 gratiose
971 3978 1195 4058 dispensamus
1212 3982 1300 4044 eleri-

558 4065 614 4126 oali
636 4067 765 4130 militiae
785 4071 926 4144 adscribi,
940 4078 971 4133 et
992 4073 1146 4151 aliquibus
1166 4082 1300 4154 quatuor·

558 4159 650 4220 etiam
671 4159 787 4222 feriatis
802 4170 833 4224 et
847 4164 1015 4241 continuis
1032 4165 1081 4228 vel
1097 4167 1299 4246 interpolatis,
1374 4181 1381 4198 ·

557 4268 611 4312 seu
633 4253 734 4327 unica,
756 4255 864 4318 diebus
878 4257 913 4317 ad
928 4266 1061 4337 quatuor
1082 4261 1230 4335 minores,
1243 4277 1300 4324 nec

558 4361 621 4407 non
644 4347 742 4409 tribus
764 4349 926 4412 dominicis
940 4367 996 4414 seu
1017 4353 1084 4414 aliis
1105 4353 1223 4415 festivis
1237 4354 1301 4416 die-

556 4440 614 4502 bus
634 4439 711 4519 (non
734 4449 836 4504 tamen
859 4445 1027 4520 continuis,
1043 4449 1096 4509 sed
1110 4464 1233 4527 semper
1247 4449 1300 4509 ali-

557 4550 618 4612 quo
633 4535 782 4612 temporis
796 4537 894 4614 spatio
909 4539 1035 4600 arbitrio
1051 4548 1104 4601 tuo
1123 4542 1300 4604 definiendo

556 4627 763 4706 interpolatis)
777 4629 870 4691 otiam
886 4630 999 4709 absque
1015 4633 1078 4695 ullo
1092 4633 1234 4697 beneficii
1251 4635 1301 4698 vel

556 4720 736 4798 patrimonii
763 4722 856 4785 titulo
877 4725 913 4788 ad
935 4741 1034 4786 sacros
1056 4726 1147 4788 etiam
1173 4728 1300 4807 Presby-

557 4821 674 4876 teratus
696 4815 819 4878 ordines
841 4826 928 4878 extra
956 4825 1094 4898 tempora
1116 4837 1131 4881 3
1153 4822 1221 4883 iure
1242 4829 1300 4883 sta-

557 4915 634 4982 tuta,
658 4915 688 4968 et
709 4908 784 4970 anni
804 4908 958 4972 curriculo
980 4927 1042 4973 non
1057 4922 1226 4991 expectato,
1244 4931 1301 4976 nec

556 5002 684 5063 servatis
699 5002 876 5064 interstitiis
890 5021 906 5065 a
923 5021 1007 5066 sacro
1024 5007 1161 5069 Concilio
1174 5009 1300 5071 Triden-

556 5095 622 5155 tino
647 5095 830 5171 designatis,
854 5103 884 5158 et
905 5097 1018 5175 absque
1039 5115 1075 5162 eo
1097 5103 1190 5179 quod,
1213 5111 1299 5165 ante-

555 5203 650 5264 quam
677 5186 714 5248 de
736 5203 799 5249 uno
827 5188 863 5249 ad
885 5189 980 5252 alium
1007 5193 1149 5256 ordinem
1177 5211 1301 5274 promo·

556 5287 699 5355 reantur,
722 5281 754 5341 in
777 5281 878 5358 primo
900 5299 1023 5363 qaoque
1045 5295 1185 5366 suscepto
1206 5290 1298 5351 mini-

554 5380 663 5446 strare,
679 5382 732 5435 aut
746 5373 874 5437 alicuius
889 5376 1032 5440 ecclesiae
1045 5381 1174 5442 servitio
1188 5381 1301 5443 adseri-

555 5465 585 5526 bi
601 5472 779 5542 teneantur,
792 5470 981 5546 promoveri,
995 5477 1026 5532 et
1040 5475 1173 5550 promoti
1189 5475 1223 5536 in
1238 5475 1298 5538 illis

556 5557 649 5619 etiam
671 5559 703 5620 in
729 5560 832 5622 altaris
858 5562 1032 5624 ministerio
1063 5565 1241 5630 ministrare
1262 5567 1298 5628 li-

1085 573 1149 619 fult.
1174 575 1264 621 Pons.
1290 579 1328 624 DE
1350 580 1379 625 P.
1403 582 1431 626 1⁴¹.
1457 583 1539 630 PARS
1562 587 1582 630 1.

1405 703 1474 776 §2
1499 703 1645 768 Necnon
1669 709 1740 784 tibi,
1767 718 1803 773 ut
1829 722 1935 790 perte
1964 715 2014 776 vel
2035 733 2109 780 oon-

1364 794 1512 859 fessorent
1533 797 1693 878 idoneum,
1705 820 1799 881 quem
1818 805 1998 882 eligendum
2013 811 2107 873 duxe-

1365 889 1418 964 ris,
1430 889 1569 968 singulos
1582 894 1723 957 alumnos
1735 899 1904 974 praedictos
1919 919 1935 961 a
1947 903 2108 980 quibusvis

1365 987 1704 1064 excommunicationis,
1727 993 1936 1069 suspensionis
1958 1002 1988 1058 et
2010 998 2106 1060 inler-

1364 1075 1435 1138 dicti
1457 1078 1585 1157 aliisque
1607 1082 1816 1148 ecclesiasticis
1839 1091 2013 1166 sententiis,
2036 1109 2106 1154 cen-

1363 1171 1446 1232 suris
1468 1178 1499 1232 et
1519 1175 1625 1252 poenis
1640 1176 1735 1239 alane
1756 1179 1805 1240 rel
1826 1181 1863 1243 ab
1883 1183 2022 1259 homine,
2035 1203 2107 1264 qua-

1364 1263 1410 1324 vis
1435 1265 1591 1329 occasione
1606 1269 1656 1330 vel
1677 1273 1764 1333 oausd
1785 1273 1866 1350 latis,
1882 1293 1957 1354 quas
1980 1277 2036 1358 ipsi
2051 1295 2107 1356 pro

1365 1364 1504 1436 tempore
1535 1362 1767 1439 quomodolibet
1797 1365 2005 1445 incurrerint,
2032 1378 2063 1433 et
2090 1390 2107 1433 a

1362 1454 1522 1532 quibusvis
1544 1457 1673 1533 peccatis
1695 1465 1725 1519 et
1746 1461 1920 1524 excessibus
1934 1480 1968 1525 ac
1989 1465 2107 1528 delictis

1363 1554 1652 1627 quantumcumque
1680 1551 1825 1626 gravibus
1854 1563 1884 1616 et
1910 1558 2104 1634 enormibus,

1363 1640 1456 1702 etiam
1478 1641 1510 1702 in
1538 1641 1656 1704 casibus
1683 1644 1731 1706 die
1759 1646 1880 1708 Coenae
1902 1649 2022 1711 Domini
2045 1651 2105 1729 legi

1361 1732 1460 1795 solitis
1471 1735 1624 1797 contentis
1639 1731 1886 1816 (coirspirationis
1898 1742 1929 1803 in
1942 1760 2104 1820 personam

1362 1824 1412 1887 rel
1434 1835 1550 1888 statum
1572 1828 1701 1892 Romani
1723 1832 1891 1909 pontilicis,
1914 1836 2054 1900 falsitatis
2070 1840 2105 1901 li·

1362 1927 1500 1982 terarum
1511 1929 1542 1983 et
1552 1921 1776 2001 scripturarum
1791 1929 2038 2006 apostolicarum,
2055 1934 2106 1994 de-

1361 2012 1482 2075 lationis
1503 2030 1663 2077 armorum
1678 2025 1708 2078 et
1722 2017 1856 2081 aliorum
1878 2023 2105 2098 prohibitorum

1361 2106 1396 2167 ad
1409 2112 1510 2184 partes
1530 2107 1706 2170 infidelium
1717 2128 1750 2173 ac
1762 2112 1937 2176 iniectionis
1952 2131 2104 2181 manuum

1362 2198 1570 2262 violentarum
1592 2201 1625 2262 in
1646 2204 1795 2279 praelatos
1817 2208 1975 2271 dumtaxat
1996 2227 2105 2290 excep-

1362 2290 1412 2368 tis)
1433 2291 1589 2354 absolvere
1616 2312 1649 2358 ac
1671 2312 1726 2374 pro
1748 2301 1917 2362 commissis
1943 2305 2105 2382 poeniten-

1363 2383 1435 2444 tiam
1456 2384 1624 2450 salutarem
1645 2391 1753 2451 etalio
1778 2393 1969 2472 iniungenda
1991 2399 2035 2459 eis
2058 2399 2106 2460 in-

1361 2476 1502 2553 iungere,
1526 2488 1557 2540 et
1577 2497 1649 2542 cum
1671 2483 1732 2545 illis
1753 2502 1846 2564 super
1872 2489 2103 2567 irregularitate

1361 2585 1415 2648 per
1437 2587 1487 2633 eos
1513 2576 1743 2651 quomodolibet
1771 2580 2000 2660 (praeterquam
2021 2602 2104 2650 occa·

1359 2663 1446 2725 sione
1476 2666 1632 2730 homicidii
1664 2670 1849 2750 voluntarii,
1880 2678 2049 2755 bigamiae,
2073 2689 2104 2743 et

1360 2756 1506 2836 haeresis)
1527 2765 1682 2824 contracta
1702 2765 1878 2844 dispensare
1900 2771 1995 2834 libere
2015 2783 2047 2835 et
2070 2773 2103 2834 li-

1360 2849 1419 2911 cite
1440 2851 1553 2929 valeas,
1577 2855 1739 2935 dictusque
1760 2869 1862 2923 rector
1882 2880 1937 2942 pre
1964 2874 2103 2946 tempore

1359 2944 1495 3006 existens
1517 2945 1631 3023 valeat,
1659 2953 1840 3016 auctoritate
1861 2958 2034 3035 apostolica,
2059 2969 2103 3023 te-

1359 3054 1436 3100 nore
1458 3041 1684 3117 praesentium,
1708 3043 1885 3109 facultatem
1905 3054 2103 3116 concedimus

1359 3141 1390 3195 et
1412 3131 1630 3211 indulgemus3
1659 3141 1871 3215 praesentibus
1893 3152 1960 3221 past
1983 3145 2102 3224 lapsum

1359 3226 1567 3304 quinquennii
1589 3228 1765 3293 huiusmodi
1787 3235 1918 3297 minime
1939 3238 2092 3301 valituris.

1398 3320 1466 3392 53.
1491 3319 1560 3382 Nou
1585 3321 1778 3386 obstantibus
1800 3328 1982 3405 apostolicis,
2009 3348 2043 3394 ac
2068 3333 2101 3394 in

1358 3411 1584 3474 universalibus
1606 3415 1910 3498 provincialibusque
1928 3428 1959 3484 et
1971 3423 2101 3501 synoda-

1357 3505 1437 3567 libus
1462 3505 1600 3566 oonciliis
1626 3507 1715 3569 editis
1740 3513 1936 3584 generalibus
1964 3516 2014 3577 vel
2033 3533 2101 3596 spe-

1357 3598 1482 3660 cialibus
1504 3599 1775 3664 constitutionibus
1801 3613 1832 3665 ct
1854 3608 2098 3672 ordinationibus

1358 3691 1530 3769 ceterisque
1544 3695 1707 3754 contrariis
1722 3697 1978 3777 quibuscumque.

2140 579 2193 636 Aa.
2207 589 2235 638 O.
2256 588 2312 648 1742
2346 593 2347 598 ’

1397 3786 1508 3846 Datum
1546 3786 1660 3848 Romae
1685 3790 1766 3866 apud
1792 3790 1823 3852 S.
1851 3792 1977 3855 Mariam
2009 3796 2099 3858 Maio·
2176 3861 2179 3870 ,

1357 3894 1424 3939 rem
1442 3879 1500 3939 sub
1521 3879 1636 3942 annulo
1651 3882 1812 3945 Piscatoris
1827 3885 1876 3947 die
1891 3903 1978 3948 xxxv.
1997 3892 2100 3968 aprilis

1356 3988 1535 4048 3333333,
1558 3973 1754 4052 pontificatus
1776 3980 1874 4040 nostri
1895 3997 1977 4044 anno
2000 4001 2034 4044 11.

1607 4122 1845 4134 ——-——.——..

1680 4221 1773 4284 XXll.

1356 4349 1434 4430 Repi
1468 4350 1592 4432 Botpoo
1624 4355 1659 4414 itt
1696 4357 1880 4421 Tltlbctnrtis
1916 4359 2099 4441 ropionibus

1395 4445 1516 4521 pelenti
1537 4447 1760 4510 missiouurios
1785 4453 1993 4529 Copacoinos,
2010 4469 2099 4531 proe-

1396 4538 1493 4600 ntisso
1515 4538 1694 4620 llolipt'onis
1720 4544 1922 4608 cltristt'ortoe
1944 4556 1973 4609 ct
1995 4548 2098 4623 ipsius

1397 4629 1489 4710 Rapis
1512 4633 1617 4705 leode,
1634 4635 1750 4700 scribit
1771 4655 1802 4698 ee
1825 4639 1890 4702 iam
1912 4641 2043 4702 iussisse
2060 4649 2099 4702 ott

1397 4725 1520 4800 aliquot
1542 4743 1582 4786 ooo
1604 4728 1647 4788 tls
1668 4729 1733 4791 iter
1754 4734 1934 4810 arripient,
1963 4751 2099 4812 potorum

1397 4817 1490 4894 operef
1522 4828 1629 4896 speret
1656 4822 1761 4898 ipsum
1789 4842 1907 4905 quoquo
1935 4844 2008 4889 enom
2030 4829 2098 4890 eleos

1394 4911 1509 4987 populo
1531 4927 1643 4974 rtomert
1669 4916 1797 4981 Christo
1819 4921 1978 4983 convorant
2000 4924 2055 5002 (2).

1399 5092 2053 5190 mmmmmmmwm

1523 5244 1764 5319 benedictus
1781 5254 1839 5320 ΡΡ.
1855 5254 1924 5322 tlt.
1994 5252 1997 5258 ’

1395 5378 1520 5448 illustria
1543 5388 1574 5450 et
1595 5384 1812 5455 potentissime
1837 5388 1906 5469 ifex,
1928 5391 2056 5458 salutem

1506 5481 1538 5542 et
1560 5476 1656 5544 lunen
1679 5479 1794 5548 divinae
1817 5483 1944 5566 gratiae.

555 5649 628 5712 bere
649 5659 679 5713 et
701 5652 783 5715 licite
806 5655 939 5732 valeant,
955 5659 1123 5721 concedere
1144 5670 1174 5722 et
1197 5660 1298 5723 indul·
1392 5666 1416 5725 Α
1440 5667 1550 5729 dilecto
1572 5668 1635 5729 lilio
1657 5668 1729 5730 Vite
1750 5670 1947 5736 Recinetensi
1974 5677 2096 5740 Ordinis
2161 5679 2312 5744 'testaceum

555 5757 639 5820 gere.

1353 5758 1383 5822 S.
1398 5759 1551 5822 francisci
1573 5762 1820 5840 Gapuccinorum
1834 5766 1951 5852 faustus
1966 5771 2097 5833 nuntius

596 5951 625 6006 (l)
641 5954 678 5996 lix
692 5956 752 6010 App.
769 5957 794 5998 Β.
811 5959 835 6002 Ρ.
851 5957 882 6002 de
896 5961 921 6002 P.
937 5960 974 6015 If,
989 5961 1037 6008 vol.
1049 5965 1088 6019 ΙΙ,
1099 5975 1122 6019 p.
1133 5965 1235 6021 333311.
1247 5969 1294 6013 etc.
1320 5969 1325 6022 Ι
1391 5971 1420 6026 (2)
1436 5973 1473 6016 Ex
1487 5971 1553 6016 Β311.
1570 5973 1595 6017 P.
1611 5971 1642 6016 de
1658 5973 1731 6030 Prop.
1748 5973 1810 6020 b'ide
1824 5987 1881 6032 pag.
1899 5979 1929 6021 lb.

2116 5745 2183 5798 regns¹
2199 5730 2312 5794 frebendi
2346 5733 2347 5738 ’

2115 5797 2287 5836 missionarros.
