4764 6972
338 605 393 662 An.
407 609 438 664 C.
458 609 527 665 1743
580 605 638 672 108

330 5057 531 5112 hademutam-

317 5113 393 5158 dendl
406 5121 530 5174 normam,

317 5165 532 5212 sibetorandrra-

316 5221 431 5282 tionem,
459 5227 530 5274 prae-

317 5273 410 5321 sarlhrt.

861 742 1002 808 XXXVI.

556 932 605 996 Ad
628 931 802 994 Ecclesiam
823 931 984 1009 pertinere
1008 927 1215 1009 publicarum
1235 943 1304 1006 pre-

595 1041 667 1087 cum
687 1025 847 1104 formulas
865 1028 1022 1096 statuere,
1038 1038 1150 1100 easque
1165 1021 1305 1084 indicere

596 1119 735 1180 ostendit
757 1117 815 1199 (l).

616 1300 846 1370 venerabilibus
868 1301 1025 1380 tratribus,
1049 1299 1245 1378 Patrinrcbis,

576 1394 764 1475 Primntibus,
788 1395 1032 1484 trctteptscopts
1054 1398 1087 1460 et
1109 1391 1282 1476 Episcopis,

719 1580 961 1650 attentatus
985 1581 1044 1648 ΡΡ.
1069 1579 1140 1647 lllll.

755 1769 953 1839 venerabiles
975 1770 1103 1848 tratres,

588 1867 717 1938 salutem
739 1870 771 1933 et
793 1865 992 1948 apostolicam
1015 1861 1265 1930 benedictionem.

350 2071 388 2136 aa
402 2070 535 2136 nottestan
593 2057 859 2134 Quemadmodum
872 2068 977 2133 preces
987 2053 1023 2114 ad
1039 2051 1137 2112 Deum
1150 2065 1205 2126 pra
1217 2047 1303 2126 prin·

323 2126 536 2234 astutule

322 2231 536 2384 11111

554 2151 671 2230 cipibus
692 2149 854 2211 effundere
876 2144 964 2208 valde
984 2149 1229 2208 cousentaneum
1244 2149 1301 2216 est,

555 2245 597 2305 111
616 2242 764 2306 convenit
785 2247 821 2302 ut
842 2255 971 2319 precum
993 2238 1130 2316 ipsarum
1151 2233 1302 2296 formulae

553 2337 618 2398 sint
638 2351 676 2396 ex
690 2333 763 2408 illis,
775 2348 850 2411 quas
865 2330 998 2394 Ecclesia
1013 2346 1072 2392 usu
1088 2327 1222 2404 recepit3
1240 2342 1303 2388 ma·

554 2429 638 2490 xime
658 2441 746 2500 nero,
768 2425 794 2486 si
816 2423 966 2486 eiusmodi
988 2437 1094 2502 preces
1116 2420 1147 2481 in
1169 2419 1302 2481 celebra-

554 2522 638 2583 tione
660 2519 826 2581 missarum
840 2515 1030 2578 adhibendae
1044 2513 1117 2574 siut.
1140 2513 1300 2574 Praeterea

553 2614 589 2676 ad
605 2611 841 2675 ecclesiasticam
855 2608 1071 2671 auctoritatem
1083 2605 1301 2682 uuioespectat

553 2721 659 2785 preces
681 2704 747 2766 illas
768 2711 905 2766 statuere
931 2707 1023 2780 atque
1052 2699 1205 2775 indicare;
1228 2713 1300 2760 cum

553 2799 633 2861 nulli
654 2796 802 2860 saeculari
827 2795 968 2874 potestati
990 2793 1033 2854 las
1053 2793 1093 2854 sit
1119 2792 1299 2864 decernere,

553 2897 776 2970 praeceptaque
806 2888 970 2961 mandare,
1001 2892 1036 2948 ut
1064 2885 1204 2963 publicae
1232 2898 1301 2961 pro-

553 3001 603 3048 ces
635 2984 726 3056 liant,
758 2981 825 3043 sive
845 2981 880 3042 ad
904 2977 1120 3058 persolvendas
1145 2977 1207 3039 Dea
1232 2990 1301 3052 gra-

552 3078 610 3139 tias
631 3091 687 3153 pro
708 3074 857 3137 heneticia
882 3073 985 3150 aliqua
1007 3077 1147 3150 accepta,
1173 3069 1239 3131 sive
1263 3070 1299 3131 ad

553 3171 638 3233 illius
659 3183 751 3247 opem
773 3167 806 3230 in
827 3165 914 3243 gravi
929 3165 1030 3243 aliqua
1045 3163 1228 3226 necessitate
1242 3162 1301 3223 1111-

520 3307 527 3318 ·
553 3261 742 3343 plorandam.

363 3383 474 3430 necteus
491 3392 535 3440 pro
595 3359 614 3433 ἓ
637 3355 664 3416 1.
688 3355 783 3416 Divus
804 3351 917 3414 Paulus
938 3351 973 3412 in
998 3350 1105 3428 prima
1126 3349 1168 3412 ud
1201 3348 1299 3411 Timo·

323 3437 483 3538 stertitur

507 3447 534 3481 ⁰·
555 3451 664 3516 theam
679 3463 749 3526 cap.
763 3446 812 3519 3.,
836 3453 871 3508 ut
891 3460 946 3506 ras
967 3443 1046 3505 bene
1068 3443 1176 3518 nostis,
1193 3443 1234 3504 ita
1256 3441 1299 3504 lo·

553 3545 678 3624 quitur:
703 3539 834 3604 Obsecro
856 3538 963 3617 igitur
986 3537 1131 3614 primum
1156 3537 1298 3597 omnium

552 3639 622 3718 fieri
645 3632 887 3702 obsecrationes,
912 3631 1085 3700 arationes,
1106 3629 1299 3707 postulatio·

553 3747 619 3802 nes,
642 3727 830 3809 oratiarum
851 3723 1006 3794 actiones,
1023 3738 1081 3800 pro
1103 3719 1297 3794 hominihus,

551 3839 610 3902 pro
633 3817 770 3901 llepilrns
792 3825 822 3880 ct
850 3815 996 3878 omnihus
1019 3815 1075 3893 qui
1096 3815 1132 3876 in
1152 3815 1299 3878 sublimi-

554 3921 623 3979 tate
642 3922 732 3975 sunt.
755 3913 886 3987 Quodsi
908 3909 1049 3988 expediat
1070 3913 1127 3969 hac
1146 3908 1211 3970 1010
1232 3925 1299 3988 pra·

552 4011 617 4072 nim
640 4007 889 4082 emendareque
910 4002 1067 4080 primaeva
1083 4001 1216 4062 Ecclesia
1233 4009 1300 4064 ute-

552 4104 642 4164 batur
663 4101 696 4162 in
717 4097 910 4160 orationibus
931 4101 961 4157 et
981 4093 1124 4172 precihus
1145 4093 1180 4154 ad
1200 4095 1298 4156 Deum

551 4211 606 4274 pra
628 4191 818 4273 principibus
840 4187 1017 4261 afferendis,
1041 4203 1109 4248 eam
1122 4186 1195 4248 satis
1216 4195 1299 4264 pate-

551 4289 653 4350 lacere
684 4289 832 4364 poterunt
860 4279 964 4345 Sancti
991 4278 1130 4355 Dionysii
1157 4279 1297 4358 Episcopi

550 4377 754 4444 Alexandrini
775 4377 812 4439 ad
831 4375 1003 4454 praesidem
1018 4372 1220 4434 Emittanum
1234 4373 1298 4452 epi·

551 4474 640 4548 stola,
663 4469 872 4535 Tertullianus
894 4469 930 4529 in
951 4465 1005 4528 lib.
1022 4466 1063 4528 ud
1080 4465 1252 4542 Scapulam
1266 4471 1298 4526 et

552 4569 587 4629 in
609 4563 824 4644 apologetico,
840 4561 970 4624 Sanctus
984 4559 1156 4637 Cyprianus
1178 4559 1213 4619 in
1235 4559 1298 4637 epi·

550 4658 635 4722 stolo
665 4656 707 4720 ud
728 4653 985 4723 Demetrianum,
1014 4652 1164 4728 Origenes
1191 4654 1226 4714 in
1251 4670 1298 4714 re-

520 4758 524 4763 ’
550 4768 655 4830 spons.
671 4749 713 4813 ad
737 4746 875 4817 Celsum,
898 4752 929 4807 et
949 4745 1159 4822 Athauagaras
1181 4745 1216 4805 in
1236 4761 1297 4807 suo

551 4843 723 4924 depactam
746 4841 788 4904 ad
811 4841 1023 4932 imperatores
1051 4853 1109 4915 pro
1137 4836 1299 4900 Christia-

551 4954 612 4999 nis.
679 4951 682 4958 ·

589 5030 658 5105 §2
684 5023 1297 5104 Multumquideminterseconveniunt

548 5121 695 5186 credendi
718 5128 748 5181 et
770 5119 876 5180 arandi
898 5118 986 5179 ratio.
1009 5115 1142 5178 Proinde
1164 5115 1196 5176 iu
1218 5115 1297 5177 eele-

549 5214 731 5278 hratissimis
751 5212 895 5291 epistolae
923 5211 954 5273 S.
980 5208 1146 5272 Caelestini
1172 5209 1208 5270 ad
1229 5207 1297 5270 Cal·

549 5308 607 5371 liae
620 5307 783 5386 Episcopus
794 5304 1000 5368 additionibus
1015 5317 1084 5378 cap.
1097 5303 1149 5362 11.
1169 5303 1293 5378 legitur:

553 5400 816 5465 absecrattcnnn
837 5413 957 5476 puapue
976 5396 1227 5458 sacerdotalium
1245 5413 1296 5458 su·

550 5499 716 5558 eramenta
743 5491 973 5569 respiciamus.
992 5531 999 5548 .
1019 5535 1026 5550 .
1050 5493 1089 5550 nl
1112 5488 1208 5568 lepen
1229 5504 1295 5548 cre-

549 5587 644 5649 dendi
659 5586 710 5648 leta
723 5588 854 5648 statuat
867 5581 1084 5661 supplicandi.
1107 5583 1209 5660 Atque
1224 5581 1296 5643 111111

549 5681 660 5756 oritur,
682 5679 715 5740 in
737 5678 868 5756 puhlicis
882 5673 1156 5755 supplicationibus
1177 5673 1296 5736 tarmu-

548 5772 591 5835 las
602 5773 639 5834 ab
650 5772 784 5834 Ecclesia
798 5771 997 5850 praescriptas
1011 5783 1078 5832 esse
1093 5767 1293 5843 adhihendas;

589 5999 619 6063 tt)
634 5999 672 6044 lx
685 5997 762 6043 11011.
776 5999 850 6044 Brcr.

1081 624 1146 671 illil-
1169 623 1261 670 PONE·
1285 621 1327 668 att
1348 621 1378 668 P·
1401 621 1430 668 F.
1454 620 1538 670 PARS
1560 621 1581 669 l.

2135 601 2190 659 An.
2203 605 2235 660 C.
2257 603 2324 662 1743

1361 741 1542 819 praesertim
1563 741 1588 803 si
1616 758 1667 804 res
1693 749 1805 818 agatur
1831 741 1868 804 de
1896 743 2105 818 orationibus,

1361 851 1439 912 quae
1460 834 1581 897 recitari
1604 836 1735 899 debeant
1757 836 1789 899 in
1811 838 1913 911 missa,
1932 845 1968 899 ut
1989 837 2107 900 dictum

1360 937 1418 990 est.
1443 930 1557 993 ldcirca
1578 931 1671 992 etiam
1686 946 1701 990 a
1716 945 1800 992 sacra
1822 929 1962 994 Concilio
1978 930 2108 992 Triden-

1361 1021 1428 1084 tino
1450 1033 1589 1096 cavetur,
1613 1039 1654 1085 ne
1674 1039 1779 1102 preces
1800 1023 1832 1085 iu
1847 1025 2014 1085 missarum
2028 1025 2108 1088 cele·

1361 1115 1501 1177 bratiaue
1521 1117 1737 1192 adhibeantur,
1752 1123 1880 1194 praeter
1901 1133 1953 1180 eas
1975 1135 2055 1196 puae
2068 1116 2107 1182 alr

1361 1208 1504 1270 Ecclesia
1523 1207 1688 1286 probatae,
1701 1215 1732 1272 et
1754 1209 1915 1290 [renuenti
1936 1230 1973 1275 ac
1995 1212 2108 1276 laudu-

1360 1297 1419 1362 bili
1440 1317 1503 1362 usu
1526 1307 1668 1379 receptae
1689 1305 1826 1382 tuerint.
1850 1305 2055 1380 Quamobrem
2073 1305 2106 1367 111

1360 1391 1470 1454 blissali
1493 1393 1631 1459 Romano
1652 1412 1707 1475 pro
1729 1397 1814 1458 omni
1839 1397 1904 1460 lere
1926 1398 2108 1460 necessitate

1359 1487 1500 1550 existunt
1521 1489 1587 1566 piae
1608 1489 1735 1568 quidem
1759 1507 1792 1551 ac
1813 1490 1973 1568 religiosae
1995 1492 2106 1553 aratia-

1360 1594 1426 1654 ues,
1449 1595 1466 1642 e
1486 1582 1618 1642 vetustis
1635 1599 1669 1644 ac
1691 1582 1920 1646 venerabilibus
1934 1598 2107 1647 sacramen·

1360 1671 1443 1733 tariis
1465 1681 1640 1751 opportune
1660 1673 1870 1754 depromptae.

1399 1768 1417 1842 ἓ
1438 1769 1467 1829 3.
1491 1768 1598 1846 Neque
1620 1785 1695 1832 vera
1716 1777 1858 1848 putamus
1879 1771 2016 1834 nimium
2037 1787 2106 1851 pra·
2134 1784 2338 1849 1111111110-

1360 1861 1458 1936 gredi,
1483 1862 1579 1924 imma
1600 1863 1683 1925 inter
1703 1878 1816 1940 aequas
1839 1839 2335 1950 1111011111ᾗο-ζῧῗξῗῖὲξῖἷὲῗθω

1358 1959 1439 2015 strae
1455 1954 1570 2017 limites
1586 1971 1642 2018 nos
1658 1964 1741 2020 oerte
1754 1957 1923 2020 consistere
1937 1959 2103 2034 credimus,

1357 2063 1430 2108 curn
1451 2050 1627 2125 asserimus,
1651 2051 1686 2112 ad
1708 2049 1943 2114 ecclesiasticam
1965 2052 2102 2131 quidem,

1359 2156 1421 2202 nan
1443 2149 1549 2204 autern
1570 2142 1604 2204 ad
1620 2143 1810 2205 saecularem
1821 2150 2019 2222 patestatem,
2036 2162 2104 2224 per-

1358 2230 1470 2309 tinere,
1487 2236 1524 2296 de
1545 2235 1756 2298 ecclesiasticis
1777 2253 1811 2298 ac
1830 2238 2042 2316 spiritualibus
2056 2255 2104 2302 re-

1357 2325 1415 2388 bus
1430 2327 1603 2405 disponere.
1621 2329 1749 2406 Magnus
1761 2328 1813 2392 ille
1824 2331 1923 2407 astus,
1937 2331 2104 2412 Episcopus

1357 2417 1576 2495 Cordubensis,
1592 2425 1670 2500 apud
1688 2422 1838 2486 Sanctum
1852 2423 2055 2488 Athanasium
2071 2427 2103 2487 in

1359 2510 1492 2588 Epistola
1513 2514 1548 2576 ad
1563 2515 1732 2577 solitariam
1748 2516 1844 2578 vitam
1855 2526 1993 2596 agentes,
2009 2519 2104 2582 ecole-

1356 2605 1475 2668 siastica
1496 2622 1569 2668 sane
1591 2607 1732 2671 libertate
1754 2609 1788 2670 ad
1813 2611 2028 2674 Constantium
2044 2613 2105 2674 lm-

1356 2709 1532 2776 peratorem
1554 2702 1627 2763 haee
1647 2701 1785 2780 scripsit:
1810 2701 1856 2766 Ne
1871 2710 1901 2765 te
1915 2705 2104 2767 1111111111-

1356 2792 1546 2856 clesiasticis
1567 2792 1673 2866 rebus,
1696 2811 1795 2873 neque
1814 2794 1903 2858 nohis
1926 2796 1961 2858 in
1976 2796 2033 2858 ltoc
2053 2814 2103 2877 pe·

1357 2901 1431 2946 nere
1444 2887 1609 2965 praecipa-
1630 2888 1684 2950 sed
1698 2888 1805 2965 patius
1820 2905 1856 2952 ea
1870 2908 1890 2952 a
1902 2887 1991 2952 nobis
2006 2891 2101 2953 disce.

1360 2976 1428 3040 t'tbt
1441 2977 1526 3042 Deus
1538 2979 1709 3058 imperinm
1721 2982 1897 3044 comaeisit:
1910 2980 2010 3055 nohis,
2024 3001 2104 3062 puae

1355 3077 1435 3132 sunt
1458 3070 1629 3145 Ecclesiae,
1653 3074 1924 3138 concredidit....
1950 3076 2042 3149 Coae,
2065 3095 2104 3139 ne

1355 3181 1435 3244 auae
1455 3173 1533 3228 sunt
1557 3166 1717 3230 Ecclesiae
1730 3167 1772 3230 ad
1788 3174 1818 3229 te
1833 3169 1976 3242 trahens,
1988 3186 2103 3250 magna

1355 3259 1488 3321 crimini
1503 3258 1662 3322 ohnouins
1672 3261 1741 3339 fias.
1761 3262 1925 3339 Scriptum
1939 3268 2003 3326 est.-
2017 3264 2103 3338 Oetae

1354 3358 1432 3414 sunt
1450 3353 1609 3426 Caesaris,
1628 3355 1778 3425 Caesaris
1798 3359 1829 3416 et
1844 3363 2015 3434 quaesunt
2030 3356 2100 3431 Dei,

1356 3444 1429 3508 llao.

1394 3541 1413 3616 5
1433 3541 1462 3600 1.
1488 3540 1532 3602 hd
1554 3540 1702 3602 viciniora
1724 3549 1826 3604 autem
1850 3551 2000 3622 tempora,
2019 3553 2051 3608 et
2065 3545 2101 3607 ad
2134 3555 2274 3616 praecepta
2287 3565 2338 3600 mn-

1355 3648 1433 3708 rem,
1457 3649 1535 3711 quae
1556 3633 1703 3712 epistolae
1727 3635 1799 3696 huic
1820 3642 1944 3698 nostrae
1972 3639 2101 3701 occasio·
2120 3609 2337 3717 ἔίῗῇῗὲἶέῗιῗυοῖῗ

1355 3741 1428 3788 nem
1451 3727 1546 3801 dedit,
1567 3728 1693 3807 propius
1713 3731 1904 3806 accedentes,
1926 3731 2099 3808 dicimus,a
2120 3714 2337 3814 ἣξῖξῖῗὲἦξξ·

1355 3817 1504 3881 laicorum
1527 3819 1662 3898 ipsorum
1678 3821 1827 3882 tribunali
1849 3822 1992 3899 abrogata
2007 3822 2102 3886 luisse
2119 3821 2252 3878 stragan.

1354 3917 1447 3990 atque
1469 3913 1594 3975 rescissa
1614 3912 1776 3976 saecularis
1790 3914 1919 3977 alicuius
1939 3917 2103 3993 magistra·

1356 4011 1405 4066 tus
1425 4004 1559 4081 decreta,
1581 4007 1693 4084 quibus
1714 4007 1855 4084 publicae
1876 4024 1932 4086 pro
1953 4011 2099 4089 principi·

1356 4097 1414 4159 hus
1429 4113 1535 4176 preces
1550 4098 1682 4161 indictae
1697 4097 1830 4175 luserant,
1847 4103 1929 4180 quad
1949 4102 2100 4165 eiusmodi

1354 4193 1474 4254 decreta
1490 4190 1608 4253 nullius
1623 4191 1813 4254 auctoritatis
1830 4202 1884 4255 aut
1902 4194 2020 4256 roboris
2034 4211 2101 4258 esse

1353 4301 1409 4364 per
1429 4301 1462 4346 se
1483 4285 1701 4346 innotesceret.
1727 4285 1765 4348 Et
1780 4302 1843 4347 uon
1855 4287 1962 4349 multis
1976 4287 2013 4349 ab
2027 4287 2101 4352 hino

1353 4377 1444 4439 1111111
1463 4393 1546 4439 sacra
1572 4377 1702 4440 Consilii
1731 4377 1953 4455 Congregatia,
1976 4381 2101 4458 praede-

1353 4470 1525 4533 cessoribus
1544 4469 1658 4532 uostris
1678 4471 1901 4545 annuentibus,
1913 4471 2035 4549 publice
2050 4473 2100 4534 ab·

1354 4564 1475 4641 rogavit
1485 4563 1675 4641 irritumque
1686 4562 1759 4625 tecit
1769 4565 1931 4627 saecularis
1941 4568 2100 4645 potestat's
2181 4627 2184 4634 .

1353 4659 1505 4732 edictum,
1535 4672 1597 4735 quo
1618 4657 1686 4733 illa,
1711 4657 1751 4718 oh
1777 4666 1895 4735 partam
1917 4675 1933 4718 a
1961 4660 2100 4739 principe

1354 4753 1526 4826 1111011111,
1549 4750 1702 4812 indixerat
1724 4766 1780 4829 pro
1794 4752 1965 4829 gratiarum
1980 4753 2100 4816 actione

1358 4844 1396 4906 Te
1408 4844 1508 4906 Deum
1520 4843 1705 4915 laudamus,
1715 4845 1835 4906 etiamsi
1847 4846 2100 4923 protestationem

1353 4937 1534 5000 inseruisset
1554 4937 1592 4998 de
1613 4936 1800 5014 praeiudicio
1822 4937 2023 5000 eoalmiastico
2038 4939 2100 5002 iuri

1352 5046 1417 5092 non
1439 5029 1613 5106 intereudo,
1636 5030 1718 5108 quad
1738 5030 1891 5093 nimirum
1905 5030 1984 5094 lacto
1997 5039 2100 5112 prote·

1351 5124 1441 5185 statio
1461 5124 1524 5201 ipsa
1546 5121 1772 5187 adversaretur.

1391 5217 1460 5293 §5-
1485 5216 1525 5278 Ut
1545 5217 1643 5292 igitur
1663 5217 1825 5296 aequitatis
1851 5217 1928 5294 iure,
1950 5225 2098 5296 rectaque
2129 5241 2332 5300 assensuram-

1351 5311 1460 5372 ardiue
1480 5311 1609 5371 omnino
1634 5311 1830 5388 procedatur,
1854 5325 2021 5374 monemus
2042 5328 2097 5373 vos
2115 5295 2274 5404 sssslffssjgpffi,
2283 5309 2332 5396 ¹31⁰.

1351 5414 1443 5482 atque
1464 5403 1638 5480 hortamur,
1662 5411 1696 5466 ut
1718 5412 1786 5467 tum
1807 5421 1878 5480 ras,
1902 5414 1969 5468 tum
1990 5405 2041 5467 alii
2064 5423 2097 5467 0-
2115 5385 2332 5500 {lisgnegtreasrnbu-

1350 5513 1422 5576 pera
1443 5505 1558 5571 restra,
1584 5498 1683 5560 Deum
1703 5498 1810 5558 sedulo
1838 5507 1951 5575 rogent
1971 5514 2028 5577 pra
2049 5500 2096 5562 in·
2116 5489 2199 5557 nsaht.
2255 5467 2262 5502 ¹
2289 5469 2330 5503 '⁰'

1351 5591 1530 5654 calamitate
1551 5607 1585 5652 ac
1612 5590 1757 5652 felicitate
1784 5596 1961 5653 vestrorum
1981 5593 2097 5670 princi·

1351 5700 1442 5763 pum,
1475 5685 1736 5762 quemadmodum
1764 5690 1794 5746 et
1820 5699 1876 5746 nos
1901 5702 1957 5765 pra
1983 5685 2097 5764 princi·

1351 5779 1440 5858 pibus
1461 5777 1618 5840 catholicis
1632 5775 1769 5855 quatidie
1784 5776 1923 5842 iacimus.
1946 5779 2046 5858 Equo
2061 5778 2097 5839 li-
