4764 6972
84 607 122 658 ln.
132 600 156 652 0.
172 593 231 648 titt

886 607 1085 657 nnnnnlontts
1106 607 1172 654 XIV.

1745 584 1783 650 st
1834 580 1933 636 Aac.
1955 580 2023 634 1742

257 726 400 790 notitiam
420 726 509 790 nobis
530 727 709 804 exhibeant,
726 734 762 790 ut
776 743 845 791 reos
865 743 921 807 pro
936 743 1003 806 gra·
1055 731 1102 790 est
1124 730 1283 802 contento,
1309 745 1347 792 ac
1366 725 1449 790 milti
1468 742 1525 806 per
1546 723 1802 806 intcprameius·

106 830 240 898 urminati·
256 820 355 884 ritate
372 820 514 884 criminis
539 822 652 901 punire
674 821 842 884 valeamus.
870 823 955 898 Quod
977 823 1002 884 si
1056 819 1124 884 dem
1137 821 1390 886 Gomtitutionis
1413 821 1571 886 tecturam
1592 819 1736 899 opprime
1751 835 1804 880 no·

76 888 403 995 inusitatissima
422 916 598 995 superiores
612 914 816 994 provinciales
837 925 889 980 aui
911 931 1005 994 gene-

257 1007 336 1070 rales
358 1008 432 1072 buia
454 1018 561 1076 nostro
580 1017 743 1091 praecepto
759 1010 865 1073 minus
885 1011 1003 1076 obtem·

255 1103 445 1181 pcrauerint,
468 1110 522 1166 aut
542 1103 577 1167 in
597 1119 635 1167 eo
655 1102 773 1166 desides
794 1101 924 1178 luerint,
947 1119 1004 1166 nos

255 1203 363 1258 contra
384 1195 465 1276 ipsos
485 1214 610 1277 quoque
636 1197 805 1277 procedere
830 1213 893 1260 non
915 1213 1004 1262 recu·

254 1289 403 1365 sabimus,
419 1296 523 1370 atque,
539 1291 622 1355 inter
642 1298 754 1366 cetera,
781 1291 930 1355 mittendi
949 1290 1004 1352 ali·

255 1398 352 1462 quem
372 1397 412 1446 ex
434 1383 576 1463 ipsorum
597 1384 712 1449 Ordine
726 1385 759 1446 in
772 1399 882 1446 aarum
903 1385 1004 1462 regio-

255 1492 334 1540 num
355 1477 520 1538 missiones
534 1476 700 1557 privilegio
714 1493 770 1540 seu
784 1477 939 1554 facultate,
952 1493 1004 1539 eos

254 1578 407 1649 perpetuo
427 1570 628 1650 privabimus.

81 1681 238 1732 muniano
294 1667 314 1742 ἓ
334 1665 385 1728 23.
408 1665 569 1728 Postremo
583 1674 620 1730 nt
632 1669 708 1730 baec
728 1672 831 1729 nostra
847 1665 1005 1730 Constitu·

75 1750 113 1784 san
123 1733 236 1782 innuenti

77 1791 180 1838 „mm
256 1758 297 1820 tio
319 1759 353 1822 in
374 1775 432 1822 sno
453 1758 566 1822 robore
579 1775 703 1840 semper
723 1760 846 1836 integra
867 1766 898 1822 et
913 1760 1002 1821 lirma

254 1859 394 1928 maneat,
409 1851 556 1916 uolumus
577 1867 713 1932 quoque,
730 1861 766 1916 nt
779 1855 815 1917 ad
836 1851 1004 1915 formulam

254 1945 452 2008 iuramentis
469 1947 634 2010 Clemente
650 1947 725 2027 Papa
747 1949 799 2010 lll.
815 1948 916 2010 insui
931 1961 1004 2007 aon-

252 2039 418 2102 stitutione
439 2041 657 2120 praescriptam
685 2041 839 2106 nonnulla
858 2041 1002 2104 adiician-

254 2140 318 2208 tur,
345 2149 426 2212 quae
452 2135 590 2198 maxime
615 2135 786 2198 necessaria
811 2136 999 2214 putavimus.

253 2225 370 2289 ltloirco
392 2242 512 2304 omnes,
528 2229 581 2305 qui
602 2227 756 2308 praelatae
773 2229 1003 2292 constitutionis

252 2317 364 2396 rigore
382 2321 441 2386 sub
455 2321 562 2402 poenis
577 2321 609 2386 in
624 2322 660 2386 ea
674 2323 827 2387 metentis
847 2323 1003 2386 iuramen-

253 2425 322 2480 tum
345 2423 502 2496 praeetare
523 2417 698 2491 debebunt,
721 2418 935 2497 inposterum
956 2435 1003 2481 se-

252 2511 365 2590 quenti
386 2508 521 2574 lormula
535 2517 678 2586 utentur,
690 2510 851 2576 uidelicet:
874 2511 920 2592 (l)
936 2514 1002 2594 Epo

253 2603 292 2668 Ν.
326 2603 559 2668 missianarius
590 2605 631 2668 od
661 2603 774 2676 Sirius,
806 2603 854 2666 oei
881 2605 923 2668 att
954 2622 1004 2667 re-

250 2711 354 2775 anum
375 2695 431 2769 N„
459 2696 506 2759 eei
527 2697 569 2762 nd
593 2697 794 2775 provinciam
822 2698 860 2762 N.
883 2717 904 2762 o
928 2697 1003 2762 Sede

249 2790 456 2868 Apostolus,
482 2789 531 2852 oet
551 2807 571 2853 a
591 2788 814 2868 superioribus
839 2792 929 2864 meis,
952 2792 1002 2854 iu·

249 2889 313 2946 uta
335 2883 514 2965 facultates
536 2883 581 2946 eis
602 2901 622 2947 a
645 2882 721 2948 Sede
734 2883 917 2962 Apostolicai
932 2901 1003 2947 con·

250 2993 369 3050 mesas,
397 2977 516 3040 missus
537 2976 586 3039 uei
607 2977 809 3050 destinatus,
836 2983 1002 3056 praecepto

249 3087 288 3134 ec
308 3072 465 3136 monimo
491 3070 666 3148 apostolico
693 3086 791 3149 super
811 3068 943 3134 liitibus
964 3088 1002 3134 ac

252 3161 474 3227 Goaremoniie
496 3161 685 3230 Siccensibus
707 3165 742 3226 in
763 3162 1003 3228 Constitutione

252 3253 427 3320 Clementis
448 3256 555 3336 Papae
576 3257 630 3322 lli.
645 3256 705 3323 baa
725 3257 763 3322 de
778 3274 813 3319 re
826 3256 925 3329 editt,
939 3273 1001 3336 pua

248 3349 432 3428 manentis
447 3348 628 3416 iuramenti
641 3350 785 3432 formula
799 3349 1001 3429 praescripta

289 3577 322 3633 (l)
339 3575 429 3622 Electo
448 3577 589 3634 propterea
609 3573 641 3620 de
659 3573 772 3620 Nanlsim
792 3573 999 3632 praecipitante

247 3643 476 3760 {nasammonas}
493 3641 674 3690 iuramentum
694 3641 770 3688 iuxta
784 3651 841 3688 nov.
857 3641 999 3690 termulam

249 3848 349 3892 Eiiecto
362 3849 426 3900 atto.
442 3847 586 3891 manauco
599 3848 632 3890 eie
645 3845 743 3889 &ncta
752 3846 824 3890 Rosa
833 3845 865 3889 aie
878 3845 997 3894 Vites-bio,

319 3915 404 3960 meuc
418 3916 450 3960 de
462 3915 582 3960 Nonntm
596 3915 626 3958 tn
640 3913 727 3957 indiis
743 3913 928 3960 mestuus,

443 4023 637 4068 Benunlcnus
651 4023 730 4066 Pana
744 4021 806 4064 XIV.

547 4119 643 4162 Diisete
655 4117 702 4170 pili,

251 4231 253 4234 .
339 4189 455 4232 salutm
467 4189 492 4230 et
505 4187 680 4240 apostoticam
699 4184 910 4228 benedictionem.

90 4331 170 4378 menso
182 4333 231 4389 [Μ.
289 4323 381 4379 nuper
392 4331 440 4366 uos
454 4319 483 4366 in
492 4317 649 4365 consistorio
658 4319 749 4362 nostro
758 4317 860 4362 secreto
869 4314 1000 4362 Ecclesiae

75 4387 88 4426 ta
97 4385 189 4434 lamias
203 4387 233 4435 de
248 4387 281 4436 tle
296 4388 419 4444 lianlsim,
433 4387 477 4434 cui
491 4387 549 4434 bon.
565 4396 642 4430 mem.
659 4384 816 4430 Emmanuel
830 4383 862 4430 de
876 4386 935 4430 lesu
950 4385 1000 4428 Ma·
1052 4389 1170 4430 renuenti
1183 4389 1304 4436 formula
1316 4389 1489 4440 praescripto
1502 4391 1548 4435 est,
1563 4389 1685 4430 contento
1695 4395 1727 4429 aa
1736 4385 1803 4428 mint

75 4439 150 4484 lamina

101 5391 158 5436 boet

71 5445 139 5495 ittitin

248 4456 291 4502 ria
306 4455 420 4502 ultimus
441 4453 514 4500 illius
529 4452 680 4512 Episcopus,
698 4451 762 4496 dum
782 4451 889 4508 viveret,
903 4449 1000 4507 praesi-

249 4522 339 4576 debat,
357 4532 404 4579 per
422 4521 525 4567 obitum
543 4519 661 4564 eiusdem
680 4516 861 4564 Emmanuelis
881 4515 1000 4575 Episcopi

248 4591 327 4636 extra
340 4591 487 4636 itomanam
507 4587 614 4634 curiam
635 4585 759 4642 defuncti,
773 4585 887 4643 pastoris
904 4585 1000 4631 somtio

249 4656 404 4711 destitutae,
418 4654 450 4700 de
467 4664 579 4711 persona
596 4654 652 4708 tua,
669 4651 743 4698 nobis
761 4654 788 4698 et
804 4651 999 4698 venerabilibus

248 4721 380 4768 lintribus
394 4721 492 4768 nostris
507 4723 618 4767 Sanctae
627 4723 762 4766 Romanae
773 4719 903 4765 Ecclesiae
913 4718 999 4765 Cardi-

249 4789 357 4835 nalibus
370 4789 404 4834 ob
418 4790 526 4834 tuorum
540 4787 701 4845 exigentiam
716 4787 874 4834 meritorum
884 4789 999 4844 accepta,

248 4856 281 4902 de
294 4856 410 4902 notrum
425 4859 577 4902 nostrorum
591 4853 710 4910 oonsilio,
724 4854 885 4900 auctoritate
897 4855 999 4911 aposto·

248 4922 301 4968 lica
315 4921 488 4980 providimus,
503 4925 581 4980 teque
602 4921 644 4966 illi
658 4921 686 4966 iu
701 4920 857 4978 Episcopum
877 4920 1000 4978 praefeci·

249 4999 310 5036 mus
326 4991 353 5035 et
366 4991 514 5047 pastorem:
536 4998 636 5044 curam,
657 4987 777 5045 regimen
790 4991 817 5032 et
832 4985 1000 5033 administra-

250 5056 351 5102 tionem
365 5055 450 5114 ipelue
463 5053 594 5102 Ecclesiae
608 5055 640 5100 de
654 5055 768 5102 Nanmm
780 5053 830 5102 tibl
839 5055 866 5100 in
876 5054 999 5111 spiritua·

248 5122 321 5168 libus
335 5123 362 5169 et
375 5120 566 5180 temporalibus
576 5119 904 5178 plenariecommittendo;
920 5123 998 5177 prout

249 5187 277 5234 ln
291 5189 392 5242 nostris
407 5187 519 5246 desuper
533 5198 613 5246 super
633 5188 741 5245 plumbo
760 5187 888 5245 expeditis
903 5187 998 5244 literis,

249 5267 365 5314 quarum
385 5258 505 5302 tenorem
526 5254 711 5312 praesentibus
730 5267 779 5312 pro
799 5256 875 5312 plene
889 5256 916 5300 et
931 5255 999 5300 suffl-

249 5324 351 5370 eienter
364 5333 487 5380 expresso
498 5323 525 5370 et
534 5321 636 5368 inserto
645 5321 739 5368 baberi
749 5321 880 5379 volumus,
890 5321 998 5368 uberius

144 5425 145 5428 ,
184 5395 233 5439 tum
250 5389 410 5436 continetur.
424 5391 597 5436 Nuncautem
607 5388 998 5445 pastoralisofflciinostriesse

72 5446 234 5546 tibintuna&
250 5457 380 5512 ducimus,
394 5455 445 5502 tibi
458 5455 607 5513 iniungere,
621 5458 699 5511 prout
708 5455 869 5503 auctoritate
880 5457 998 5513 praelata

72 5550 234 5600 trossutttendi

252 5527 344 5570 unone
363 5523 544 5582 mamutium
565 5523 738 5580 iniungimus,
758 5524 836 5581 quod,
854 5526 998 5581 autequam

72 5600 165 5650 dnum
176 5611 234 5666 ppo.
251 5602 349 5638 muuus
363 5589 567 5638 consecrationis
580 5591 719 5648 suscipias,
729 5591 911 5638 iuramentum
922 5590 997 5648 illud,

73 5653 157 5703 toltum

251 5657 322 5715 quod
335 5655 499 5702 missionarii
512 5667 603 5703 omnes
616 5655 643 5702 in
659 5657 730 5702 Sinis
738 5657 862 5715 degentes
872 5657 926 5704 iam
937 5657 998 5704 emi·

251 5727 353 5780 urunt,
367 5725 416 5770 hoc
430 5727 471 5770 est
484 5723 516 5770 de
526 5723 649 5780 fideliter,
658 5723 761 5780 intem
770 5729 797 5770 et
807 5723 998 5772 inviolabiliter

249 5791 414 5840 observando
427 5795 566 5850 praecepto
579 5801 611 5838 ae
623 5791 749 5838 mandato
766 5802 846 5848 super
859 5791 956 5838 ritibus
970 5796 997 5838 et

252 5857 425 5904 memoniis
446 5856 599 5904 sirensibus
613 5857 641 5902 in
654 5857 844 5903 constitutione
861 5857 945 5903 felicis
958 5869 998 5904 re·

251 5923 413 5970 cordationis
427 5923 569 5970 elementis
583 5925 668 5981 Papae
681 5926 721 5969 xl.
738 5922 945 5981 praedecessoris
954 5935 998 5972 no·

252 5991 304 6037 stri
317 5989 361 6036 die
373 6000 429 6036 m.
443 5989 535 6037 martii
552 6001 667 6038 nnccxv.
683 5990 733 6038 hac
745 5990 777 6036 de
790 6001 820 6037 re
833 5991 914 6049 edita,
927 5995 955 6040 et
967 5993 995 6040 in

359 6111 414 6162 lus.
426 6111 497 6162 Pont.
512 6109 544 6161 sie
556 6112 634 6175 Prop.
647 6111 711 6162 sios
722 6113 806 6164 Partis
820 6113 838 6161 l.
853 6111 908 6164 tol.
922 6115 966 6163 lll.

1059 919 1101 989 to,
1123 915 1214 993 piene
1227 931 1265 980 ac
1278 916 1417 996 fideliter
1436 913 1562 994 parebo,
1586 913 1730 992 illudque
1750 928 1806 974 eu-

1056 1013 1137 1082 acte,
1160 1007 1305 1072 absolute
1322 1027 1360 1074 aa
1382 1008 1616 1074 iuviolabiliter
1638 1005 1804 1071 observabo

1058 1111 1088 1168 et
1109 1106 1224 1186 ubsque
1245 1105 1315 1170 ulid
1338 1100 1801 1186 terpioersationeodimptebo,

1057 1204 1154 1277 atque
1173 1215 1231 1276 pro
1251 1196 1344 1261 virili
1366 1197 1487 1269 enitar,
1509 1199 1549 1258 ut
1570 1213 1590 1259 a
1611 1191 1803 1258 christianis

1058 1290 1259 1364 Sinensibus,
1275 1306 1411 1371 quarum
1425 1287 1632 1368 spirituatem
1654 1286 1805 1350 directio-

1058 1403 1128 1450 nem
1149 1403 1271 1466 quoquo
1299 1385 1388 1448 modo
1409 1398 1457 1444 me
1477 1377 1592 1446 babere
1616 1378 1802 1461 coutiperit,

1056 1479 1174 1542 similis
1200 1477 1380 1542 obedientia
1407 1475 1505 1538 eidem
1531 1478 1728 1554 praestetur.
1758 1476 1804 1538 Aa

1058 1575 1207 1652 insuper,
1229 1567 1389 1651 quantum
1412 1569 1448 1632 in
1468 1585 1516 1632 nte
1536 1573 1600 1640 est,
1628 1582 1804 1646 nuntpuoan

1057 1667 1181 1748 patior,
1204 1671 1244 1729 ut
1266 1664 1364 1728 Ritus
1386 1668 1417 1726 et
1442 1661 1664 1728 coeremoniae
1693 1659 1804 1724 Sinera
1887 1677 1897 1696 ·

1057 1777 1104 1824 ses
1138 1761 1175 1824 in
1201 1759 1307 1822 literis
1335 1754 1555 1836 pastoralibus
1587 1751 1804 1818 Potriorcltae

1057 1852 1273 1922 Aieuondrini
1298 1849 1406 1918 Macci
1429 1849 1516 1914 dotis
1539 1847 1589 1911 die
1616 1865 1658 1910 ru.
1682 1861 1806 1908 nouem·

1058 1947 1124 2012 bris
1146 1962 1302 2010 nnccxxr.
1315 1944 1499 2023 permissae,
1515 1958 1553 2005 aa
1567 1959 1587 2005 a
1602 1939 1698 2004 SSrito
1712 1939 1751 2002 D.
1763 1938 1802 2002 N.

1058 2040 1228 2104 Benedicta
1248 2038 1314 2100 PP.
1334 2037 1412 2104 XIV.
1435 2038 1618 2108 damnatae,
1634 2032 1674 2096 ab
1689 2031 1804 2094 eisdem

1057 2132 1305 2197 christianismi
1317 2130 1451 2210 praeatus
1466 2129 1681 2193 deducantur.
1698 2123 1735 2202 Si
1745 2142 1805 2190 au·

1059 2233 1121 2290 tem
1134 2227 1229 2307 (pund
1243 2226 1329 2289 Deus
1340 2222 1482 2303 avertat)
1496 2219 1716 2302 quoquomodo
1731 2234 1805 2280 cont¹

1058 2320 1264 2393 traoenerim,
1280 2317 1373 2381 toties
1387 2315 1509 2396 quoties
1525 2315 1557 2379 id
1572 2312 1725 2384 evenerit,
1734 2327 1804 2389 poe-

1057 2415 1108 2478 nis
1128 2429 1186 2493 per
1204 2411 1388 2491 praedictae
1405 2406 1653 2473 constitutiones
1676 2401 1804 2483 imposi-

1058 2507 1101 2570 tis
1122 2524 1170 2568 me
1189 2504 1371 2570 subiectum
1392 2519 1527 2583 opnosco
1544 2505 1577 2562 et
1591 2496 1727 2563 declaro.
1751 2498 1803 2561 lto

1057 2601 1156 2664 tactis
1180 2596 1397 2662 saerosanctis
1424 2593 1608 2676 Eeonpeiiis
1632 2591 1802 2671 promitto,

1056 2710 1147 2758 eoum
1165 2697 1195 2754 et
1212 2693 1295 2754 iuro.
1310 2691 1364 2756 Sia
1379 2708 1427 2754 me
1441 2690 1526 2752 Deus
1537 2687 1669 2752 adiuuet
1684 2689 1715 2748 et
1727 2684 1803 2748 boec

1055 2791 1170 2852 saneto
1192 2787 1251 2850 Dei
1274 2785 1460 2866 Eoonpelia.

1341 2909 1408 2989 Epo
1431 2907 1469 2970 N.
1492 2919 1593 2968 manu
1614 2899 1758 2981 proprio.

1095 3073 1114 3148 ἓ
1135 3070 1184 3134 st.
1208 3068 1404 3134 confidimus
1425 3067 1523 3145 igitur
1543 3064 1625 3138 lore,
1651 3068 1688 3124 ut
1714 3060 1802 3124 Prin·
1822 3071 2035 3172 hepfastsssncasicss

1055 3181 1125 3242 ceps
1145 3170 1305 3243 pastorum
1325 3163 1409 3226 lesus
1441 3157 1581 3224 Christus
1609 3152 1765 3218 laboribus
1786 3171 1802 3216 a
1821 3178 2035 3242 vamum„

1056 3258 1156 3334 nobis,
1178 3257 1233 3337 qui
1253 3256 1320 3319 eius
1341 3255 1424 3316 uices
1439 3252 1472 3314 in
1488 3249 1579 3313 terris
1600 3247 1752 3326 perimus,
1768 3247 1802 3310 in
1822 3242 1910 3279 ΜΟ*

1055 3351 1113 3414 boo
1133 3350 1314 3428 gravissimo
1330 3345 1457 3425 negotio
1471 3343 1526 3408 diu
1546 3339 1694 3422 impensis
1708 3339 1802 3402 bene-

1053 3587 1154 3634 nupera
1168 3575 1358 3622 constitutione
1371 3577 1472 3631 nostra,
1485 3583 1554 3631 quae
1568 3571 1675 3629 incipit:
1695 3574 1736 3616 Ere
1750 3583 1803 3625 pua

1052 3647 1197 3696 maculari.
1214 3642 1380 3698 confirmata,
1389 3644 1521 3696 contento,
1531 3639 1659 3686 similiter
1669 3639 1802 3694 emittere,

1052 3710 1192 3768 ipsumque
1205 3709 1386 3756 iuramentum
1401 3712 1448 3756 tua
1464 3707 1656 3766 subscriptione
1670 3709 1697 3754 et
1712 3707 1802 3764 sigillo

1053 3776 1195 3834 munitum,
1205 3778 1247 3823 vel
1256 3777 1352 3824 saltem
1361 3776 1546 3822 authenticum
1556 3773 1632 3821 illius
1642 3775 1801 3832 exemplum,

1053 3845 1086 3892 ad
1100 3855 1148 3892 nos
1162 3845 1342 3902 quantocitius
1356 3843 1540 3890 transmittere
1554 3843 1663 3888 omnino
1677 3842 1801 3888 tenearis.

1053 3915 1082 3958 ln
1096 3913 1261 3959 contrarium
1276 3911 1432 3960 iacientibus
1446 3923 1498 3958 uon
1513 3910 1681 3958 obstantibus
1697 3910 1803 3968 quibus·

1053 3991 1172 4036 cumque.
1188 3983 1284 4026 an-ma
1297 3983 1388 4026 autem
1401 3979 1555 4035 iuramenti,
1565 3979 1634 4038 quod
1645 3977 1801 4035 praestabis,

1052 4047 1118 4092 haec
1137 4049 1191 4092 est:
1213 4051 1266 4102 Euo
1284 4051 1446 4094 franciscus
1468 4053 1500 4094 sie
1513 4053 1611 4093 Sancta
1624 4050 1697 4092 Rosa
1715 4049 1747 4092 de
1765 4049 1802 4092 Vt·
1856 4045 1980 4108 Forntuia
1993 4045 2032 4093 iu·

1052 4119 1135 4166 terbio
1154 4121 1251 4162 electus
1271 4121 1304 4162 cte
1322 4120 1449 4166 Nanaim,
1469 4119 1613 4170 praecepto
1632 4120 1657 4160 et
1671 4119 1801 4162 mndata
1820 4103 1937 4148 ssimi·

1052 4195 1137 4237 super
1150 4187 1248 4230 ritibus
1267 4189 1292 4228 et
1306 4187 1481 4230 eaeremoniis
1494 4185 1651 4228 Sineansibus
1665 4185 1695 4228 in
1709 4185 1803 4226 consti·

1053 4255 1230 4304 tuttoneniae
1249 4263 1326 4296 noem
1352 4253 1490 4295 Oinnentts
1512 4253 1602 4304 Papae
1616 4253 1661 4294 xl.
1683 4253 1726 4294 dte
1745 4259 1800 4294 xtx.

1053 4321 1147 4363 martti
1160 4329 1274 4364 annexu.
1290 4321 1340 4363 laec
1353 4321 1386 4364 sie
1399 4329 1429 4362 re
1442 4321 1520 4368 edita.
1533 4329 1589 4371 pua
1601 4320 1753 4372 praesentis
1763 4320 1803 4361 iu-

1050 4462 1102 4505 per
1116 4455 1250 4504 inicorum
1264 4455 1382 4498 eusdem
1396 4455 1596 4496 constitutionis
1611 4455 1742 4496 lecturam
1756 4459 1803 4502 ap·

1050 4521 1141 4570 pennse
1154 4523 1225 4568 noto,
1238 4523 1319 4572 piene
1332 4529 1363 4564 uc
1377 4523 1490 4574 fideliter
1500 4523 1609 4574 parebo,
1625 4523 1746 4573 aliudque
1758 4531 1803 4563 ea·-

1052 4589 1114 4633 aote,
1132 4588 1250 4630 obsolute
1263 4589 1288 4630 et
1301 4589 1491 4632 inviolabiliter
1505 4589 1654 4637 nemaeo,
1666 4591 1691 4631 et
1704 4589 1803 4642 absque

1053 4655 1110 4696 ntia
1132 4657 1351 4706 teretemuttone
1371 4657 1532 4707 adimplebo,
1555 4660 1635 4707 atque
1652 4666 1707 4707 pro
1729 4658 1803 4699 utenti

1052 4721 1142 4761 enitor
1155 4722 1187 4762 nt
1200 4731 1217 4763 α
1231 4723 1296 4763 mets
1310 4721 1431 4768 subditis,
1447 4723 1547 4768 alaeue,
1560 4732 1679 4774 quosnam
1689 4731 1757 4766 ent-a
1767 4724 1803 4765 asi

1052 4795 1095 4829 nae
1109 4789 1139 4830 tn
1153 4797 1268 4830 munere
1281 4797 1338 4834 tneo
1352 4791 1485 4842 spectabit,
1504 4793 1679 4842 quantumin
1689 4791 1800 4838 merit,

1051 4855 1176 4898 similiter
1197 4855 1334 4900 obseruare
1347 4861 1372 4900 et
1386 4860 1531 4911 adimpleri
1551 4860 1659 4902 curabo.
1679 4861 1714 4902 Ae
1729 4860 1803 4902 inses-

1049 4930 1109 4971 μεν,
1126 4926 1262 4974 putantum
1275 4926 1306 4968 tn
1320 4933 1362 4967 nte
1375 4928 1421 4974 est,
1438 4935 1584 4977 nunquam
1602 4927 1704 4978 patior,
1722 4929 1753 4968 ut
1767 4927 1803 4968 rt·

1052 4990 1097 5031 tus
1110 4991 1135 5031 et
1148 4994 1331 5034 coeremoniae
1344 4991 1468 5036 Sinenses
1483 4995 1513 5036 in
1527 4995 1610 5037 literis
1617 4993 1802 5045 pastoralibus

1052 5059 1228 5102 patriarcnae
1248 5062 1429 5105 iucunda-tut
1449 5063 1536 5105 Maeui
1555 5063 1626 5106 dotis
1644 5064 1686 5105 die
1705 5071 1741 5106 nv.
1757 5072 1803 5106 no·

1052 5127 1166 5169 cambris
1187 5137 1314 5174 unccxxn.
1325 5131 1482 5181 comissas.
1500 5139 1531 5174 oo
1545 5139 1562 5173 a
1575 5133 1745 5173 sanctissimo
1759 5131 1803 5174 do-

1051 5195 1126 5236 mino
1147 5198 1241 5237 nostro
1262 5197 1401 5239 Benedicta
1423 5199 1500 5248 Papo
1514 5199 1582 5241 XIV.
1600 5198 1801 5244 domnamant

1051 5264 1149 5306 endem
1162 5263 1276 5307 subditis
1290 5265 1327 5306 ad
1338 5266 1453 5315 pranim
1468 5267 1658 5319 massonam,-
1671 5267 1695 5307 st
1710 5267 1801 5308 numm

1051 5328 1134 5382 (quad
1147 5331 1218 5373 Deus
1231 5329 1346 5384 cuntot)
1367 5333 1553 5382 quoquomodo
1574 5335 1799 5380 contravenerim

1051 5398 1137 5444 toties,
1162 5399 1263 5448 pasoties
1283 5401 1311 5442 id
1332 5401 1455 5445 euanuit,
1476 5399 1573 5450 poenis
1589 5409 1643 5450 per
1660 5401 1802 5452 praefatas

1051 5465 1253 5508 constitutiones
1274 5467 1407 5516 impositis
1427 5475 1470 5509 nes
1486 5467 1633 5510 subiectum
1648 5476 1763 5518 annosae
1776 5469 1802 5510 et

1051 5533 1163 5574 deobaro.
1186 5533 1235 5578 Ita.
1259 5533 1336 5574 tactis
1355 5533 1537 5576 Sacrosonwtts
1559 5535 1716 5585 Evanueitis.
1737 5544 1801 5586 pro·

1051 5601 1134 5646 mitto,
1151 5609 1231 5641 voveo
1244 5601 1269 5641 et
1282 5601 1362 5651 iuro;
1375 5601 1414 5642 stc
1428 5609 1470 5644 nte
1483 5602 1554 5644 Deus
1567 5605 1683 5650 adiuvet,
1700 5606 1724 5646 et
1738 5603 1802 5646 baec

1050 5667 1148 5709 Sancta
1169 5665 1216 5708 Det
1236 5667 1387 5718 Econaeua.
1410 5669 1463 5720 Euo
1482 5667 1643 5713 Franctseus
1658 5673 1690 5714 de
1703 5673 1802 5715 Soracte

1050 5733 1122 5776 Rosa
1136 5734 1167 5776 dc
1191 5733 1302 5776 viterbio
1322 5735 1418 5777 electus
1439 5736 1471 5779 sie
1489 5737 1610 5780 Nenbtm
1631 5747 1718 5780 manu
1736 5748 1801 5790 pro·

1047 5801 1120 5849 prta.

1090 5865 1186 5909 Datum
1206 5865 1313 5920 Romae,
1335 5865 1405 5922 apud
1427 5869 1450 5911 S.
1467 5866 1577 5913 llariam
1599 5867 1734 5928 Maiorem,
1751 5871 1801 5917 sub

1050 5930 1148 5976 annulo
1162 5929 1312 5987 samsonis,
1324 5930 1366 5977 die
1377 5943 1415 5978 ur.
1426 5933 1572 5980 decembris
1583 5945 1729 5994 uocoxmn,
1739 5948 1801 5996 pon·

1050 5995 1168 6049 niocetae
1181 5995 1268 6046 nonni
1281 6007 1351 6046 anuo
1363 6009 1402 6046 ιιι.

1594 6129 1694 6173 111
