4708 6978
318 517 372 571 An.
387 517 417 570 O.
439 517 507 568 tato

324 851 459 898 Clausulas
475 861 518 907 pro

305 905 440 952 literarum
459 905 519 950 vall·

306 959 388 1060 {1¹2th
397 963 423 1007 et
432 969 519 1006 execu-

557 515 615 580 288

538 654 719 733 apostolicae
741 657 899 736 potestatis
927 656 1122 737 plenitudine
1150 658 1282 721 declara-

538 763 619 824 mus,
641 750 805 812 statuimus
826 757 919 829 atque
940 751 1105 814 sancimus.

577 843 596 918 ἓ
611 843 639 904 3.
650 844 857 907 decernentes
868 845 988 908 easdem
1001 844 1213 924 praeinsertas,
1224 860 1282 907 nec

538 951 601 996 non
633 942 807 1014 praesentes
840 946 959 1000 nostras
991 936 1106 1013 literas,
1130 945 1160 1000 et
1182 937 1215 999 in
1237 938 1280 998 eis

537 1035 681 1092 contenta
711 1045 937 1110 quaecumque,
960 1031 1053 1094 etiam
1082 1046 1177 1098 exeo
1198 1032 1281 1110 quod

536 1121 726 1201 quicumque
740 1123 875 1186 cuiusvis
889 1132 998 1200 status,
1014 1125 1138 1201 gradus,
1149 1123 1279 1201 ordinis,

494 1199 507 1224 ⁸
535 1217 865 1294 praeeminentiaeet
885 1217 1045 1296 dignitatis
1066 1220 1211 1292 existant,
1226 1233 1280 1279 seu

327 4635 514 4692 narogattones.

535 1307 609 1370 alias
629 1309 750 1389 speciali
773 1317 803 1374 et
825 1311 983 1376 individua
997 1311 1168 1386 mentione,
1184 1318 1215 1372 et
1229 1327 1281 1372 ex·

535 1403 694 1480 pressione
715 1406 800 1482 digni
823 1407 856 1467 in
877 1405 1050 1486 praemissis
1065 1405 1214 1468 interesse
1229 1403 1280 1466 ha-

535 1496 654 1573 bentes,
676 1515 732 1562 seu
754 1499 867 1564 babere
888 1499 1120 1579 quomodolibet
1141 1505 1280 1578 praeten-

535 1591 654 1667 dentes
678 1592 738 1656 illis
766 1609 829 1656 non
857 1596 1083 1670 consenserint,
1107 1609 1164 1654 nec
1189 1593 1224 1654 ad
1246 1607 1280 1653 ea

536 1689 647 1765 vocati,
670 1691 753 1753 citati
776 1699 807 1754 et
828 1691 936 1765 auditi,
960 1703 1063 1769 neque
1077 1703 1195 1762 causae,
1212 1702 1280 1764 pro-

535 1792 603 1862 pter
625 1801 699 1865 quas
720 1792 790 1848 tum
811 1784 1031 1863 praeinsertae,
1053 1789 1121 1844 tum
1137 1795 1280 1858 praesen·

536 1887 581 1941 tes
602 1880 829 1954 emanaverint,
849 1879 1039 1942 sufficienter
1054 1878 1211 1948 adductae,
1228 1889 1281 1936 re·

537 1973 669 2036 rideatae
692 1980 721 2036 et
743 1973 923 2038 iustillcatae
945 1973 1072 2048 luerint,
1089 1979 1142 2034 aut
1163 1987 1200 2032 ex
1222 1969 1280 2031 alia

536 2067 671 2146 qualibet
692 2069 786 2130 etiam
818 2068 1013 2147 privilegiata
1044 2083 1144 2142 causa,
1166 2065 1278 2140 colore,

537 2173 697 2245 praetextu
728 2174 759 2229 et
790 2167 901 2245 capite,
933 2166 970 2228 de
1000 2163 1208 2242 subreptionis
1230 2163 1278 2226 vel

536 2260 739 2339 obreptionis,
763 2269 815 2323 aut
837 2260 988 2323 nullitatis
1002 2260 1091 2332 vitio,
1107 2275 1162 2320 seu
1178 2259 1280 2321 inten-

537 2352 628 2416 tionis
640 2363 774 2429 nostrae,
788 2353 838 2416 vel
853 2354 1002 2416 interesse
1012 2352 1197 2436 habentium
1208 2367 1279 2414 con-

535 2463 655 2522 sensns,
671 2447 770 2508 aliove
791 2447 929 2525 quolibet
943 2446 1077 2521 delectu,
1094 2447 1206 2520 notari,
1222 2446 1280 2508 im-

535 2541 676 2620 pugnari,
698 2542 804 2602 autin
826 2541 1068 2604 controversiam
1091 2539 1192 2601 vocari
1214 2555 1280 2617 pos-

535 2651 585 2710 se3
607 2634 659 2696 sed
681 2634 758 2712 ipsas
779 2641 966 2712 praesentes,
990 2634 1174 2712 easdemque
1194 2647 1281 2710 prae-

535 2727 610 2790 fatas
631 2727 663 2789 ln
686 2726 782 2788 lorma
804 2727 907 2789 brevis
929 2725 1043 2800 literas,
1061 2727 1175 2800 sirmas,
1205 2725 1279 2786 vali-

536 2823 586 2884 das
610 2829 642 2882 et
667 2819 801 2882 elllcaces
830 2821 962 2882 existere
993 2828 1023 2883 et
1044 2819 1126 2895 lore,
1147 2833 1280 2897 suosque

535 2913 687 2992 plenarios
710 2921 741 2974 et
762 2913 898 2990 integros
919 2913 1044 2976 enectus
1059 2912 1162 2974 sortiri
1178 2919 1208 2974 et
1228 2911 1279 2973 obss

537 3010 648 3084 tinere,
671 3016 702 3072 et
730 3007 767 3069 ab
797 3005 941 3068 omnibns
972 3013 1003 3070 et
1032 3006 1164 3082 singulis
1194 3021 1281 3084 prae-

536 3103 647 3177 missis,
670 3101 705 3164 ad
727 3118 803 3181 quos
825 3108 952 3180 spectat,
974 3117 1030 3162 seu
1057 3116 1113 3178 pro
1140 3108 1280 3178 tempore

534 3196 694 3275 spectabit,
710 3201 815 3258 exacte
830 3202 860 3256 et
876 3192 1095 3256 inviolabiliter
1109 3193 1276 3254 observari.

576 3287 687 3367 Sisque
708 3297 738 3351 et
760 3305 824 3350 non
845 3288 935 3349 aliter
957 3288 989 3350 in
1016 3286 1188 3364 praemissis
1209 3301 1280 3348 cen·

533 3384 607 3457 seri,
629 3389 719 3461 atque
742 3381 783 3444 ita
804 3397 859 3460 per
873 3395 1085 3458 quoscumque
1102 3379 1216 3441 iudices
1231 3394 1281 3439 or·

535 3476 667 3538 dinarios
690 3481 720 3536 et
741 3475 907 3552 delegatos,
940 3474 1032 3534 etiarn
1066 3472 1193 3536 Sanctae
1221 3473 1279 3534 Ro-

534 3587 645 3634 manae
666 3573 816 3636 Ecclesiae
838 3571 1028 3647 cardinales,
1045 3579 1074 3634 et
1089 3580 1194 3634 contra
1210 3567 1280 3630 hae·

534 3674 661 3737 reticem
683 3672 864 3751 pravitatem
887 3668 1045 3746 generales
1066 3667 1277 3746 inquisitores,

534 3773 662 3848 Legatos
684 3782 808 3847 quoque
837 3765 875 3828 de
902 3765 1008 3838 latero,
1036 3773 1068 3826 et
1091 3763 1279 3842 ltpostolicae

534 3866 620 3932 Sedis
641 3863 784 3938 Nuntios,
807 3863 921 3924 aliosve
952 3863 1105 3942 quoslibet
1133 3879 1278 3942 quacum·

534 3975 594 4038 qne
614 3957 806 4031 auctoritate,
826 3963 977 4034 potestate
992 3964 1023 4019 et
1037 3956 1278 4035 praeeminentia

533 4053 702 4129 iungentes
723 4057 753 4112 et
775 4050 949 4124 iuncturos,
972 4049 1089 4111 sublata
1111 4049 1154 4110 eis
1176 4055 1207 4110 et
1227 4064 1278 4110 eo-

533 4162 606 4208 rum
626 4144 753 4208 cuilibet
780 4143 876 4208 aliter.
897 4143 1048 4206 iudicandi
1075 4149 1106 4205 et
1127 4143 1280 4221 interpre-

535 4242 619 4306 tandi
640 4239 794 4312 facultate,
818 4237 945 4300 iudicari
966 4245 997 4299 et
1016 4236 1139 4298 deliniri
1153 4235 1277 4312 debere,

534 4354 567 4400 ac
587 4335 713 4397 irritum
735 4339 766 4394 et
788 4331 894 4406 inane,
916 4331 941 4392 si
963 4346 1050 4392 secus
1081 4330 1241 4408 superbis
1263 4349 1278 4392 a

534 4443 688 4510 quoquam
704 4427 839 4489 scienter
855 4424 905 4488 vel
923 4426 1103 4502 ignoranter
1113 4425 1280 4502 contigerit

534 4521 689 4585 attentari.

575 4615 643 4678 Non
675 4613 867 4677 obstantibus
897 4613 1057 4691 quibusvis
1089 4613 1278 4691 apostolicis,

536 4717 566 4772 et
586 4705 862 4770 inuniversalibus
883 4705 949 4766 sive
971 4703 1208 4782 provincialibus
1229 4711 1280 4768 aut

535 4801 731 4878 synodalibus
752 4798 889 4862 conciliis
913 4799 1002 4860 editis
1024 4797 1219 4874 generalibus
1240 4800 1279 4861 si-

535 4913 574 4958 ve
594 4894 775 4972 specialibus
802 4893 1077 4956 constitutionibus
1102 4900 1133 4954 et
1159 4893 1280 4954 ordina-

537 4989 681 5062 tionibus,
703 4987 809 5050 edictis
831 5001 955 5064 quoque
981 4987 1125 5077 praedicti
1151 4985 1282 5064 inquisi-

536 5085 628 5148 tionis
649 5083 752 5157 ollicii,
770 5089 802 5144 et
823 5097 1093 5160 quorumcumque
1108 5081 1281 5146 Ordinario·

536 5194 618 5254 rum,
639 5179 731 5240 etiarn
749 5176 971 5254 Episcoporum
986 5182 1016 5237 et
1031 5175 1281 5254 Metropolitanu-

535 5287 618 5346 rum,
635 5271 798 5343 mandatis,
815 5267 912 5332 literis
928 5267 1129 5346 pastoralibus
1150 5268 1217 5329 sive
1231 5269 1283 5330 de-

536 5365 639 5440 cretis,
656 5380 713 5426 nec
735 5379 798 5425 non
816 5363 955 5424 eiusdem
971 5361 1074 5436 otlicii,
1090 5368 1121 5423 et
1136 5379 1282 5441 quarum·

449 5493 452 5500 ·
536 5474 670 5537 cumque
691 5455 888 5519 ecclesiarum
907 5454 1001 5516 etiam
1017 5453 1236 5532 episcopalium
1250 5463 1281 5516 et

536 5550 859 5630 metropolitanarum,
883 5554 913 5609 ot
942 5562 1212 5625 quorumcumque
1234 5564 1284 5608 or-

536 5643 657 5717 dinum,
679 5639 969 5718 congregationum,
988 5637 1177 5714 religionum
1190 5646 1222 5699 et
1237 5638 1283 5700 in·

535 5735 729 5810 stitutorum,
758 5734 852 5797 etiam
881 5731 1041 5795 Societatis
1070 5731 1148 5806 lesu,
1176 5731 1283 5793 aliisve

536 5827 709 5906 quibusvis,
725 5827 819 5889 etiam
841 5826 1027 5900 iuramento,
1047 5825 1282 5888 confirmatione

537 5919 711 5999 apostolica,
734 5921 783 5981 vel
799 5919 906 6000 quavis
927 5918 1074 5980 firmitate
1089 5917 1146 5979 alia
1160 5915 1283 5980 robora-

1060 537 1124 582 lun.
1149 538 1240 582 honr.
1265 539 1304 584 DE
1327 541 1355 584 P·
1380 540 1407 586 F·
1434 542 1516 586 PARS
1538 543 1559 586 l.

1338 660 1376 722 tis
1397 660 1529 738 statutis,
1556 661 1646 739 stilis,
1669 663 1775 726 usibus
1796 672 1827 727 et
1853 662 2084 728 consuetudini-

1337 755 1409 832 bus,
1432 755 1601 834 privilegiis
1624 772 1758 836 quoque,
1782 757 1912 822 indultis
1933 766 1964 822 et
1985 757 2082 820 literis

1337 848 1508 928 apostolicis
1523 849 1623 912 eidem
1636 851 1848 930 inquisitionis
1858 851 1969 928 officio,
1983 851 2081 914 illius·

1337 957 1397 1022 que
1419 941 1667 1022 inquisitoribus,
1697 943 1933 1020 Commissariis,
1956 944 2084 1023 aliisque

1337 1035 1525 1113 officialibus,
1543 1045 1610 1099 tum
1633 1038 1726 1099 etiam
1740 1037 1895 1114 Ecclesiis,
1912 1053 2083 1116 eorumque

1336 1128 1489 1206 praelatis,
1513 1129 1684 1206 ordinibus,
1711 1131 2014 1207 congregationibus,
2037 1131 2083 1192 in·

1336 1221 1464 1297 stitutis,
1487 1223 1693 1299 societatibus
1713 1223 1903 1303 illorumque
1916 1224 2082 1302 superiori·

1338 1314 1392 1375 bus
1413 1323 1445 1378 et
1466 1316 1606 1393 personis
1628 1317 1828 1396 quibuslibet,
1844 1317 1903 1379 sub
1923 1317 2083 1395 quibusvis

1336 1410 1504 1472 verborum
1526 1411 1682 1472 tenoribus
1698 1419 1728 1473 et
1743 1410 1866 1486 lormis;
1883 1417 1914 1474 et
1929 1425 2001 1474 cum
2016 1410 2082 1489 qui-

1338 1504 1529 1586 buscumque
1550 1509 1644 1571 etiam
1662 1505 1888 1582 efficacissimis,
1903 1513 1935 1569 et
1950 1505 2082 1570 insolitis

1336 1597 1603 1676 derogationibus
1633 1600 1777 1663 clausulis
1809 1608 1901 1679 atque
1933 1598 2080 1674 decretis,

1336 1693 1427 1755 etiarn
1450 1701 1549 1769 motu,
1567 1703 1597 1758 et
1615 1696 1796 1774 apostolicae
1811 1695 1969 1775 potestatis
1984 1694 2082 1773 pleni·

1338 1789 1445 1850 tudine
1475 1789 1639 1865 similibus,
1671 1805 1725 1851 seu
1756 1791 1792 1853 ad
1814 1804 2083 1868 quarumcumque

1336 1899 1553 1964 personarum,
1576 1887 1669 1949 etiam
1701 1885 1796 1963 regia,
1818 1885 1916 1946 aliave
1946 1883 2083 1963 qualibet

1336 1982 1492 2042 mundana
1524 1980 1574 2042 vel
1611 1979 1811 2042 ecclesiastica
1843 1985 1992 2057 potestate
2022 1977 2081 2039 ful-

1336 2075 1478 2152 gentium
1494 2074 1684 2148 instantiam,
1701 2072 1750 2134 vel
1765 2071 1837 2134 alias
1851 2070 2082 2150 quomodolibet

1337 2169 1822 2248 incontrariumpraemissorum
1833 2164 1994 2241 concessis,
2006 2180 2081 2227 con-

1337 2265 1464 2326 firmatis
1485 2271 1516 2326 et
1537 2263 1702 2326 innovatis.

1374 2357 1490 2433 Quibus
1512 2356 1656 2419 omnibus
1676 2364 1706 2420 et
1727 2355 1871 2434 singulis
1890 2353 2009 2415 etiarnsi
2024 2368 2079 2431 pro

1337 2451 1462 2513 illorum
1483 2449 1649 2513 sufficienti
1664 2449 1875 2526 derogatione,
1892 2449 1929 2510 de
1944 2446 2015 2522 illis,
2031 2463 2081 2508 eo·

1336 2559 1468 2622 rumque
1499 2543 1571 2606 totis
1602 2543 1761 2606 tenoribus
1791 2540 1928 2620 specialis
1950 2545 1982 2602 et
2001 2539 2082 2602 indi·

1336 2638 1439 2712 vidua,
1462 2653 1494 2698 ac
1515 2636 1553 2699 de
1575 2637 1670 2698 verbo
1684 2637 1719 2698 ad
1737 2635 1880 2710 verbum,
1897 2639 2080 2696 nouantem

1335 2748 1390 2811 per
1410 2731 1560 2793 clausulas
1581 2730 1740 2808 generales
1761 2730 1843 2792 idem
1866 2729 2078 2807 importantes,

1335 2825 1454 2887 mentio
1481 2842 1536 2887 seu
1565 2825 1692 2902 quaevis
1713 2823 1769 2885 alia
1791 2823 1946 2902 expressio
1966 2821 2082 2884 haben-

1335 2920 1383 2993 da,
1405 2925 1458 2981 aut
1485 2917 1542 2980 alia
1573 2917 1725 2996 exquisita
1756 2917 1854 2978 torma
1876 2917 1910 2978 ad
1939 2915 1997 2978 hoc
2017 2929 2080 2976 ser-

1335 3011 1432 3072 vanda
1461 3010 1552 3086 loret,
1577 3019 1700 3072 tenores
1730 3009 1900 3088 praedictos
1921 3023 1977 3087 pro
1997 3006 2082 3071 sudi·

1335 3106 1465 3180 cienter,
1488 3106 1577 3167 etde
1599 3104 1693 3166 verbo
1715 3103 1750 3166 ad
1772 3103 1904 3165 verbum
1929 3101 2081 3180 expressis

1336 3206 1366 3260 et
1387 3197 1524 3272 insertis,
1547 3197 1723 3276 formasque
1743 3197 1922 3262 huiusmodi
1944 3212 1999 3274 pro
2019 3195 2082 3274 ple-

1335 3306 1376 3352 ne
1397 3299 1427 3352 et
1447 3299 1554 3353 exacte
1571 3291 1740 3353 observatis
1761 3291 1921 3364 habentes,
1937 3291 1973 3352 ad
1995 3305 2080 3369 prae-

1335 3385 1501 3447 missorum
1517 3384 1674 3459 ellectum,
1691 3385 1744 3447 hac
1760 3385 1827 3448 vice
1842 3383 2000 3446 dumtaxat
2013 3397 2079 3462 spe·

1335 3476 1450 3539 cialiter
1471 3485 1501 3540 et
1523 3493 1667 3556 expresse
1687 3480 1881 3556 derogamus.

1376 3571 1526 3635 Volumus
1557 3581 1681 3646 autem,
1718 3579 1753 3634 ut
1784 3572 1962 3634 earumdem
1995 3587 2108 3677 prae·t

1333 3669 1470 3732 sentium
1494 3667 1707 3745 transumptis,
1730 3665 1795 3727 sive
1810 3664 1970 3742 exemplis
1988 3664 2081 3726 etiam

1336 3763 1502 3842 impressis,
1518 3776 1612 3824 manu
1628 3759 1740 3823 notarii
1756 3757 1870 3838 publici
1886 3758 2079 3836 subscriptis,

1334 3863 1366 3917 et
1386 3855 1489 3930 sigillo
1504 3868 1650 3932 personae
1667 3854 1699 3915 in
1715 3851 1917 3915 ecclesiastica
1931 3851 2081 3928 dignitate

1335 3951 1522 4014 constitutae
1553 3950 1696 4024 munitis,
1724 3949 1832 4011 eadem
1860 3963 1985 4025 prorsus
2007 3947 2081 4009 fides

1336 4045 1367 4106 in
1391 4043 1514 4117 iudicio,
1530 4050 1561 4104 et
1582 4049 1679 4117 extra,
1697 4041 1812 4120 ubique
1827 4040 1987 4114 habeatur,
2003 4055 2082 4118 quae

1335 4137 1532 4198 adhiberetur
1547 4135 1619 4214 ipsis
1634 4133 1858 4213 praesentibus,
1874 4132 2015 4194 silerent
2029 4147 2081 4194 ex-

1335 4232 1460 4305 hibitae,
1483 4229 1533 4292 vel
1554 4236 1705 4290 ostensae.

1375 4323 1459 4387 Nulli
1482 4338 1556 4399 ergo
1580 4321 1710 4384 omnino
1733 4321 1897 4382 hominum
1922 4320 2010 4383 liceat
2031 4336 2081 4400 pa-

1335 4420 1439 4496 ginam
1472 4419 1549 4478 hanc
1583 4422 1761 4477 nostrarum
1796 4412 2080 4488 condemnationis,

1335 4511 1574 4591 reprobationis,
1602 4507 1864 4582 confirmationis,
1894 4507 2080 4582 sanctionis,

1335 4601 1567 4684 prohibitionis,
1600 4600 1822 4674 ordinationis,
1855 4598 2080 4676 abrogationis,

1335 4696 1542 4774 derogationis
1569 4702 1600 4756 et
1628 4692 1797 4756 voluntatis
1825 4692 2009 4770 intringere,
2032 4692 2082 4754 vel

1335 4793 1364 4854 ei
1380 4809 1455 4854 ausu
1473 4788 1637 4852 temerario
1652 4787 1818 4848 contraire.
1843 4785 1874 4850 Si
1893 4786 1962 4865 quis
1977 4794 2082 4848 autem

1335 4884 1393 4946 hoe
1406 4889 1558 4946 attentare
1569 4879 1821 4959 praesumpserit,
1836 4876 2082 4956 indignationem

1336 4975 1556 5054 omnipotentis
1584 4973 1654 5052 Dei,
1687 4978 1718 5032 et
1747 4971 1908 5034 beatorum
1940 4969 2024 5033 Petri
2052 4980 2083 5034 et

1337 5072 1420 5134 Pauli
1444 5067 1662 5149 Apostolorum
1684 5065 1762 5140 eiuS,
1779 5080 1811 5127 se
1834 5065 1958 5128 noverit
1980 5065 2083 5128 incur·

1336 5181 1455 5228 surum.
1653 5213 1658 5222 .

1376 5259 1487 5320 Datum
1514 5254 1547 5317 in
1575 5255 1651 5316 Arce
1680 5249 1873 5329 Gandulphi,
1901 5251 2083 5314 bibonensis

1337 5352 1500 5424 dioecesis,
1534 5364 1617 5411 anno
1652 5343 1873 5408 incarnationis
1908 5345 2084 5408 llominieae

1338 5445 1502 5508 millesimo
1537 5437 1816 5520 septingentesimo
1850 5439 2084 5516 quadragesimo

1338 5549 1435 5614 sexto,
1458 5545 1570 5618 quarto
1591 5550 1688 5597 nonas
1710 5531 1801 5607 iunii,
1818 5533 2015 5612 pontificatus
2030 5551 2084 5595 no·

1338 5635 1393 5697 stri
1414 5649 1495 5695 anno
1517 5647 1559 5692 vr.

1596 5785 1834 5802 Ἦ

2112 525 2166 578 An.
2180 529 2209 580 C.
2230 531 2288 588 litu

2111 3577 2189 3623 Fides
2197 3576 2301 3640 habenda

2111 3637 2274 3688 rausumptrs.

2134 4323 2243 4370 Sanctio.
