4838 6982
114 1447 237 1502 Exempla
250 1459 316 1494 asso-

98 1506 160 1544 runt
183 1501 255 1547 Pauli
272 1505 315 1549 lll.

97 1557 124 1614 fet
141 1552 199 1599 falfi
211 1557 253 1600 ΙΙΙ.
270 1556 314 1610 (tui

97 1608 167 1650 utam
183 1610 316 1662 praestito·

98 1665 162 1706 runt
185 1662 216 1706 de
239 1663 315 1708 bonis

98 1713 231 1760 thelesiae.

967 585 1162 631 BENEDICTUS
1186 585 1247 628 xlv.

336 702 408 762 haec
429 709 574 782 concepta
589 703 693 778 verba,
711 705 823 783 quihus
838 703 938 768 utitur
952 702 1080 766 celebris

335 794 499 870 Fagnanus
518 796 550 856 ιιι
566 797 642 874 Cap.
657 782 967 860 aeromantiam
984 796 1026 858 ad
1036 794 1078 854 41

335 894 364 948 ct
385 889 558 966 praecipue
578 909 666 953 aum.
685 893 739 954 36.
765 892 809 956 Nc
824 891 934 952 clerici
956 888 1002 950 cel
1017 905 1079 950 mo·

334 979 431 1043 acciti
445 989 516 1056 etc,
534 990 695 1061 postquam
710 985 771 1046 iam
786 985 974 1064 expenderat
988 997 1080 1059 quae-

334 1077 469 1137 stionem
501 1076 601 1153 illem,
630 1094 669 1139 an
694 1077 837 1140 Pontifici
863 1078 905 1139 sit
935 1091 1078 1153 suprema

334 1173 457 1230 tantum
469 1169 706 1248 administratio,
723 1172 772 1232 vel
786 1171 889 1249 potius
904 1168 1078 1232 dominium

333 1260 583 1338 adiudicandum,
597 1274 628 1326 et
649 1265 681 1326 in
703 1265 932 1326 canonistarum
954 1268 1078 1323 senten-

335 1355 408 1416 tiam
430 1355 644 1419 inclinaverat.

373 1450 392 1523 ἐ
412 1450 442 1512 ὅ.
466 1451 549 1525 Quae
570 1469 662 1530 porro
676 1471 691 1514 a
707 1453 795 1516 nobis
818 1469 888 1514 mox
904 1469 993 1530 supra
1009 1465 1078 1528 pro·

334 1544 430 1620 posita
446 1553 491 1606 est
501 1548 676 1622 methodus,
689 1557 724 1608 ut
739 1547 890 1608 nimirum
907 1545 994 1607 bonis
1010 1559 1078 1604 ver·

333 1635 379 1696 bis
407 1645 614 1716 pertentetur,
638 1657 676 1702 an
699 1658 735 1704 ex
762 1640 999 1718 possessoribus,
1028 1638 1078 1698 bo·

333 1747 447 1794 norum
480 1750 547 1810 pars
568 1734 686 1812 aliqua,
709 1735 759 1796 vel
780 1735 890 1796 saltem
918 1732 1076 1793 fructuum

332 1827 508 1905 recuperari
531 1828 638 1906 possit,
668 1835 834 1906 antequam
858 1827 982 1888 illorum
1004 1840 1078 1886 con-

332 1920 571 1998 donatio,atque
582 1936 782 1983 censurarum
805 1920 953 1982 relaxatio
975 1917 1076 1979 indul-

333 2019 452 2088 geatur,
476 2029 538 2087 non
560 2013 660 2074 solum
683 2012 878 2088 ratione,sed
901 2018 931 2073 et
952 2011 1077 2090 praede-

332 2121 488 2168 cessorum
519 2115 697 2170 nostrorum
726 2107 877 2184 exemplis
899 2106 1076 2184 comproba·

331 2207 393 2261 tur.
417 2200 452 2261 ln
473 2201 629 2262 secretiori
650 2201 796 2264 Vaticano
812 2201 958 2264 Archivio
972 2213 1076 2277 preces

331 2294 504 2373 reperimus
528 2311 544 2354 a
567 2296 675 2357 Carolo
696 2295 732 2358 v.
756 2295 941 2374 lmperatore
964 2291 1076 2353 oblatas

331 2387 425 2450 Panlo
446 2387 494 2450 lll.
519 2391 743 2466 praedecessori
767 2398 884 2461 nostro,
898 2397 932 2449 ut
953 2387 1017 2464 ipse
1033 2386 1077 2447 le-

332 2482 420 2558 gatis,
433 2481 537 2559 siquos
550 2481 581 2542 in
594 2481 791 2544 Germaniam
806 2482 989 2558 ablegandos
1005 2497 1075 2542 cen-

329 2575 455 2646 suisset,
479 2575 697 2652 amplissimam
719 2576 831 2638 faceret
860 2575 1074 2636 auctoritatem

331 2669 522 2744 transigendi
543 2670 673 2744 cumiis,
689 2687 704 2730 a
720 2669 832 2747 quibus
853 2669 957 2728 invasa
981 2667 1075 2729 eccle·

329 2761 446 2822 siarum
460 2759 539 2822 hona
555 2762 791 2838 detinebantur,
815 2769 974 2838 propterea
985 2763 1072 2840 ‚quod

330 2871 439 2915 eorum
461 2855 728 2916 restituendorum
753 2871 830 2916 onus
857 2853 1074 2916 conversiones

330 2963 422 3025 quam
444 2948 579 3009 maxime
600 2955 631 3009 et
647 2948 911 3010 reconciliationes
928 2963 1000 3009 cum
1015 2947 1073 3008 Ro-

330 3056 420 3102 mana
442 3041 575 3102 Ecclesia
596 3051 815 3103 remoraretur.
841 3039 984 3102 Eiusdem
999 3055 1074 3117 qno-

330 3149 389 3212 que
411 3133 527 3195 consilii
558 3134 739 3196 invenimus
766 3142 906 3196 auctores
936 3133 1074 3195 extitisse

329 3225 505 3288 (lardinales
516 3225 550 3286 ad
567 3225 785 3288 Tridentinnm
799 3225 985 3299 Concilium,
997 3225 1073 3287 dum

330 3319 480 3380 Bononiae
510 3318 691 3392 haberetur,
714 3318 836 3395 Legati,
861 3320 893 3380 in
915 3335 976 3397 quo
1007 3335 1073 3380 sese

329 3412 539 3473 exhibuerunt
560 3412 773 3491 propensiores
796 3413 829 3472 in
851 3412 1072 3490 amplissimam

328 3521 482 3583 quamque
504 3505 680 3568 facultatem
708 3505 886 3567 absolvendi
907 3523 923 3565 a
949 3506 1073 3566 restitu-

329 3599 414 3660 tione
436 3599 590 3661 honorum
612 3599 821 3671 ecclesiarum,
844 3615 878 3660 ea
900 3615 953 3676 spe
975 3600 1070 3674 clucti,

327 3693 393 3755 fore
415 3702 449 3756 ut
475 3695 630 3771 apostolici
660 3694 796 3756 ministri
825 3693 1003 3756 huiusmodi
1026 3695 1072 3755 in·

327 3789 414 3850 (fulto
434 3790 590 3866 sapienter
603 3806 636 3850 ac
651 3789 807 3850 moderate
823 3796 997 3852 uterentur.
1016 3791 1072 3851 Do·

328 3884 423 3960 nique
445 3899 501 3944 nec
523 3882 613 3944 latuit
635 3899 691 3944 nos
716 3882 800 3944 Pauli
816 3882 864 3944 lll.
884 3883 1070 3945 constitutio

328 3976 385 4037 lata
402 3977 498 4054 pridie
515 3978 576 4038 lxal.
590 3978 773 4056 septembris
788 3992 946 4038 uoxxvur.
965 3977 994 4038 in
1012 3992 1069 4053 qua

328 4071 376 4132 hic
397 4071 536 4132 Pontifex
559 4071 703 4148 obtegens
717 4072 750 4132 in
765 4073 961 4134 Germaniam
985 4072 1070 4136 Nun-

327 4167 387 4227 cios
402 4167 586 4241 Eanensem,
600 4166 811 4228 veronensem
822 4173 853 4228 et
865 4168 1069 4229 Ferentinum

327 4258 502 4337 Episcopos,
518 4258 627 4320 iisdem
649 4258 809 4320 limitatam
827 4259 955 4321 indulsit
976 4259 1070 4322 facul·

327 4359 422 4414 tatem
452 4352 619 4428 trasigendi
642 4359 672 4414 et
693 4352 862 4430 paciscendi
892 4369 985 4430 super
1006 4351 1069 4414 fru-

326 4446 436 4519 ctibus,
449 4443 553 4508 fundis
566 4454 666 4508 tamen
684 4447 768 4524 prius
781 4447 941 4508 restitutis.
952 4446 1069 4508 Verum

325 4556 397 4602 cum
411 4555 555 4618 processu
571 4542 718 4618 temporis
729 4541 918 4619 experientia
933 4541 1069 4602 edocuis-

324 4643 381 4710 set,
395 4636 498 4711 magni
510 4634 670 4712 religionis
689 4635 849 4710 interesse,
866 4641 900 4696 ut
916 4636 990 4713 quid
1006 4652 1069 4696 am-

325 4728 404 4806 plius
420 4729 648 4805 indulgeretur,
667 4731 741 4790 dum
758 4730 869 4806 ingens
890 4736 1069 4791 excreverat

325 4823 669 4900 numeruseorum,qui
680 4822 829 4884 haeresim
840 4823 961 4884 eiurare
972 4824 1068 4886 detre

324 4917 459 4990 ctahant,
475 4918 595 4995 quoties
617 4916 718 4977 omnia
741 4917 791 4977 vel
814 4925 910 4978 ratam
930 4919 1068 4979 detento·

325 5025 396 5072 rum
428 5011 579 5071 honorum
607 5017 725 5087 partem
751 5011 916 5072 restituere
938 5010 1069 5072 fuissent

324 5103 431 5176 adacti,
455 5102 535 5165 nihil
558 5103 665 5163 morati
688 5111 762 5164 sunt
788 5103 918 5164 Romani
942 5103 1068 5166 Pontifi-

323 5212 384 5271 ces,
400 5196 477 5274 quin
492 5213 545 5257 sua
560 5197 740 5258 auctoritate
754 5197 786 5257 in
799 5195 962 5258 Germania
979 5206 1068 5259 uten-

324 5297 381 5364 tes,
397 5291 523 5368 provida
537 5289 720 5351 liberalitate
731 5290 834 5351 omnia
856 5291 1006 5352 (tonarent
1018 5292 1065 5366 iis,

324 5384 377 5462 qui
398 5384 526 5445 reduces
547 5384 579 5443 in
597 5383 722 5446 Sanctae
740 5382 889 5445 Ecclesiae
911 5384 1067 5459 gremium

323 5475 556 5552 confugiebant.
581 5476 642 5537 Nec
663 5492 750 5538 secus
772 5477 804 5536 in
825 5476 936 5552 anglia
953 5485 1067 5538 transa-

323 5577 369 5631 cta
391 5586 440 5631 res
461 5577 518 5645 est,
540 5586 612 5632 cum
634 5569 803 5632 cardinalis
824 5570 926 5645 Polus,
949 5571 1066 5646 Regina

323 5663 415 5725 Maria
447 5663 633 5741 imperante,
661 5665 696 5726 ad
725 5662 957 5725 instaurandam
989 5665 1064 5725 inibi

323 5755 506 5832 religionem
527 5757 726 5819 adlaboreret.
751 5756 892 5835 Namque
908 5757 1063 5819 luliuslll.

324 5849 464 5911 Pontifex
493 5851 627 5929 primum
655 5850 779 5928 quidem
808 5851 864 5929 ipsi
889 5850 1063 5912 facultatem

323 5943 475 6020 delegavit
495 5943 705 6032 conveniendi
723 5961 755 6005 ac
781 5944 972 6020 transigendi
992 5961 1064 6007 cum

1801 555 1859 618 565
1910 549 1964 604 An.
1978 551 2008 602 G.
2029 549 2099 604 1754

1136 701 1266 765 intrusis
1287 704 1319 765 in
1336 703 1487 766 Ecclesiae
1508 703 1598 778 bona,
1615 717 1707 780 super
1728 698 1879 761 fructibus

1136 794 1880 876 maleperceptis,moxveroauctoritatemtrans

1137 889 1240 965 igendi
1261 892 1298 952 de
1320 891 1391 968 ipsis
1412 906 1536 969 quoque
1556 889 1671 963 fundis,
1688 888 1810 950 eosdem
1832 885 1880 946 in·

1137 994 1222 1064 tegre
1235 990 1328 1050 etiam
1339 988 1544 1066 relinquendo
1555 982 1791 1064 possessoribus,
1805 996 1879 1059 quo-

1138 1083 1194 1144 ties
1217 1083 1367 1144 haeresim
1391 1081 1573 1154 eiurassent,
1589 1079 1635 1140 uti
1652 1078 1757 1138 videre
1779 1082 1878 1136 estex

1135 1175 1347 1252 superioribus
1369 1175 1481 1236 nostris
1510 1172 1621 1247 literis,
1643 1186 1718 1248 quas
1739 1170 1795 1230 hac
1817 1169 1878 1247 ipsa

1136 1266 1173 1328 de
1193 1284 1227 1328 re
1248 1267 1389 1330 dedimus
1403 1267 1438 1327 ad
1455 1275 1484 1328 te
1500 1266 1548 1329 die
1564 1281 1631 1326 xlx.
1646 1263 1761 1325 mensis
1775 1261 1877 1322 martii

1136 1377 1276 1424 quocun.
1294 1376 1326 1420 a.
1342 1361 1388 1422 26
1410 1369 1501 1439 atque
1516 1376 1548 1420 a.
1561 1359 1618 1430 28,
1642 1357 1730 1436 plura
1752 1356 1878 1431 insuper

1136 1453 1167 1514 in
1190 1453 1299 1515 iisdem
1313 1454 1425 1515 horum
1441 1453 1553 1518 similia
1568 1451 1709 1528 exexnpla
1730 1447 1877 1524 colligen-

1137 1556 1192 1608 tes.
1216 1547 1278 1608 Nec
1292 1548 1367 1609 illud
1384 1563 1508 1625 quoque
1523 1546 1665 1609 ducimus
1680 1551 1877 1621 praetereun-

1134 1638 1220 1714 dum,
1243 1642 1323 1717 quod
1347 1647 1414 1718 post
1435 1643 1518 1702 datas
1539 1638 1694 1717 proximas
1710 1636 1812 1696 literas
1834 1633 1878 1696 of-

1133 1731 1288 1796 fendimus
1309 1735 1342 1795 in
1363 1733 1573 1811 manuscripto
1589 1733 1620 1794 P.
1637 1729 1718 1794 Petri
1741 1730 1876 1806 Alagone

1134 1843 1150 1887 ι
1173 1827 1324 1888 societate
1351 1829 1417 1890 lesu
1444 1827 1609 1890 vaticanae
1638 1825 1783 1887 Basilicas
1803 1823 1876 1884 Poe·

1133 1919 1320 1997 nitentinrii3
1355 1928 1484 1982 testatur
1515 1921 1599 1982 enim
1632 1920 1708 1998 ipse,
1739 1918 1875 1991 suborta,

1135 2011 1295 2074 Clemente
1311 2013 1388 2075 lllll.
1405 2014 1554 2076 Pontihce
1568 2013 1712 2083 Maximo,
1724 2009 1876 2089 quaestio·

1133 2122 1185 2180 ne,
1196 2123 1234 2168 an
1250 2106 1357 2168 liceret
1368 2108 1524 2170 catholicis
1539 2122 1638 2168 amere
1649 2104 1689 2168 ab
1705 2103 1876 2166 haereticis
1895 2159 1990 2198 ererum
2015 2153 2106 2200 sarrae

1134 2203 1250 2271 terroe,
1272 2205 1303 2260 et
1326 2195 1404 2260 borea
1420 2217 1499 2277 qaae
1513 2201 1648 2280 [aercae
1669 2195 1876 2261 monasterio·
1895 2206 2076 2252 cornicantur.

1134 2309 1219 2364 ιιιιιι,
1241 2309 1359 2355 sacram
1382 2293 1654 2356 Paenitentiariam
1672 2291 1874 2369 rescripsisse,

1134 2384 1253 2446 iustam
1268 2403 1331 2446 asse
1346 2403 1477 2449 caueam
1492 2385 1698 2464 dispensandi
1713 2400 1768 2463 per
1785 2383 1875 2446 Sum-

1132 2495 1220 2540 mum
1236 2480 1439 2559 Pontificem:
1455 2495 1493 2541 ex
1509 2496 1569 2558 quo
1586 2479 1635 2540 illa
1651 2479 1789 2556 apprime
1804 2493 1874 2539 con-

1132 2575 1216 2650 gruit
1237 2574 1473 2648 animadversio,
1497 2573 1659 2647 nimirum,
1672 2572 1697 2633 si
1712 2573 1791 2635 iusta
1807 2588 1875 2649 pro·

1934 2101 1983 2144 Nec
1998 2110 2049 2144 non
2065 2099 2106 2146 do-

1131 2667 1226 2745 posita
1254 2684 1341 2728 causa
1375 2675 1473 2744 potest
1500 2666 1649 2729 Summus
1671 2663 1813 2726 Pontifex
1846 2663 1874 2724 id

1130 2761 1202 2821 dare
1223 2760 1383 2834 catholico,
1407 2768 1441 2820 ιιι
1470 2759 1669 2821 ecclesiastica
1693 2758 1771 2818 bona
1793 2765 1874 2819 emat

1130 2853 1167 2913 ab
1195 2853 1366 2927 haeretico,
1396 2868 1494 2930 aequo
1521 2851 1629 2913 saltem
1662 2852 1729 2911 iure
1760 2850 1874 2927 poterit

1130 2963 1263 3024 quoque,
1287 2947 1407 3023 quoties
1430 2946 1507 3006 iusta
1528 2944 1625 3007 subsit
1647 2941 1873 3018 ratio,feculta-

1130 3050 1193 3100 tem
1208 3039 1306 3100 facere
1322 3038 1469 3102 catholico
1490 3038 1546 3100 sibi
1569 3036 1698 3099 habendi
1715 3052 1765 3098 res
1778 3036 1873 3098 eccle-

1128 3133 1244 3194 siarum
1267 3140 1420 3211 coemptas
1441 3133 1478 3193 ab
1499 3131 1686 3194 infidelibus.

1136 3266 1139 3272 -
1168 3225 1187 3300 ἓ
1207 3226 1236 3286 6.
1251 3227 1398 3288 fatemur
1414 3240 1484 3285 mox
1501 3225 1870 3304 allatapreedccessorum
1917 3232 2006 3275 Parem
2024 3231 2103 3330 rago·

1129 3319 1267 3398 exempla
1289 3318 1324 3378 ad
1347 3335 1397 3380 eos
1418 3318 1545 3393 referri,
1575 3319 1628 3397 qui
1655 3317 1693 3378 ah
1720 3318 1872 3380 Ecclesiae
1891 3294 2103 3384 &bellilei

1129 3415 1247 3489 gremio
1268 3413 1402 3491 profugi,
1426 3413 1560 3474 reditum
1575 3412 1610 3474 ad
1626 3428 1682 3473 nos
1704 3411 1872 3473 molieban·
1890 3391 2103 3490 ffiffillnpglg'ssffi

1128 3513 1191 3581 tur,
1214 3521 1271 3566 nec
1292 3505 1374 3567 aliud
1397 3521 1448 3568 eos
1468 3505 1646 3568 morabatur
1667 3497 2102 3608 imlssdlffless·},¹1¹{,}3,¹,{⁰3ffgfil

1129 3606 1316 3675 tamquam
1337 3613 1416 3658 onius
1439 3598 1631 3673 restituendi,
1648 3613 1725 3676 quae
1746 3597 1797 3658 diu
1820 3596 1870 3658 oh·
1890 3605 1959 3704 ratres
1972 3604 2101 3662 adempte-

1129 3690 1302 3766 tinuerant,
1332 3693 1531 3754 ecclesiarum
1556 3695 1648 3756 bona:
1677 3693 1811 3756 fatemur
1832 3693 1871 3754 si·
1889 3663 1941 3758 iii?
1966 3669 2101 3705 removen-

1126 3785 1261 3862 militer,
1285 3802 1351 3848 rem
1377 3803 1461 3848 nunc
1489 3803 1555 3848 esse
1577 3788 1614 3850 de
1635 3788 1687 3863 iis,
1714 3789 1766 3866 qui
1798 3787 1871 3849 lic-et

1127 3877 1288 3941 nobiscum
1301 3881 1448 3953 sentiant,
1466 3881 1745 3958 pertimescendum
1767 3887 1870 3941 tamen

1127 3983 1183 4049 est,
1207 3991 1245 4036 ne
1267 3993 1282 4035 a
1305 3976 1455 4052 religione
1478 3977 1636 4048 deficiant,
1658 3976 1683 4035 si
1706 3992 1753 4036 res
1773 3977 1870 4036 eccle·

1126 4070 1254 4144 siarum,
1276 4069 1457 4148 fructusque
1479 4085 1597 4145 rerum,
1617 4085 1692 4146 quas
1715 4069 1870 4145 possident

1126 4165 1176 4226 vel
1191 4181 1207 4223 a
1222 4164 1328 4226 Turris
1350 4172 1478 4241 emptas,
1495 4165 1544 4224 vel
1566 4163 1776 4225 saevientibus
1797 4179 1870 4225 con-

1125 4261 1308 4323 citationum
1331 4261 1548 4339 bellorumque
1569 4261 1702 4322 aestibus
1718 4277 1732 4318 a
1748 4275 1780 4320 se
1798 4258 1868 4335 ipsis

1125 4360 1284 4433 occupatas
1296 4355 1460 4418 restituere
1470 4354 1643 4432 adigantur:
1658 4353 1792 4430 (fenique
1803 4367 1869 4429 pos-

1124 4454 1171 4508 set
1185 4457 1215 4510 et
1229 4449 1338 4527 aliquis
1358 4447 1568 4510 subtilioribus
1590 4448 1682 4509 nixus
1703 4461 1869 4523 argumen-

1127 4544 1162 4605 tis
1185 4545 1266 4606 inter
1287 4542 1415 4604 alteram
1438 4550 1469 4604 et
1489 4543 1616 4604 alteram
1641 4541 1711 4604 facti
1734 4543 1868 4619 speciem

1124 4641 1292 4702 discrimen
1321 4636 1444 4715 aliquod
1476 4636 1674 4711 adinvenire,
1701 4639 1782 4713 quod
1811 4637 1868 4714 ipsi

1125 4747 1250 4810 quoque
1282 4730 1443 4792 innuimus
1471 4730 1501 4791 in
1536 4729 1634 4791 literis
1661 4729 1695 4790 ad
1719 4737 1749 4790 te
1777 4730 1865 4803 datis,

1124 4828 1143 4901 ἓ
1166 4827 1212 4888 ιιι.
1238 4831 1381 4887 Attamen
1397 4841 1466 4886 cum
1483 4839 1538 4885 nos
1552 4823 1656 4886 omnia
1670 4838 1766 4901 aequa
1782 4825 1867 4884 lance

1124 4919 1351 4991 libraverimuS,
1373 4918 1552 4980 censuimus
1579 4928 1672 4996 atque
1693 4933 1866 4991 cerusemus,

1124 5014 1157 5075 in
1178 5029 1246 5076 rem
1267 5019 1460 5091 praesentem
1487 5012 1659 5074 faciendum
1681 5012 1807 5090 plurimi
1832 5012 1867 5072 ιι-

1125 5123 1244 5169 morem
1267 5106 1445 5184 apostasiae,
1469 5106 1501 5166 in
1522 5121 1614 5183 quom
1633 5106 1740 5183 'plures
1769 5106 1866 5182 prola-

1124 5201 1284 5273 herentur,
1301 5199 1326 5260 si
1348 5199 1447 5261 acrius
1469 5199 1622 5260 bonorum
1644 5200 1867 5276 fructuumque

1124 5293 1281 5355 restitutio
1306 5301 1484 5369 urgeretur.
1516 5292 1633 5353 ludios
1662 5292 1866 5370 conspicimus

1123 5386 1220 5446 veluti
1233 5385 1366 5446 emolliri
1379 5385 1516 5461 rigarent
1529 5400 1687 5446 sacrorum
1699 5400 1864 5459 canonum,

1123 5480 1252 5556 fierique
1279 5479 1433 5562 epicheiae
1454 5478 1574 5551 locum,
1597 5485 1689 5556 atque
1710 5477 1883 5554 dispensa--

1123 5573 1269 5648 tionibus
1292 5572 1473 5650 quibusdam
1495 5571 1527 5632 in
1550 5572 1653 5646 rebus,
1676 5587 1708 5634 ac
1730 5588 1866 5650 praeser-

1122 5667 1179 5726 tim
1202 5666 1233 5727 in
1256 5665 1551 5740 matrimonialibus,
1574 5666 1693 5744 quoties
1714 5666 1766 5743 qui
1789 5665 1865 5726 rela-

1121 5759 1278 5820 xationem
1301 5759 1376 5820 iuris
1397 5758 1583 5836 expostulat,
1606 5758 1768 5834 regionem
1783 5759 1866 5820 inco-

1120 5851 1161 5914 lat
1183 5852 1343 5912 haereticis
1366 5851 1537 5930 proximam
1559 5853 1608 5912 vel
1629 5852 1739 5913 prediis
1761 5851 1865 5914 haere·

1120 5945 1186 6006 ticis
1201 5944 1394 6018 obversetur,
1411 5953 1536 6024 propter
1551 5944 1707 6020 timorem,
1722 5960 1762 6005 ne
1776 5961 1864 6007 caeco
