4798 6978
89 571 137 619 An.
152 569 181 619 O.
204 567 275 619 1⁷57

84 889 287 946 ittprimo,quae

73 947 107 990 vis
121 944 185 989 insit
209 942 288 988 lacul-

73 997 167 1060 tatibus
183 997 288 1060 dispen-

70 1051 141 1099 sandr
155 1061 288 1113 concessis

71 1105 287 1154 missionarirsso

70 1163 123 1207 ciet.
141 1161 210 1204 lesu.

935 573 1131 620 aeunoicrus
1153 572 1217 616 x1v.
1774 541 1832 607 677
1882 539 1937 592 An.
1951 539 1981 592 c.
2003 539 2072 591 1757

305 703 397 777 atque
418 697 512 760 etiam
534 714 549 758 a
571 696 668 762 SStito
690 697 823 758 Domino
851 694 963 757 Nostro
984 692 1050 754 ieli-
1110 706 1212 770 neque
1233 691 1340 754 datum
1360 699 1407 752 est
1435 688 1652 764 missionariis,
1675 693 1711 750 ut
1731 683 1852 763 dispen-

305 791 382 852 citer
403 797 557 868 regnante
578 789 739 869 expeditis.

346 885 443 946 [lucto
472 884 575 962 itaque
597 884 698 959 initio,
721 885 806 946 iunia
836 883 1051 962 praestitutam

307 975 501 1051 methodum,
517 975 554 1036 ab
574 975 637 1054 ipsi
658 977 690 1037 vi
711 985 805 1052 atque
826 975 996 1037 substantii
1011 973 1052 1036 ia-

306 1069 457 1130 cultatum
486 1070 583 1148 quoad
611 1068 832 1147 impedimenta
861 1067 1051 1130 matrimonii

306 1178 539 1238 concessarum3
564 1178 662 1241 quum
684 1161 759 1224 alim
782 1161 907 1222 facultas
929 1161 1052 1239 amplis·

306 1257 386 1318 sime
407 1257 646 1336 protenderetur
660 1257 695 1318 ad
711 1257 814 1320 omnia
830 1257 1051 1335 impedimenta

305 1349 371 1410 sive
394 1351 504 1426 gradus
527 1367 590 1412 non
614 1351 727 1412 vetitos
748 1351 817 1412 iure
838 1349 955 1424 divine,
971 1365 1004 1411 ea
1020 1350 1053 1412 in

305 1442 566 1521 subsequentibus
588 1443 754 1521 pontificiis
776 1443 926 1504 Brevibus
941 1445 1054 1504 nonni·

250 1541 254 1547 '
306 1534 351 1596 bil
366 1535 499 1598 cohibita
514 1535 608 1599 luisse
625 1535 831 1612 dignoscitur:
849 1535 1054 1612 probibentur

87 2572 169 2625 Qualis
180 2583 236 2618 esse
249 2573 290 2619 de-

23 2673 24 2678 ,
77 2627 131 2672 beat
150 2637 240 2672 earum
259 2639 289 2673 u-

77 2692 115 2724 sus
135 2680 220 2734 quoad
245 2681 289 2726 in-

78 2739 172 2777 ternum
198 2737 289 2780 exter-

79 2797 164 2832 numve
176 2785 274 2833 lorum.

306 1643 442 1708 namque
474 1629 565 1690 modo
597 1628 781 1690 missionarii
813 1627 989 1707 dispensare
1019 1629 1054 1690 in

306 1723 410 1798 prima
426 1723 724 1800 consanguinitatis
739 1723 785 1783 aei
798 1721 969 1806 iaffiuitatis
981 1739 1054 1800 qra-

306 1814 349 1875 du
367 1813 423 1894 il),
437 1825 563 1894 excepto
576 1821 697 1877 tantum
709 1815 811 1892 priua
823 1815 940 1894 pracda,
954 1816 1053 1876 etiam

307 1916 413 1971 rectae
430 1909 543 1980 lineae,
560 1909 744 1988 affinitatis,
759 1926 798 1970 aa
815 1907 934 1970 illicita
950 1915 1059 1970 tanuen·

307 2001 420 2079 capula
435 2002 629 2064 resultantis
644 2004 698 2080 (ἓ).
723 2001 826 2081 Atque
841 2003 913 2064 baec
928 2002 1053 2080 quidem

309 2095 424 2169 omnia,
438 2097 473 2156 ad
494 2095 552 2156 hoc
568 2101 603 2156 ut
617 2095 721 2173 fideles
743 2095 989 2156 matrimonium
1006 2094 1054 2154 in-

308 2192 357 2248 ter
378 2203 410 2246 se
432 2186 702 2259 contactuque
726 2189 761 2248 in
782 2204 815 2248 ea
838 2186 934 2248 etiarn
955 2184 1054 2246 scicn-

309 2283 357 2340 ter
380 2287 545 2342 contracta
569 2296 731 2342 remunera
755 2281 879 2358 passini
905 2278 960 2358 (3).
984 2278 1055 2354 Qui-

308 2373 365 2434 bus
387 2373 489 2435 verbis
511 2379 574 2434 ‘tam
598 2374 672 2435 inita
686 2390 778 2451 quam
802 2373 933 2433 ineunda
950 2371 1057 2432 matri-

308 2466 411 2528 monia
433 2466 749 2542 comprehenduntur.

1107 785 1241 846 sationes
1262 783 1413 846 eiusmodi
1436 781 1616 859 indulgere,
1639 779 1851 857 concessisque

1107 880 1164 942 sibi
1187 893 1242 958 pra
1263 879 1329 942 loro
1358 889 1488 942 auterno
1506 876 1706 940 facultatibus
1734 873 1779 936 uti
1802 888 1853 932 va·

1108 975 1203 1048 leant,
1227 980 1443 1052 praeterquam
1465 972 1498 1033 in
1521 971 1556 1034 iis
1577 969 1663 1043 locis,
1686 967 1852 1046 inquibus

1109 1066 1189 1130 nulli
1210 1067 1322 1129 adsunt
1344 1059 1508 1140 Ordinarii,
1534 1064 1674 1144 Episcopi
1700 1062 1853 1126 nimirum

1108 1178 1162 1224 seu
1191 1175 1300 1223 eorum
1329 1157 1550 1235 Vicarii,·vel‚
1573 1158 1672 1235 siqui
1699 1158 1852 1231 existunt,

1108 1255 1188 1316 ultra
1213 1255 1285 1316 ditas
1300 1253 1424 1325 diaetas,
1442 1268 1505 1314 non
1520 1252 1626 1312 minus
1637 1251 1777 1312 ducentis
1788 1266 1855 1328 pas-

1107 1363 1201 1408 suum
1223 1346 1369 1420 nritlinus,
1393 1344 1465 1407 inde
1486 1344 1613 1422 absunt3
1636 1352 1700 1419 aut,
1720 1343 1746 1404 si
1768 1359 1854 1422 prae·

1108 1449 1211 1502 sentes
1233 1439 1345 1501 adsunt
1366 1439 1417 1502 vel
1439 1453 1549 1517 parum
1571 1437 1701 1510 distant,
1725 1453 1787 1498 non
1811 1444 1854 1497 ta-

1108 1549 1181 1594 men
1204 1549 1218 1618 a
1242 1533 1321 1596 Sede
1342 1532 1512 1611 Apostolici
1535 1531 1742 1608 impetrarunt
1760 1529 1853 1591 iacul-

1110 1628 1203 1688 tativa
1231 1626 1422 1706 dispensandi
1451 1625 1582 1700 indulta,
1608 1640 1686 1702 quae
1714 1623 1854 1700 patribus

1109 1721 1312 1782 missionariis
1333 1735 1474 1782 concessa
1498 1719 1700 1803 reperiuntur
1720 1717 1775 1796 (a).
1809 1716 1852 1779 Ad

1109 1813 1212 1876 lorarm
1234 1829 1327 1892 porra
1356 1813 1564 1876 conscientiae
1586 1818 1854 1889 tanturnsemper
1889 1825 1890 1830 ¹

1108 1908 1240 1968 cohibita
1262 1916 1387 1986 apparet
1410 1908 1523 1969 tributa
1539 1904 1853 1983 lacultastlispensau·

1109 1999 1138 2060 di
1161 2001 1195 2062 in
1216 2001 1320 2078 priano
1341 1999 1447 2078 prada
1470 2005 1575 2060 rectcc
1597 1998 1700 2060 lineae
1714 1998 1854 2078 affirrita·

1111 2093 1152 2153 tis
1175 2091 1351 2170 accopulat
1380 2091 1502 2154 illicitat
1524 2091 1739 2161 resultantis,
1762 2105 1855 2168 super

1109 2201 1169 2263 qua
1192 2185 1414 2263 impedimento
1436 2186 1610 2264 dispensare
1626 2184 1854 2263 permittuntur

1110 2278 1144 2338 in
1166 2279 1311 2352 occultis,
1337 2283 1367 2340 ct
1390 2280 1424 2340 in
1447 2281 1516 2358 [aaa
1543 2279 1756 2339 conscientiae
1784 2283 1855 2338 tan·

1110 2379 1190 2442 turn,
1214 2389 1251 2432 ac
1273 2371 1463 2454 carpentibus
1486 2371 1584 2434 iustis
1607 2371 1714 2433 causis
1735 2368 1791 2449 (5).

1149 2466 1227 2527 Hinc
1250 2468 1437 2530 transeundo
1459 2466 1493 2526 ad
1516 2481 1671 2546 personas,
1695 2481 1766 2526 cum
1788 2464 1854 2543 qui·
1874 2476 2087 2585 pegggnnpgrgpss·

348 2560 529 2621 Proximum
552 2568 609 2634 est,
626 2568 660 2623 ut
675 2559 713 2620 de
733 2543 940 2637 praelatarum
963 2557 1056 2620 lacul·
1109 2561 1164 2621 lius
1186 2560 1384 2636 missionarii,
1406 2560 1473 2620 sive
1494 2575 1549 2638 pro
1565 2559 1770 2621 conscientiae
1790 2559 1853 2620 sive
1873 2593 2003 2640 pensare
2025 2593 2086 2641 ρος.

310 2661 407 2714 tatum
435 2669 493 2714 usu
522 2655 620 2730 quoad
651 2654 814 2716 internum
846 2661 1054 2714 alternumve
1109 2668 1165 2730 pro
1185 2652 1414 2726 iudicialium,
1433 2653 1517 2715 iuxta
1538 2651 1854 2732 praemissadispen-
1873 2638 1932 2683 ⁵¹¹⁸·
1968 2678 1972 2686 ·

308 2747 410 2808 lorum
431 2747 583 2810 videatur.
608 2746 694 2808 Licet
716 2753 821 2810 autem
843 2744 1000 2807 facultates
1022 2746 1055 2806 in

307 2839 461 2917 prioribus
483 2838 612 2901 indultis
634 2853 793 2901 concessae
809 2840 843 2900 ad
866 2837 967 2898 iorum
984 2853 1055 2900 con·

306 2933 452 2995 scientiae
474 2933 633 2994 restrictae
655 2939 771 3007 essent,
786 2933 818 2993 in
834 2932 1056 3011 posterioribus
1081 2976 1083 2987 .

309 3032 412 3087 tamen
434 3025 683 3087 concessionibus
698 3026 733 3086 ad
748 3032 917 3087 externum
932 3041 1055 3102 quaque
1110 3023 1190 3085 bartns
1206 3023 1423 3098 resolutiones,
1436 3040 1499 3086 non
1515 3023 1616 3086 solum
1632 3025 1855 3101 intelliguntur

307 3117 411 3195 larum
433 3118 596 3197 ampliatae
617 3118 871 3196 conspiciuntur3
894 3119 928 3178 ei
952 3125 1054 3178 tamen
1111 3117 1130 3177 ii
1152 3117 1204 3195 qui
1226 3117 1318 3194 paulo
1340 3123 1409 3178 ante
1433 3117 1620 3194 baptismum
1640 3124 1854 3196 susceperunt,

308 3212 376 3288 lege
397 3212 523 3286 adiecti,
548 3218 582 3272 ut
604 3212 718 3290 quibus
740 3214 772 3273 in
795 3210 868 3272 locis
891 3211 1057 3288 reperiun-
1109 3209 1161 3270 sed
1183 3211 1277 3270 etiam
1300 3225 1409 3271 eorum
1431 3210 1497 3284 lilii,
1514 3211 1659 3289 quamvis
1681 3211 1712 3272 in
1727 3211 1857 3274 inlantia

309 3313 359 3367 tur
387 3305 540 3370 Ortlinarii
568 3305 690 3366 easdem
714 3305 863 3366 babentes
897 3303 1055 3366 facultates

307 3399 343 3460 ab
364 3397 536 3477 Apostolici
557 3395 633 3458 Sede
655 3398 714 3458 sibi
730 3399 768 3459 de
784 3413 871 3458 mare
885 3413 1054 3471 concessae,

239 3499 243 3509 '
307 3493 358 3555 vel
380 3493 492 3555 absunt
513 3491 654 3554 ducentis
675 3490 784 3553 saltem
795 3506 943 3568 passuum
963 3490 1055 3552 milli-

308 3591 378 3665 bus,
409 3596 567 3668 nequeant
593 3589 753 3652 societatis
781 3589 968 3651 missionarii
990 3591 1053 3651 suis

307 3683 353 3744 uti
375 3683 568 3745 lacultatibus
595 3698 651 3760 pra
673 3681 739 3744 lora
761 3689 902 3744 externo.
927 3682 1055 3745 Ordina-

1081 3298 1083 3342 !

1109 2761 1176 2807 sare
1208 2753 1352 2824 possunt,
1383 2745 1537 2824 Neophyti
1565 2748 1692 2824 quidem
1715 2745 1746 2805 hi
1767 2753 1852 2806 sunt.

1110 2837 1347 2916 Neophytorum
1376 2847 1479 2901 autem
1503 2839 1717 2918 appellatione,
1744 2855 1855 2902 secun·

1109 2930 1182 2994 ilum
1201 2933 1297 2992 editas
1312 2938 1342 2992 et
1357 2948 1373 2991 a
1387 2932 1518 2992 summis
1534 2932 1735 2994 Pontificibus
1749 2948 1855 3011 appro-

1112 3303 1254 3381 baptizatl
1277 3302 1406 3377 inerint,
1423 3320 1456 3363 ac
1471 3303 1599 3380 insuper
1615 3303 1647 3378 ii,
1660 3304 1714 3380 qui
1728 3319 1767 3364 eu
1784 3303 1856 3364 indo

1111 3397 1269 3474 neaplryto
1291 3403 1322 3457 et
1344 3413 1382 3457 ex
1404 3398 1536 3460 muliere
1558 3417 1721 3480 europaea,
1744 3404 1795 3466 rel
1817 3421 1855 3466 eu

1109 3507 1263 3570 europaeo
1285 3493 1353 3554 vira
1375 3504 1406 3555 et
1423 3495 1521 3557 indicii
1544 3496 1676 3558 muliere
1698 3507 1772 3560 sunt
1786 3513 1856 3576 pra·

1111 3584 1221 3660 geniti,
1251 3585 1382 3666 ideoque
1413 3589 1514 3650 minti
1535 3605 1589 3652 seu
1611 3590 1747 3652 mistitii
1775 3592 1856 3653 voci-

1113 3688 1229 3742 tantur.
1256 3683 1356 3760 Atque
1376 3684 1435 3744 hae
1455 3691 1529 3746 sunt
1551 3687 1680 3747 omnino
1695 3701 1856 3765 personae,

307 3776 360 3836 riis
381 3776 500 3838 etenim
522 3782 677 3836 reservata
692 3783 737 3836 est
760 3776 913 3852 privativa
929 3776 1056 3838 facultas
1082 3745 1084 3869 l
1111 3790 1182 3837 cum
1204 3776 1316 3853 quibus
1338 3777 1514 3854 dispensare
1544 3785 1672 3856 possunt
1697 3780 1857 3841 missiona-

307 3869 1053 3946 dispensandiinetteriariscuiudicialil01u3
1082 3878 1084 3943 t
1112 3868 1148 3928 rii
1169 3869 1232 3950 (ti);
1257 3871 1419 3933 interdicti
1443 3872 1513 3950 ipsis
1539 3889 1735 3951 quacumque
1763 3873 1857 3934 iacul-

347 4087 377 4142 (1)
394 4091 428 4130 in
442 4098 609 4141 quaecamque
622 4099 670 4132 seia
685 4089 829 4140 qaciausais,
846 4099 903 4131 nan
920 4092 1011 4132 tamen
1025 4091 1054 4131 in

303 4159 403 4208 prima,
415 4159 659 4207 cansarapacinitutis
669 4160 710 4199 uei
721 4159 857 4210 affinitatis
867 4159 1003 4208 aradibus.
1015 4159 1055 4202 tta

306 4221 404 4278 legitur
418 4220 445 4266 in
459 4223 536 4266 Brevi
550 4233 604 4267 san.
617 4233 692 4268 mem.
705 4222 846 4268 Alexandri
856 4226 900 4268 PP.
911 4227 974 4269 vtil.
985 4225 1054 4280 quod

307 4289 399 4346 incipit
414 4295 578 4334 Animarum
591 4293 687 4334 salacia:
701 4291 771 4346 quod
784 4293 824 4334 eet
834 4288 861 4335 in
873 4292 919 4336 vol.
932 4295 961 4336 11.
973 4291 1053 4336 buius

306 4357 401 4413 operis,
417 4368 474 4414 pag.
491 4359 536 4400 llil.

347 4424 377 4480 (2)
393 4428 530 4477 inprime
550 4427 640 4476 pradia
661 4429 741 4484 etiam
763 4431 848 4469 rectae
869 4429 954 4469 tineae
967 4437 1002 4468 ea
1016 4436 1055 4468 co-
1079 4442 1082 4463 ι

305 4489 373 4545 putei
394 4489 486 4538 illicitat
506 4496 670 4536 resaaitantis.
692 4494 760 4536 ilaec
781 4495 845 4536 sunt
865 4492 945 4537 verba
965 4491 1054 4538 Brevis

307 4571 361 4606 san.
378 4570 454 4604 mem.
471 4559 612 4604 Clementis
633 4561 677 4603 PP.
692 4561 745 4604 Xil.
767 4559 836 4616 quod
856 4559 963 4616 iucipil;
987 4563 1054 4604 dum

307 4630 428 4671 dudum:
442 4627 468 4670 et
483 4627 524 4670 eet
539 4624 566 4670 in
580 4625 631 4670 vol.
646 4629 675 4670 11.
693 4625 773 4671 huius
788 4637 837 4682 op,
852 4637 910 4683 pag.
926 4629 972 4672 453.

347 4693 377 4748 iil
397 4697 425 4738 Ut
440 4697 647 4736 ›matrimonium
662 4690 732 4736 in'ter
745 4705 773 4737 se
786 4696 951 4741 contradere,
963 4705 1010 4736 seu
1026 4697 1054 4738 in

307 4772 335 4804 ea
349 4765 430 4820 etiam
443 4763 556 4804 scurater
574 4765 709 4804 carctracta
723 4773 865 4804 remanere
886 4765 999 4805 cadant.
1015 4763 1055 4806 Ita

306 4827 406 4884 legitur
421 4828 448 4872 in
462 4828 588 4872 Brevibus
603 4837 769 4874 summorum
781 4828 936 4873 Pontificum
948 4827 1055 4873 Alexan-

306 4895 348 4940 dri
363 4897 435 4950 vlit,
450 4893 592 4940 elementis
606 4897 659 4940 xtl.
675 4897 700 4940 et
715 4894 837 4940 aliorum.

297 4972 301 4979 ·
347 4963 378 5019 (il
394 4967 536 5008 Praeterea
549 4967 668 5007 eicasdem
682 4966 815 5008 sacietatis
831 4967 890 5008 lesu
903 4968 1056 5016 praetracta-

307 5035 383 5080 tibias,
400 5036 440 5074 vet
454 5034 486 5074 ab
500 5034 537 5076 ets
552 5034 715 5082 deputandis
731 5033 903 5082 preceptoras,
920 5042 983 5074 cunc
996 5043 1056 5088 raea-

304 5102 396 5152 pirum
406 5102 616 5152 prouinciarum
628 5102 770 5151 utriusque
780 5102 874 5143 Indiae
883 5103 1056 5152 aliarumque

308 5169 392 5210 arratis
409 5169 503 5210 Oceani
524 5169 674 5216 reptandum.
692 5169 721 5209 in
736 5169 832 5218 arciacas
852 5169 923 5209 inter
937 5168 1055 5218 infideles

306 5237 394 5286 fideus
407 5237 536 5280 emutilant.
553 5236 577 5275 et
592 5244 648 5277 nan
666 5235 767 5276 aderant
788 5235 927 5276 ordinarii
941 5236 1055 5276 similem

306 5305 461 5350 faciaitatem
474 5303 604 5348 babentes,
618 5304 657 5344 aei
667 5303 742 5344 ultra
751 5303 821 5344 draus·
830 5303 914 5344 dietas
923 5304 1052 5349 cristiani,

308 5372 336 5412 in
350 5379 519 5420 quaecamque
532 5379 579 5411 seca
591 5370 736 5420 qaatbusais,
749 5372 904 5412 nontamen
915 5371 1051 5420 inprime.

307 5439 550 5487 consanctaireiiatts
569 5439 608 5479 aei
622 5438 759 5488 affinitatis
778 5437 915 5486 aradibus,
932 5439 973 5478 vet
986 5438 1054 5479 alias

307 5506 456 5546 coniunctis
477 5514 524 5545 seu
542 5514 570 5546 se
589 5503 771 5549 attinentibus,
796 5505 828 5544 ut
847 5505 1054 5546 Matrimonium

307 5573 378 5613 inter
390 5581 418 5612 se
432 5571 596 5616 contrahere,
613 5580 660 5612 seca
681 5573 711 5612 in
725 5580 754 5612 ea
768 5572 849 5612 ettam
869 5573 982 5612 scienter
995 5581 1054 5614 aan-

1108 4093 1231 4137 remotas,
1254 4093 1468 4142 prouincialibus
1491 4095 1515 4134 et
1538 4093 1673 4143 depietatis
1693 4092 1858 4142 presbyteris

1105 4161 1250 4208 praedietis
1271 4169 1334 4202 alirn
1353 4162 1450 4202 eisdem
1471 4161 1620 4211 decapitatis,
1646 4170 1701 4202 nan
1723 4162 1813 4202 tuanen
1828 4161 1858 4202 in

1105 4228 1198 4276 primo
1211 4229 1309 4275 pradia,
1326 4229 1356 4269 tn
1371 4231 1485 4278 utroque
1498 4229 1557 4276 soro
1572 4229 1657 4278 pratis
1671 4228 1855 4279 dispertiendi.

1108 4287 1148 4335 lta
1156 4290 1257 4346 legitur
1268 4291 1294 4336 in
1304 4291 1386 4338 citato
1396 4293 1472 4338 Brevi
1483 4303 1539 4338 san.
1552 4302 1628 4338 mem.
1639 4292 1781 4338 Alexandri
1794 4295 1857 4337 vm.

1108 4364 1120 4406 ἓ
1134 4361 1156 4412 9,
1171 4363 1197 4402 et
1211 4359 1239 4402 in
1253 4359 1335 4404 citato
1344 4359 1420 4404 Brevi
1431 4371 1486 4405 san.
1497 4370 1574 4405 mem.
1587 4360 1857 4414 ClementisX11.,it.

1149 4426 1179 4480 lo)
1197 4429 1264 4470 deiru
1274 4431 1371 4471 medem
1382 4430 1523 4479 neapiaptts
1533 4431 1562 4471 in
1569 4421 1662 4481 prima
1669 4431 1767 4480 aradii,
1776 4431 1858 4471 attam

1109 4498 1193 4536 reatae
1208 4499 1300 4543 tincae,
1316 4498 1454 4548 affinitatis
1468 4506 1503 4537 aa
1516 4492 1614 4548 capuia'
1624 4493 1717 4539 illicitat
1726 4499 1859 4539 resultan-

1108 4563 1141 4604 tis
1155 4573 1183 4603 se
1196 4565 1378 4610 allicientibus,
1396 4568 1426 4606 ut
1441 4565 1649 4607 matrimonium
1668 4574 1773 4616 quaque
1787 4567 1859 4606 inter

1108 4640 1135 4670 se
1148 4632 1313 4678 contrahere,
1331 4641 1378 4679 sera
1400 4634 1429 4674 in
1444 4642 1473 4674 eo
1487 4634 1568 4674 etiam
1588 4635 1702 4674 scienter⁴
1722 4635 1858 4675 carctraata

1108 4707 1250 4740 reinduere
1268 4701 1393 4740 similiter
1413 4701 1528 4744 uacuam,
1546 4701 1574 4741 ln
1594 4701 1701 4741 accaettis
1720 4703 1818 4744 turonen,
1835 4701 1859 4740 et

1109 4766 1138 4805 in
1153 4767 1212 4812 (ara
1230 4767 1404 4808 carasaientiae
1427 4769 1542 4812 turritan.
1560 4775 1590 4808 aa
1605 4767 1763 4816 rar-pentibus
1781 4768 1859 4808 itastis

1109 4835 1205 4882 caricis,
1222 4835 1308 4882 pratis
1320 4836 1410 4876 tarcian
1421 4835 1604 4884 dispertiendi.
1617 4834 1683 4876 Sunt
1693 4831 1772 4876 verba
1783 4830 1859 4876 citati

1110 4897 1198 4942 Brevis
1213 4909 1268 4944 san.
1284 4909 1362 4942 mem.
1381 4897 1524 4943 Clementis
1537 4901 1590 4942 xli.
1606 4905 1619 4948 s
1633 4899 1735 4955 pariter
1748 4900 1769 4943 2.

1150 4965 1179 5020 iti)
1196 4968 1226 5009 lit
1240 4970 1363 5018 insuper,
1378 4970 1443 5018 quita
1457 4978 1474 5010 a
1488 4969 1630 5010 nonnaailis
1645 4969 1797 5010 dubitatum
1811 4976 1858 5008 scu

1108 5035 1271 5076 haesitatum
1290 5035 1351 5082 sarit.
1368 5045 1405 5077 arc
1420 5043 1511 5077 omnes
1532 5036 1675 5084 indicanda
1693 5037 1806 5078 iliarum
1821 5044 1859 5075 ra-

1108 5103 1221 5150 pianum
1236 5103 1348 5144 urinandi
1362 5105 1386 5142 et
1402 5103 1550 5148 naturales,
1562 5104 1586 5143 et
1596 5102 1810 5144 carisaanarum
1821 5104 1860 5143 tn-

1109 5169 1274 5217 dipenarum
1292 5170 1373 5210 eitam
1388 5169 1589 5218 baptisatorum
1609 5169 1666 5218 sitii,
1683 5170 1763 5210 etiam
1778 5170 1807 5210 in
1821 5177 1860 5209 aa·

1109 5244 1176 5278 ram
1198 5229 1316 5283 intrantia
1338 5235 1475 5285 neptunu,
1500 5237 1560 5276 taire
1579 5226 1860 5289 neapnvci'appeuart

1106 5303 1220 5352 possint,
1238 5303 1335 5343 idcirco
1350 5304 1441 5342 tenore
1455 5302 1612 5342 earaamdem
1622 5303 1809 5352 praesentium
1819 5303 1860 5343 de-

1108 5369 1246 5410 cernimus
1260 5370 1284 5410 et
1298 5369 1476 5414 maturamus,
1494 5377 1586 5410 amnes
1605 5369 1737 5410 oriundas
1750 5377 1798 5409 seu
1814 5377 1859 5410 aa·

1109 5437 1211 5494 turtum
1225 5436 1448 5486 supradictarum
1471 5436 1595 5476 ocnriium
1610 5437 1665 5477 tam
1682 5435 1860 5477 Orientalium

1109 5512 1193 5552 qraam
1209 5503 1417 5544 occidentalium
1428 5504 1561 5552 pariturae.
1579 5503 1632 5543 iana
1647 5503 1752 5544 etiamsi
1762 5503 1860 5544 Aethio·

1106 5579 1162 5619 pes,
1180 5571 1320 5619 Anpatani.
1339 5571 1378 5610 uel
1392 5571 1554 5619 quorumvis
1568 5569 1690 5610 aliarum
1700 5571 1860 5610 transnatari-

307 5641 391 5680 tracta
405 5647 546 5680 remanere
559 5639 673 5682 acuunt,
690 5639 720 5678 in
733 5639 793 5685 sara
809 5639 983 5680 conscientiae
997 5640 1055 5679 tan·
1110 5645 1213 5680 narum
1234 5639 1384 5687 reptantem,
1408 5637 1513 5678 etiamad
1534 5636 1749 5678 christianarum
1762 5637 1819 5687 filii,
1836 5640 1860 5678 et

307 5708 373 5752 tum,
389 5706 475 5755 pratis
489 5708 579 5746 tanuen
594 5706 781 5764 disparuerat&
791 5707 814 5745 ei
824 5707 939 5755 trasaapar
949 5705 1051 5750 ibidem,
1110 5699 1271 5752 triturantia
1292 5705 1428 5754 capitanea,
1452 5705 1492 5744 ¹asi
1510 5705 1591 5744 etiam
1613 5705 1684 5745 inter
1702 5712 1730 5743 aa
1745 5705 1783 5744 uel
1797 5713 1859 5745 cunc

308 5771 428 5814 iocorum
440 5771 591 5812 ordinariis
605 5773 650 5812 etc.
665 5773 745 5812 eiiam
760 5773 787 5812 in
804 5771 1009 5818 ttaaiiciaiisara:
1024 5772 1054 5812 tn
1110 5772 1257 5821 Europaeis
1278 5772 1386 5812 nutatim
1405 5771 1542 5820 praaentti
1562 5771 1617 5810 sint
1634 5771 1669 5812 ait
1683 5771 1859 5812 concessionis

307 5839 418 5888 reliquis
432 5839 522 5878 atatem
533 5839 683 5888 prouinciis
694 5838 827 5890 praefatis
843 5839 1054 5880 Ordinamarnm
1080 5859 1082 5933 4
1107 5837 1264 5878 brairasncadi
1277 5838 1405 5887 affectum,
1422 5837 1860 5890 essaeiinteilipidebereneapbp·

304 5898 460 5956 praesentia
480 5906 619 5951 destitutis.
637 5907 677 5946 aei
694 5906 726 5946 ab
740 5907 777 5946 eis
792 5907 866 5947 cultra
887 5906 957 5948 duas
971 5906 1054 5947 dietas
1080 5944 1082 5957 ,
1109 5908 1182 5946 tos...
1200 5905 1363 5954 Qcainetiam
1378 5905 1487 5954 quiade
1502 5905 1859 5955 antuttrnprapenitts,quas

304 5972 465 6023 praedictas,
482 5980 539 6014 nan
553 5973 645 6013 miritis
660 5973 781 6014 elucentis
793 5972 911 6014 millibus
917 5980 1054 6021 passuum
1080 5960 1083 5977 '
1110 5969 1205 6014 rnixios
1222 5973 1323 6016 uacant,
1340 5973 1430 6014 artatus
1445 5971 1559 6014 dubium
1569 5973 1727 6022 campiniam.
1740 5980 1804 6014 cum
1813 5975 1859 6014 eia·
