4708 6978
364 577 463 649 lac.
483 581 552 648 irat
602 578 661 658 :tlt

582 731 817 796 catechumenos
837 728 998 805 collocare,
1015 728 1068 793 ubi
1084 729 1202 793 tamdiu
1223 743 1324 792 versa-

581 827 683 902 bitur,
713 823 861 905 quamdiu
893 840 1016 888 neeesse
1045 824 1122 900 erit,
1156 824 1324 887 dummodo

581 921 782 1000 quadraginta
808 920 931 984 dierum
956 920 1088 1000 spatium
1114 934 1177 981 non
1198 934 1325 998 supere·

582 1022 652 1092 tur;
675 1014 754 1076 inira
777 1013 862 1076 enim
877 1014 932 1075 lres
947 1013 1063 1076 limites
1077 1013 1244 1091 procedere
1259 1012 1324 1074 abs·

575 1113 643 1186 'que
662 1105 755 1170 dubio
767 1114 913 1186 putamus
923 1107 1094 1185 supradicta
1109 1107 1230 1168 decreta
1245 1121 1323 1183 quae

580 1200 708 1263 initium
729 1201 844 1264 babent
864 1201 901 1262 ab
921 1215 1003 1262 anno
1025 1215 1187 1262 nnccxuv.

618 1293 707 1370 §lb
741 1294 825 1357 lnter
856 1295 1026 1358 Cassiederi
1058 1295 1200 1375 epistolas
1230 1295 1323 1372 Regis

580 1387 763 1450 Theoderici
784 1388 911 1451 nemine
926 1395 1072 1464 exaratas,
1088 1389 1217 1468 septima
1231 1403 1322 1468 supra

578 1480 771 1558 trigesimam
781 1481 815 1542 ad
825 1479 1322 1546 bebraeosbledielanensestrans-

579 1575 670 1637 missa
691 1574 761 1651 luit,
786 1575 818 1636 in
840 1592 899 1654 qua
920 1576 957 1637 iis
977 1575 1184 1652 significatur,
1201 1575 1258 1637 bec
1272 1576 1324 1637 de·

579 1678 700 1731 eretum
728 1666 834 1744 luisse,
858 1669 939 1748 qued
968 1669 1122 1732 nimirum
1144 1666 1256 1730 nelina
1277 1683 1321 1729 aa·

579 1761 792 1835 clesiasticns,
809 1779 888 1840 qaae
909 1763 1094 1844 synagogae
1107 1769 1231 1826 cestrae
1245 1763 1321 1826 inre

580 1861 775 1934 conpetant,
798 1855 954 1920 nieleratio
980 1857 1193 1920 intercedente
1213 1872 1323 1935 perna·

577 1941 648 2022 'dat
665 1965 721 2010 ncc
735 1950 851 2012 eastris
865 1967 896 2010 sa
911 1951 1018 2013 caesis
1034 1951 1221 2029 importuna
1236 1967 1322 2012 acer·

579 2041 896 2121 bitoteperrniseeat,
912 2044 964 2106 sed
979 2049 1018 2106 nt
1033 2043 1200 2124 religionis
1215 2044 1320 2114 enlin,

555 2163 558 2172 ¹
579 2135 628 2198 ita
650 2141 680 2197 et
695 2141 829 2200 aetnam
843 2135 910 2199 sint
926 2139 1163 2200 ceneersatiene
1177 2137 1320 2200 disereti.

579 2229 618 2291 Et
639 2230 697 2292 bec
718 2229 800 2292 idem
821 2247 877 2293 nes
891 2232 1038 2293 hactenus
1060 2230 1159 2293 lacere
1180 2247 1323 2310 precura-

579 2324 694 2385 vimus.
712 2323 826 2386 Eadem
842 2331 998 2403 praeterea
1013 2324 1142 2402 epistola
1154 2324 1322 2386 admonen-

578 2425 631 2478 tur
652 2417 763 2493 iudaei,
787 2433 828 2480 ne
849 2418 963 2495 ingrati
984 2419 1058 2492 sint,
1081 2417 1321 2480 christianorum

578 2511 733 2590 aequitate
762 2518 882 2574 temere
902 2512 1080 2573 abutentes:
1116 2511 1183 2574 lloc
1215 2518 1321 2573 tanen

578 2604 795 2668 moderatione
828 2603 1021 2682 principalis
1056 2603 1180 2668 annilii
1213 2601 1322 2684 benefi-

579 2699 665 2760 ciam
694 2698 912 2771 concedentes,
941 2705 978 2762 nt
1001 2715 1057 2758 nec
1078 2715 1149 2769 ees,
1179 2697 1321 2776 enadad

545 2859 548 2870 ,
577 2793 746 2871 praefatae
765 2791 990 2864 eccleclesiae,
1004 2789 1052 2852 aut
1073 2791 1238 2870 religiosas
1252 2806 1321 2870 per-

577 2901 671 2948 sonas
692 2892 846 2957 coeteros,
864 2882 985 2964 legibus
999 2886 1160 2964 pertinere
1174 2885 1322 2947 constite-

579 2977 636 3050 rit,
666 2977 846 3040 inciviliter
866 2983 1046 3042 attrectare
1068 2978 1209 3040 tentetis.
1233 2977 1272 3040 Et
1291 2975 1321 3038 id

577 3087 702 3151 quoque
722 3087 780 3132 nes
804 3072 916 3134 addere
937 3086 999 3134 nen
1030 3071 1318 3149 praetermittimus.

577 3164 799 3243 Experimento
810 3165 896 3226 enim
907 3163 1160 3240 didicimuscum
1171 3163 1321 3226 hebraeus

577 3256 677 3336 palam
698 3256 842 3332 declarat,
857 3258 1096 3322 christianorum
1117 3273 1148 3319 se
1170 3256 1252 3318 velle
1273 3257 1323 3318 in·

548 3385 552 3401 ·
577 3351 713 3429 stitutis,
735 3369 769 3414 ac
790 3352 910 3429 legibus
936 3351 1165 3429 obtemperare,
1188 3366 1204 3410 3
1226 3347 1320 3427 Syna-

579 3463 668 3526 goga,
689 3445 715 3507 si
737 3446 802 3509 eius
829 3444 1023 3507 veluntatem
1052 3453 1187 3523 nequeat
1208 3446 1320 3510 immu-

578 3554 653 3618 tare,
676 3543 847 3617 rationem,
869 3549 923 3604 aut
943 3539 1044 3619 petius
1071 3539 1211 3604 fraudem
1232 3557 1322 3604 exco-

578 3637 675 3714 gitare
696 3636 733 3698 de
748 3650 835 3698 more
849 3634 994 3712 aliquam,
1011 3633 1112 3697 celare
1125 3633 1252 3710 scilicet,
1268 3643 1320 3697 ant

577 3730 636 3791 alio
664 3729 791 3791 mittere
820 3743 910 3805 eum3
939 3728 1029 3806 quia
1058 3727 1137 3791 beno
1164 3729 1320 3808 proposito

578 3822 728 3887 deterreri
756 3839 819 3886 non
847 3826 959 3900 petest.
991 3822 1070 3884 (lum
1091 3839 1165 3884 vero
1190 3837 1320 3901 sponsus

576 3919 742 3982 christiano
762 3933 795 3981 se
816 3917 937 3980 nomini
952 3917 1106 3980 devovere
1126 3918 1245 3991 statuit,
1261 3926 1320 3981 sta·

578 4013 634 4075 tim
654 4011 684 4074 id
706 4011 867 4091 synagoga
895 4009 1004 4086 cilicii,
1027 4018 1062 4072 ut
1082 4027 1193 4089 spensa
1218 4013 1320 4090 pervi-

576 4105 638 4169 caci
658 4105 761 4184 alique
786 4122 857 4168 cum
881 4103 1014 4166 hebraeo
1040 4104 1229 4167 matrimonii
1251 4105 1321 4168 vin-

523 4238 527 4248 ι
575 4199 646 4263 culo
668 4199 841 4278 copuletur,
864 4205 916 4260 aut
931 4205 967 4261 ut
981 4212 1090 4261 omnes
1111 4198 1194 4260 illico
1208 4215 1321 4262 evane-

576 4300 662 4356 scant
692 4292 918 4371 sponsaliorum
950 4293 1084 4354 rationes
1111 4294 1320 4370 probationes·

576 4403 647 4466 que.
670 4386 707 4448 lli
729 4401 822 4466 perro
845 4393 977 4448 eventus
998 4399 1070 4448 cum
1098 4387 1319 4466 metaphysicos

576 4496 640 4542 non
662 4495 728 4542 esse
747 4477 832 4553 scias,
856 4477 924 4540 ideo
945 4478 1119 4540 severitatis
1139 4480 1200 4540 erit
1221 4495 1253 4542 ac
1274 4479 1319 4540 vi·

576 4573 722 4651 gilantiae
744 4581 826 4647 tuae,
848 4570 992 4634 remediis
1019 4587 1052 4632 ac
1078 4573 1184 4650 poenis
1213 4573 1318 4648 etiarn,

574 4667 601 4729 si
622 4681 698 4745 opus
726 4663 836 4739 luerit,
865 4662 1072 4726 bebraeerum
1103 4665 1259 4745 principes
1286 4667 1318 4728 in

576 4759 675 4822 olllclo
702 4759 881 4832 continere,
905 4765 939 4819 ut
967 4756 1051 4820 lraus
1078 4758 1263 4835 muletetur,
1286 4775 1319 4822 ac

535 4865 544 4882 ·
576 4868 681 4915 rerum
693 4849 884 4931 perturbatio
896 4850 1031 4914 tollatur.
1049 4850 1127 4913 llaec
1138 4859 1224 4925 sunt,
1240 4868 1318 4930 quae

577 4955 680 5009 nestra
710 4946 765 5008 bac
793 4943 920 5022 epistola
952 4943 1130 5022 explicanda
1158 4943 1316 5022 duximus,

575 5040 687 5120 quibus
708 5046 743 5100 ut
763 5037 896 5100 ielieiter
910 5037 1019 5112 utaris,
1034 5045 1195 5116 paternam
1210 5037 1266 5100 tibi
1280 5054 1318 5102 ex

575 5135 679 5197 anime
699 5131 894 5211 apostolicam
910 5129 1159 5193 benedictionem
1181 5131 1318 5211 imperti·

575 5244 657 5292 mur.
1074 5279 1076 5285 .

614 5321 725 5384 [tatum
740 5318 854 5384 Romae
878 5319 956 5398 apud
973 5317 1004 5381 S.
1018 5317 1145 5380 Mariam
1158 5318 1316 5395 llaierem,

573 5416 632 5478 sub
650 5414 767 5477 annulo
789 5412 949 5476 Piscatoris
972 5411 1022 5473 die
1037 5426 1151 5474 xxvru.
1169 5412 1318 5476 lebruarir

573 5525 773 5585 nncexuvu,
796 5507 992 5586 pontificatus
1012 5505 1111 5568 nestri
1132 5523 1214 5568 anno
1240 5522 1294 5567 vn.

829 5663 1067 5678 muna—10·-

1103 600 1168 657 tota.
1192 601 1283 656 ΡΟΝΤ.
1306 597 1346 652 1)ss
1368 597 1396 652 Ρ.
1420 601 1450 652 l'.
1474 597 1555 653 bans
1577 597 1597 653 l.

1711 723 1789 790 XCI.

1382 913 1446 980 San
1461 933 1559 996 paena
1575 915 1745 980 nullitatis
1759 915 1951 988 sententiae,
1967 913 2127 992 praescri-

1420 1007 1466 1073 bit
1489 1010 1632 1072 ordinem
1653 1008 1846 1072 servandam
1866 1008 1901 1070 in
1916 1007 2049 1070 indiciis
2069 1025 2127 1068 sn.-

1418 1119 1475 1180 per
1495 1102 1654 1166 nullitate
1673 1102 1882 1183 professionis
1904 1099 2065 1180 regularis
2087 1116 2127 1160 n-

1421 1197 1568 1276 trinspne
1587 1213 1685 1260 senas
1706 1194 1763 1276 (l).

1511 1365 1754 1436 attractatus
1777 1364 1994 1434 episeopus

1567 1561 1674 1613 servus
1697 1561 1851 1613 servorun
1874 1543 1937 1624 llei,

1502 1667 1538 1734 ad
1560 1671 1732 1751 perpetuen
1755 1667 1799 1734 rei
1819 1666 2001 1734 memorien.

1417 1859 1450 1922 Si
1465 1859 1566 1920 datam
1578 1859 1758 1924 bominibus
1772 1859 1865 1922 tidem
1880 1858 2035 1934 frangere,
2051 1870 2126 1919 cen·
2172 1876 2319 1925 ramentum.

1378 1952 1605 2031 ventionesque
1616 1969 1676 2029 eas,
1693 1970 1771 2032 quae
1785 1953 1823 2016 ab
1836 1953 1982 2014 burnanis
2004 1951 2125 2028 tegibus

1377 2046 1473 2108 robur
1491 2046 1656 2124 accipiunt,
1675 2048 1860 2125 abrumpere
1880 2063 1914 2108 ac
1928 2045 2043 2108 violare
2058 2061 2125 2108 non

1378 2138 1469 2215 licet;
1492 2139 1710 2216 multomagis
1733 2155 1859 2202 necesse
1879 2147 1926 2200 est
1952 2138 2125 2214 obligatum

1377 2233 1440 2294 Deo
1462 2234 1576 2294 mentis
1587 2233 1780 2312 propositum
1803 2231 2039 2295 immutabiliter
2059 2249 2124 2294 ser-

1378 2325 1455 2400 vari,
1479 2341 1598 2403 nosque
1618 2327 1811 2404 praesertim,
1838 2332 1946 2404 utpote
1965 2341 2125 2388 sacrarum

1377 2419 1485 2496 legum
1506 2421 1646 2482 custodes
1667 2437 1683 2480 3
1704 2421 1766 2483 lleo
1788 2421 1982 2495 constitutos,
2000 2427 2125 2499 oportet

1378 2529 1483 2576 earum
1506 2513 1788 2592 pactionum,quae
1809 2514 1915 2576 divine
1936 2521 1967 2576 et
1982 2514 2126 2576 ecelesia-

1378 2607 1453 2669 stico
1474 2607 1543 2669 iure
1571 2607 1800 2669 indissolubiles
1825 2614 1916 2682 sunt,
1939 2615 2125 2686 perpetuam

1379 2701 1560 2762 firmitatem
1581 2707 1612 2762 et
1632 2700 1860 2763 observantiam
1880 2701 2124 2763 ascendebam

1378 2794 1505 2856 obrem
1534 2795 1594 2856 iam
1622 2808 1720 2872 usque
1746 2794 1782 2856 ab
1807 2810 1889 2857 anno
1917 2794 2124 2857 lncavntienis

1377 2887 1550 2951 dominicae
1571 2903 1723 2950 noccxur.
1736 2888 1934 2967 pontificatus
1955 2888 2051 2951 nestri
2069 2905 2122 2964 11.,

1377 2982 1554 3061 apostolicas
1585 2981 1689 3044 literas
1720 2981 1878 3057 dedimus,
1915 2981 2121 3061 incipientes:

1377 3077 1434 3139 Ilei
1455 3075 1673 3147 miseratione,
1690 3073 1721 3136 in
1737 3072 1872 3137 Bullarie
1887 3081 1994 3136 nestro
2009 3075 2124 3137 deinde

1376 3171 1473 3232 editas
1500 3167 1580 3229 Tem.
1603 3169 1643 3240 l.,
1666 3183 1755 3229 nnn.
1782 3167 1837 3239 33,
1867 3167 1978 3246 quibus
1998 3175 2123 3230 certum

1376 3261 1628 3342 praescripsimus
1659 3261 1819 3337 ordinem,
1850 3261 1881 3322 in
1914 3261 2123 3324 tribunalibus

1376 3355 1587 3418 ecclesiasticis
1600 3356 1799 3429 servandum,
1815 3370 1913 3434 quum
1927 3355 1959 3416 in
1975 3355 2045 3434 ipsis
2060 3355 2122 3418 dis-

1376 3449 1441 3510 cuti
1463 3455 1493 3510 et
1515 3447 1636 3511 deliniri
1652 3447 1802 3510 deberent
1824 3464 1942 3524 causae,
1962 3448 2122 3527 inquibus

1376 3533 1413 3605 cle
1435 3540 1579 3604 nullitate
1600 3540 1729 3604 alicuius
1757 3541 1949 3605 matrimonii
1971 3543 2120 3605 contracti

1375 3643 1535 3713 ageretur3
1565 3649 1628 3696 non
1655 3649 1691 3696 eo
1718 3633 1844 3713 quidem
1871 3635 2014 3712 consilio,
2037 3646 2072 3698 ut
2093 3636 2121 3698 si

1375 3725 1456 3805 qued
1469 3725 1550 3789 iorte
1560 3726 1798 3790 matrimonium
1808 3743 1880 3789 cnm
1895 3726 2121 3807 impedimento

1376 3820 1480 3898 aliquo
1500 3820 1667 3882 dirimente
1694 3819 1810 3882 initum
1830 3819 1955 3896 inisset,
1978 3819 2016 3882 de
2036 3820 2121 3883 illius

1376 3910 1522 3974 nullitate
1542 3911 1691 3975 iudicium
1713 3911 1861 3991 postulari
1885 3921 1938 3975 aut
1959 3913 2027 3975 lieri
2047 3929 2122 3992 pro-

1376 4005 1570 4083 hiberemus3
1592 4003 1657 4080 sed,
1679 4013 1715 4067 ut
1735 4006 1768 4066 in
1789 4005 1846 4068 hoc
1868 4007 2050 4083 gravissime
2071 4007 2120 4070 iu-

1375 4099 1445 4162 dicii
1461 4113 1588 4176 genere,
1605 4097 1638 4160 in
1658 4114 1718 4178 quo
1732 4101 1770 4162 de
1789 4116 1873 4163 sacro
1888 4100 2119 4164 connubiorum
2139 4121 2321 4222 sarssiilffluiui

2138 4231 2280 4287 praescripta
2301 4231 2318 4290 in

2052 4303 2117 4350 ¹¹⁰⁰
2137 4284 2321 4384 fflissnossifn'

1375 4191 1498 4255 loedere
1518 4192 1637 4268 agitur,
1666 4191 1796 4270 pleniori
1825 4194 1964 4256 veritatis
1985 4193 2120 4257 elucida-

1374 4286 1453 4348 tieni
1483 4284 1734 4362 consuleremus;
1767 4292 1864 4364 utque
1891 4287 2022 4364 iudices,

1374 4381 1442 4442 sine
1463 4379 1631 4443 certissima
1657 4378 1836 4456 cognitione
1857 4381 2017 4457 omnium,
2039 4397 2119 4460 uuae

1375 4474 1409 4536 ad
1426 4489 1493 4536 rem
1509 4473 1644 4534 manime
1654 4473 1844 4549 conducunt,
1856 4472 2034 4536 huiusmodi
2048 4475 2119 4537 vin-

1374 4567 1481 4630 culum
1501 4581 1539 4628 ex
1552 4571 1596 4628 tot
1611 4565 1782 4629 rationibus
1803 4566 1977 4643 insolubile,
1992 4575 2117 4632 senten·

1376 4659 1425 4723 tiis
1446 4660 1521 4735 suis,
1545 4667 1703 4738 tamqnam
1724 4659 1849 4723 irritum
1869 4660 1906 4723 ab
1926 4662 2034 4737 initio,
2057 4663 2118 4726 dis-

1373 4754 1541 4816 solverent.
1563 4753 1657 4817 Cuius
1672 4754 1798 4833 quidem
1813 4755 2041 4819 constitutionis
2055 4758 2116 4819 uti-

1376 4847 1454 4922 litas,
1484 4847 1545 4908 ileo
1573 4847 1709 4921 invente,
1733 4848 1768 4909 ad
1796 4848 1880 4910 hunc
1907 4850 1990 4913 diem
2011 4858 2117 4928 aperte

1374 4942 1606 5022 comprobatur;
1629 4956 1728 5020 quum
1742 4957 1781 5002 eu
1795 4957 1831 5002 eo
1847 4951 1997 5022 tempore,
2014 4960 2116 5023 neque

1374 5044 1418 5099 tot
1440 5051 1545 5099 causae
1560 5051 1653 5118 super
1667 5041 1828 5114 praetensa
1842 5038 2114 5100 matrimoniorum

1373 5131 1515 5194 nullitate
1530 5131 1563 5192 in
1579 5129 1785 5193 tribunalibus
1796 5128 2038 5208 pendeantanec
2051 5141 2116 5194 tam

1372 5226 1572 5305 frequenter,
1595 5232 1630 5287 ut
1654 5233 1758 5299 antea,
1791 5223 1880 5286 nobis
1911 5225 2116 5289 exhibeantur

1375 5334 1478 5399 preces
1499 5334 1555 5397 pro
1576 5316 1753 5380 obtinendis
1769 5317 2046 5396 dispensationibus
2064 5335 2116 5381 su-

1373 5427 1430 5491 per
1449 5411 1650 5474 matrimonio
1670 5416 1748 5486 rato,
1765 5418 1795 5472 et
1810 5427 1873 5473 nen
1888 5420 2112 5474 consummato:

1373 5505 1448 5569 dum
1468 5503 1584 5568 seilicet
1604 5511 1678 5566 ante
1692 5503 1833 5565 emnium
1854 5503 1959 5565 ocules
1980 5505 2116 5584 proposi·

1375 5608 1423 5662 tae
1443 5605 1516 5660 sunt
1537 5596 1731 5660 difficultates
1757 5597 1847 5676 paulo
1868 5597 1994 5675 quidem
2021 5598 2115 5658 maio

1374 5709 1435 5768 res,
1457 5690 1509 5753 sed
1531 5689 1660 5752 omnine
1682 5690 1790 5765 iustae,
1806 5705 1895 5768 quae,
1911 5705 1950 5752 en
1970 5705 2054 5751 novo
2067 5707 2114 5753 or·

1374 5787 1446 5850 dine
1467 5801 1483 5845 a
1505 5782 1593 5846 nobis
1623 5789 1755 5859 statute,
1777 5782 1904 5847 cuilibet
1925 5783 2114 5864 superandae
2154 5823 2157 5832 ‹

1080 5920 1610 5944 u--n———tn—-p——ffl

614 6005 644 6074 ll)
661 6006 697 6054 Ex
711 6005 776 6054 Bell.
793 6005 873 6054 huius
887 6001 1020 6054 Pentitlcis
1035 6005 1097 6053 edit.
1112 6007 1218 6054 Rornae.
