<?xml version="1.0" encoding="UTF-8"?>
<!DOCTYPE html PUBLIC "-//W3C//DTD XHTML 1.0 Transitional//EN"
    "http://www.w3.org/TR/xhtml1/DTD/xhtml1-transitional.dtd">
<html xmlns="http://www.w3.org/1999/xhtml" xml:lang="en" lang="en">
 <head>
  <title>
</title>
<meta http-equiv="Content-Type" content="text/html;charset=utf-8" />
  <meta name='ocr-system' content='tesseract 3.04.00' />
  <meta name='ocr-capabilities' content='ocr_page ocr_carea ocr_par ocr_line ocrx_word'/>
</head>
<body>
  <div class='ocr_page' id='page_1' title='image "./iurispontificii02martgoog_0649.png"; bbox 0 0 4798 6978; ppageno 0'>
   <div class='ocr_carea' id='block_1_1' title="bbox 957 591 1237 636">
    <p class='ocr_par' dir='ltr' id='par_1_1' title="bbox 957 591 1237 636">
     <span class='ocr_line' id='line_1_1' title="bbox 957 591 1237 636; baseline -0.004 -4"><span class='ocrx_word' id='word_1_1' title='bbox 957 591 1152 636; x_wconf 76' lang='lat' dir='ltr'>nnnnnrertts</span> <span class='ocrx_word' id='word_1_2' title='bbox 1174 591 1237 634; x_wconf 85' lang='lat' dir='ltr'>xlv.</span> 
     </span>
    </p>
   </div>
   <div class='ocr_carea' id='block_1_2' title="bbox 80 703 1072 6038">
    <p class='ocr_par' dir='ltr' id='par_1_2' title="bbox 80 703 1072 6038">
     <span class='ocr_line' id='line_1_2' title="bbox 325 703 1070 788; baseline 0.003 -20"><span class='ocrx_word' id='word_1_3' title='bbox 325 708 406 785; x_wconf 91' lang='lat' dir='ltr'>quod</span> <span class='ocrx_word' id='word_1_4' title='bbox 427 706 496 769; x_wconf 91' lang='lat' dir='ltr'>sine</span> <span class='ocrx_word' id='word_1_5' title='bbox 517 703 712 786; x_wconf 76' lang='lat' dir='ltr'>praecedenti</span> <span class='ocrx_word' id='word_1_6' title='bbox 734 707 861 770; x_wconf 90' lang='lat' dir='ltr'>alterins</span> <span class='ocrx_word' id='word_1_7' title='bbox 874 709 1024 788; x_wconf 89' lang='lat' dir='ltr'>cuiusque</span> <span class='ocrx_word' id='word_1_8' title='bbox 1039 726 1070 770; x_wconf 92' lang='lat' dir='ltr'>e·</span> 
     </span>
     <span class='ocr_line' id='line_1_3' title="bbox 326 799 1070 880; baseline 0.003 -20"><span class='ocrx_word' id='word_1_9' title='bbox 326 799 448 879; x_wconf 90' lang='lat' dir='ltr'>xcmplo</span> <span class='ocrx_word' id='word_1_10' title='bbox 468 817 536 862; x_wconf 89' lang='lat' dir='ltr'>rem</span> <span class='ocrx_word' id='word_1_11' title='bbox 557 807 762 880; x_wconf 81' lang='lat' dir='ltr'>perpetrasset</span> <span class='ocrx_word' id='word_1_12' title='bbox 783 816 897 863; x_wconf 90' lang='lat' dir='ltr'>noxam</span> <span class='ocrx_word' id='word_1_13' title='bbox 918 806 949 864; x_wconf 88' lang='lat' dir='ltr'>et</span> <span class='ocrx_word' id='word_1_14' title='bbox 969 817 1006 863; x_wconf 88' lang='lat' dir='ltr'>eo</span> <span class='ocrx_word' id='word_1_15' title='bbox 1021 819 1070 864; x_wconf 92' lang='lat' dir='ltr'>us-</span> 
     </span>
     <span class='ocr_line' id='line_1_4' title="bbox 325 893 1070 974; baseline 0.004 -21"><span class='ocrx_word' id='word_1_16' title='bbox 325 909 385 972; x_wconf 88' lang='lat' dir='ltr'>que</span> <span class='ocrx_word' id='word_1_17' title='bbox 407 893 592 970; x_wconf 83' lang='lat' dir='ltr'>inauditam,</span> <span class='ocrx_word' id='word_1_18' title='bbox 615 894 757 973; x_wconf 87' lang='lat' dir='ltr'>quamvis</span> <span class='ocrx_word' id='word_1_19' title='bbox 784 894 931 956; x_wconf 78' lang='lat' dir='ltr'>anteactis</span> <span class='ocrx_word' id='word_1_20' title='bbox 953 901 1070 974; x_wconf 88' lang='lat' dir='ltr'>tempo-</span> 
     </span>
     <span class='ocr_line' id='line_1_5' title="bbox 326 987 1072 1064; baseline 0.001 -16"><span class='ocrx_word' id='word_1_21' title='bbox 326 988 411 1051; x_wconf 90' lang='lat' dir='ltr'>ribus</span> <span class='ocrx_word' id='word_1_22' title='bbox 433 988 516 1050; x_wconf 91' lang='lat' dir='ltr'>inter</span> <span class='ocrx_word' id='word_1_23' title='bbox 542 987 696 1050; x_wconf 85' lang='lat' dir='ltr'>Romanos</span> <span class='ocrx_word' id='word_1_24' title='bbox 723 988 888 1050; x_wconf 89' lang='lat' dir='ltr'>Pontifices</span> <span class='ocrx_word' id='word_1_25' title='bbox 909 995 940 1048; x_wconf 91' lang='lat' dir='ltr'>et</span> <span class='ocrx_word' id='word_1_26' title='bbox 968 988 1072 1064; x_wconf 81' lang='lat' dir='ltr'>regiae</span> 
     </span>
     <span class='ocr_line' id='line_1_6' title="bbox 311 1079 1071 1159; baseline -0.003 -17"><span class='ocrx_word' id='word_1_27' title='bbox 311 1080 411 1143; x_wconf 82' lang='lat' dir='ltr'>urbis</span> <span class='ocrx_word' id='word_1_28' title='bbox 433 1081 596 1159; x_wconf 85' lang='lat' dir='ltr'>Episcopus</span> <span class='ocrx_word' id='word_1_29' title='bbox 618 1081 804 1144; x_wconf 84' lang='lat' dir='ltr'>offensiones</span> <span class='ocrx_word' id='word_1_30' title='bbox 819 1096 852 1142; x_wconf 89' lang='lat' dir='ltr'>ac</span> <span class='ocrx_word' id='word_1_31' title='bbox 866 1079 1071 1142; x_wconf 86' lang='lat' dir='ltr'>dissensiones</span> 
     </span>
     <span class='ocr_line' id='line_1_7' title="bbox 327 1173 1071 1252; baseline 0 -17"><span class='ocrx_word' id='word_1_32' title='bbox 327 1189 388 1235; x_wconf 92' lang='lat' dir='ltr'>uon</span> <span class='ocrx_word' id='word_1_33' title='bbox 410 1174 596 1249; x_wconf 86' lang='lat' dir='ltr'>defuissent;</span> <span class='ocrx_word' id='word_1_34' title='bbox 618 1175 691 1237; x_wconf 93' lang='lat' dir='ltr'>hinc</span> <span class='ocrx_word' id='word_1_35' title='bbox 711 1175 785 1236; x_wconf 91' lang='lat' dir='ltr'>satis</span> <span class='ocrx_word' id='word_1_36' title='bbox 805 1188 960 1252; x_wconf 87' lang='lat' dir='ltr'>superque</span> <span class='ocrx_word' id='word_1_37' title='bbox 982 1173 1071 1236; x_wconf 88' lang='lat' dir='ltr'>evin-</span> 
     </span>
     <span class='ocr_line' id='line_1_8' title="bbox 326 1266 1070 1345; baseline -0.001 -17"><span class='ocrx_word' id='word_1_38' title='bbox 326 1266 417 1342; x_wconf 84' lang='lat' dir='ltr'>citur,</span> <span class='ocrx_word' id='word_1_39' title='bbox 442 1267 541 1329; x_wconf 91' lang='lat' dir='ltr'>mnlto</span> <span class='ocrx_word' id='word_1_40' title='bbox 562 1275 635 1330; x_wconf 90' lang='lat' dir='ltr'>aute</span> <span class='ocrx_word' id='word_1_41' title='bbox 657 1268 756 1330; x_wconf 82' lang='lat' dir='ltr'>Aeacii</span> <span class='ocrx_word' id='word_1_42' title='bbox 773 1275 923 1345; x_wconf 89' lang='lat' dir='ltr'>tempora,</span> <span class='ocrx_word' id='word_1_43' title='bbox 940 1266 1070 1344; x_wconf 90' lang='lat' dir='ltr'>ideoque</span> 
     </span>
     <span class='ocr_line' id='line_1_9' title="bbox 326 1359 1069 1437; baseline 0 -17"><span class='ocrx_word' id='word_1_44' title='bbox 326 1359 481 1437; x_wconf 89' lang='lat' dir='ltr'>prioribus</span> <span class='ocrx_word' id='word_1_45' title='bbox 491 1360 632 1435; x_wconf 88' lang='lat' dir='ltr'>saeculis,</span> <span class='ocrx_word' id='word_1_46' title='bbox 642 1361 772 1424; x_wconf 85' lang='lat' dir='ltr'>Romani</span> <span class='ocrx_word' id='word_1_47' title='bbox 785 1359 942 1422; x_wconf 84' lang='lat' dir='ltr'>Pontificis</span> <span class='ocrx_word' id='word_1_48' title='bbox 954 1373 1069 1420; x_wconf 91' lang='lat' dir='ltr'>nomen</span> 
     </span>
     <span class='ocr_line' id='line_1_10' title="bbox 325 1451 1070 1532; baseline -0.001 -18"><span class='ocrx_word' id='word_1_49' title='bbox 325 1451 417 1515; x_wconf 87' lang='lat' dir='ltr'>sacris</span> <span class='ocrx_word' id='word_1_50' title='bbox 428 1452 616 1516; x_wconf 84' lang='lat' dir='ltr'>Graecorum</span> <span class='ocrx_word' id='word_1_51' title='bbox 627 1454 785 1531; x_wconf 83' lang='lat' dir='ltr'>lliptychis</span> <span class='ocrx_word' id='word_1_52' title='bbox 800 1453 985 1532; x_wconf 90' lang='lat' dir='ltr'>inscriptum</span> <span class='ocrx_word' id='word_1_53' title='bbox 998 1451 1070 1513; x_wconf 86' lang='lat' dir='ltr'>fuis·</span> 
     </span>
     <span class='ocr_line' id='line_1_11' title="bbox 325 1548 1070 1627; baseline 0.001 -18"><span class='ocrx_word' id='word_1_54' title='bbox 325 1563 358 1609; x_wconf 89' lang='lat' dir='ltr'>se</span> <span class='ocrx_word' id='word_1_55' title='bbox 379 1553 409 1609; x_wconf 92' lang='lat' dir='ltr'>et</span> <span class='ocrx_word' id='word_1_56' title='bbox 431 1549 463 1610; x_wconf 91' lang='lat' dir='ltr'>iu</span> <span class='ocrx_word' id='word_1_57' title='bbox 490 1548 649 1610; x_wconf 85' lang='lat' dir='ltr'>blissarnm</span> <span class='ocrx_word' id='word_1_58' title='bbox 679 1549 798 1611; x_wconf 90' lang='lat' dir='ltr'>actione</span> <span class='ocrx_word' id='word_1_59' title='bbox 826 1564 882 1627; x_wconf 93' lang='lat' dir='ltr'>pro</span> <span class='ocrx_word' id='word_1_60' title='bbox 908 1563 944 1610; x_wconf 91' lang='lat' dir='ltr'>eo</span> <span class='ocrx_word' id='word_1_61' title='bbox 966 1561 1070 1626; x_wconf 87' lang='lat' dir='ltr'>preces</span> 
     </span>
     <span class='ocr_line' id='line_1_12' title="bbox 326 1641 621 1704; baseline 0 -2"><span class='ocrx_word' id='word_1_62' title='bbox 326 1641 394 1703; x_wconf 90' lang='lat' dir='ltr'>fieri</span> <span class='ocrx_word' id='word_1_63' title='bbox 414 1641 621 1704; x_wconf 88' lang='lat' dir='ltr'>consuevisse.</span> 
     </span>
     <span class='ocr_line' id='line_1_13' title="bbox 80 1735 1071 1842; baseline 0.007 -54"><span class='ocrx_word' id='word_1_64' title='bbox 80 1745 308 1842; x_wconf 51' lang='grc' dir='ltr'>ιθριῖιῂωθιηοιθά</span> <span class='ocrx_word' id='word_1_65' title='bbox 365 1735 453 1810; x_wconf 60' lang='lat' dir='ltr'>§lh</span> <span class='ocrx_word' id='word_1_66' title='bbox 477 1735 535 1798; x_wconf 89' lang='lat' dir='ltr'>Sed</span> <span class='ocrx_word' id='word_1_67' title='bbox 562 1736 711 1815; x_wconf 89' lang='lat' dir='ltr'>quidquid</span> <span class='ocrx_word' id='word_1_68' title='bbox 737 1737 778 1799; x_wconf 91' lang='lat' dir='ltr'>sit</span> <span class='ocrx_word' id='word_1_69' title='bbox 798 1735 836 1798; x_wconf 87' lang='lat' dir='ltr'>dc</span> <span class='ocrx_word' id='word_1_70' title='bbox 864 1736 922 1797; x_wconf 93' lang='lat' dir='ltr'>hoc</span> <span class='ocrx_word' id='word_1_71' title='bbox 947 1741 1071 1796; x_wconf 91' lang='lat' dir='ltr'>contro·</span> 
     </span>
     <span class='ocr_line' id='line_1_14' title="bbox 81 1807 1070 1908; baseline -0.001 -18"><span class='ocrx_word' id='word_1_72' title='bbox 81 1807 121 1892; x_wconf 67' lang='lat' dir='ltr'>ai⁰</span> <span class='ocrx_word' id='word_1_73' title='bbox 133 1808 307 1908; x_wconf 58' lang='lat' dir='ltr'>&#39;sixaaixissgi-</span> <span class='ocrx_word' id='word_1_74' title='bbox 325 1845 416 1891; x_wconf 84' lang='lat' dir='ltr'>verso</span> <span class='ocrx_word' id='word_1_75' title='bbox 437 1829 657 1892; x_wconf 85' lang='lat' dir='ltr'>ecclesiasticae</span> <span class='ocrx_word' id='word_1_76' title='bbox 676 1829 863 1892; x_wconf 89' lang='lat' dir='ltr'>eruditionis</span> <span class='ocrx_word' id='word_1_77' title='bbox 884 1829 993 1906; x_wconf 87' lang='lat' dir='ltr'>capite,</span> <span class='ocrx_word' id='word_1_78' title='bbox 1016 1843 1070 1889; x_wconf 90' lang='lat' dir='ltr'>no·</span> 
     </span>
     <span class='ocr_line' id='line_1_15' title="bbox 80 1905 1070 2001; baseline -0.004 -17"><span class='ocrx_word' id='word_1_79' title='bbox 80 1905 131 1947; x_wconf 75' lang='lat'>¹⁰²·</span> <span class='ocrx_word' id='word_1_80' title='bbox 326 1921 372 1984; x_wconf 93' lang='lat' dir='ltr'>bis</span> <span class='ocrx_word' id='word_1_81' title='bbox 390 1923 463 1984; x_wconf 90' lang='lat' dir='ltr'>satis</span> <span class='ocrx_word' id='word_1_82' title='bbox 485 1929 530 1985; x_wconf 89' lang='lat' dir='ltr'>est</span> <span class='ocrx_word' id='word_1_83' title='bbox 551 1925 705 1986; x_wconf 82' lang='lat' dir='ltr'>affirmare</span> <span class='ocrx_word' id='word_1_84' title='bbox 729 1939 827 2001; x_wconf 87' lang='lat' dir='ltr'>posse,</span> <span class='ocrx_word' id='word_1_85' title='bbox 849 1936 1070 1985; x_wconf 89' lang='lat' dir='ltr'>commemora-</span> 
     </span>
     <span class='ocr_line' id='line_1_16' title="bbox 327 2015 1070 2092; baseline -0.004 -13"><span class='ocrx_word' id='word_1_86' title='bbox 327 2017 444 2080; x_wconf 84' lang='lat' dir='ltr'>tionem</span> <span class='ocrx_word' id='word_1_87' title='bbox 455 2017 587 2079; x_wconf 85' lang='lat' dir='ltr'>Romani</span> <span class='ocrx_word' id='word_1_88' title='bbox 602 2018 758 2080; x_wconf 87' lang='lat' dir='ltr'>Pontificis</span> <span class='ocrx_word' id='word_1_89' title='bbox 773 2017 805 2081; x_wconf 93' lang='lat' dir='ltr'>in</span> <span class='ocrx_word' id='word_1_90' title='bbox 816 2017 914 2092; x_wconf 77' lang='lat' dir='ltr'>Missa,</span> <span class='ocrx_word' id='word_1_91' title='bbox 927 2015 1070 2092; x_wconf 87' lang='lat' dir='ltr'>fusasque</span> 
     </span>
     <span class='ocr_line' id='line_1_17' title="bbox 327 2109 1071 2192; baseline -0.007 -17"><span class='ocrx_word' id='word_1_92' title='bbox 327 2129 382 2192; x_wconf 91' lang='lat' dir='ltr'>pro</span> <span class='ocrx_word' id='word_1_93' title='bbox 403 2111 509 2174; x_wconf 89' lang='lat' dir='ltr'>eodem</span> <span class='ocrx_word' id='word_1_94' title='bbox 533 2112 565 2173; x_wconf 93' lang='lat' dir='ltr'>in</span> <span class='ocrx_word' id='word_1_95' title='bbox 586 2113 736 2175; x_wconf 87' lang='lat' dir='ltr'>sacrificio</span> <span class='ocrx_word' id='word_1_96' title='bbox 760 2128 876 2191; x_wconf 88' lang='lat' dir='ltr'>preces,</span> <span class='ocrx_word' id='word_1_97' title='bbox 899 2109 1018 2173; x_wconf 87' lang='lat' dir='ltr'>censeri</span> <span class='ocrx_word' id='word_1_98' title='bbox 1039 2117 1071 2170; x_wconf 90' lang='lat' dir='ltr'>et</span> 
     </span>
     <span class='ocr_line' id='line_1_18' title="bbox 326 2205 1069 2285; baseline -0.005 -16"><span class='ocrx_word' id='word_1_99' title='bbox 326 2223 392 2269; x_wconf 84' lang='lat' dir='ltr'>csse</span> <span class='ocrx_word' id='word_1_100' title='bbox 418 2205 641 2268; x_wconf 88' lang='lat' dir='ltr'>declarativum</span> <span class='ocrx_word' id='word_1_101' title='bbox 667 2207 820 2285; x_wconf 85' lang='lat' dir='ltr'>quoddam</span> <span class='ocrx_word' id='word_1_102' title='bbox 842 2207 985 2283; x_wconf 87' lang='lat' dir='ltr'>signum,</span> <span class='ocrx_word' id='word_1_103' title='bbox 1008 2221 1069 2284; x_wconf 92' lang='lat' dir='ltr'>quo</span> 
     </span>
     <span class='ocr_line' id='line_1_19' title="bbox 245 2296 1071 2378; baseline -0.001 -18"><span class='ocrx_word' id='word_1_104' title='bbox 245 2321 248 2332; x_wconf 92' lang='lat'>·</span> <span class='ocrx_word' id='word_1_105' title='bbox 326 2301 408 2363; x_wconf 90' lang='lat' dir='ltr'>idem</span> <span class='ocrx_word' id='word_1_106' title='bbox 421 2300 559 2364; x_wconf 78' lang='lat' dir='ltr'>Pontifex</span> <span class='ocrx_word' id='word_1_107' title='bbox 571 2308 730 2378; x_wconf 90' lang='lat' dir='ltr'>tamqnam</span> <span class='ocrx_word' id='word_1_108' title='bbox 741 2300 893 2362; x_wconf 84' lang='lat' dir='ltr'>Ecclesiae</span> <span class='ocrx_word' id='word_1_109' title='bbox 904 2307 1005 2378; x_wconf 87' lang='lat' dir='ltr'>caput,</span> <span class='ocrx_word' id='word_1_110' title='bbox 1018 2296 1071 2360; x_wconf 86' lang='lat' dir='ltr'>lli·</span> 
     </span>
     <span class='ocr_line' id='line_1_20' title="bbox 326 2395 1071 2470; baseline -0.005 -12"><span class='ocrx_word' id='word_1_111' title='bbox 326 2395 425 2458; x_wconf 91' lang='lat' dir='ltr'>carius</span> <span class='ocrx_word' id='word_1_112' title='bbox 447 2395 562 2458; x_wconf 84' lang='lat' dir='ltr'>Christi</span> <span class='ocrx_word' id='word_1_113' title='bbox 584 2401 616 2456; x_wconf 92' lang='lat' dir='ltr'>et</span> <span class='ocrx_word' id='word_1_114' title='bbox 636 2397 670 2458; x_wconf 91' lang='grc' dir='ltr'>Β.</span> <span class='ocrx_word' id='word_1_115' title='bbox 694 2395 776 2458; x_wconf 90' lang='lat' dir='ltr'>Petri</span> <span class='ocrx_word' id='word_1_116' title='bbox 797 2411 952 2458; x_wconf 89' lang='lat' dir='ltr'>successor</span> <span class='ocrx_word' id='word_1_117' title='bbox 977 2409 1071 2470; x_wconf 90' lang='lat' dir='ltr'>agno-</span> 
     </span>
     <span class='ocr_line' id='line_1_21' title="bbox 324 2485 1070 2566; baseline -0.005 -16"><span class='ocrx_word' id='word_1_118' title='bbox 324 2486 430 2563; x_wconf 85' lang='lat' dir='ltr'>scitur,</span> <span class='ocrx_word' id='word_1_119' title='bbox 453 2505 487 2549; x_wconf 87' lang='lat' dir='ltr'>ac</span> <span class='ocrx_word' id='word_1_120' title='bbox 508 2487 656 2566; x_wconf 82' lang='lat' dir='ltr'>professio</span> <span class='ocrx_word' id='word_1_121' title='bbox 678 2490 713 2550; x_wconf 90' lang='lat' dir='ltr'>tit</span> <span class='ocrx_word' id='word_1_122' title='bbox 734 2488 829 2550; x_wconf 90' lang='lat' dir='ltr'>animi</span> <span class='ocrx_word' id='word_1_123' title='bbox 851 2496 881 2550; x_wconf 92' lang='lat' dir='ltr'>et</span> <span class='ocrx_word' id='word_1_124' title='bbox 901 2485 1070 2549; x_wconf 83' lang='lat' dir='ltr'>voluntatis</span> 
     </span>
     <span class='ocr_line' id='line_1_22' title="bbox 324 2581 1068 2656; baseline 0 -14"><span class='ocrx_word' id='word_1_125' title='bbox 324 2581 489 2644; x_wconf 88' lang='lat' dir='ltr'>catholicae</span> <span class='ocrx_word' id='word_1_126' title='bbox 510 2582 623 2643; x_wconf 90' lang='lat' dir='ltr'>unitati</span> <span class='ocrx_word' id='word_1_127' title='bbox 645 2583 778 2645; x_wconf 86' lang='lat' dir='ltr'>firmiter</span> <span class='ocrx_word' id='word_1_128' title='bbox 801 2582 1010 2656; x_wconf 88' lang='lat' dir='ltr'>adhaerentis,</span> <span class='ocrx_word' id='word_1_129' title='bbox 1036 2587 1068 2642; x_wconf 93' lang='lat' dir='ltr'>ut</span> 
     </span>
     <span class='ocr_line' id='line_1_23' title="bbox 324 2673 1070 2758; baseline -0.003 -21"><span class='ocrx_word' id='word_1_130' title='bbox 324 2679 417 2738; x_wconf 87' lang='lat' dir='ltr'>etiam</span> <span class='ocrx_word' id='word_1_131' title='bbox 440 2683 524 2738; x_wconf 90' lang='lat' dir='ltr'>recte</span> <span class='ocrx_word' id='word_1_132' title='bbox 544 2673 677 2738; x_wconf 80' lang='lat' dir='ltr'>advertit</span> <span class='ocrx_word' id='word_1_133' title='bbox 692 2675 887 2758; x_wconf 82' lang='lat' dir='ltr'>Christianus</span> <span class='ocrx_word' id='word_1_134' title='bbox 901 2675 1006 2754; x_wconf 90' lang='lat' dir='ltr'>Lupus</span> <span class='ocrx_word' id='word_1_135' title='bbox 1018 2691 1070 2736; x_wconf 92' lang='lat' dir='ltr'>su·</span> 
     </span>
     <span class='ocr_line' id='line_1_24' title="bbox 325 2757 1069 2847; baseline -0.003 -17"><span class='ocrx_word' id='word_1_136' title='bbox 325 2784 381 2847; x_wconf 93' lang='lat' dir='ltr'>per</span> <span class='ocrx_word' id='word_1_137' title='bbox 409 2767 557 2831; x_wconf 81' lang='lat' dir='ltr'>Consiliis</span> <span class='ocrx_word' id='word_1_138' title='bbox 586 2757 743 2846; x_wconf 85' lang='lat' dir='ltr'>scribens,</span> <span class='ocrx_word' id='word_1_139' title='bbox 777 2772 889 2832; x_wconf 73' lang='lat' dir='ltr'>tome</span> <span class='ocrx_word' id='word_1_140' title='bbox 914 2769 1069 2832; x_wconf 74' lang='lat' dir='ltr'>editionis</span> 
     </span>
     <span class='ocr_line' id='line_1_25' title="bbox 326 2860 1068 2942; baseline -0.007 -17"><span class='ocrx_word' id='word_1_141' title='bbox 326 2860 488 2933; x_wconf 68' lang='lat' dir='ltr'>Bruaell„</span> <span class='ocrx_word' id='word_1_142' title='bbox 509 2878 582 2942; x_wconf 81' lang='lat' dir='ltr'>pap.</span> <span class='ocrx_word' id='word_1_143' title='bbox 600 2861 687 2926; x_wconf 75' lang='lat'><em>422:</em></span> <span class='ocrx_word' id='word_1_144' title='bbox 710 2863 793 2926; x_wconf 84' lang='lat' dir='ltr'>fiaes</span> <span class='ocrx_word' id='word_1_145' title='bbox 814 2861 1068 2924; x_wconf 82' lang='lat' dir='ltr'>commemoratio</span> 
     </span>
     <span class='ocr_line' id='line_1_26' title="bbox 324 2954 1068 3036; baseline -0.004 -19"><span class='ocrx_word' id='word_1_146' title='bbox 324 2961 371 3019; x_wconf 87' lang='lat' dir='ltr'>est</span> <span class='ocrx_word' id='word_1_147' title='bbox 391 2972 541 3036; x_wconf 87' lang='lat' dir='ltr'>suprema</span> <span class='ocrx_word' id='word_1_148' title='bbox 557 2961 587 3017; x_wconf 89' lang='lat' dir='ltr'>et</span> <span class='ocrx_word' id='word_1_149' title='bbox 604 2956 854 3020; x_wconf 86' lang='lat' dir='ltr'>honoratissime</span> <span class='ocrx_word' id='word_1_150' title='bbox 876 2954 1068 3018; x_wconf 86' lang='lat' dir='ltr'>communia·</span> 
     </span>
     <span class='ocr_line' id='line_1_27' title="bbox 324 3047 1070 3130; baseline -0.004 -18"><span class='ocrx_word' id='word_1_151' title='bbox 324 3051 375 3112; x_wconf 89' lang='lat' dir='ltr'>nis</span> <span class='ocrx_word' id='word_1_152' title='bbox 395 3051 521 3128; x_wconf 87' lang='lat' dir='ltr'>species.</span> <span class='ocrx_word' id='word_1_153' title='bbox 545 3049 653 3130; x_wconf 88' lang='lat' dir='ltr'>Neque</span> <span class='ocrx_word' id='word_1_154' title='bbox 674 3051 703 3112; x_wconf 90' lang='lat' dir='ltr'>id</span> <span class='ocrx_word' id='word_1_155' title='bbox 727 3047 941 3114; x_wconf 89' lang='lat' dir='ltr'>tantummodo</span> <span class='ocrx_word' id='word_1_156' title='bbox 962 3048 1070 3127; x_wconf 90' lang='lat' dir='ltr'>proba-</span> 
     </span>
     <span class='ocr_line' id='line_1_28' title="bbox 326 3141 1068 3208; baseline -0.009 0"><span class='ocrx_word' id='word_1_157' title='bbox 326 3152 376 3208; x_wconf 89' lang='lat' dir='ltr'>tur</span> <span class='ocrx_word' id='word_1_158' title='bbox 407 3143 591 3207; x_wconf 90' lang='lat' dir='ltr'>auctoritate</span> <span class='ocrx_word' id='word_1_159' title='bbox 620 3145 724 3208; x_wconf 83' lang='lat' dir='ltr'>lvonis</span> <span class='ocrx_word' id='word_1_160' title='bbox 758 3142 998 3207; x_wconf 80' lang='lat' dir='ltr'>Flaviniacensis</span> <span class='ocrx_word' id='word_1_161' title='bbox 1033 3141 1068 3202; x_wconf 90' lang='lat' dir='ltr'>iu</span> 
     </span>
     <span class='ocr_line' id='line_1_29' title="bbox 326 3237 1068 3320; baseline -0.008 -18"><span class='ocrx_word' id='word_1_162' title='bbox 326 3238 493 3311; x_wconf 83' lang='lat' dir='ltr'>Chronica,</span> <span class='ocrx_word' id='word_1_163' title='bbox 508 3255 580 3320; x_wconf 78' lang='lat' dir='ltr'>pap.</span> <span class='ocrx_word' id='word_1_164' title='bbox 598 3241 682 3311; x_wconf 83' lang='lat'>228,</span> <span class='ocrx_word' id='word_1_165' title='bbox 699 3238 751 3301; x_wconf 91' lang='lat' dir='ltr'>uhi</span> <span class='ocrx_word' id='word_1_166' title='bbox 765 3238 807 3301; x_wconf 90' lang='lat' dir='ltr'>ita</span> <span class='ocrx_word' id='word_1_167' title='bbox 827 3237 956 3314; x_wconf 89' lang='lat' dir='ltr'>legitur:</span> <span class='ocrx_word' id='word_1_168' title='bbox 981 3251 1068 3297; x_wconf 79' lang='lat' dir='ltr'>‹no-</span> 
     </span>
     <span class='ocr_line' id='line_1_30' title="bbox 323 3329 1068 3407; baseline -0.005 -15"><span class='ocrx_word' id='word_1_169' title='bbox 323 3333 405 3395; x_wconf 88' lang='lat' dir='ltr'>verit</span> <span class='ocrx_word' id='word_1_170' title='bbox 425 3349 458 3394; x_wconf 90' lang='lat' dir='ltr'>se</span> <span class='ocrx_word' id='word_1_171' title='bbox 479 3347 496 3392; x_wconf 90' lang='lat' dir='ltr'>a</span> <span class='ocrx_word' id='word_1_172' title='bbox 517 3332 740 3396; x_wconf 89' lang='lat' dir='ltr'>commuuione</span> <span class='ocrx_word' id='word_1_173' title='bbox 767 3331 861 3394; x_wconf 89' lang='lat' dir='ltr'>totius</span> <span class='ocrx_word' id='word_1_174' title='bbox 881 3329 964 3392; x_wconf 91' lang='lat' dir='ltr'>orbis</span> <span class='ocrx_word' id='word_1_175' title='bbox 984 3343 1068 3407; x_wconf 92' lang='lat' dir='ltr'>sepa-</span> 
     </span>
     <span class='ocr_line' id='line_1_31' title="bbox 323 3424 1069 3506; baseline -0.007 -18"><span class='ocrx_word' id='word_1_176' title='bbox 323 3426 396 3502; x_wconf 91' lang='lat' dir='ltr'>rari,</span> <span class='ocrx_word' id='word_1_177' title='bbox 409 3427 598 3506; x_wconf 87' lang='lat' dir='ltr'>quicumque</span> <span class='ocrx_word' id='word_1_178' title='bbox 613 3442 730 3489; x_wconf 92' lang='lat' dir='ltr'>nomen</span> <span class='ocrx_word' id='word_1_179' title='bbox 741 3424 909 3504; x_wconf 89' lang='lat' dir='ltr'>apostolici,</span> <span class='ocrx_word' id='word_1_180' title='bbox 927 3439 981 3500; x_wconf 91' lang='lat' dir='ltr'>pro</span> <span class='ocrx_word' id='word_1_181' title='bbox 995 3439 1069 3500; x_wconf 89' lang='lat' dir='ltr'>qna·</span> 
     </span>
     <span class='ocr_line' id='line_1_32' title="bbox 323 3517 1067 3598; baseline -0.005 -18"><span class='ocrx_word' id='word_1_182' title='bbox 323 3518 479 3598; x_wconf 90' lang='lat' dir='ltr'>licumque</span> <span class='ocrx_word' id='word_1_183' title='bbox 501 3519 703 3595; x_wconf 88' lang='lat' dir='ltr'>dissensione,</span> <span class='ocrx_word' id='word_1_184' title='bbox 716 3519 748 3582; x_wconf 94' lang='lat' dir='ltr'>in</span> <span class='ocrx_word' id='word_1_185' title='bbox 770 3533 887 3582; x_wconf 88' lang='lat' dir='ltr'>canone</span> <span class='ocrx_word' id='word_1_186' title='bbox 908 3532 971 3580; x_wconf 92' lang='lat' dir='ltr'>nou</span> <span class='ocrx_word' id='word_1_187' title='bbox 993 3517 1067 3578; x_wconf 92' lang='lat' dir='ltr'>reci-</span> 
     </span>
     <span class='ocr_line' id='line_1_33' title="bbox 324 3611 1066 3692; baseline -0.004 -17"><span class='ocrx_word' id='word_1_188' title='bbox 324 3613 487 3691; x_wconf 79' lang='lat' dir='ltr'>taverit3»</span> <span class='ocrx_word' id='word_1_189' title='bbox 508 3620 561 3676; x_wconf 91' lang='lat' dir='ltr'>aut</span> <span class='ocrx_word' id='word_1_190' title='bbox 589 3614 707 3692; x_wconf 85' lang='lat' dir='ltr'>vulgati</span> <span class='ocrx_word' id='word_1_191' title='bbox 729 3613 863 3689; x_wconf 79' lang='lat' dir='ltr'>alcuini,</span> <span class='ocrx_word' id='word_1_192' title='bbox 893 3613 945 3691; x_wconf 90' lang='lat' dir='ltr'>qui</span> <span class='ocrx_word' id='word_1_193' title='bbox 968 3611 1023 3674; x_wconf 89' lang='lat' dir='ltr'>lib.</span> <span class='ocrx_word' id='word_1_194' title='bbox 1048 3613 1066 3672; x_wconf 93' lang='lat'><strong><em>1</em></strong></span> 
     </span>
     <span class='ocr_line' id='line_1_34' title="bbox 324 3706 1064 3788; baseline -0.003 -20"><span class='ocrx_word' id='word_1_195' title='bbox 324 3706 359 3768; x_wconf 87' lang='lat' dir='ltr'>de</span> <span class='ocrx_word' id='word_1_196' title='bbox 382 3707 510 3769; x_wconf 82' lang='lat' dir='ltr'>Divinis</span> <span class='ocrx_word' id='word_1_197' title='bbox 534 3707 664 3788; x_wconf 78' lang='lat' dir='ltr'>Officiis,</span> <span class='ocrx_word' id='word_1_198' title='bbox 687 3722 755 3785; x_wconf 89' lang='lat' dir='ltr'>cap.</span> <span class='ocrx_word' id='word_1_199' title='bbox 783 3706 836 3780; x_wconf 82' lang='lat'>12,</span> <span class='ocrx_word' id='word_1_200' title='bbox 859 3706 901 3768; x_wconf 87' lang='lat' dir='ltr'>ita</span> <span class='ocrx_word' id='word_1_201' title='bbox 927 3706 1064 3784; x_wconf 90' lang='lat' dir='ltr'>scripsit:</span> 
     </span>
     <span class='ocr_line' id='line_1_35' title="bbox 323 3800 1067 3876; baseline 0 -14"><span class='ocrx_word' id='word_1_202' title='bbox 323 3802 495 3876; x_wconf 77' lang='lat' dir='ltr'>«constat,</span> <span class='ocrx_word' id='word_1_203' title='bbox 517 3801 554 3864; x_wconf 90' lang='lat' dir='ltr'>ab</span> <span class='ocrx_word' id='word_1_204' title='bbox 575 3800 715 3864; x_wconf 83' lang='lat' dir='ltr'>universi</span> <span class='ocrx_word' id='word_1_205' title='bbox 740 3801 821 3863; x_wconf 88' lang='lat' dir='ltr'>orbis</span> <span class='ocrx_word' id='word_1_206' title='bbox 847 3801 1067 3863; x_wconf 90' lang='lat' dir='ltr'>communione</span> 
     </span>
     <span class='ocr_line' id='line_1_36' title="bbox 322 3892 1065 3974; baseline -0.005 -16"><span class='ocrx_word' id='word_1_207' title='bbox 322 3902 477 3974; x_wconf 89' lang='lat' dir='ltr'>separatos</span> <span class='ocrx_word' id='word_1_208' title='bbox 491 3910 569 3970; x_wconf 88' lang='lat' dir='ltr'>esse,</span> <span class='ocrx_word' id='word_1_209' title='bbox 584 3896 663 3958; x_wconf 88' lang='lat' dir='ltr'>sicut</span> <span class='ocrx_word' id='word_1_210' title='bbox 678 3895 712 3956; x_wconf 91' lang='lat' dir='ltr'>B.</span> <span class='ocrx_word' id='word_1_211' title='bbox 729 3894 870 3972; x_wconf 80' lang='lat' dir='ltr'>Pelagius</span> <span class='ocrx_word' id='word_1_212' title='bbox 884 3895 983 3969; x_wconf 90' lang='lat' dir='ltr'>docet,</span> <span class='ocrx_word' id='word_1_213' title='bbox 998 3892 1065 3972; x_wconf 89' lang='lat' dir='ltr'>qui,</span> 
     </span>
     <span class='ocr_line' id='line_1_37' title="bbox 323 3986 1067 4068; baseline -0.007 -16"><span class='ocrx_word' id='word_1_214' title='bbox 323 3989 458 4068; x_wconf 83' lang='lat' dir='ltr'>qualibet</span> <span class='ocrx_word' id='word_1_215' title='bbox 481 3987 680 4064; x_wconf 89' lang='lat' dir='ltr'>dissensione,</span> <span class='ocrx_word' id='word_1_216' title='bbox 709 3989 791 4050; x_wconf 91' lang='lat' dir='ltr'>inter</span> <span class='ocrx_word' id='word_1_217' title='bbox 811 4003 892 4049; x_wconf 87' lang='lat' dir='ltr'>sacra</span> <span class='ocrx_word' id='word_1_218' title='bbox 920 3986 1067 4066; x_wconf 83' lang='lat' dir='ltr'>mysteria</span> 
     </span>
     <span class='ocr_line' id='line_1_38' title="bbox 322 4081 1065 4161; baseline -0.001 -18"><span class='ocrx_word' id='word_1_219' title='bbox 322 4082 480 4161; x_wconf 91' lang='lat' dir='ltr'>apostolici</span> <span class='ocrx_word' id='word_1_220' title='bbox 508 4083 664 4144; x_wconf 85' lang='lat' dir='ltr'>Pontificis</span> <span class='ocrx_word' id='word_1_221' title='bbox 684 4083 869 4145; x_wconf 88' lang='lat' dir='ltr'>memoriam</span> <span class='ocrx_word' id='word_1_222' title='bbox 893 4081 1065 4144; x_wconf 91' lang='lat' dir='ltr'>secundnm</span> 
     </span>
     <span class='ocr_line' id='line_1_39' title="bbox 323 4179 1066 4258; baseline 0.001 -18"><span class='ocrx_word' id='word_1_223' title='bbox 323 4181 582 4242; x_wconf 87' lang='lat' dir='ltr'>consuetudinem</span> <span class='ocrx_word' id='word_1_224' title='bbox 592 4196 655 4242; x_wconf 91' lang='lat' dir='ltr'>nou</span> <span class='ocrx_word' id='word_1_225' title='bbox 668 4179 882 4258; x_wconf 79' lang='lat' dir='ltr'>frequentant:</span> <span class='ocrx_word' id='word_1_226' title='bbox 896 4198 915 4241; x_wconf 84' lang='lat'><strong>»</strong></span> <span class='ocrx_word' id='word_1_227' title='bbox 930 4179 982 4242; x_wconf 91' lang='lat' dir='ltr'>sed</span> <span class='ocrx_word' id='word_1_228' title='bbox 998 4196 1066 4256; x_wconf 88' lang='lat' dir='ltr'>gra-</span> 
     </span>
     <span class='ocr_line' id='line_1_40' title="bbox 323 4273 1066 4350; baseline 0.003 -16"><span class='ocrx_word' id='word_1_229' title='bbox 323 4273 408 4335; x_wconf 83' lang='lat' dir='ltr'>viore</span> <span class='ocrx_word' id='word_1_230' title='bbox 430 4274 584 4336; x_wconf 79' lang='lat' dir='ltr'>sententia</span> <span class='ocrx_word' id='word_1_231' title='bbox 605 4273 719 4350; x_wconf 81' lang='lat' dir='ltr'>Pelagii</span> <span class='ocrx_word' id='word_1_232' title='bbox 740 4274 776 4336; x_wconf 93' lang='lat' dir='ltr'>ll.</span> <span class='ocrx_word' id='word_1_233' title='bbox 799 4275 913 4336; x_wconf 89' lang='lat' dir='ltr'>summi</span> <span class='ocrx_word' id='word_1_234' title='bbox 941 4275 1066 4337; x_wconf 85' lang='lat' dir='ltr'>Pontifi-</span> 
     </span>
     <span class='ocr_line' id='line_1_41' title="bbox 322 4366 1066 4446; baseline 0.001 -18"><span class='ocrx_word' id='word_1_235' title='bbox 322 4367 376 4442; x_wconf 86' lang='lat' dir='ltr'>ois,</span> <span class='ocrx_word' id='word_1_236' title='bbox 389 4366 442 4446; x_wconf 93' lang='lat' dir='ltr'>qni</span> <span class='ocrx_word' id='word_1_237' title='bbox 463 4373 550 4428; x_wconf 90' lang='lat' dir='ltr'>sexto</span> <span class='ocrx_word' id='word_1_238' title='bbox 565 4367 716 4429; x_wconf 83' lang='lat' dir='ltr'>Ecclesiae</span> <span class='ocrx_word' id='word_1_239' title='bbox 729 4367 850 4430; x_wconf 85' lang='lat' dir='ltr'>saecrdo</span> <span class='ocrx_word' id='word_1_240' title='bbox 871 4368 1066 4445; x_wconf 90' lang='lat' dir='ltr'>apostolicam</span> 
     </span>
     <span class='ocr_line' id='line_1_42' title="bbox 323 4457 1064 4539; baseline 0 -17"><span class='ocrx_word' id='word_1_241' title='bbox 323 4459 499 4522; x_wconf 85' lang='lat' dir='ltr'>cathedram</span> <span class='ocrx_word' id='word_1_242' title='bbox 532 4457 649 4534; x_wconf 88' lang='lat' dir='ltr'>tenuit,</span> <span class='ocrx_word' id='word_1_243' title='bbox 677 4460 791 4539; x_wconf 90' lang='lat' dir='ltr'>quique</span> <span class='ocrx_word' id='word_1_244' title='bbox 813 4459 845 4520; x_wconf 91' lang='lat' dir='ltr'>in</span> <span class='ocrx_word' id='word_1_245' title='bbox 870 4459 934 4522; x_wconf 90' lang='lat' dir='ltr'>suis</span> <span class='ocrx_word' id='word_1_246' title='bbox 956 4460 1064 4536; x_wconf 89' lang='lat' dir='ltr'>literis,</span> 
     </span>
     <span class='ocr_line' id='line_1_43' title="bbox 323 4551 1067 4616; baseline 0.001 -3"><span class='ocrx_word' id='word_1_247' title='bbox 323 4552 427 4613; x_wconf 89' lang='lat' dir='ltr'>relatis</span> <span class='ocrx_word' id='word_1_248' title='bbox 448 4552 481 4614; x_wconf 93' lang='lat' dir='ltr'>in</span> <span class='ocrx_word' id='word_1_249' title='bbox 501 4551 659 4614; x_wconf 91' lang='lat' dir='ltr'>Labbeana</span> <span class='ocrx_word' id='word_1_250' title='bbox 681 4553 892 4615; x_wconf 84' lang='lat' dir='ltr'>Conciliornm</span> <span class='ocrx_word' id='word_1_251' title='bbox 914 4553 1067 4616; x_wconf 89' lang='lat' dir='ltr'>collectio·</span> 
     </span>
     <span class='ocr_line' id='line_1_44' title="bbox 321 4645 1064 4726; baseline 0.003 -20"><span class='ocrx_word' id='word_1_252' title='bbox 321 4659 372 4720; x_wconf 88' lang='lat' dir='ltr'>ne,</span> <span class='ocrx_word' id='word_1_253' title='bbox 397 4650 472 4706; x_wconf 80' lang='lat' dir='ltr'>tant.</span> <span class='ocrx_word' id='word_1_254' title='bbox 494 4646 528 4716; x_wconf 82' lang='lat'>5,</span> <span class='ocrx_word' id='word_1_255' title='bbox 551 4645 609 4707; x_wconf 87' lang='lat' dir='ltr'>cal.</span> <span class='ocrx_word' id='word_1_256' title='bbox 631 4645 702 4709; x_wconf 81' lang='lat'>⁷94</span> <span class='ocrx_word' id='word_1_257' title='bbox 724 4653 843 4726; x_wconf 79' lang='lat' dir='ltr'>etseq,</span> <span class='ocrx_word' id='word_1_258' title='bbox 860 4652 891 4709; x_wconf 89' lang='lat' dir='ltr'>ct</span> <span class='ocrx_word' id='word_1_259' title='bbox 906 4646 963 4707; x_wconf 90' lang='lat' dir='ltr'>cot.</span> <span class='ocrx_word' id='word_1_260' title='bbox 981 4647 1064 4718; x_wconf 87' lang='lat'>810,</span> 
     </span>
     <span class='ocr_line' id='line_1_45' title="bbox 323 4739 1066 4820; baseline 0 -20"><span class='ocrx_word' id='word_1_261' title='bbox 323 4739 361 4800; x_wconf 92' lang='lat' dir='ltr'>ita</span> <span class='ocrx_word' id='word_1_262' title='bbox 372 4739 407 4798; x_wconf 91' lang='lat' dir='ltr'>ad</span> <span class='ocrx_word' id='word_1_263' title='bbox 424 4755 491 4800; x_wconf 94' lang='lat' dir='ltr'>rem</span> <span class='ocrx_word' id='word_1_264' title='bbox 507 4747 645 4802; x_wconf 90' lang='lat' dir='ltr'>nostram</span> <span class='ocrx_word' id='word_1_265' title='bbox 659 4741 809 4818; x_wconf 89' lang='lat' dir='ltr'>scripturn</span> <span class='ocrx_word' id='word_1_266' title='bbox 831 4741 970 4820; x_wconf 90' lang='lat' dir='ltr'>reliquit.</span> <span class='ocrx_word' id='word_1_267' title='bbox 987 4740 1066 4801; x_wconf 82' lang='lat' dir='ltr'>‹nt-</span> 
     </span>
     <span class='ocr_line' id='line_1_46' title="bbox 323 4833 1063 4914; baseline -0.003 -19"><span class='ocrx_word' id='word_1_268' title='bbox 323 4833 474 4894; x_wconf 86' lang='lat' dir='ltr'>risionem</span> <span class='ocrx_word' id='word_1_269' title='bbox 489 4837 624 4894; x_wconf 88' lang='lat' dir='ltr'>vestram</span> <span class='ocrx_word' id='word_1_270' title='bbox 637 4850 653 4894; x_wconf 92' lang='lat' dir='ltr'>a</span> <span class='ocrx_word' id='word_1_271' title='bbox 668 4833 805 4910; x_wconf 90' lang='lat' dir='ltr'>generali</span> <span class='ocrx_word' id='word_1_272' title='bbox 817 4833 961 4909; x_wconf 78' lang='lat' dir='ltr'>Ecclesia,</span> <span class='ocrx_word' id='word_1_273' title='bbox 974 4849 1063 4914; x_wconf 89' lang='lat' dir='ltr'>quam</span> 
     </span>
     <span class='ocr_line' id='line_1_47' title="bbox 323 4925 1067 5005; baseline 0.001 -16"><span class='ocrx_word' id='word_1_274' title='bbox 323 4925 525 4989; x_wconf 87' lang='lat' dir='ltr'>tolerabiliter</span> <span class='ocrx_word' id='word_1_275' title='bbox 546 4926 629 4988; x_wconf 89' lang='lat' dir='ltr'>ferre</span> <span class='ocrx_word' id='word_1_276' title='bbox 651 4943 714 4990; x_wconf 91' lang='lat' dir='ltr'>non</span> <span class='ocrx_word' id='word_1_277' title='bbox 739 4943 875 5005; x_wconf 88' lang='lat' dir='ltr'>possum,</span> <span class='ocrx_word' id='word_1_278' title='bbox 898 4929 1067 4990; x_wconf 83' lang='lat' dir='ltr'>vehemen-</span> 
     </span>
     <span class='ocr_line' id='line_1_48' title="bbox 322 5021 1065 5100; baseline 0.003 -18"><span class='ocrx_word' id='word_1_279' title='bbox 322 5030 369 5082; x_wconf 89' lang='lat' dir='ltr'>ter</span> <span class='ocrx_word' id='word_1_280' title='bbox 390 5029 517 5098; x_wconf 72' lang='lat' dir='ltr'>stupco,</span> <span class='ocrx_word' id='word_1_281' title='bbox 541 5036 613 5082; x_wconf 92' lang='lat' dir='ltr'>cum</span> <span class='ocrx_word' id='word_1_282' title='bbox 634 5021 721 5082; x_wconf 92' lang='lat' dir='ltr'>enim</span> <span class='ocrx_word' id='word_1_283' title='bbox 746 5021 939 5084; x_wconf 88' lang='lat' dir='ltr'>beatissimus</span> <span class='ocrx_word' id='word_1_284' title='bbox 960 5023 1065 5100; x_wconf 79' lang='lat' dir='ltr'>hugu-</span> 
     </span>
     <span class='ocr_line' id='line_1_49' title="bbox 320 5107 1065 5194; baseline 0.003 -18"><span class='ocrx_word' id='word_1_285' title='bbox 320 5107 433 5189; x_wconf 79' lang='lat' dir='ltr'>sti&#39;nus,</span> <span class='ocrx_word' id='word_1_286' title='bbox 449 5115 619 5177; x_wconf 90' lang='lat' dir='ltr'>dominicae</span> <span class='ocrx_word' id='word_1_287' title='bbox 640 5117 812 5178; x_wconf 88' lang='lat' dir='ltr'>sententiae</span> <span class='ocrx_word' id='word_1_288' title='bbox 835 5131 967 5191; x_wconf 89' lang='lat' dir='ltr'>memor,</span> <span class='ocrx_word' id='word_1_289' title='bbox 986 5133 1065 5194; x_wconf 91' lang='lat' dir='ltr'>quae</span> 
     </span>
     <span class='ocr_line' id='line_1_50' title="bbox 320 5206 1065 5285; baseline 0.003 -17"><span class='ocrx_word' id='word_1_290' title='bbox 320 5206 561 5270; x_wconf 87' lang='lat' dir='ltr'>fundamentum</span> <span class='ocrx_word' id='word_1_291' title='bbox 583 5206 736 5270; x_wconf 86' lang='lat' dir='ltr'>Ecclesiae</span> <span class='ocrx_word' id='word_1_292' title='bbox 756 5207 789 5268; x_wconf 91' lang='lat' dir='ltr'>in</span> <span class='ocrx_word' id='word_1_293' title='bbox 811 5207 990 5285; x_wconf 71' lang='lat' dir='ltr'>apostolicis</span> <span class='ocrx_word' id='word_1_294' title='bbox 1011 5209 1065 5272; x_wconf 88' lang='lat' dir='ltr'>Se-</span> 
     </span>
     <span class='ocr_line' id='line_1_51' title="bbox 320 5300 1064 5374; baseline 0.004 -13"><span class='ocrx_word' id='word_1_295' title='bbox 320 5301 408 5362; x_wconf 83' lang='lat' dir='ltr'>dibus</span> <span class='ocrx_word' id='word_1_296' title='bbox 438 5300 614 5374; x_wconf 89' lang='lat' dir='ltr'>collocaxit,</span> <span class='ocrx_word' id='word_1_297' title='bbox 644 5301 677 5362; x_wconf 91' lang='lat' dir='ltr'>in</span> <span class='ocrx_word' id='word_1_298' title='bbox 702 5300 865 5362; x_wconf 90' lang='lat' dir='ltr'>schismate</span> <span class='ocrx_word' id='word_1_299' title='bbox 888 5316 955 5362; x_wconf 87' lang='lat' dir='ltr'>esse</span> <span class='ocrx_word' id='word_1_300' title='bbox 986 5302 1064 5364; x_wconf 89' lang='lat' dir='ltr'>dicat</span> 
     </span>
     <span class='ocr_line' id='line_1_52' title="bbox 321 5394 1065 5473; baseline 0.003 -17"><span class='ocrx_word' id='word_1_301' title='bbox 321 5394 510 5473; x_wconf 90' lang='lat' dir='ltr'>quicumque</span> <span class='ocrx_word' id='word_1_302' title='bbox 530 5411 563 5456; x_wconf 88' lang='lat' dir='ltr'>se</span> <span class='ocrx_word' id='word_1_303' title='bbox 584 5411 600 5455; x_wconf 91' lang='lat' dir='ltr'>a</span> <span class='ocrx_word' id='word_1_304' title='bbox 622 5395 799 5472; x_wconf 89' lang='lat' dir='ltr'>praesulum</span> <span class='ocrx_word' id='word_1_305' title='bbox 819 5396 997 5458; x_wconf 89' lang='lat' dir='ltr'>earumdem</span> <span class='ocrx_word' id='word_1_306' title='bbox 1018 5413 1065 5458; x_wconf 91' lang='lat' dir='ltr'>se-</span> 
     </span>
     <span class='ocr_line' id='line_1_53' title="bbox 320 5487 1063 5568; baseline 0.003 -18"><span class='ocrx_word' id='word_1_307' title='bbox 320 5488 406 5550; x_wconf 89' lang='lat' dir='ltr'>dium</span> <span class='ocrx_word' id='word_1_308' title='bbox 427 5488 610 5550; x_wconf 88' lang='lat' dir='ltr'>auctoritate</span> <span class='ocrx_word' id='word_1_309' title='bbox 631 5487 679 5550; x_wconf 90' lang='lat' dir='ltr'>vel</span> <span class='ocrx_word' id='word_1_310' title='bbox 702 5489 922 5552; x_wconf 87' lang='lat' dir='ltr'>commuuione</span> <span class='ocrx_word' id='word_1_311' title='bbox 935 5503 1063 5568; x_wconf 89' lang='lat' dir='ltr'>suspen-</span> 
     </span>
     <span class='ocr_line' id='line_1_54' title="bbox 320 5581 1062 5659; baseline 0.005 -18"><span class='ocrx_word' id='word_1_312' title='bbox 320 5581 411 5656; x_wconf 88' lang='lat' dir='ltr'>derit,</span> <span class='ocrx_word' id='word_1_313' title='bbox 429 5597 485 5643; x_wconf 92' lang='lat' dir='ltr'>nec</span> <span class='ocrx_word' id='word_1_314' title='bbox 505 5581 595 5654; x_wconf 89' lang='lat' dir='ltr'>aliam</span> <span class='ocrx_word' id='word_1_315' title='bbox 612 5581 790 5644; x_wconf 89' lang='lat' dir='ltr'>manilestet</span> <span class='ocrx_word' id='word_1_316' title='bbox 804 5597 869 5644; x_wconf 89' lang='lat' dir='ltr'>esse</span> <span class='ocrx_word' id='word_1_317' title='bbox 884 5581 1062 5659; x_wconf 86' lang='lat' dir='ltr'>Ecclesiam,</span> 
     </span>
     <span class='ocr_line' id='line_1_55' title="bbox 320 5675 1063 5754; baseline 0.004 -19"><span class='ocrx_word' id='word_1_318' title='bbox 320 5675 379 5736; x_wconf 89' lang='lat' dir='ltr'>nisi</span> <span class='ocrx_word' id='word_1_319' title='bbox 406 5691 485 5753; x_wconf 91' lang='lat' dir='ltr'>quae</span> <span class='ocrx_word' id='word_1_320' title='bbox 513 5675 545 5736; x_wconf 93' lang='lat' dir='ltr'>in</span> <span class='ocrx_word' id='word_1_321' title='bbox 567 5675 794 5753; x_wconf 88' lang='lat' dir='ltr'>pontificalibus</span> <span class='ocrx_word' id='word_1_322' title='bbox 821 5675 1063 5754; x_wconf 78' lang='lat' dir='ltr'>apostolicarum</span> 
     </span>
     <span class='ocr_line' id='line_1_56' title="bbox 320 5767 1063 5848; baseline 0 -16"><span class='ocrx_word' id='word_1_323' title='bbox 320 5767 448 5832; x_wconf 87' lang='lat' dir='ltr'>Sedium</span> <span class='ocrx_word' id='word_1_324' title='bbox 464 5775 510 5829; x_wconf 86' lang='lat' dir='ltr'>est</span> <span class='ocrx_word' id='word_1_325' title='bbox 524 5767 651 5831; x_wconf 89' lang='lat' dir='ltr'>solidata</span> <span class='ocrx_word' id='word_1_326' title='bbox 663 5767 826 5845; x_wconf 87' lang='lat' dir='ltr'>radicibus,</span> <span class='ocrx_word' id='word_1_327' title='bbox 839 5769 992 5848; x_wconf 92' lang='lat' dir='ltr'>quomodo</span> <span class='ocrx_word' id='word_1_328' title='bbox 1008 5787 1063 5832; x_wconf 91' lang='lat' dir='ltr'>vos</span> 
     </span>
     <span class='ocr_line' id='line_1_57' title="bbox 319 5861 1062 5941; baseline 0.007 -21"><span class='ocrx_word' id='word_1_329' title='bbox 319 5861 356 5922; x_wconf 92' lang='lat' dir='ltr'>ab</span> <span class='ocrx_word' id='word_1_330' title='bbox 386 5861 523 5924; x_wconf 88' lang='lat' dir='ltr'>universi</span> <span class='ocrx_word' id='word_1_331' title='bbox 552 5862 634 5924; x_wconf 93' lang='lat' dir='ltr'>orbis</span> <span class='ocrx_word' id='word_1_332' title='bbox 661 5863 882 5925; x_wconf 88' lang='lat' dir='ltr'>communione</span> <span class='ocrx_word' id='word_1_333' title='bbox 908 5872 1062 5941; x_wconf 89' lang='lat' dir='ltr'>separatos</span> 
     </span>
     <span class='ocr_line' id='line_1_58' title="bbox 320 5954 1062 6038; baseline 0.005 -22"><span class='ocrx_word' id='word_1_334' title='bbox 320 5970 470 6016; x_wconf 88' lang='lat' dir='ltr'>essenon</span> <span class='ocrx_word' id='word_1_335' title='bbox 497 5954 630 6030; x_wconf 91' lang='lat' dir='ltr'>creditis,</span> <span class='ocrx_word' id='word_1_336' title='bbox 653 5957 678 6016; x_wconf 90' lang='lat' dir='ltr'>si</span> <span class='ocrx_word' id='word_1_337' title='bbox 700 5956 761 6017; x_wconf 90' lang='lat' dir='ltr'>mei</span> <span class='ocrx_word' id='word_1_338' title='bbox 783 5957 865 6018; x_wconf 91' lang='lat' dir='ltr'>inter</span> <span class='ocrx_word' id='word_1_339' title='bbox 888 5973 970 6020; x_wconf 88' lang='lat' dir='ltr'>sacra</span> <span class='ocrx_word' id='word_1_340' title='bbox 996 5974 1062 6038; x_wconf 75' lang='lat' dir='ltr'>my·</span> 
     </span>
    </p>
   </div>
   <div class='ocr_carea' id='block_1_3' title="bbox 427 6108 1031 6168">
    <p class='ocr_par' dir='ltr' id='par_1_3' title="bbox 427 6108 1031 6168">
     <span class='ocr_line' id='line_1_59' title="bbox 427 6108 1031 6168; baseline 0.003 -14"><span class='ocrx_word' id='word_1_341' title='bbox 427 6111 478 6156; x_wconf 81' lang='lat' dir='ltr'>lar.</span> <span class='ocrx_word' id='word_1_342' title='bbox 495 6110 562 6155; x_wconf 80' lang='lat' dir='ltr'>Porti.</span> <span class='ocrx_word' id='word_1_343' title='bbox 578 6108 609 6154; x_wconf 82' lang='lat' dir='ltr'>dc</span> <span class='ocrx_word' id='word_1_344' title='bbox 625 6110 699 6168; x_wconf 86' lang='lat' dir='ltr'>Prop.</span> <span class='ocrx_word' id='word_1_345' title='bbox 713 6109 775 6156; x_wconf 77' lang='lat' dir='ltr'>Fide</span> <span class='ocrx_word' id='word_1_346' title='bbox 789 6111 871 6156; x_wconf 86' lang='lat' dir='ltr'>Partis</span> <span class='ocrx_word' id='word_1_347' title='bbox 885 6112 903 6156; x_wconf 93' lang='lat' dir='ltr'>l.</span> <span class='ocrx_word' id='word_1_348' title='bbox 920 6108 1031 6156; x_wconf 86' lang='lat' dir='ltr'>vol.1tl.</span> 
     </span>
    </p>
   </div>
   <div class='ocr_carea' id='block_1_4' title="bbox 1793 569 2091 632">
    <p class='ocr_par' dir='ltr' id='par_1_4' title="bbox 1793 569 2091 632">
     <span class='ocr_line' id='line_1_60' title="bbox 1793 569 2091 632; baseline -0.017 0"><span class='ocrx_word' id='word_1_349' title='bbox 1793 569 1851 632; x_wconf 81' lang='grc'>633</span> <span class='ocrx_word' id='word_1_350' title='bbox 1903 569 1955 621; x_wconf 75' lang='lat' dir='ltr'>An.</span> <span class='ocrx_word' id='word_1_351' title='bbox 1971 572 2001 624; x_wconf 83' lang='lat'>0.</span> <span class='ocrx_word' id='word_1_352' title='bbox 2023 574 2091 628; x_wconf 81' lang='lat'>1756</span> 
     </span>
    </p>
   </div>
   <div class='ocr_carea' id='block_1_5' title="bbox 1117 707 2102 6041">
    <p class='ocr_par' dir='ltr' id='par_1_5' title="bbox 1125 707 1872 1910">
     <span class='ocr_line' id='line_1_61' title="bbox 1125 707 1872 786; baseline -0.005 -15"><span class='ocrx_word' id='word_1_353' title='bbox 1125 711 1229 784; x_wconf 89' lang='lat' dir='ltr'>steria,</span> <span class='ocrx_word' id='word_1_354' title='bbox 1251 710 1424 772; x_wconf 91' lang='lat' dir='ltr'>secundum</span> <span class='ocrx_word' id='word_1_355' title='bbox 1445 711 1714 786; x_wconf 90' lang='lat' dir='ltr'>consuetudinem,</span> <span class='ocrx_word' id='word_1_356' title='bbox 1734 707 1872 772; x_wconf 88' lang='lat' dir='ltr'>nominis</span> 
     </span>
     <span class='ocr_line' id='line_1_62' title="bbox 1125 799 1870 880; baseline -0.004 -17"><span class='ocrx_word' id='word_1_357' title='bbox 1125 802 1311 864; x_wconf 89' lang='lat' dir='ltr'>memoriam</span> <span class='ocrx_word' id='word_1_358' title='bbox 1332 803 1478 878; x_wconf 90' lang='lat' dir='ltr'>reticetis,</span> <span class='ocrx_word' id='word_1_359' title='bbox 1495 803 1527 865; x_wconf 93' lang='lat' dir='ltr'>iu</span> <span class='ocrx_word' id='word_1_360' title='bbox 1550 819 1622 880; x_wconf 90' lang='lat' dir='ltr'>quo,</span> <span class='ocrx_word' id='word_1_361' title='bbox 1640 803 1711 865; x_wconf 88' lang='lat' dir='ltr'>licet</span> <span class='ocrx_word' id='word_1_362' title='bbox 1732 799 1870 878; x_wconf 91' lang='lat' dir='ltr'>indigno,</span> 
     </span>
     <span class='ocr_line' id='line_1_63' title="bbox 1125 891 1872 975; baseline -0.003 -18"><span class='ocrx_word' id='word_1_363' title='bbox 1125 894 1446 973; x_wconf 79' lang='lat' dir='ltr'>apostolicaesedis,</span> <span class='ocrx_word' id='word_1_364' title='bbox 1469 911 1525 975; x_wconf 91' lang='lat' dir='ltr'>per</span> <span class='ocrx_word' id='word_1_365' title='bbox 1546 896 1772 960; x_wconf 86' lang='lat' dir='ltr'>successionem</span> <span class='ocrx_word' id='word_1_366' title='bbox 1801 891 1872 972; x_wconf 88' lang='lat' dir='ltr'>Epi·</span> 
     </span>
     <span class='ocr_line' id='line_1_64' title="bbox 1125 987 1872 1070; baseline 0 -21"><span class='ocrx_word' id='word_1_367' title='bbox 1125 996 1279 1066; x_wconf 88' lang='lat' dir='ltr'>scopatus,</span> <span class='ocrx_word' id='word_1_368' title='bbox 1302 989 1455 1068; x_wconf 89' lang='lat' dir='ltr'>praesenti</span> <span class='ocrx_word' id='word_1_369' title='bbox 1479 999 1618 1070; x_wconf 87' lang='lat' dir='ltr'>tempore</span> <span class='ocrx_word' id='word_1_370' title='bbox 1640 988 1751 1051; x_wconf 89' lang='lat' dir='ltr'>vidctis</span> <span class='ocrx_word' id='word_1_371' title='bbox 1771 987 1872 1050; x_wconf 90' lang='lat' dir='ltr'>consi·</span> 
     </span>
     <span class='ocr_line' id='line_1_65' title="bbox 1125 1080 1871 1159; baseline -0.003 -17"><span class='ocrx_word' id='word_1_372' title='bbox 1125 1089 1207 1144; x_wconf 90' lang='lat' dir='ltr'>stere</span> <span class='ocrx_word' id='word_1_373' title='bbox 1237 1082 1469 1146; x_wconf 81' lang='lat' dir='ltr'>hrmitatcmt»</span> <span class='ocrx_word' id='word_1_374' title='bbox 1490 1083 1606 1159; x_wconf 87' lang='lat' dir='ltr'>Quibus</span> <span class='ocrx_word' id='word_1_375' title='bbox 1633 1082 1747 1159; x_wconf 89' lang='lat' dir='ltr'>Pelagii</span> <span class='ocrx_word' id='word_1_376' title='bbox 1774 1080 1871 1142; x_wconf 90' lang='lat' dir='ltr'>literis</span> 
     </span>
     <span class='ocr_line' id='line_1_66' title="bbox 1127 1174 1870 1256; baseline -0.004 -19"><span class='ocrx_word' id='word_1_377' title='bbox 1127 1191 1200 1237; x_wconf 92' lang='lat' dir='ltr'>usus</span> <span class='ocrx_word' id='word_1_378' title='bbox 1222 1182 1267 1238; x_wconf 89' lang='lat' dir='ltr'>est</span> <span class='ocrx_word' id='word_1_379' title='bbox 1289 1192 1412 1256; x_wconf 87' lang='lat' dir='ltr'>quoque</span> <span class='ocrx_word' id='word_1_380' title='bbox 1431 1193 1562 1255; x_wconf 92' lang='lat' dir='ltr'>maguus</span> <span class='ocrx_word' id='word_1_381' title='bbox 1583 1175 1799 1253; x_wconf 87' lang='lat' dir='ltr'>Lugdunensis</span> <span class='ocrx_word' id='word_1_382' title='bbox 1814 1174 1870 1236; x_wconf 79' lang='lat' dir='ltr'>hr-</span> 
     </span>
     <span class='ocr_line' id='line_1_67' title="bbox 1125 1269 1870 1350; baseline 0 -20"><span class='ocrx_word' id='word_1_383' title='bbox 1125 1269 1336 1350; x_wconf 89' lang='lat' dir='ltr'>chicpiscopus</span> <span class='ocrx_word' id='word_1_384' title='bbox 1359 1269 1390 1334; x_wconf 90' lang='lat' dir='ltr'>S.</span> <span class='ocrx_word' id='word_1_385' title='bbox 1407 1271 1586 1350; x_wconf 78' lang='lat' dir='ltr'>agobardus</span> <span class='ocrx_word' id='word_1_386' title='bbox 1607 1269 1639 1332; x_wconf 93' lang='lat' dir='ltr'>in</span> <span class='ocrx_word' id='word_1_387' title='bbox 1661 1286 1717 1332; x_wconf 91' lang='lat' dir='ltr'>suo</span> <span class='ocrx_word' id='word_1_388' title='bbox 1739 1275 1870 1331; x_wconf 89' lang='lat' dir='ltr'>tractatu</span> 
     </span>
     <span class='ocr_line' id='line_1_68' title="bbox 1128 1359 1870 1444; baseline 0.001 -23"><span class='ocrx_word' id='word_1_389' title='bbox 1128 1359 1171 1422; x_wconf 82' lang='lat' dir='ltr'>fle</span> <span class='ocrx_word' id='word_1_390' title='bbox 1192 1367 1430 1442; x_wconf 86' lang='lat' dir='ltr'>comparatione</span> <span class='ocrx_word' id='word_1_391' title='bbox 1441 1365 1613 1442; x_wconf 89' lang='lat' dir='ltr'>utriusque</span> <span class='ocrx_word' id='word_1_392' title='bbox 1625 1360 1804 1444; x_wconf 81' lang='lat' dir='ltr'>repimiuis,</span> <span class='ocrx_word' id='word_1_393' title='bbox 1817 1361 1870 1438; x_wconf 92' lang='lat' dir='ltr'>qui</span> 
     </span>
     <span class='ocr_line' id='line_1_69' title="bbox 1126 1451 1870 1538; baseline -0.003 -23"><span class='ocrx_word' id='word_1_394' title='bbox 1126 1454 1292 1534; x_wconf 90' lang='lat' dir='ltr'>impressus</span> <span class='ocrx_word' id='word_1_395' title='bbox 1323 1459 1453 1521; x_wconf 90' lang='lat' dir='ltr'>habetur</span> <span class='ocrx_word' id='word_1_396' title='bbox 1475 1458 1509 1520; x_wconf 87' lang='lat' dir='ltr'>iu</span> <span class='ocrx_word' id='word_1_397' title='bbox 1532 1455 1649 1538; x_wconf 76' lang='lat' dir='ltr'>Magni</span> <span class='ocrx_word' id='word_1_398' title='bbox 1671 1451 1870 1518; x_wconf 78' lang='lat' dir='ltr'>Bibliotheca</span> 
     </span>
     <span class='ocr_line' id='line_1_70' title="bbox 1127 1546 1868 1631; baseline -0.007 -21"><span class='ocrx_word' id='word_1_399' title='bbox 1127 1549 1276 1621; x_wconf 85' lang='lat' dir='ltr'>Petrum,</span> <span class='ocrx_word' id='word_1_400' title='bbox 1291 1551 1509 1630; x_wconf 76' lang='lat' dir='ltr'>impressionis</span> <span class='ocrx_word' id='word_1_401' title='bbox 1521 1550 1756 1631; x_wconf 76' lang='lat' dir='ltr'>Lugdunensis,</span> <span class='ocrx_word' id='word_1_402' title='bbox 1774 1553 1798 1609; x_wconf 90' lang='lat' dir='ltr'>t.</span> <span class='ocrx_word' id='word_1_403' title='bbox 1815 1546 1868 1618; x_wconf 86' lang='lat'>14,</span> 
     </span>
     <span class='ocr_line' id='line_1_71' title="bbox 1127 1643 1871 1722; baseline -0.004 -17"><span class='ocrx_word' id='word_1_404' title='bbox 1127 1658 1196 1722; x_wconf 80' lang='lat' dir='ltr'>pap.</span> <span class='ocrx_word' id='word_1_405' title='bbox 1222 1646 1303 1715; x_wconf 83' lang='lat'>315,</span> <span class='ocrx_word' id='word_1_406' title='bbox 1327 1660 1415 1706; x_wconf 88' lang='lat' dir='ltr'>uum.</span> <span class='ocrx_word' id='word_1_407' title='bbox 1432 1647 1491 1718; x_wconf 80' lang='lat'>21,</span> <span class='ocrx_word' id='word_1_408' title='bbox 1513 1653 1544 1707; x_wconf 89' lang='lat' dir='ltr'>et</span> <span class='ocrx_word' id='word_1_409' title='bbox 1564 1661 1579 1704; x_wconf 91' lang='lat' dir='ltr'>a</span> <span class='ocrx_word' id='word_1_410' title='bbox 1602 1643 1722 1706; x_wconf 90' lang='lat' dir='ltr'>Balutio</span> <span class='ocrx_word' id='word_1_411' title='bbox 1744 1657 1871 1704; x_wconf 90' lang='lat' dir='ltr'>recusus</span> 
     </span>
     <span class='ocr_line' id='line_1_72' title="bbox 1125 1733 1866 1816; baseline -0.003 -20"><span class='ocrx_word' id='word_1_412' title='bbox 1125 1735 1196 1812; x_wconf 91' lang='lat' dir='ltr'>fnit,</span> <span class='ocrx_word' id='word_1_413' title='bbox 1219 1737 1304 1800; x_wconf 90' lang='lat' dir='ltr'>inter</span> <span class='ocrx_word' id='word_1_414' title='bbox 1324 1737 1382 1800; x_wconf 90' lang='lat' dir='ltr'>alia</span> <span class='ocrx_word' id='word_1_415' title='bbox 1404 1737 1541 1802; x_wconf 90' lang='lat' dir='ltr'>eiusdem</span> <span class='ocrx_word' id='word_1_416' title='bbox 1564 1735 1668 1801; x_wconf 88' lang='lat' dir='ltr'>Sancti</span> <span class='ocrx_word' id='word_1_417' title='bbox 1680 1752 1785 1816; x_wconf 90' lang='lat' dir='ltr'>opera,</span> <span class='ocrx_word' id='word_1_418' title='bbox 1802 1733 1866 1806; x_wconf 75' lang='lat' dir='ltr'>tt,</span> 
     </span>
     <span class='ocr_line' id='line_1_73' title="bbox 1125 1829 1275 1910; baseline 0 -18"><span class='ocrx_word' id='word_1_419' title='bbox 1125 1845 1197 1910; x_wconf 78' lang='lat' dir='ltr'>pap.</span> <span class='ocrx_word' id='word_1_420' title='bbox 1221 1829 1275 1892; x_wconf 85' lang='lat'>49.</span> 
     </span>
    </p>

    <p class='ocr_par' dir='ltr' id='par_1_6' title="bbox 1117 1917 2102 6041">
     <span class='ocr_line' id='line_1_74' title="bbox 1166 1917 2101 2019; baseline -0.004 -33"><span class='ocrx_word' id='word_1_421' title='bbox 1166 1927 1185 2001; x_wconf 67' lang='lat'>5</span> <span class='ocrx_word' id='word_1_422' title='bbox 1207 1927 1254 1987; x_wconf 79' lang='lat' dir='ltr'>lt.</span> <span class='ocrx_word' id='word_1_423' title='bbox 1278 1927 1358 1990; x_wconf 91' lang='lat' dir='ltr'>Satis</span> <span class='ocrx_word' id='word_1_424' title='bbox 1379 1937 1536 2007; x_wconf 86' lang='lat' dir='ltr'>praeterea</span> <span class='ocrx_word' id='word_1_425' title='bbox 1552 1927 1641 1990; x_wconf 92' lang='lat' dir='ltr'>nohis</span> <span class='ocrx_word' id='word_1_426' title='bbox 1656 1932 1715 2000; x_wconf 90' lang='lat' dir='ltr'>est,</span> <span class='ocrx_word' id='word_1_427' title='bbox 1731 1924 1788 1988; x_wconf 93' lang='lat' dir='ltr'>hoc</span> <span class='ocrx_word' id='word_1_428' title='bbox 1803 1930 1870 1986; x_wconf 92' lang='lat' dir='ltr'>tuto</span> <span class='ocrx_word' id='word_1_429' title='bbox 1889 1917 2101 2019; x_wconf 51' lang='lat' dir='ltr'>„offiifflgcffiffi-</span> 
     </span>
     <span class='ocr_line' id='line_1_75' title="bbox 1125 2009 2102 2125; baseline -0.002 -47"><span class='ocrx_word' id='word_1_430' title='bbox 1125 2034 1261 2082; x_wconf 89' lang='lat' dir='ltr'>asserere</span> <span class='ocrx_word' id='word_1_431' title='bbox 1287 2037 1390 2099; x_wconf 91' lang='lat' dir='ltr'>posse,</span> <span class='ocrx_word' id='word_1_432' title='bbox 1413 2037 1611 2101; x_wconf 90' lang='lat' dir='ltr'>quocumque</span> <span class='ocrx_word' id='word_1_433' title='bbox 1638 2022 1766 2083; x_wconf 78' lang='lat' dir='ltr'>tlemum</span> <span class='ocrx_word' id='word_1_434' title='bbox 1791 2022 1869 2078; x_wconf 85' lang='lat' dir='ltr'>tcm—</span> <span class='ocrx_word' id='word_1_435' title='bbox 1889 2025 2051 2125; x_wconf 48' lang='lat' dir='ltr'>{ntfrmqssad</span> <span class='ocrx_word' id='word_1_436' title='bbox 2075 2009 2102 2074; x_wconf 80' lang='lat' dir='ltr'>ei</span> 
     </span>
     <span class='ocr_line' id='line_1_76' title="bbox 1125 2089 2101 2196; baseline 0.008 -24"><span class='ocrx_word' id='word_1_437' title='bbox 1125 2125 1200 2189; x_wconf 89' lang='lat' dir='ltr'>pare</span> <span class='ocrx_word' id='word_1_438' title='bbox 1221 2113 1253 2175; x_wconf 92' lang='lat' dir='ltr'>in</span> <span class='ocrx_word' id='word_1_439' title='bbox 1276 2115 1409 2176; x_wconf 79' lang='lat' dir='ltr'>Ecclesia</span> <span class='ocrx_word' id='word_1_440' title='bbox 1430 2115 1543 2178; x_wconf 76' lang='lat' dir='ltr'>Graeca</span> <span class='ocrx_word' id='word_1_441' title='bbox 1568 2118 1690 2191; x_wconf 91' lang='lat' dir='ltr'>recepta</span> <span class='ocrx_word' id='word_1_442' title='bbox 1711 2111 1805 2173; x_wconf 88' lang='lat' dir='ltr'>fuerit</span> <span class='ocrx_word' id='word_1_443' title='bbox 1825 2109 1869 2176; x_wconf 89' lang='lat' dir='ltr'>di·</span> <span class='ocrx_word' id='word_1_444' title='bbox 1889 2089 2101 2196; x_wconf 55' lang='lat' dir='ltr'>niiiifssgui’pii</span> 
     </span>
     <span class='ocr_line' id='line_1_77' title="bbox 1125 2185 2101 2296; baseline -0.002 -31"><span class='ocrx_word' id='word_1_445' title='bbox 1125 2204 1253 2283; x_wconf 88' lang='lat' dir='ltr'>sciplina</span> <span class='ocrx_word' id='word_1_446' title='bbox 1284 2209 1392 2270; x_wconf 89' lang='lat' dir='ltr'>orandi</span> <span class='ocrx_word' id='word_1_447' title='bbox 1425 2209 1610 2270; x_wconf 87' lang='lat' dir='ltr'>nominatim</span> <span class='ocrx_word' id='word_1_448' title='bbox 1640 2223 1696 2286; x_wconf 90' lang='lat' dir='ltr'>pro</span> <span class='ocrx_word' id='word_1_449' title='bbox 1731 2207 1869 2269; x_wconf 84' lang='lat' dir='ltr'>nomano</span> <span class='ocrx_word' id='word_1_450' title='bbox 1889 2185 2101 2296; x_wconf 46' lang='lat' dir='ltr'>{ssssefflfflnugf</span> 
     </span>
     <span class='ocr_line' id='line_1_78' title="bbox 1124 2297 1870 2378; baseline -0.003 -18"><span class='ocrx_word' id='word_1_451' title='bbox 1124 2298 1274 2362; x_wconf 86' lang='lat' dir='ltr'>Pontifica</span> <span class='ocrx_word' id='word_1_452' title='bbox 1302 2301 1334 2363; x_wconf 94' lang='lat' dir='ltr'>in</span> <span class='ocrx_word' id='word_1_453' title='bbox 1361 2302 1465 2378; x_wconf 83' lang='lat' dir='ltr'>llisst,</span> <span class='ocrx_word' id='word_1_454' title='bbox 1489 2318 1556 2364; x_wconf 91' lang='lat' dir='ltr'>eam</span> <span class='ocrx_word' id='word_1_455' title='bbox 1583 2300 1724 2364; x_wconf 84' lang='lat' dir='ltr'>certain</span> <span class='ocrx_word' id='word_1_456' title='bbox 1754 2297 1870 2375; x_wconf 86' lang='lat' dir='ltr'>graccis</span> 
     </span>
     <span class='ocr_line' id='line_1_79' title="bbox 1126 2393 1870 2476; baseline -0.005 -20"><span class='ocrx_word' id='word_1_457' title='bbox 1126 2394 1261 2456; x_wconf 87' lang='lat' dir='ltr'>ecclesiis</span> <span class='ocrx_word' id='word_1_458' title='bbox 1292 2397 1429 2473; x_wconf 83' lang='lat' dir='ltr'>viguisse</span> <span class='ocrx_word' id='word_1_459' title='bbox 1464 2396 1605 2476; x_wconf 90' lang='lat' dir='ltr'>pluribus</span> <span class='ocrx_word' id='word_1_460' title='bbox 1638 2393 1767 2456; x_wconf 90' lang='lat' dir='ltr'>saeculis</span> <span class='ocrx_word' id='word_1_461' title='bbox 1797 2397 1870 2453; x_wconf 90' lang='lat' dir='ltr'>ante</span> 
     </span>
     <span class='ocr_line' id='line_1_80' title="bbox 1125 2486 1870 2568; baseline -0.005 -18"><span class='ocrx_word' id='word_1_462' title='bbox 1125 2489 1291 2552; x_wconf 87' lang='lat' dir='ltr'>conflatum</span> <span class='ocrx_word' id='word_1_463' title='bbox 1313 2491 1453 2567; x_wconf 88' lang='lat' dir='ltr'>schisma,</span> <span class='ocrx_word' id='word_1_464' title='bbox 1470 2506 1527 2552; x_wconf 91' lang='lat' dir='ltr'>nec</span> <span class='ocrx_word' id='word_1_465' title='bbox 1549 2489 1608 2552; x_wconf 92' lang='lat' dir='ltr'>nisi</span> <span class='ocrx_word' id='word_1_466' title='bbox 1623 2493 1692 2568; x_wconf 91' lang='lat' dir='ltr'>post</span> <span class='ocrx_word' id='word_1_467' title='bbox 1713 2486 1870 2548; x_wconf 87' lang='lat' dir='ltr'>funestam</span> 
     </span>
     <span class='ocr_line' id='line_1_81' title="bbox 1125 2578 1870 2657; baseline -0.004 -16"><span class='ocrx_word' id='word_1_468' title='bbox 1125 2581 1312 2646; x_wconf 84' lang='lat' dir='ltr'>divisionem</span> <span class='ocrx_word' id='word_1_469' title='bbox 1333 2583 1428 2646; x_wconf 89' lang='lat' dir='ltr'>luisse</span> <span class='ocrx_word' id='word_1_470' title='bbox 1450 2584 1670 2647; x_wconf 88' lang='lat' dir='ltr'>intermissam.</span> <span class='ocrx_word' id='word_1_471' title='bbox 1694 2581 1785 2643; x_wconf 87' lang='lat' dir='ltr'>Extat</span> <span class='ocrx_word' id='word_1_472' title='bbox 1806 2578 1870 2657; x_wconf 89' lang='lat' dir='ltr'>epi-</span> 
     </span>
     <span class='ocr_line' id='line_1_82' title="bbox 1124 2671 1871 2752; baseline -0.009 -15"><span class='ocrx_word' id='word_1_473' title='bbox 1124 2675 1201 2738; x_wconf 91' lang='lat' dir='ltr'>stola</span> <span class='ocrx_word' id='word_1_474' title='bbox 1224 2677 1305 2738; x_wconf 94' lang='lat' dir='ltr'>Petri</span> <span class='ocrx_word' id='word_1_475' title='bbox 1326 2676 1510 2740; x_wconf 86' lang='lat' dir='ltr'>Antiocheni</span> <span class='ocrx_word' id='word_1_476' title='bbox 1532 2676 1734 2749; x_wconf 90' lang='lat' dir='ltr'>Patriarchac,</span> <span class='ocrx_word' id='word_1_477' title='bbox 1756 2673 1811 2752; x_wconf 92' lang='lat' dir='ltr'>qni</span> <span class='ocrx_word' id='word_1_478' title='bbox 1825 2671 1871 2731; x_wconf 85' lang='lat' dir='ltr'>ri·</span> 
     </span>
     <span class='ocr_line' id='line_1_83' title="bbox 1128 2764 1868 2846; baseline -0.003 -17"><span class='ocrx_word' id='word_1_479' title='bbox 1128 2770 1215 2830; x_wconf 88' lang='lat' dir='ltr'>vebat</span> <span class='ocrx_word' id='word_1_480' title='bbox 1229 2785 1310 2831; x_wconf 92' lang='lat' dir='ltr'>anno</span> <span class='ocrx_word' id='word_1_481' title='bbox 1328 2771 1441 2834; x_wconf 82' lang='lat' dir='ltr'>Christi</span> <span class='ocrx_word' id='word_1_482' title='bbox 1453 2788 1560 2846; x_wconf 77' lang='lat' dir='ltr'>xcxix,</span> <span class='ocrx_word' id='word_1_483' title='bbox 1572 2769 1606 2830; x_wconf 90' lang='lat' dir='ltr'>ad</span> <span class='ocrx_word' id='word_1_484' title='bbox 1619 2766 1798 2834; x_wconf 84' lang='lat' dir='ltr'>Michaelem</span> <span class='ocrx_word' id='word_1_485' title='bbox 1813 2764 1868 2828; x_wconf 84' lang='lat' dir='ltr'>Ce-</span> 
     </span>
     <span class='ocr_line' id='line_1_84' title="bbox 1125 2859 1869 2942; baseline -0.005 -20"><span class='ocrx_word' id='word_1_486' title='bbox 1125 2861 1289 2938; x_wconf 88' lang='lat' dir='ltr'>rularium,</span> <span class='ocrx_word' id='word_1_487' title='bbox 1312 2863 1468 2942; x_wconf 88' lang='lat' dir='ltr'>insignem</span> <span class='ocrx_word' id='word_1_488' title='bbox 1483 2864 1653 2929; x_wconf 90' lang='lat' dir='ltr'>schismatis</span> <span class='ocrx_word' id='word_1_489' title='bbox 1668 2859 1809 2924; x_wconf 89' lang='lat' dir='ltr'>Photiani</span> <span class='ocrx_word' id='word_1_490' title='bbox 1824 2859 1869 2919; x_wconf 90' lang='lat' dir='ltr'>in·</span> 
     </span>
     <span class='ocr_line' id='line_1_85' title="bbox 1124 2951 1869 3038; baseline -0.005 -22"><span class='ocrx_word' id='word_1_491' title='bbox 1124 2963 1341 3034; x_wconf 81' lang='lat' dir='ltr'>stupratorem,</span> <span class='ocrx_word' id='word_1_492' title='bbox 1360 2974 1453 3038; x_wconf 89' lang='lat' dir='ltr'>quam</span> <span class='ocrx_word' id='word_1_493' title='bbox 1475 2973 1583 3035; x_wconf 89' lang='lat' dir='ltr'>graece</span> <span class='ocrx_word' id='word_1_494' title='bbox 1604 2965 1635 3019; x_wconf 92' lang='lat' dir='ltr'>et</span> <span class='ocrx_word' id='word_1_495' title='bbox 1651 2956 1754 3018; x_wconf 50' lang='lat' dir='ltr'>,latine</span> <span class='ocrx_word' id='word_1_496' title='bbox 1775 2951 1869 3015; x_wconf 91' lang='lat' dir='ltr'>edidit</span> 
     </span>
     <span class='ocr_line' id='line_1_86' title="bbox 1124 3047 1870 3131; baseline -0.007 -18"><span class='ocrx_word' id='word_1_497' title='bbox 1124 3051 1252 3114; x_wconf 88' lang='lat' dir='ltr'>loannes</span> <span class='ocrx_word' id='word_1_498' title='bbox 1268 3053 1400 3131; x_wconf 88' lang='lat' dir='ltr'>Baptista</span> <span class='ocrx_word' id='word_1_499' title='bbox 1417 3051 1600 3127; x_wconf 78' lang='lat' dir='ltr'>cotelerius,</span> <span class='ocrx_word' id='word_1_500' title='bbox 1622 3052 1703 3114; x_wconf 84' lang='lat' dir='ltr'>Tam.</span> <span class='ocrx_word' id='word_1_501' title='bbox 1720 3047 1743 3108; x_wconf 84' lang='lat'><strong><em>2</em></strong></span> <span class='ocrx_word' id='word_1_502' title='bbox 1757 3047 1870 3113; x_wconf 86' lang='lat' dir='ltr'>Monu-</span> 
     </span>
     <span class='ocr_line' id='line_1_87' title="bbox 1124 3144 1871 3216; baseline -0.005 -10"><span class='ocrx_word' id='word_1_503' title='bbox 1124 3152 1221 3208; x_wconf 87' lang='lat' dir='ltr'>ment.</span> <span class='ocrx_word' id='word_1_504' title='bbox 1246 3145 1362 3210; x_wconf 88' lang='lat' dir='ltr'>Eccles.</span> <span class='ocrx_word' id='word_1_505' title='bbox 1390 3147 1501 3210; x_wconf 82' lang='lat' dir='ltr'>Graec.</span> <span class='ocrx_word' id='word_1_506' title='bbox 1531 3145 1659 3208; x_wconf 81' lang='lat' dir='ltr'>Michael</span> <span class='ocrx_word' id='word_1_507' title='bbox 1685 3144 1815 3216; x_wconf 86' lang='lat' dir='ltr'>dixerat,</span> <span class='ocrx_word' id='word_1_508' title='bbox 1837 3157 1871 3203; x_wconf 92' lang='lat' dir='ltr'>se</span> 
     </span>
     <span class='ocr_line' id='line_1_88' title="bbox 1125 3237 1869 3318; baseline -0.003 -18"><span class='ocrx_word' id='word_1_509' title='bbox 1125 3239 1243 3315; x_wconf 92' lang='lat' dir='ltr'>mirari,</span> <span class='ocrx_word' id='word_1_510' title='bbox 1255 3239 1336 3318; x_wconf 90' lang='lat' dir='ltr'>qnod</span> <span class='ocrx_word' id='word_1_511' title='bbox 1349 3241 1561 3303; x_wconf 72' lang='lat' dir='ltr'>antiochenus</span> <span class='ocrx_word' id='word_1_512' title='bbox 1584 3240 1648 3318; x_wconf 88' lang='lat' dir='ltr'>ipse</span> <span class='ocrx_word' id='word_1_513' title='bbox 1664 3237 1783 3310; x_wconf 88' lang='lat' dir='ltr'>Petrus,</span> <span class='ocrx_word' id='word_1_514' title='bbox 1799 3250 1869 3298; x_wconf 77' lang='lat' dir='ltr'>neu</span> 
     </span>
     <span class='ocr_line' id='line_1_89' title="bbox 1124 3331 1869 3410; baseline -0.008 -14"><span class='ocrx_word' id='word_1_515' title='bbox 1124 3351 1188 3397; x_wconf 92' lang='lat' dir='ltr'>nou</span> <span class='ocrx_word' id='word_1_516' title='bbox 1203 3333 1431 3398; x_wconf 80' lang='lat' dir='ltr'>Alexandrinus</span> <span class='ocrx_word' id='word_1_517' title='bbox 1446 3341 1476 3396; x_wconf 91' lang='lat' dir='ltr'>et</span> <span class='ocrx_word' id='word_1_518' title='bbox 1491 3332 1793 3410; x_wconf 79' lang='lat' dir='ltr'>hierosolymitanus</span> <span class='ocrx_word' id='word_1_519' title='bbox 1807 3331 1869 3392; x_wconf 84' lang='lat' dir='ltr'>An·</span> 
     </span>
     <span class='ocr_line' id='line_1_90' title="bbox 1124 3424 1868 3503; baseline -0.011 -11"><span class='ocrx_word' id='word_1_520' title='bbox 1124 3431 1248 3503; x_wconf 73' lang='lat' dir='ltr'>tistitus</span> <span class='ocrx_word' id='word_1_521' title='bbox 1264 3430 1436 3491; x_wconf 86' lang='lat' dir='ltr'>Romanum</span> <span class='ocrx_word' id='word_1_522' title='bbox 1452 3429 1635 3491; x_wconf 82' lang='lat' dir='ltr'>Pontificem</span> <span class='ocrx_word' id='word_1_523' title='bbox 1651 3428 1684 3490; x_wconf 92' lang='lat' dir='ltr'>in</span> <span class='ocrx_word' id='word_1_524' title='bbox 1705 3425 1799 3488; x_wconf 88' lang='lat' dir='ltr'>sacris</span> <span class='ocrx_word' id='word_1_525' title='bbox 1819 3424 1868 3485; x_wconf 85' lang='lat' dir='ltr'>lii·</span> 
     </span>
     <span class='ocr_line' id='line_1_91' title="bbox 1124 3514 1869 3604; baseline -0.013 -17"><span class='ocrx_word' id='word_1_526' title='bbox 1124 3524 1243 3604; x_wconf 80' lang='lat' dir='ltr'>ptychis</span> <span class='ocrx_word' id='word_1_527' title='bbox 1265 3521 1435 3598; x_wconf 80' lang='lat' dir='ltr'>referreut3</span> <span class='ocrx_word' id='word_1_528' title='bbox 1458 3514 1718 3601; x_wconf 85' lang='lat' dir='ltr'>quemadmodum</span> <span class='ocrx_word' id='word_1_529' title='bbox 1734 3515 1869 3581; x_wconf 87' lang='lat' dir='ltr'>desumi·</span> 
     </span>
     <span class='ocr_line' id='line_1_92' title="bbox 1124 3609 1868 3696; baseline -0.013 -17"><span class='ocrx_word' id='word_1_530' title='bbox 1124 3624 1176 3680; x_wconf 90' lang='lat' dir='ltr'>tur</span> <span class='ocrx_word' id='word_1_531' title='bbox 1197 3634 1236 3680; x_wconf 88' lang='lat' dir='ltr'>eu</span> <span class='ocrx_word' id='word_1_532' title='bbox 1258 3619 1313 3679; x_wconf 86' lang='lat' dir='ltr'>rit.</span> <span class='ocrx_word' id='word_1_533' title='bbox 1331 3621 1406 3678; x_wconf 87' lang='lat' dir='ltr'>tom.</span> <span class='ocrx_word' id='word_1_534' title='bbox 1419 3614 1453 3688; x_wconf 83' lang='lat'>2,</span> <span class='ocrx_word' id='word_1_535' title='bbox 1468 3632 1540 3696; x_wconf 78' lang='lat' dir='ltr'>pap.</span> <span class='ocrx_word' id='word_1_536' title='bbox 1560 3615 1635 3678; x_wconf 82' lang='lat'><em>140.</em></span> <span class='ocrx_word' id='word_1_537' title='bbox 1661 3613 1719 3677; x_wconf 91' lang='lat' dir='ltr'>Sed</span> <span class='ocrx_word' id='word_1_538' title='bbox 1742 3609 1868 3673; x_wconf 88' lang='lat' dir='ltr'>fanatici</span> 
     </span>
     <span class='ocr_line' id='line_1_93' title="bbox 1122 3704 1868 3784; baseline -0.009 -13"><span class='ocrx_word' id='word_1_539' title='bbox 1122 3709 1258 3771; x_wconf 94' lang='lat' dir='ltr'>hominis</span> <span class='ocrx_word' id='word_1_540' title='bbox 1269 3711 1425 3772; x_wconf 88' lang='lat' dir='ltr'>audaciam</span> <span class='ocrx_word' id='word_1_541' title='bbox 1440 3706 1550 3770; x_wconf 88' lang='lat' dir='ltr'>Petrus</span> <span class='ocrx_word' id='word_1_542' title='bbox 1560 3707 1709 3770; x_wconf 90' lang='lat' dir='ltr'>acerrime</span> <span class='ocrx_word' id='word_1_543' title='bbox 1720 3704 1868 3784; x_wconf 91' lang='lat' dir='ltr'>perstrin-</span> 
     </span>
     <span class='ocr_line' id='line_1_94' title="bbox 1123 3804 1866 3880; baseline -0.009 -15"><span class='ocrx_word' id='word_1_544' title='bbox 1123 3805 1180 3878; x_wconf 90' lang='lat' dir='ltr'>xit,</span> <span class='ocrx_word' id='word_1_545' title='bbox 1211 3804 1393 3878; x_wconf 82' lang='lat' dir='ltr'>ostendem,</span> <span class='ocrx_word' id='word_1_546' title='bbox 1417 3805 1452 3864; x_wconf 90' lang='lat' dir='ltr'>ad</span> <span class='ocrx_word' id='word_1_547' title='bbox 1481 3817 1568 3864; x_wconf 90' lang='lat' dir='ltr'>snam</span> <span class='ocrx_word' id='word_1_548' title='bbox 1595 3816 1695 3880; x_wconf 92' lang='lat' dir='ltr'>usque</span> <span class='ocrx_word' id='word_1_549' title='bbox 1722 3806 1866 3871; x_wconf 89' lang='lat' dir='ltr'>aetatem,</span> 
     </span>
     <span class='ocr_line' id='line_1_95' title="bbox 1124 3891 1868 3970; baseline -0.009 -12"><span class='ocrx_word' id='word_1_550' title='bbox 1124 3903 1192 3958; x_wconf 90' lang='lat' dir='ltr'>tum</span> <span class='ocrx_word' id='word_1_551' title='bbox 1214 3897 1393 3960; x_wconf 73' lang='lat' dir='ltr'>Antiochiae</span> <span class='ocrx_word' id='word_1_552' title='bbox 1416 3902 1485 3958; x_wconf 92' lang='lat' dir='ltr'>tum</span> <span class='ocrx_word' id='word_1_553' title='bbox 1512 3891 1781 3970; x_wconf 84' lang='lat' dir='ltr'>Constantinopoli</span> <span class='ocrx_word' id='word_1_554' title='bbox 1803 3906 1868 3953; x_wconf 91' lang='lat' dir='ltr'>non</span> 
     </span>
     <span class='ocr_line' id='line_1_96' title="bbox 1121 3985 1868 4054; baseline -0.011 -2"><span class='ocrx_word' id='word_1_555' title='bbox 1121 3991 1215 4053; x_wconf 90' lang='lat' dir='ltr'>fuisse</span> <span class='ocrx_word' id='word_1_556' title='bbox 1238 3991 1446 4054; x_wconf 89' lang='lat' dir='ltr'>intermissam</span> <span class='ocrx_word' id='word_1_557' title='bbox 1466 3989 1595 4051; x_wconf 90' lang='lat' dir='ltr'>llomani</span> <span class='ocrx_word' id='word_1_558' title='bbox 1611 3985 1771 4050; x_wconf 85' lang='lat' dir='ltr'>Pontificis</span> <span class='ocrx_word' id='word_1_559' title='bbox 1785 4000 1868 4046; x_wconf 88' lang='lat' dir='ltr'>com·</span> 
     </span>
     <span class='ocr_line' id='line_1_97' title="bbox 1123 4077 1867 4163; baseline -0.017 -13"><span class='ocrx_word' id='word_1_560' title='bbox 1123 4085 1391 4150; x_wconf 87' lang='lat' dir='ltr'>memorationem.</span> <span class='ocrx_word' id='word_1_561' title='bbox 1416 4087 1463 4150; x_wconf 81' lang='lat' dir='ltr'>Aa</span> <span class='ocrx_word' id='word_1_562' title='bbox 1479 4083 1556 4148; x_wconf 86' lang='lat' dir='ltr'>hoec</span> <span class='ocrx_word' id='word_1_563' title='bbox 1570 4099 1623 4163; x_wconf 78' lang='lat' dir='ltr'>epo</span> <span class='ocrx_word' id='word_1_564' title='bbox 1639 4095 1758 4160; x_wconf 89' lang='lat' dir='ltr'>quoque</span> <span class='ocrx_word' id='word_1_565' title='bbox 1775 4077 1867 4140; x_wconf 86' lang='lat' dir='ltr'>testis</span> 
     </span>
     <span class='ocr_line' id='line_1_98' title="bbox 1122 4179 1868 4262; baseline -0.013 -18"><span class='ocrx_word' id='word_1_566' title='bbox 1122 4199 1202 4245; x_wconf 85' lang='lat' dir='ltr'>sum·</span> <span class='ocrx_word' id='word_1_567' title='bbox 1216 4185 1301 4245; x_wconf 87' lang='lat' dir='ltr'>amni</span> <span class='ocrx_word' id='word_1_568' title='bbox 1323 4184 1504 4262; x_wconf 80' lang='lat' dir='ltr'>acceptione</span> <span class='ocrx_word' id='word_1_569' title='bbox 1525 4183 1642 4252; x_wconf 84' lang='lat' dir='ltr'>uruiar,</span> <span class='ocrx_word' id='word_1_570' title='bbox 1659 4179 1779 4256; x_wconf 88' lang='lat' dir='ltr'>aliique</span> <span class='ocrx_word' id='word_1_571' title='bbox 1806 4191 1868 4236; x_wconf 89' lang='lat' dir='ltr'>me-</span> 
     </span>
     <span class='ocr_line' id='line_1_99' title="bbox 1123 4276 1867 4359; baseline -0.009 -17"><span class='ocrx_word' id='word_1_572' title='bbox 1123 4297 1194 4344; x_wconf 83' lang='lat' dir='ltr'>runt</span> <span class='ocrx_word' id='word_1_573' title='bbox 1216 4280 1325 4359; x_wconf 86' lang='lat' dir='ltr'>pluras</span> <span class='ocrx_word' id='word_1_574' title='bbox 1346 4295 1468 4350; x_wconf 90' lang='lat' dir='ltr'>eorum,</span> <span class='ocrx_word' id='word_1_575' title='bbox 1491 4277 1546 4357; x_wconf 87' lang='lat' dir='ltr'>qui</span> <span class='ocrx_word' id='word_1_576' title='bbox 1569 4278 1603 4338; x_wconf 89' lang='lat' dir='ltr'>iu</span> <span class='ocrx_word' id='word_1_577' title='bbox 1620 4276 1762 4340; x_wconf 78' lang='lat' dir='ltr'>Ecclesia</span> <span class='ocrx_word' id='word_1_578' title='bbox 1776 4291 1867 4352; x_wconf 89' lang='lat' dir='ltr'>prae·</span> 
     </span>
     <span class='ocr_line' id='line_1_100' title="bbox 1122 4369 1867 4452; baseline -0.003 -17"><span class='ocrx_word' id='word_1_579' title='bbox 1122 4377 1254 4446; x_wconf 83' lang='lat' dir='ltr'>refluat,</span> <span class='ocrx_word' id='word_1_580' title='bbox 1287 4372 1368 4452; x_wconf 86' lang='lat' dir='ltr'>quod</span> <span class='ocrx_word' id='word_1_581' title='bbox 1388 4369 1447 4434; x_wconf 88' lang='lat' dir='ltr'>suh</span> <span class='ocrx_word' id='word_1_582' title='bbox 1476 4370 1586 4434; x_wconf 87' lang='lat' dir='ltr'>beatae</span> <span class='ocrx_word' id='word_1_583' title='bbox 1615 4371 1786 4432; x_wconf 85' lang='lat' dir='ltr'>memoriae</span> <span class='ocrx_word' id='word_1_584' title='bbox 1807 4369 1867 4433; x_wconf 90' lang='lat' dir='ltr'>Pa-</span> 
     </span>
     <span class='ocr_line' id='line_1_101' title="bbox 1124 4463 1867 4541; baseline -0.003 -13"><span class='ocrx_word' id='word_1_585' title='bbox 1124 4467 1271 4530; x_wconf 74' lang='lat' dir='ltr'>triorche</span> <span class='ocrx_word' id='word_1_586' title='bbox 1282 4466 1472 4531; x_wconf 85' lang='lat' dir='ltr'>Antiochiae</span> <span class='ocrx_word' id='word_1_587' title='bbox 1483 4465 1617 4527; x_wconf 87' lang='lat' dir='ltr'>Domino</span> <span class='ocrx_word' id='word_1_588' title='bbox 1632 4465 1761 4537; x_wconf 85' lang='lat' dir='ltr'>Ioanne,</span> <span class='ocrx_word' id='word_1_589' title='bbox 1776 4463 1867 4541; x_wconf 86' lang='lat' dir='ltr'>Papa</span> 
     </span>
     <span class='ocr_line' id='line_1_102' title="bbox 1123 4557 1866 4639; baseline -0.008 -17"><span class='ocrx_word' id='word_1_590' title='bbox 1123 4559 1248 4634; x_wconf 83' lang='lat' dir='ltr'>Romae,</span> <span class='ocrx_word' id='word_1_591' title='bbox 1265 4562 1331 4639; x_wconf 87' lang='lat' dir='ltr'>ipse</span> <span class='ocrx_word' id='word_1_592' title='bbox 1346 4561 1445 4622; x_wconf 85' lang='lat' dir='ltr'>etiam</span> <span class='ocrx_word' id='word_1_593' title='bbox 1465 4561 1598 4623; x_wconf 89' lang='lat' dir='ltr'>Ioannes</span> <span class='ocrx_word' id='word_1_594' title='bbox 1619 4557 1818 4628; x_wconf 88' lang='lat' dir='ltr'>nominatus,</span> <span class='ocrx_word' id='word_1_595' title='bbox 1831 4557 1866 4618; x_wconf 93' lang='lat' dir='ltr'>in</span> 
     </span>
     <span class='ocr_line' id='line_1_103' title="bbox 1121 4651 1867 4733; baseline -0.008 -17"><span class='ocrx_word' id='word_1_596' title='bbox 1121 4655 1224 4716; x_wconf 87' lang='lat' dir='ltr'>sacris</span> <span class='ocrx_word' id='word_1_597' title='bbox 1239 4653 1408 4731; x_wconf 80' lang='lat' dir='ltr'>Diptprhis</span> <span class='ocrx_word' id='word_1_598' title='bbox 1425 4655 1614 4733; x_wconf 69' lang='lat' dir='ltr'>referretur.</span> <span class='ocrx_word' id='word_1_599' title='bbox 1641 4651 1867 4714; x_wconf 82' lang='lat' dir='ltr'>Constantino·</span> 
     </span>
     <span class='ocr_line' id='line_1_104' title="bbox 1120 4733 1867 4825; baseline -0.003 -17"><span class='ocrx_word' id='word_1_600' title='bbox 1120 4746 1220 4825; x_wconf 88' lang='lat' dir='ltr'>polim</span> <span class='ocrx_word' id='word_1_601' title='bbox 1240 4753 1405 4824; x_wconf 87' lang='lat' dir='ltr'>practerea</span> <span class='ocrx_word' id='word_1_602' title='bbox 1428 4733 1504 4808; x_wconf 77' lang='lat' dir='ltr'>autc</span> <span class='ocrx_word' id='word_1_603' title='bbox 1526 4747 1579 4805; x_wconf 87' lang='lat' dir='ltr'>hos</span> <span class='ocrx_word' id='word_1_604' title='bbox 1601 4759 1703 4806; x_wconf 82' lang='lat' dir='ltr'>anaor</span> <span class='ocrx_word' id='word_1_605' title='bbox 1728 4743 1867 4822; x_wconf 86' lang='lat' dir='ltr'>quadra-</span> 
     </span>
     <span class='ocr_line' id='line_1_105' title="bbox 1121 4835 1868 4921; baseline -0.003 -19"><span class='ocrx_word' id='word_1_606' title='bbox 1121 4840 1215 4921; x_wconf 74' lang='lat' dir='ltr'>ginta</span> <span class='ocrx_word' id='word_1_607' title='bbox 1237 4839 1375 4918; x_wconf 88' lang='lat' dir='ltr'>quinque</span> <span class='ocrx_word' id='word_1_608' title='bbox 1398 4839 1572 4918; x_wconf 81' lang='lat' dir='ltr'>inpressos,</span> <span class='ocrx_word' id='word_1_609' title='bbox 1587 4836 1702 4916; x_wconf 88' lang='lat' dir='ltr'>reperi,</span> <span class='ocrx_word' id='word_1_610' title='bbox 1718 4835 1778 4900; x_wconf 87' lang='lat' dir='ltr'>suh</span> <span class='ocrx_word' id='word_1_611' title='bbox 1792 4855 1868 4900; x_wconf 88' lang='lat' dir='ltr'>sau·</span> 
     </span>
     <span class='ocr_line' id='line_1_106' title="bbox 1122 4929 1865 5011; baseline -0.001 -17"><span class='ocrx_word' id='word_1_612' title='bbox 1122 4941 1192 4996; x_wconf 88' lang='lat' dir='ltr'>ctae</span> <span class='ocrx_word' id='word_1_613' title='bbox 1206 4933 1376 5008; x_wconf 81' lang='lat' dir='ltr'>memoriae</span> <span class='ocrx_word' id='word_1_614' title='bbox 1390 4929 1588 4994; x_wconf 82' lang='lat' dir='ltr'>Patriarcltd</span> <span class='ocrx_word' id='word_1_615' title='bbox 1605 4929 1724 4992; x_wconf 87' lang='lat' dir='ltr'>Damno</span> <span class='ocrx_word' id='word_1_616' title='bbox 1741 4929 1865 5011; x_wconf 75' lang='lat' dir='ltr'>Scipio,</span> 
     </span>
     <span class='ocr_line' id='line_1_107' title="bbox 1121 5024 1866 5106; baseline -0.003 -18"><span class='ocrx_word' id='word_1_617' title='bbox 1121 5026 1325 5105; x_wconf 85' lang='lat' dir='ltr'>praedictum</span> <span class='ocrx_word' id='word_1_618' title='bbox 1352 5025 1473 5106; x_wconf 84' lang='lat' dir='ltr'>Papam</span> <span class='ocrx_word' id='word_1_619' title='bbox 1496 5025 1531 5086; x_wconf 90' lang='lat' dir='ltr'>in</span> <span class='ocrx_word' id='word_1_620' title='bbox 1551 5025 1646 5088; x_wconf 80' lang='lat' dir='ltr'>sacra</span> <span class='ocrx_word' id='word_1_621' title='bbox 1672 5024 1866 5088; x_wconf 79' lang='lat' dir='ltr'>Missurum</span> 
     </span>
     <span class='ocr_line' id='line_1_108' title="bbox 1121 5118 1866 5201; baseline -0.005 -17"><span class='ocrx_word' id='word_1_622' title='bbox 1121 5120 1198 5184; x_wconf 88' lang='lat' dir='ltr'>aliis</span> <span class='ocrx_word' id='word_1_623' title='bbox 1224 5118 1430 5182; x_wconf 87' lang='lat' dir='ltr'>Patriarchis</span> <span class='ocrx_word' id='word_1_624' title='bbox 1456 5119 1586 5201; x_wconf 71' lang='lat' dir='ltr'>referri.</span> <span class='ocrx_word' id='word_1_625' title='bbox 1616 5121 1758 5197; x_wconf 81' lang='lat' dir='ltr'>Additur,</span> <span class='ocrx_word' id='word_1_626' title='bbox 1786 5135 1866 5182; x_wconf 93' lang='lat' dir='ltr'>nun·</span> 
     </span>
     <span class='ocr_line' id='line_1_109' title="bbox 1120 5211 1864 5293; baseline -0.003 -17"><span class='ocrx_word' id='word_1_627' title='bbox 1120 5229 1214 5293; x_wconf 91' lang='lat' dir='ltr'>quam</span> <span class='ocrx_word' id='word_1_628' title='bbox 1234 5213 1282 5290; x_wconf 84' lang='lat' dir='ltr'>agi</span> <span class='ocrx_word' id='word_1_629' title='bbox 1304 5220 1449 5289; x_wconf 89' lang='lat' dir='ltr'>coeptum</span> <span class='ocrx_word' id='word_1_630' title='bbox 1463 5211 1501 5273; x_wconf 92' lang='lat' dir='ltr'>de</span> <span class='ocrx_word' id='word_1_631' title='bbox 1516 5213 1633 5274; x_wconf 89' lang='lat' dir='ltr'>unione</span> <span class='ocrx_word' id='word_1_632' title='bbox 1655 5213 1864 5290; x_wconf 79' lang='lat' dir='ltr'>instauranda,</span> 
     </span>
     <span class='ocr_line' id='line_1_110' title="bbox 1120 5306 1866 5370; baseline -0.001 -1"><span class='ocrx_word' id='word_1_633' title='bbox 1120 5308 1180 5370; x_wconf 92' lang='lat' dir='ltr'>nisi</span> <span class='ocrx_word' id='word_1_634' title='bbox 1201 5324 1236 5369; x_wconf 91' lang='lat' dir='ltr'>ea</span> <span class='ocrx_word' id='word_1_635' title='bbox 1251 5309 1284 5369; x_wconf 90' lang='lat' dir='ltr'>in</span> <span class='ocrx_word' id='word_1_636' title='bbox 1299 5315 1491 5368; x_wconf 89' lang='lat' dir='ltr'>antecessum</span> <span class='ocrx_word' id='word_1_637' title='bbox 1503 5306 1631 5368; x_wconf 90' lang='lat' dir='ltr'>admissa</span> <span class='ocrx_word' id='word_1_638' title='bbox 1651 5307 1785 5368; x_wconf 88' lang='lat' dir='ltr'>conditio</span> <span class='ocrx_word' id='word_1_639' title='bbox 1800 5306 1866 5368; x_wconf 91' lang='lat' dir='ltr'>fue·</span> 
     </span>
     <span class='ocr_line' id='line_1_111' title="bbox 1120 5398 1864 5477; baseline 0.005 -15"><span class='ocrx_word' id='word_1_640' title='bbox 1120 5398 1172 5476; x_wconf 89' lang='lat' dir='ltr'>rit,</span> <span class='ocrx_word' id='word_1_641' title='bbox 1197 5410 1231 5463; x_wconf 92' lang='lat' dir='ltr'>nt</span> <span class='ocrx_word' id='word_1_642' title='bbox 1252 5417 1354 5464; x_wconf 89' lang='lat' dir='ltr'>sacrae</span> <span class='ocrx_word' id='word_1_643' title='bbox 1369 5399 1513 5477; x_wconf 90' lang='lat' dir='ltr'>liturgiae</span> <span class='ocrx_word' id='word_1_644' title='bbox 1530 5402 1721 5464; x_wconf 88' lang='lat' dir='ltr'>insereretur</span> <span class='ocrx_word' id='word_1_645' title='bbox 1734 5405 1864 5466; x_wconf 82' lang='lat' dir='ltr'>Romani</span> 
     </span>
     <span class='ocr_line' id='line_1_112' title="bbox 1119 5495 1866 5575; baseline 0.004 -19"><span class='ocrx_word' id='word_1_646' title='bbox 1119 5495 1276 5558; x_wconf 82' lang='lat' dir='ltr'>Pontificis</span> <span class='ocrx_word' id='word_1_647' title='bbox 1297 5498 1564 5572; x_wconf 83' lang='lat' dir='ltr'>commemorati03</span> <span class='ocrx_word' id='word_1_648' title='bbox 1588 5512 1690 5575; x_wconf 89' lang='lat' dir='ltr'>neque</span> <span class='ocrx_word' id='word_1_649' title='bbox 1705 5513 1779 5559; x_wconf 86' lang='lat' dir='ltr'>vero</span> <span class='ocrx_word' id='word_1_650' title='bbox 1794 5515 1866 5560; x_wconf 92' lang='lat' dir='ltr'>cou-</span> 
     </span>
     <span class='ocr_line' id='line_1_113' title="bbox 1120 5590 1867 5668; baseline 0.004 -17"><span class='ocrx_word' id='word_1_651' title='bbox 1120 5599 1245 5653; x_wconf 86' lang='lat' dir='ltr'>rentam</span> <span class='ocrx_word' id='word_1_652' title='bbox 1268 5591 1418 5652; x_wconf 92' lang='lat' dir='ltr'>unionem</span> <span class='ocrx_word' id='word_1_653' title='bbox 1434 5605 1489 5668; x_wconf 94' lang='lat' dir='ltr'>pro</span> <span class='ocrx_word' id='word_1_654' title='bbox 1503 5590 1631 5668; x_wconf 82' lang='lat' dir='ltr'>impleta</span> <span class='ocrx_word' id='word_1_655' title='bbox 1642 5591 1776 5654; x_wconf 90' lang='lat' dir='ltr'>habitam</span> <span class='ocrx_word' id='word_1_656' title='bbox 1791 5592 1867 5654; x_wconf 90' lang='lat' dir='ltr'>fuis-</span> 
     </span>
     <span class='ocr_line' id='line_1_114' title="bbox 1119 5682 1865 5764; baseline 0.004 -20"><span class='ocrx_word' id='word_1_657' title='bbox 1119 5699 1162 5757; x_wconf 91' lang='lat' dir='ltr'>se,</span> <span class='ocrx_word' id='word_1_658' title='bbox 1179 5683 1239 5744; x_wconf 91' lang='lat' dir='ltr'>nisi</span> <span class='ocrx_word' id='word_1_659' title='bbox 1255 5682 1459 5760; x_wconf 89' lang='lat' dir='ltr'>praeiudicata</span> <span class='ocrx_word' id='word_1_660' title='bbox 1474 5683 1600 5745; x_wconf 89' lang='lat' dir='ltr'>initialis</span> <span class='ocrx_word' id='word_1_661' title='bbox 1615 5684 1751 5746; x_wconf 89' lang='lat' dir='ltr'>conditio</span> <span class='ocrx_word' id='word_1_662' title='bbox 1766 5687 1865 5764; x_wconf 89' lang='lat' dir='ltr'>reipsa</span> 
     </span>
     <span class='ocr_line' id='line_1_115' title="bbox 1119 5775 1865 5858; baseline 0.003 -20"><span class='ocrx_word' id='word_1_663' title='bbox 1119 5777 1295 5840; x_wconf 89' lang='lat' dir='ltr'>executioni</span> <span class='ocrx_word' id='word_1_664' title='bbox 1325 5775 1421 5839; x_wconf 91' lang='lat' dir='ltr'>fuerit</span> <span class='ocrx_word' id='word_1_665' title='bbox 1453 5777 1642 5840; x_wconf 89' lang='lat' dir='ltr'>demandata.</span> <span class='ocrx_word' id='word_1_666' title='bbox 1678 5778 1723 5840; x_wconf 91' lang='lat' dir='ltr'>Ex</span> <span class='ocrx_word' id='word_1_667' title='bbox 1752 5778 1865 5858; x_wconf 91' lang='lat' dir='ltr'>quibus</span> 
     </span>
     <span class='ocr_line' id='line_1_116' title="bbox 1119 5871 1865 5934; baseline 0.004 -2"><span class='ocrx_word' id='word_1_668' title='bbox 1119 5871 1262 5932; x_wconf 88' lang='lat' dir='ltr'>omnibns</span> <span class='ocrx_word' id='word_1_669' title='bbox 1288 5871 1451 5932; x_wconf 86' lang='lat' dir='ltr'>manifeste</span> <span class='ocrx_word' id='word_1_670' title='bbox 1480 5871 1602 5932; x_wconf 91' lang='lat' dir='ltr'>eruitur</span> <span class='ocrx_word' id='word_1_671' title='bbox 1627 5872 1789 5934; x_wconf 91' lang='lat' dir='ltr'>consensio</span> <span class='ocrx_word' id='word_1_672' title='bbox 1811 5872 1865 5934; x_wconf 90' lang='lat' dir='ltr'>Ec·</span> 
     </span>
     <span class='ocr_line' id='line_1_117' title="bbox 1117 5962 1866 6041; baseline 0.001 -15"><span class='ocrx_word' id='word_1_673' title='bbox 1117 5962 1280 6026; x_wconf 66' lang='lat' dir='ltr'>&#39;elesiarum</span> <span class='ocrx_word' id='word_1_674' title='bbox 1302 5963 1428 6026; x_wconf 87' lang='lat' dir='ltr'>Latinae</span> <span class='ocrx_word' id='word_1_675' title='bbox 1450 5963 1622 6027; x_wconf 87' lang='lat' dir='ltr'>etGra&#39;ecae</span> <span class='ocrx_word' id='word_1_676' title='bbox 1641 5966 1674 6026; x_wconf 93' lang='lat' dir='ltr'>in</span> <span class='ocrx_word' id='word_1_677' title='bbox 1696 5980 1866 6041; x_wconf 90' lang='lat' dir='ltr'>agnoscen-</span> 
     </span>
    </p>
   </div>
   <div class='ocr_carea' id='block_1_6' title="bbox 1732 6114 1759 6156">
    <p class='ocr_par' dir='ltr' id='par_1_7' title="bbox 1732 6114 1759 6156">
     <span class='ocr_line' id='line_1_118' title="bbox 1732 6114 1759 6156; baseline 0 0"><span class='ocrx_word' id='word_1_678' title='bbox 1732 6114 1759 6156; x_wconf 81' lang='lat'>80</span> 
     </span>
    </p>
   </div>
   <div class='ocr_carea' id='block_1_7' title="bbox 0 0 2404 6978">
    <p class='ocr_par' dir='ltr' id='par_1_8' title="bbox 0 0 2404 6978">
     <span class='ocr_line' id='line_1_119' title="bbox 0 0 2404 6978; baseline 0 3"><span class='ocrx_word' id='word_1_679' title='bbox 0 0 2404 6978; x_wconf 95' lang='lat' dir='ltr'> </span> 
     </span>
    </p>
   </div>
  </div>
 </body>
</html>
