4764 6972
77 615 113 664 ιι.
125 609 148 658 d.
165 602 227 655 illd

251 739 308 800 odo
330 754 346 797 a
367 737 456 800 nohis
480 737 643 816 approbata
669 743 700 800 et
721 735 901 798 confirmata
926 740 1000 796 sunt

253 831 331 893 circa
347 831 539 894 Patriarchae
554 831 740 893 electionem
754 829 950 908 praescripta,
964 829 1001 890 ab

251 925 326 1002 ipsis
346 925 547 987 Antistitibus
568 923 685 986 servari
706 923 849 986 debeant.

81 1035 233 1098 nasson-sun
290 1018 310 1092 ἓ
330 1017 360 1080 6.
384 1035 419 1080 ιι.
444 1017 512 1080 ‘libi
533 1017 653 1079 anobis
675 1031 801 1078 omnem
822 1015 1001 1078 facultatem

70 1093 235 1204 qfflfitsfif
251 1111 444 1188 impertitam
466 1127 532 1173 esse
543 1111 723 1173 absolvendi
746 1127 762 1170 a
782 1109 922 1172 censuris
937 1123 1002 1170 om·

72 1217 105 1302 3²12
115 1197 233 1299 {gigfltg'gfl
252 1204 356 1280 nibus,
380 1212 411 1266 et
439 1204 635 1282 dispensandi
657 1221 672 1264 a
693 1203 856 1282 quibusvis
881 1201 1001 1276 irregu-

204 1283 209 1304 '
252 1296 439 1373 laritatibus,
465 1298 505 1360 ob
528 1297 767 1360 celebrationem
797 1311 868 1358 cum
893 1310 1002 1355 censu·

252 1390 307 1464 ris,
324 1389 438 1464 lorsan,
455 1389 612 1452 occasione
626 1388 777 1452 dictarum
800 1387 1001 1461 electionum,

252 1490 283 1544 et
304 1482 344 1544 ob
366 1498 518 1558 excessus,
541 1483 636 1543 etiam
657 1498 730 1544 cum
748 1479 930 1544 oneratione
951 1494 1001 1556 po·

251 1575 373 1636 testatis
395 1575 615 1637 ecclesiasticae
637 1582 668 1636 et
689 1591 748 1637 usu
771 1572 929 1651 potestatis
950 1571 1003 1632 lai-

252 1682 317 1741 cae,
339 1667 530 1743 commissos,
553 1667 718 1730 contractis
739 1674 770 1728 et
792 1665 935 1729 incursis.

81 1774 235 1826 asemona-
293 1760 314 1834 ἓ
335 1759 364 1820 7.
389 1776 439 1822 ιιι.
463 1759 653 1823 Facultatcm
674 1759 731 1821 tibi
751 1757 867 1837 pariter
880 1772 1003 1820 conces·

73 1835 236 1932 flffifilff
251 1868 318 1914 sam
341 1853 506 1931 apostolica
532 1853 712 1916 auctoritate
733 1850 860 1912 sanandi
882 1864 1001 1924 omnes,

74 1947 120 1990 ute:
253 1953 285 2008 et
306 1946 448 2022 singulos
462 1953 547 2009 actus
561 1952 591 2008 et
606 1944 821 2023 patriarchales
836 1941 1004 2020 expeditio

253 2054 322 2114 nes,
345 2039 383 2100 ab
405 2045 539 2116 utroque
553 2046 715 2115 praetenso
730 2036 838 2110 electo,
854 2036 890 2098 ad
905 2048 1004 2112 usque

254 2131 503 2194 denuntiationis
531 2138 563 2192 et
590 2129 795 2192 intimationis
823 2125 1003 2206 apostolicae

252 2225 442 2303 provisionis
463 2232 587 2287 nostrae
608 2223 703 2298 diem,
726 2229 863 2300 peractos
885 2225 915 2282 et
936 2234 1005 2298 per-

254 2327 347 2380 actas.

79 2440 234 2490 „mamma
294 2411 366 2488 58.
390 2429 431 2474 rv.
461 2411 651 2475 Facultatem
682 2410 829 2474 similiter
855 2406 1004 2471 tributam

75 2501 174 2592 :stiffi
188 2503 237 2592 ,9ξῇ
254 2506 440 2568 remittendi
461 2511 494 2568 et
514 2505 708 2568 condonandi
732 2518 840 2566 omnes
862 2500 1005 2580 pecunia-

75 2583 237 2702 }ntgfphgf'lidffij
254 2613 339 2675 rum,
355 2615 433 2677 quae
453 2598 489 2660 ad
512 2598 700 2660 Patriarchas
713 2596 902 2675 spectabant,
919 2607 1004 2654 enac·

75 2717 135 2758 nun
254 2692 370 2767 tiones,
386 2692 424 2755 ab
438 2701 573 2770 utroque
587 2699 748 2771 praetenso
762 2689 860 2752 electo
875 2702 1003 2766 quomo·

253 2784 373 2848 delibet
394 2785 505 2862 lactas;
528 2789 568 2848 ιιι
592 2792 767 2860 tamen,ut,
790 2783 890 2862 quoad
913 2797 1005 2860 pecu·

254 2880 324 2942 nias
340 2879 468 2960 quidem
482 2879 516 2941 ad
530 2879 737 2942 Patriarcham
752 2884 936 2956 spectantes
954 2876 1003 2937 he-

252 2974 352 3051 nigna
361 2975 472 3052 utiquc
485 2972 685 3052 impendatur
696 2971 892 3046 condonatio;
905 2969 1004 3047 quoad

253 3067 402 3146 pecunias
422 3083 498 3128 vero
512 3069 547 3132 ad
560 3064 672 3128 Sedem
687 3064 923 3127 Patriarchalem
935 3077 1004 3140 per-

253 3160 411 3236 tinentes,
443 3162 658 3238 unusquisque
683 3159 783 3221 eidem
806 3155 1003 3218 Patriarchali

255 3253 327 3318 Sedi
350 3254 517 3316 restituere
539 3260 693 3315 teneatur.

94 3373 236 3433 curamque
296 3347 316 3422 5
338 3347 368 3410 9.
393 3365 423 3408 v.
449 3348 621 3426 Scripturas
648 3363 755 3408 omnes
782 3343 816 3406 ad
839 3344 1003 3422 utriusque

75 3425 237 3525 {l‘filqfflffig
254 3441 413 3520 praetensi
435 3441 524 3503 electi
545 3440 753 3518 patrocinium
768 3446 798 3502 et
819 3439 959 3501 levorem
973 3455 1002 3500 e-

75 3533 236 3588 respargente
254 3534 334 3596 ditas
357 3541 388 3595 et
415 3534 587 3612 praedictae
614 3533 855 3609 congregationi
877 3535 915 3594 de
933 3533 1004 3595 Pro

254 3627 393 3705 paganda
409 3625 483 3688 Fide
494 3625 567 3687 hinc
583 3624 656 3687 inde
670 3625 832 3700 exhibitas,
845 3633 1002 3703 tamquam

254 3721 287 3782 in
309 3720 409 3782 torma
430 3735 495 3780 non
516 3719 665 3797 probante
679 3735 756 3794 esse,
769 3735 802 3780 ac
817 3719 894 3794 lore,
907 3729 938 3781 et
952 3719 1003 3780 ha-

253 3813 334 3888 beri,
357 3829 391 3874 ae
411 3814 542 3891 proinde
563 3813 596 3874 in
619 3811 743 3873 nullum
768 3811 866 3873 lamae
887 3820 918 3874 et
939 3813 1005 3874 eni-

253 3907 426 3968 stimationi
455 3906 620 3984 utriusque
640 3905 730 3966 electi
756 3921 794 3966 ιι
815 3905 889 3982 ipsis
910 3906 1004 3968 detri-

253 4007 401 4060 mentum
424 3998 544 4060 illatum
566 4014 643 4074 csse,
664 3997 770 4058 autin
791 3997 937 4061 loturum
958 3999 1003 4061 in·

253 4091 330 4154 terri
356 4108 455 4170 posse,
481 4092 541 4154 nisi
565 4091 761 4167 iudicialiter,
788 4091 918 4152 servatis
940 4109 1003 4153 ser-

254 4185 377 4262 vandis,
400 4185 489 4248 aliter
509 4193 640 4248 constet.

85 4307 237 4354 musonem
295 4279 315 4354 ἓ
339 4279 387 4341 ιθ.
410 4294 453 4340 ιι.
476 4279 668 4340 Facultatem
689 4279 744 4341 tibi
766 4297 782 4340 a
804 4278 892 4340 nobis
912 4279 1003 4341 colla·

77 4361 237 4461 ξιξζξξξζῑξξζ·
255 4380 332 4447 tam,
355 4381 448 4448 prout
468 4370 650 4432 earumdem
666 4371 878 4449 praesentium
894 4379 1004 4433 tenore

77 4452 237 4566 walecras
255 4470 286 4526 et
306 4464 489 4526 auctoritate
510 4463 664 4525 similibus
693 4465 871 4540 tribuimus,
893 4472 923 4526 et
945 4465 1002 4524 im-

77 4537 83 4561 ⁵
128 4533 187 4566 Μ’
254 4559 424 4635 pertimnr,
447 4555 644 4635 dispensandi
666 4572 736 4618 cum
760 4557 918 4620 monachis
939 4557 1002 4635 epi-

252 4649 367 4728 scopali
388 4649 539 4726 dignitate
568 4650 761 4726 inauguratis
782 4651 818 4712 ab
846 4650 1002 4729 hrchiepi-

252 4759 345 4823 scopo
366 4743 495 4806 Soriano
510 4758 604 4821 super
624 4743 826 4820 suspensione
837 4751 867 4804 et
883 4743 1004 4820 irregu-

253 4836 379 4898 laritate
398 4843 563 4910 contracta,
582 4836 715 4913 praeviis
738 4844 841 4896 tamen
862 4837 1002 4899 salutari-

254 4929 312 4990 bus
328 4928 541 5008 poenitentiis,
558 4937 588 4990 et
604 4929 745 4990 iniuncto
766 4944 861 4989 onere
881 4945 948 4990 sese
970 4931 1001 4991 in

254 5022 359 5100 aliquo
384 5021 573 5083 monasterio
600 5021 792 5096 continendi,
816 5021 919 5098 ibique
948 5038 1002 5100 per

254 5130 398 5177 mensem
425 5114 572 5176 saltema
598 5113 805 5176 celebratione
839 5121 869 5174 et
889 5131 905 5174 a
927 5131 1003 5192 pon-

254 5207 417 5270 tificalium
432 5206 580 5270 exercitio
593 5222 660 5268 sese
673 5206 860 5270 abstinendi:
878 5222 1001 5270 necnon

253 5299 433 5362 lacultatem
456 5299 512 5361 tibi
535 5299 677 5361 traditam
699 5299 879 5361 absolvendi
900 5301 1001 5378 ipsum

254 5393 371 5471 pariter
392 5391 666 5470 Archiepiscopum
681 5390 858 5467 Sosianum,
875 5392 1002 5455 alterius

255 5487 386 5564 proinde
405 5485 506 5560 Ritus,
519 5503 534 5545 a
546 5485 697 5564 praedicta
709 5486 913 5548 ordinatione.
930 5486 1001 5562 Qui-

254 5580 313 5643 bus
335 5593 407 5640 sane
429 5578 585 5656 Episcopis
606 5579 787 5652 denuncies‚
800 5595 834 5640 se
855 5594 904 5640 ιιι
919 5580 1003 5642 ιιιι-

256 5689 339 5734 ceses
359 5671 471 5734 edicto
486 5671 720 5750 hrchiepiscopo
735 5672 829 5733 lobia
844 5673 915 5750 ipsis
930 5674 1003 5735 assi·

256 5773 373 5844 gneus,
389 5780 469 5842 quae
483 5765 519 5826 ab
533 5767 643 5826 eodem
659 5763 752 5826 Tohia
766 5765 1001 5845 Archiepiscopo

256 5857 485 5933 retinebantur,
496 5864 527 5919 ιι
538 5856 573 5928 ad
589 5858 692 5935 ipsum
703 5860 804 5921 redire
815 5857 1001 5934 debent,ba-

257 5951 330 6014 berc
346 5965 410 6013 non
430 5966 528 6030 posse,
543 5949 597 6014 sed
613 5967 663 6012 eas
678 5951 850 6027 dumtaxat,
868 5969 947 6030 quae
964 5955 1002 6016 de

362 6101 413 6148 latr.
430 6099 500 6146 Pont.
515 6097 546 6146 ιι
562 6097 636 6160 Prop.
650 6097 712 6145 Fide
726 6099 809 6146 Partis
821 6100 842 6146 l.
856 6097 910 6148 ιιι.
924 6099 967 6148 111.

883 612 1081 678 nnnnmcrus
1100 611 1164 658 ιιι.

1723 593 1780 658 lue
1832 593 1930 646 ιιι.
1952 592 2021 644 nte

1056 734 1137 810 iure,
1167 734 1252 797 iuxta
1276 734 1530 798 distributionem
1557 731 1744 807 dioecesum,
1764 733 1800 794 ad

1057 825 1188 888 lormam
1222 836 1345 890 nostrae
1367 827 1569 890 ordinationis
1596 825 1800 904 praescriptae

1058 921 1214 982 occasione
1242 921 1485 982 confirmationis
1513 919 1652 981 laudatae
1684 916 1800 996 Synodi

1057 1013 1270 1089 provincialis,
1310 1030 1365 1076 seu
1397 1012 1578 1088 nationalis,
1610 1010 1799 1084 taciendam,

1056 1105 1205 1181 assignari
1226 1106 1350 1169 debent.

1097 1199 1185 1274 §lh
1210 1217 1265 1263 ιιι.
1299 1201 1461 1264 lndultum
1485 1202 1588 1264 altaris
1612 1199 1799 1280 privilegiati
1828 1209 2036 1274 vnqtraraapn-

1058 1292 1199 1370 perpetui
1221 1309 1275 1371 pro
1300 1294 1434 1371 singulis
1461 1297 1684 1358 cathedralibus
1705 1294 1800 1356 eccle·
1820 1263 2036 1380 {iiiiffssffiasstcissl

1058 1383 1110 1444 siis
1125 1399 1141 1444 a
1155 1383 1206 1446 iel.
1231 1402 1328 1448 recor.
1347 1386 1513 1449 Benedicto
1528 1388 1603 1467 Papa
1618 1389 1698 1450 lllll.
1715 1401 1801 1465 prae·
1820 1370 1933 1418 seusun.

1058 1473 1217 1538 decessore
1228 1487 1334 1540 nostro
1347 1494 1400 1557 per
1412 1480 1485 1542 alias
1494 1478 1597 1542 literas
1608 1495 1800 1553 concessum,

1057 1567 1083 1627 si
1097 1569 1133 1630 ad
1149 1569 1290 1632 ecclesias
1312 1573 1500 1634 cathedrales
1515 1573 1652 1636 eiusdem
1675 1573 1802 1651 patriar-

1058 1661 1165 1722 chatus
1176 1661 1273 1725 dictae
1288 1665 1421 1727 nationis
1438 1681 1501 1727 non
1517 1665 1610 1728 luerit
1624 1673 1800 1740 extensum,

1059 1755 1240 1818 auctoritate
1268 1767 1373 1820 nostra
1401 1761 1549 1824 extendas
1571 1767 1602 1822 et
1623 1760 1800 1822 confirmes.

1059 1845 1218 1910 Praeterea
1235 1850 1271 1912 iis
1286 1851 1420 1914 ecclesiis
1442 1853 1677 1930 parochialibus,
1690 1853 1722 1916 in
1737 1852 1806 1932 qui-

1060 1939 1117 2002 bus
1137 1941 1219 2005 aliud
1241 1944 1337 2006 altare
1357 1946 1601 2024 privilegiatum,
1616 1947 1683 2008 sive
1697 1962 1805 2026 perpe-

1060 2039 1151 2096 tuum
1171 2036 1238 2097 sive
1258 2036 1294 2098 ad
1317 2045 1450 2117 tempus,
1473 2055 1651 2102 concessum
1670 2056 1735 2102 non
1755 2055 1804 2102 re-

1059 2131 1190 2207 peritur,
1215 2148 1273 2193 nec
1292 2131 1448 2194 sufficiens
1463 2133 1628 2196 missarum
1651 2150 1804 2196 numerus

1060 2224 1257 2302 celebratur,
1278 2227 1373 2288 altare
1402 2227 1634 2306 privilegiatum
1663 2243 1718 2306 pro
1739 2243 1803 2291 uno

1060 2316 1109 2380 ιιι
1131 2319 1162 2380 in
1185 2320 1382 2396 hebdomada,
1400 2336 1454 2398 per
1468 2321 1664 2384 Ordinarium
1681 2321 1738 2383 loci
1753 2322 1804 2383 de-

1059 2411 1228 2487 signando,
1251 2413 1287 2474 ad
1311 2412 1426 2489 viginti
1455 2414 1595 2492 quinque
1614 2432 1712 2477 annos
1733 2433 1804 2479 con·

1060 2505 1158 2566 cedas.
1183 2505 1323 2584 insuper,
1344 2507 1537 2584 patriarchali
1561 2508 1686 2588 quidem
1708 2510 1804 2572 eccle-

1060 2597 1122 2659 siae
1143 2598 1293 2676 plonarias
1321 2599 1531 2676 indulgentias
1558 2608 1732 2678 perpetuas,
1756 2618 1805 2664 re·

1059 2693 1197 2752 vocando
1218 2691 1300 2766 alias,
1316 2693 1382 2754 sive
1403 2692 1438 2754 ad
1453 2700 1589 2772 tempus,
1607 2694 1672 2755 sive
1688 2695 1720 2756 in
1735 2711 1805 2773 per·

1060 2790 1189 2861 petnum
1221 2801 1394 2861 concessas,
1423 2793 1533 2864 quater
1556 2787 1589 2849 in
1617 2803 1714 2864 anno,
1738 2789 1804 2850 aliis

1059 2891 1134 2938 vero
1155 2869 1377 2940 cathedralibus
1399 2879 1445 2940 bis
1465 2880 1499 2940 in
1513 2896 1607 2954 anno,
1624 2897 1804 2958 perunum·

1059 2987 1216 3048 quemque
1227 2971 1472 3048 christifidelem,
1487 2972 1617 3034 servatis
1631 2975 1802 3050 servandis,

1060 3065 1303 3141 lucrifaciendas,
1333 3065 1447 3144 pariter
1474 3067 1621 3129 concedas
1649 3073 1681 3128 et
1702 3067 1804 3130 indul-

1060 3175 1141 3236 geas.

1099 3253 1118 3328 ἓ
1141 3254 1187 3316 ιι.
1213 3254 1352 3330 lienique
1368 3261 1457 3316 tuum
1472 3253 1532 3314 erit
1552 3253 1586 3314 in
1601 3253 1709 3331 primis
1724 3253 1803 3315 nihil
1822 3255 2036 3354 agritiffuf‘issetgssl

1060 3348 1248 3409 intentatum
1271 3347 1461 3425 relinquere,
1477 3349 1556 3425 quod
1572 3347 1607 3408 ad
1626 3364 1730 3410 veram
1745 3347 1804 3408 ιιι·
1822 3361 1946 3408 cantationi
1973 3374 2037 3418 ops-

1061 3448 1245 3517 ternamque
1265 3441 1435 3514 caritatem,
1457 3458 1515 3518 qua
1537 3441 1624 3502 decet
1639 3441 1803 3519 Episcopos
1822 3425 1876 3514 {3¹2
1891 3415 1952 3462 ‘¹³¹⁰
1967 3417 2037 3463 ¹⁰¹³*

1058 3549 1125 3594 sese
1145 3541 1254 3594 ruutuo
1276 3533 1438 3612 complecti
1460 3542 1491 3596 et
1512 3533 1738 3610 confoverent
1752 3551 1803 3613 po-

1060 3626 1139 3703 pulis
1166 3626 1223 3688 sibi
1249 3627 1418 3688 commissis
1450 3628 1592 3706 exemplo
1619 3629 1682 3690 sint
1711 3637 1804 3707 atque

1060 3721 1272 3795 incitamento,
1302 3722 1385 3782 inter
1410 3731 1597 3784 memoratos
1625 3731 1803 3800 praetensos

1059 3815 1172 3876 electos
1195 3815 1293 3876 liliam
1309 3815 1420 3877 hrcen.
1438 3822 1468 3876 et
1484 3813 1608 3876 lobiam
1624 3815 1804 3895 Napolosiae

1059 3907 1309 3985 Archiepiscopos
1341 3908 1463 3983 glutino
1499 3908 1611 3970 Christi
1642 3909 1803 3971 Pastorum

1059 4001 1209 4079 Principis
1244 4000 1467 4063 conciliandam
1498 4000 1804 4080 confirmandamque

1058 4098 1231 4160 conducere
1251 4094 1359 4174 possit:
1384 4110 1440 4156 nos
1461 4095 1547 4156 enim
1564 4094 1619 4156 tibi
1633 4110 1752 4170 omues,
1769 4102 1804 4157 ut

1060 4189 1283 4269 praemittitur,
1312 4188 1472 4250 facultates
1494 4190 1526 4250 in
1549 4188 1604 4250 hac
1625 4204 1660 4248 re
1687 4187 1803 4263 gravis-

1058 4285 1134 4346 sima
1155 4283 1326 4362 peragenda
1352 4290 1383 4342 ιι
1404 4282 1593 4342 conficienda
1619 4280 1804 4343 necessarias

1058 4386 1090 4440 et
1116 4385 1304 4455 opportunas
1333 4374 1500 4436 tribuimus
1529 4381 1559 4436 ιι
1589 4373 1800 4452 impertimur.

1059 4469 1127 4533 Non
1149 4469 1341 4532 obstantibus
1355 4468 1392 4528 iis
1406 4467 1563 4542 omnibus,
1580 4467 1702 4545 quaein
1718 4482 1803 4544 prae·

1059 4563 1182 4626 insertis
1198 4561 1311 4624 nostris
1332 4560 1431 4622 literis
1445 4561 1580 4622 diximus
1591 4576 1654 4622 non
1670 4561 1801 4635 obstare,

1057 4655 1248 4732 caeterisque
1269 4654 1431 4716 contrariis
1452 4654 1710 4731 quibuscumque.
1918 4709 1925 4720 ,

1098 4749 1117 4824 5
1141 4747 1188 4808 ta.
1213 4747 1396 4821 Caeterum,
1419 4745 1530 4808 dilecte
1551 4747 1611 4820 lili,
1636 4754 1665 4807 te
1687 4745 1801 4807 iterum
1837 4758 2037 4822 necopinantis

1058 4857 1214 4918 rogamus,
1231 4847 1262 4902 et
1276 4840 1310 4900 in
1331 4839 1464 4901 Domino
1486 4840 1657 4914 hortamur,
1674 4847 1708 4900 ut
1722 4839 1803 4901 serio
1823 4817 2036 4922 ἱῗιὲῗιῗιῗιῐῗιῑῗ

1058 4937 1162 4997 animo
1183 4933 1380 4996 considerans
1401 4940 1431 4993 et
1451 4948 1545 5009 quam
1560 4933 1654 4994 ardua
1674 4933 1714 4994 sit
1734 4947 1803 5011 pro·
1823 4919 1924 4964 “52³⁰st

1058 5028 1157 5090 vincia
1179 5025 1235 5089 tibi
1256 5025 1428 5098 commissa,
1451 5033 1482 5085 et
1503 5039 1597 5101 quam
1622 5025 1741 5102 amplae
1762 5023 1804 5086 ia-

1058 5120 1185 5182 cultates
1206 5119 1241 5180 ad
1263 5117 1349 5179 illam
1371 5117 1501 5202 alacrius
1522 5116 1694 5180 adeundam
1709 5125 1740 5178 et
1761 5116 1804 5178 le·

1058 5212 1146 5274 licius
1177 5211 1389 5289 explicandam
1420 5212 1730 5289 componendamque
1760 5215 1803 5271 at-

1059 5306 1202 5379 tributae,
1226 5304 1329 5366 omnia
1353 5304 1465 5379 studia,
1488 5319 1597 5366 omnes
1625 5313 1751 5366 conatus
1772 5313 1804 5367 et

1058 5399 1140 5460 vires
1163 5397 1314 5473 intendas,
1332 5413 1395 5458 non
1411 5405 1446 5459 ut
1460 5397 1658 5475 apostolicam
1681 5405 1802 5459 tantum

1057 5488 1282 5566 benignitatem
1294 5497 1430 5550 nostram
1449 5488 1502 5550 tibi
1517 5489 1735 5566 promerearis,
1750 5489 1804 5551 sed

1050 5590 1093 5644 ¹nt
1103 5589 1262 5645 aeternam
1276 5583 1370 5644 etiam
1385 5583 1418 5642 in
1433 5582 1526 5644 coelis
1541 5581 1707 5659 repositam
1722 5597 1805 5644 mer·-

1057 5677 1163 5739 cedem
1185 5693 1201 5736 a
1223 5676 1378 5738 bonorum
1398 5674 1542 5736 omnium
1567 5682 1804 5737 remuneratore

1057 5769 1130 5844 Deo,
1143 5785 1237 5848 quem
1252 5783 1353 5830 unum
1368 5783 1441 5847 prae
1455 5767 1552 5830 oculis
1571 5767 1684 5829 habere
1700 5769 1803 5845 debes,

1057 5862 1204 5940 consequi
1226 5862 1321 5940 possis
1342 5869 1373 5924 et
1396 5862 1504 5924 valeas.
1528 5860 1589 5922 Nos
1610 5861 1751 5936 interim,
1767 5859 1803 5922 ad

1057 5954 1196 6035 prosperi
1215 5971 1373 6018 successus
1401 5955 1586 6035 auspicium,
1610 5954 1666 6016 tibi
1686 5961 1805 6032 aposto·

1672 6105 1699 6150 rt
