4708 6978
337 553 391 606 An.
406 554 435 604 0.
457 555 525 605 1747
576 551 635 616 320

331 3889 470 3934 contrariis
481 3886 532 3945 ple·

318 3943 423 3988 nissimo
453 3943 530 3988 dero-

318 3997 400 4050 gatar.

559 704 632 766 pore
654 688 729 750 iuris
750 689 864 764 clauso,
888 687 975 750 nullo
990 702 1141 764 umquam
1165 694 1302 764 tempore

557 783 594 842 de
615 781 823 861 subreptionis
846 780 895 842 vel
917 780 1118 859 obreptionis,
1134 789 1186 842 aut
1208 779 1300 842 nulli-

559 876 626 937 tatis
648 876 737 950 vitio,
760 892 814 938 seu
837 877 1021 939 intentionis
1036 886 1171 949 nostrae,
1187 885 1239 939 aut
1256 878 1302 940 iu-

559 979 671 1031 teresse
693 969 876 1032 habentium
897 987 1084 1045 consensus,
1107 970 1205 1032 aliove
1227 987 1301 1050 quo-

558 1061 641 1136 libet,
665 1063 758 1122 etiam
774 1063 972 1140 quantumvis
995 1078 1108 1140 rrvagno
1128 1079 1161 1125 ac
1179 1063 1299 1125 lormali

555 1160 585 1216 ot
607 1155 811 1230 substantiali,
834 1156 953 1218 delectu
978 1157 1087 1230 notari,
1111 1155 1298 1234 impugnari,

555 1248 697 1326 infringi,
726 1251 895 1324 retractari,
921 1251 951 1312 in
981 1251 1224 1312 controversiam
1248 1267 1301 1312 vo-

554 1343 627 1417 cari,
651 1345 753 1406 autad
769 1345 919 1406 terminos
943 1345 1017 1406 iuris
1040 1345 1157 1420 reduci,
1179 1362 1234 1409 seu
1250 1349 1300 1408 ad-

556 1452 661 1498 versus
690 1436 755 1498 illas
786 1438 963 1516 aperitionis
990 1439 1062 1514 oris,
1093 1441 1299 1504 restitutionis

554 1532 585 1592 in
609 1530 781 1607 integrum,
810 1531 935 1593 aliudve
961 1531 1179 1612 quodcumque
1211 1535 1298 1609 iuris,

554 1624 634 1698 t'acti,
658 1624 707 1685 vel
730 1625 845 1699 gratiae
866 1625 1038 1688 remedium
1069 1627 1226 1702 intentari,
1249 1629 1298 1690 vel

555 1719 724 1797 impetrari,
738 1727 790 1780 aut
812 1719 903 1781 etiam
927 1719 1010 1781 lllotu
1033 1720 1109 1798 pari,
1126 1722 1207 1782 etde
1229 1739 1298 1799 apo-

552 1811 675 1873 ¹stolicae
697 1812 854 1888 potestatis
869 1812 1062 1892 plenitudine
1083 1813 1138 1874 sibi
1155 1829 1299 1878 concesso

553 1906 602 1966 vel
625 1912 767 1966 emanato
789 1905 967 1983 quempiam
990 1906 1023 1967 in
1047 1905 1160 1968 iudicio
1183 1907 1233 1968 vel
1248 1925 1299 1968 ιιι-

555 2007 598 2059 tra
622 1997 696 2059 illud
721 1998 765 2060 uti
788 2013 842 2060 seu
864 2014 897 2060 se
914 1997 1020 2061 iuvare
1042 1999 1105 2061 ullo
1127 2001 1218 2062 modo
1232 2017 1300 2078 pos·

552 2108 600 2167 se,
623 2093 673 2152 sed
697 2092 772 2170 ipsas
785 2098 960 2168 praesentes
978 2109 1101 2171 semper
1116 2095 1230 2170 firmae,
1248 2111 1299 2155 va-

553 2184 627 2246 lidas
649 2193 679 2246 et
705 2185 841 2246 efficaces
863 2186 996 2248 existere
1018 2193 1048 2246 et
1072 2185 1149 2260 lore,
1165 2202 1298 2266 suosque

552 2279 705 2356 plenarios
726 2286 756 2340 et
778 2280 917 2354 integros
937 2279 1064 2340 ellectus
1084 2280 1186 2341 sortiri
1202 2290 1232 2342 et
1247 2280 1299 2341 ob·

555 2373 664 2446 tinere,
687 2389 720 2434 ac
741 2372 777 2432 ab
799 2372 872 2444 illis,
896 2373 930 2433 ad
953 2387 1028 2450 quos
1053 2378 1169 2450 spectat
1191 2382 1221 2434 et
1244 2389 1298 2451 pro

555 2475 693 2544 tempore
714 2467 972 2544 quandocumque
992 2464 1153 2542 spectabit,
1171 2463 1300 2527 inviola-

555 2558 654 2620 biliter
676 2565 706 2620 et
729 2558 907 2620 inconcusse
930 2556 1096 2620 observari.

333 2673 532 2773 ⁸¹³ffi¹q¹¹d¹⁰³s¹
593 2649 703 2730 Sicque
725 2659 755 2712 et
778 2668 840 2712 non
864 2651 954 2713 aliter
976 2651 1006 2711 in
1033 2649 1206 2729 praemissis
1228 2665 1298 2711 cen·

321 2739 366 2785 pro
406 2741 427 2773 ιι
440 2739 477 2774 ur.

552 2747 623 2821 seri,
646 2754 738 2823 atque
761 2745 798 2808 ita
822 2759 1098 2823 perquoscumque
1120 2743 1236 2805 iudices
1250 2759 1299 2805 or·

552 2839 684 2902 dinarios
705 2846 736 2899 et
758 2837 926 2915 delegatos,
949 2839 1043 2899 etiam
1066 2851 1226 2916 causarum
1248 2853 1298 2914 pa-

554 2933 615 2995 latii
637 2930 793 3012 apostolici
814 2933 980 3006 auditores,
1003 2949 1037 2993 ac
1058 2930 1088 2993 S.
1106 2929 1141 2992 R.
1166 2931 1201 2991 u.
1227 2932 1298 2994 Car·

552 3026 679 3100 dinaleS,
702 3025 796 3088 etiam
819 3028 855 3088 de
880 3025 988 3087 Latere
1015 3025 1144 3101 Legatos
1165 3035 1196 3087 et
1218 3027 1296 3104 Apo-

551 3121 674 3182 stollcae
697 3119 782 3182 Sedis
811 3119 980 3197 praedictae
1007 3117 1158 3192 Nuntios,
1182 3119 1297 3180 aliosve

551 3209 703 3292 quoslibet
721 3229 917 3291 quacumque
931 3213 1174 3290 praeeminentia
1197 3229 1229 3273 ac
1244 3229 1297 3291 po·

553 3313 660 3368 testate
680 3305 847 3382 iungentes
869 3313 900 3366 et
922 3304 1094 3380 iuncturos,
1117 3305 1236 3366 sultlata
1252 3306 1296 3368 eis

551 3409 582 3461 et
603 3413 712 3461 eorum
733 3398 859 3460 cuilibet
881 3398 970 3459 aliter
986 3398 1138 3460 itulicandi
1154 3407 1183 3460 et
1200 3400 1296 3461 inter-

552 3493 692 3572 pretandi
713 3491 873 3566 lacultate,
897 3491 1022 3553 iudicari
1047 3499 1077 3553 et
1099 3494 1221 3555 definiri
1245 3495 1289 3556 de-

552 3587 636 3662 bere,
659 3603 692 3648 ac
720 3587 846 3649 irritum
867 3593 897 3648 et
919 3586 1026 3661 inane,
1049 3587 1074 3648 si
1095 3605 1181 3653 secus
1203 3604 1296 3666 super

553 3681 598 3741 lais
620 3699 634 3741 a
657 3669 812 3759 quoquam
834 3679 940 3759 quavis
962 3683 1144 3742 auctoritate
1162 3683 1296 3744 scienter

551 3772 601 3836 rel
622 3774 803 3850 ignoranter
824 3773 990 3850 contigerit
1011 3775 1165 3837 attentari.

590 3866 659 3928 Non
680 3867 884 3942 obstantibus
897 3875 1050 3945 quatenus
1069 3883 1145 3947 opus
1165 3869 1217 3945 sit,
1241 3885 1295 3931 no-

549 3970 611 4025 stra
632 3967 662 4024 et
683 3959 891 4023 Cancellariae
913 3960 1104 4038 apostolicae
1125 3963 1231 4040 regula
1258 3965 1295 4026 de

549 4056 618 4118 iuro
639 4054 777 4132 quaesito
806 4070 870 4116 non
892 4053 1045 4130 tollendo,
1074 4055 1205 4134 aliisque
1225 4073 1296 4136 apo·

548 4150 674 4226 stolicis,
690 4165 724 4212 ac
744 4150 777 4212 iu
799 4149 1038 4224 universalibus,
1055 4150 1294 4227 provincialibus

548 4251 578 4306 et
598 4243 794 4322 synodalibus
817 4242 962 4307 Consiliis
986 4242 1077 4304 editis
1098 4243 1293 4320 generalibus

547 4336 598 4399 vel
617 4337 799 4416 specialibus
819 4336 1099 4399 constitutionibus
1120 4343 1152 4398 et
1172 4337 1293 4400 ordina-

549 4431 696 4506 tionibus,
720 4447 778 4493 nec
800 4447 863 4492 nou
889 4430 1064 4508 quibusvis,
1098 4430 1191 4491 etiam
1214 4431 1294 4491 iura-

549 4532 665 4600 mento,
689 4524 923 4586 contirmatione
953 4523 1127 4601 apostolica,
1149 4522 1199 4584 vel
1220 4541 1311 4601 qua.

547 4619 593 4678 vis
615 4617 761 4680 firmitate
782 4617 838 4678 alia
853 4617 1015 4691 roboratis,
1031 4617 1153 4678 statutis
1169 4625 1200 4678 et
1221 4633 1292 4678 con-

546 4710 762 4773 suetudinibus
783 4711 877 4770 etiam
899 4710 1208 4784 immemorabilibus,
1232 4713 1292 4790 pri-

547 4803 668 4879 vilegiis
689 4819 822 4881 quoque,
839 4802 1089 4881 exemptionibus
1104 4811 1135 4864 et
1151 4801 1290 4878 indultis,

547 4897 641 4958 etiam
662 4895 695 4956 in
717 4911 843 4972 corpore
869 4895 946 4958 luris
977 4896 1097 4969 clausis,
1121 4905 1172 4958 aut
1195 4895 1292 4957 literis

547 4988 718 5068 apostolicis
736 4987 896 5065 quibusvis
918 4989 1067 5066 personis,
1084 4988 1232 5065 collegiis,
1250 4988 1291 5050 lo-

547 5085 601 5158 cis,
623 5082 788 5146 Ordinibus
809 5083 902 5146 etiam
923 5081 1138 5157 Militantibus,
1156 5085 1291 5159 Congre-

547 5175 733 5254 gationibus,
749 5173 951 5238 Societatibus
973 5183 1004 5237 et
1026 5176 1187 5250 institutis,
1211 5175 1291 5238 aliis·

549 5289 586 5334 ve
607 5269 796 5350 quibuslibet
816 5269 955 5347 specifica
971 5277 1001 5330 et
1023 5269 1183 5332 individua
1204 5285 1292 5331 men-

548 5368 630 5428 tione
646 5363 765 5442 dignis;
781 5363 875 5425 etiam
889 5362 947 5425 sub
961 5363 1208 5442 quibuscumque
1225 5380 1292 5424 ver·

548 5445 659 5523 bo'rum
691 5457 850 5520 tenoribus
878 5465 910 5518 et
932 5455 1050 5528 lormis,
1074 5464 1104 5518 et
1131 5473 1202 5518 cum
1224 5457 1292 5535 qui-

548 5554 653 5618 busvis
680 5552 773 5614 etiam
803 5550 948 5613 clausulis
970 5558 1000 5612 et
1029 5550 1169 5624 decretis
1197 5551 1291 5612 etiam

547 5645 813 5723 derogatoriarum
823 5643 1025 5721 derogatoriis
1040 5651 1070 5706 et
1085 5643 1289 5718 irritantibus,

547 5744 579 5804 in
603 5755 716 5818 genere
732 5739 783 5800 vel
804 5740 837 5800 in
851 5739 963 5816 specie,
980 5739 1072 5799 etiam
1093 5746 1181 5800 motu
1196 5737 1291 5799 simili

547 5843 578 5899 ct
600 5837 637 5898 de
650 5833 831 5913 apostolicae
846 5831 1003 5912 potestatis
1018 5830 1223 5910 plenitudiue,
1235 5847 1291 5893 seu

547 5925 814 6002 consistorialiter,
842 5942 876 5988 ac
904 5925 976 5987 alias
1004 5923 1236 6004 quomodolibet
1257 5925 1290 5987 in

1080 568 1145 612 ltin·
1170 565 1260 612 PONT·
1285 564 1325 610 DE
1347 566 1375 610 P.
1399 567 1427 611 F·
1453 565 1535 612 enus
1557 568 1577 611 Ι.

2136 549 2187 602 An.
2201 556 2228 606 0.
2248 561 2301 615 titi

1358 687 1546 748 contrarium
1569 687 1805 766 praemissorum
1822 687 1973 750 concessis
1989 703 2022 748 ac
2033 686 2105 765 plu·

1359 783 1418 844 ries
1446 783 1651 857 consumatis,
1680 783 1853 861 approbatis
1874 791 1904 844 et
1935 782 2102 846 innovatis.

1356 876 1472 951 Quibus
1493 875 1637 938 omnibus
1651 885 1683 940 et
1697 876 1840 953 singulis,
1857 876 1975 938 etiamsi
1999 893 2052 954 pro
2068 875 2105 936 il-

1360 971 1457 1031 lorum
1487 970 1653 1032 sullicienti
1680 970 1878 1046 derogatione
1906 971 1944 1031 de
1966 969 2025 1030 illis
2052 985 2105 1029 eo·

1358 1081 1490 1144 rumque
1512 1065 1672 1126 tenoribus
1693 1065 1840 1143 specialis,
1853 1065 1992 1144 specifica
2014 1065 2105 1125 etin·

1356 1159 1478 1220 dividua
1501 1159 1629 1231 mentio,
1645 1174 1699 1219 seu
1722 1159 1848 1236 quaevis
1869 1159 1925 1220 alia
1948 1157 2105 1237 expressio

1356 1253 1390 1314 ad
1413 1253 1442 1314 id
1465 1253 1612 1314 servanda
1634 1251 1725 1322 foret,
1749 1251 1875 1314 illorum
1891 1260 2025 1326 tenores,
2042 1250 2104 1313 lor-

1357 1361 1431 1418 mus,
1454 1359 1557 1406 causas
1579 1352 1608 1406 et
1630 1345 1800 1407 occasiones
1820 1344 2032 1424 praesentibus
2046 1360 2103 1421 pro

1357 1438 1447 1516 plene
1468 1445 1499 1500 et
1520 1437 1709 1498 sullicienter
1730 1439 1881 1517 expressis
1903 1447 1934 1500 et
1949 1439 2105 1500 exactissi-

1357 1547 1405 1592 me
1418 1530 1550 1592 servatis
1564 1538 1594 1590 et
1610 1529 1790 1608 specificatis
1802 1533 1972 1612 respective
1987 1533 2102 1594 baben-

1356 1633 1410 1698 tes,
1437 1623 1495 1684 illis
1517 1623 1588 1684 alias
1610 1626 1642 1684 in
1663 1641 1718 1684 suo
1740 1625 1850 1687 robore
1875 1626 2101 1704 permansuris,

1356 1717 1410 1778 bac
1432 1717 1498 1778 vice
1513 1718 1682 1794 dumtaxat,
1699 1719 1733 1779 ad
1751 1719 1990 1798 praemissorum
2011 1720 2103 1782 ellec-

1355 1817 1434 1886 tum,
1455 1809 1632 1888 plenissime
1654 1819 1684 1873 et
1705 1811 1904 1890 amplissime,
1927 1821 2012 1876 motu
2035 1815 2102 1892 pari

1354 1905 1536 1980 derogamus
1562 1913 1594 1967 et
1626 1907 1808 1981 derogatum
1838 1921 1903 1967 esse
1934 1906 2100 1983 volumus,

1353 1999 1543 2075 caeterisque
1563 1999 1726 2060 contrariis
1748 1998 2007 2077 quibuscumque.

1394 2091 1547 2153 Volumus
1578 2091 1706 2169 insuper
1732 2099 1763 2153 et
1784 2093 1899 2154 eadem
1920 2093 2103 2156 auctoritate
2163 2113 2311 2176 ructuantis

1355 2185 1503 2263 praedicta
1526 2187 1726 2261 mandamus,
1748 2194 1783 2247 ut
1806 2185 1927 2248 eaedem
1958 2202 2103 2265 praesen·
2123 2173 2314 2268 Effifilffissfflffi

1355 2287 1397 2338 tes
1419 2287 1450 2339 et
1472 2279 1502 2340 in
1516 2279 1559 2340 eis
1581 2288 1726 2340 contenta
1749 2294 1963 2357 quaecumque
1984 2281 2019 2340 ad
2034 2296 2104 2342 om·
2122 2274 2197 2371 {ffssbfl’
2210 2277 2313 2375 {lfflll
2342 2267 2343 2274 '

1353 2371 1442 2432 nium
1455 2371 1724 2434 notitiamlacilius
1734 2371 2003 2447 deducantur,nec
2017 2374 2102 2453 quis·
2123 2340 2284 2456 intimpaduo
2296 2345 2314 2428 ἶιῗ

1353 2480 1444 2542 quam
1466 2466 1503 2526 de
1526 2465 1569 2525 eis
1591 2465 1798 2540 ignorantiam
1824 2468 2027 2543 praetendere
2047 2484 2103 2528 va·
2123 2435 2225 2479 ”mmm
2239 2436 2298 2482 Μ’
2342 2423 2343 2516 l

1355 2559 1427 2633 leat;
1451 2559 1529 2637 ipsas
1546 2564 1731 2637 praesentes,
1748 2575 1924 2621 sensarum
1948 2569 2104 2622 transum-

1355 2651 1596 2728 maturabas
1628 2651 1771 2713 ecclesiae
1797 2649 1901 2713 Sancti
1923 2654 2044 2715 loannis
2068 2655 2101 2716 in

1354 2747 1503 2808 Laterano
1528 2753 1561 2806 et
1588 2744 1729 2806 basilicae
1765 2745 1914 2824 Principis
1942 2747 2103 2824 Apostolo-

1354 2857 1423 2902 rum
1446 2840 1483 2901 de
1505 2839 1598 2914 Urbe,
1629 2854 1769 2902 necnon
1792 2840 1998 2902 cancellariae
2020 2843 2101 2919 Apo-

1352 2934 1488 3007 stolicae,
1507 2933 1618 2996 Curiae
1633 2933 1790 2996 Generalis
1812 2934 2051 2997 lnnocentianae
2067 2937 2099 2997 in

1353 3028 1456 3090 llonte
1479 3026 1627 3089 citatorio
1649 3027 1733 3089 etin
1756 3028 1828 3090 Acie
1851 3029 1955 3107 Campi
1978 3029 2099 3104 Florae,

1353 3137 1406 3198 per
1426 3121 1561 3198 aliquem
1582 3121 1814 3184 excursoribus
1836 3123 1960 3198 nostris,
1978 3132 2012 3185 ιιι
2033 3140 2100 3185 mo·

1354 3215 1393 3274 ris
1415 3225 1471 3290 est,
1496 3214 1642 3292 publicari
1666 3223 1696 3276 et
1718 3215 1812 3291 abigi,
1839 3216 1944 3295 sicque
1965 3217 2100 3295 publica-

1354 3318 1396 3371 tas
1418 3318 1449 3371 et
1470 3308 1584 3382 allisas,
1608 3325 1715 3370 omnes
1737 3316 1768 3370 et
1789 3309 1939 3386 singulos,
1964 3313 1998 3372 ad
2021 3329 2098 3390 quos

1352 3411 1478 3482 spectat,
1500 3419 1555 3464 seu
1576 3403 1770 3482 spectabilia
1794 3403 1949 3478 laturum,
1969 3407 2097 3483 perinde

1351 3496 1472 3559 afficere
1494 3502 1524 3557 et
1545 3507 1674 3571 arctare,
1691 3513 1723 3559 ac
1737 3497 1761 3558 si
1785 3497 1955 3576 unicuique
1970 3499 2097 3562 illorum

1351 3590 1554 3668 personaliter
1585 3590 1743 3652 intimatae
1765 3598 1803 3660 et,
1825 3592 1998 3654 notillcatae
2023 3590 2098 3652 luis-

1351 3691 1432 3746 seul.

1390 3778 1493 3856 thue
1514 3780 1694 3841 earumdem
1716 3779 1924 3856 praesentium
1942 3787 2098 3841 transum-
2155 3797 2307 3859 accusamus

1351 3875 1409 3950 ptis
1430 3889 1484 3933 scu
1507 3871 1667 3950 exemplis,
1691 3872 1784 3932 etiam
1806 3872 1974 3950 impressis,
1999 3889 2093 3935 manu
2117 3849 2306 3948 gagrfflasuu

1349 3965 1477 4027 alicuius
1499 3965 1611 4026 notarii
1637 3964 1749 4041 publici
1776 3964 1972 4043 subscriptis,
2000 3983 2034 4028 ac
2055 3967 2094 4029 si·

1350 4059 1423 4135 gillo
1441 4074 1588 4137 personae
1600 4057 1632 4118 iu
1645 4057 1845 4120 ecclesiastica
1858 4057 2010 4134 dignitate
2024 4077 2095 4122 coo-

1349 4155 1473 4217 stitutae
1496 4154 1637 4226 munitis,
1654 4153 1760 4214 eadem
1784 4169 1907 4230 prorsus
1931 4154 2015 4226 sides,
2032 4165 2096 4217 tam

1350 4249 1380 4310 in
1404 4245 1527 4320 iudicio,
1552 4263 1644 4324 quam
1667 4252 1754 4306 extra
1776 4245 1864 4320 illud,
1882 4247 1995 4324 ubique
2016 4247 2096 4310 loco-

1350 4357 1419 4403 rum
1441 4340 1600 4410 babeatur,
1624 4353 1700 4416 quae
1724 4337 1796 4415 ipsis
1817 4339 2030 4415 praesentibus
2045 4341 2096 4401 ba-

1341 4435 1484 4506 beretur,
1507 4431 1532 4492 si
1553 4431 1655 4492 lorent
1675 4431 1830 4493 exltibitae
1851 4432 1901 4493 vel
1922 4441 2072 4496 ostensae.

1388 4527 1472 4590 Nulli
1494 4541 1569 4604 ergo
1592 4527 1720 4586 omnino
1750 4525 1913 4587 bominum
1936 4525 2025 4588 liceat
2046 4543 2096 4606 pa·
2151 4543 2248 4606 sanctio
2263 4553 2307 4600 poa.

1349 4622 1453 4697 ginam
1475 4621 1553 4682 banc
1569 4627 1747 4681 nostrarum
1770 4619 2028 4694 confirmationis,
2045 4637 2095 4699 ap·
2116 4598 2187 4643 '¹³¹⁶'

1349 4713 1549 4793 probationis,
1566 4711 1787 4785 innovationis,
1805 4711 1985 4787 voluntatis,
2009 4729 2094 4774 man·

1349 4809 1421 4882 dati,
1444 4807 1563 4880 statuti,
1578 4805 1692 4868 decreti
1708 4813 1739 4866 et
1754 4804 1968 4866 declarationis
1985 4806 2094 4868 inirin-
2342 4801 2343 4889 l

1348 4917 1432 4978 gere,
1456 4899 1505 4962 vel
1527 4900 1555 4961 ei
1578 4915 1654 4961 ausu
1681 4898 1846 4960 temerario
1868 4900 2031 4960 contraire.
2062 4901 2094 4964 Si
2342 4891 2343 4938 t

1347 4995 1415 5073 quis
1446 5001 1550 5056 autem
1574 4993 1631 5054 boc
1657 4998 1808 5054 attentare
1842 4994 2092 5072 praesumpserit,

1351 5088 1596 5164 indignationem
1626 5086 1854 5164 omnipotentis
1880 5087 1946 5160 Dei,
1968 5102 2001 5149 ac
2022 5087 2094 5149 ltca-
2342 5115 2343 5168 ι

1349 5189 1450 5243 torum
1472 5179 1552 5243 Petri
1577 5187 1607 5240 et
1629 5178 1714 5240 Pauli
1737 5178 1957 5256 Apostolorum
1980 5179 2045 5240 eius
2060 5197 2092 5241 se
2342 5171 2343 5220 t

1348 5274 1470 5335 noverit
1492 5273 1706 5334 incursurum.
2342 5271 2343 5336 ς

1385 5367 1497 5428 Datum
1519 5365 1631 5426 llomae
1653 5365 1731 5442 apud
1754 5363 1785 5428 S.
1802 5363 1926 5426 lllariam
1947 5365 2093 5428 blaiorem

1346 5475 1427 5521 anno
1450 5457 1672 5522 lncarnationis
1694 5458 1870 5519 Dominicae
1892 5475 2090 5534 uocantum,

1347 5570 1393 5614 ιιι.
1411 5552 1557 5614 kalendas
1576 5551 1690 5626 martii,
1706 5558 1793 5629 pout.
1813 5552 1912 5614 nostri
1928 5569 1976 5614 an.
1994 5570 2049 5614 vu.
