4838 6982
104 553 159 604 An.
174 555 205 606 O.
228 555 298 606 1755

328 686 416 748 51551
430 683 595 764 Dionysius
608 685 816 747 Barsalibaeus
831 683 971 758 lacobita‚
988 683 1072 746 hmi-

328 777 383 841 dae
405 779 582 858 Episcopus,
599 780 634 840 in
649 778 879 856 caplanctiouc
900 778 1027 849 Missae,
1041 783 1071 840 et

329 872 473 949 Cyriacus
495 870 696 934 lacebitarum
711 870 882 934 Patriarcha
898 871 976 949 apud
998 870 1071 932 Gre-

328 965 451 1042 gorium
482 965 712 1028 Earhebraeum
740 964 815 1026 item
847 963 1008 1028 lacobitam
1035 964 1071 1026 ia

326 1076 384 1121 sao
407 1060 594 1131 directorio,
611 1075 687 1138 quos
707 1059 780 1122 citat
802 1061 986 1121 hssemanus
1009 1059 1072 1119 te

328 1151 481 1216 Bibliotlt.
507 1151 680 1224 Oriental,
697 1167 768 1232 pap.
786 1153 868 1226 184,·
889 1169 927 1214 55
943 1160 1017 1213 tom.
1035 1156 1068 1224 3,

326 1253 413 1325 part.
439 1249 470 1318 1,
494 1262 564 1326 pap.
586 1246 666 1309 2484
690 1247 734 1310 De
750 1243 924 1308 haceadem
939 1245 1071 1324 discipli·

327 1359 365 1404 na
388 1340 558 1405 cardinalis
578 1342 662 1402 Bona
684 1341 740 1402 cit.
765 1354 832 1416 cap.
859 1341 911 1411 14,
929 1355 1016 1402 nam.
1035 1344 1068 1411 3,

325 1435 367 1497 ita
388 1433 539 1512 scriptum
571 1433 713 1511 reliquit:
748 1432 881 1494 Unicum
909 1430 1013 1494 altare
1036 1431 1071 1494 in

302 1585 304 1588 .
326 1527 395 1588 sais
417 1526 556 1589 ecclesiis
578 1524 706 1599 babent,
723 1543 779 1588 aec
800 1528 850 1606 fas
872 1543 935 1587 esse
949 1531 1070 1603 patant

327 1621 419 1683 intra
440 1628 529 1698 septa
545 1621 684 1682 eiusdem
697 1621 805 1698 templi
820 1636 949 1682 sacrum
963 1619 1069 1681 eadem

326 1715 376 1776 dic
398 1715 528 1777 iterare.
553 1715 731 1778 Euthimius
742 1715 815 1792 Tyri
830 1730 863 1776 ac
879 1711 1001 1776 Sidonis
1014 1716 1072 1775 hr-

325 1808 535 1887 chiepiscopus
557 1816 587 1871 et
609 1809 743 1887 Gyrillus
765 1809 937 1870 Patriarcha
963 1806 1071 1870 lintio-

327 1903 444 1965 chenns
459 1905 659 1979 Graecorum,
676 1904 707 1966 in
724 1904 905 1982 pontificatu
928 1901 1070 1964 Clemen-

327 1997 366 2059 tis
388 1997 454 2070 xl,
471 1997 633 2062 ,Benedicti
656 1997 733 2060 lllll.
757 2004 789 2058 et
811 1995 980 2061 Clementis
1003 1996 1066 2058 llll.

326 2089 442 2167 pluries
462 2089 604 2153 sciscitati
626 2098 711 2163 sunt,
734 2105 772 2150 an
794 2090 954 2165 vigentem
977 2089 1070 2151 relin-

325 2199 422 2262 quere
443 2183 592 2244 deberent
610 2183 795 2263 praedictam
811 2182 1001 2259 disciplinam
1018 2199 1070 2244 ve-

326 2285 460 2351 tantem,
489 2291 527 2337 ne
553 2276 725 2338 secundum
750 2275 856 2338 Missae
883 2276 1068 2338 sacrificinm

325 2372 431 2432 eadem
464 2369 513 2432 die
540 2370 710 2448 eodemque
737 2369 768 2431 iu
791 2369 878 2432 altari
909 2367 1067 2432 offeratur.

325 2465 365 2526 nt
386 2464 447 2526 illis
468 2479 590 2543 semper
610 2480 795 2542 responsum
816 2465 886 2542 luit,
904 2465 983 2528 nihil
1005 2483 1070 2528 esse

325 2559 556 2632 innovandum,
579 2557 630 2618 sed
653 2564 795 2620 veterem
817 2559 913 2622 ritum
940 2561 1069 2621 omnino

325 2651 537 2714 retinendam.
561 2651 713 2727 Quoniam
737 2668 810 2714 vero
832 2668 919 2714 error
940 2653 973 2714 ln
1001 2653 1070 2714 vul-

325 2760 383 2821 gus
405 2753 596 2819 manaverat,
612 2745 680 2806 ideo
696 2761 760 2806 non
779 2744 882 2808 ollerri
897 2747 1067 2809 secundum

324 2838 434 2900 missae
455 2837 640 2900 sacrificium
662 2841 768 2901 eadem
793 2839 843 2901 die
868 2841 1012 2919 idemque
1033 2840 1067 2900 ad

262 2989 264 2994 .
324 2933 431 3008 altare,
454 2934 485 2995 in
507 2949 569 3013 quc
591 2934 668 2996 alius
688 2935 826 2997 sacerdos
848 2935 1067 3011 celebraverat,

323 3028 393 3105 quia
415 3027 564 3101 sacerdos,
578 3027 631 3104 qni
652 3027 805 3104 posterior
826 3027 1007 3104 celebraret,
1021 3029 1070 3090 iis-

318 3120 457 3200 'demque
477 3120 568 3182 sacris
584 3120 788 3196 indumentis,
805 3122 916 3199 quibus
937 3123 1067 3199 primus,

323 3222 484 3288 uteretur,
513 3213 666 3275 ieiunium
698 3213 872 3292 frangerem
900 3215 1013 3278 idcirco
1036 3217 1069 3277 in

324 3315 425 3370 nostra
458 3305 586 3384 epistola
615 3305 767 3384 encyclica
793 3308 829 3369 ad
861 3307 1068 3371 Patriaroham

323 3400 553 3463 Antiochenam
586 3399 772 3462 Graecorum
800 3400 1016 3463 hlelchitarum
1038 3408 1068 3463 et

322 3495 358 3556 ad
371 3493 534 3572 Episcopus
545 3492 709 3555 catholicos
720 3492 820 3580 eidem
832 3492 984 3557 subiectos
996 3509 1068 3556 con·

322 3587 445 3666 scripta,
468 3587 578 3649 iisdem
599 3585 823 3666 praecepimus,
842 3594 875 3649 ut
897 3587 983 3649 omni
1004 3597 1069 3649 stu-

322 3680 372 3742 dio
394 3687 540 3742 curarent
554 3694 694 3744 errorem
715 3679 806 3742 illum
821 3680 934 3758 populo
956 3679 1068 3742 adime-

322 3791 373 3851 re;
396 3775 437 3834 ita
453 3781 569 3848 tamen,
586 3782 620 3834 ut
635 3775 791 3850 integram
805 3782 966 3836 servarent
980 3774 1068 3838 disci·

322 3867 549 3947 plinam,iunta
572 3882 666 3946 quarn
687 3869 722 3928 ad
740 3866 846 3943 altare,
864 3867 917 3930 ubi
930 3869 1067 3930 sacerdos

321 3961 501 4036 celebravit,
512 3960 590 4024 alius
610 3962 749 4023 sacerdos
764 3959 871 4023 eadem
893 3961 940 4024 die
956 3961 1066 4023 offerre

321 4055 516 4134 prohibetur,
532 4055 578 4118 uti
593 4053 691 4116 videri
707 4061 806 4133 potest
821 4054 854 4115 in
871 4055 1069 4117 constitutio-

321 4167 362 4213 ne
384 4160 500 4225 nostra,
516 4167 594 4228 quae
616 4151 740 4230 incipit:
763 4147 1066 4221 demandatam87,

321 4244 465 4308 Battara
487 4245 592 4307 nostri
616 4252 690 4307 tom.
715 4246 745 4305 1.

101 4357 303 4420 555555555-
360 4341 379 4415 ἓ
400 4337 448 4401 38.
474 4339 614 4417 Denique
641 4338 813 4401 communis
835 4337 908 4401 olim
936 4338 994 4400 luit
1015 4337 1067 4402 Oc·

88 4413 302 4520 {{ff,0⁰“l¹,1³,l}3
317 4432 465 4520 cidentali
485 4449 595 4512 aeque,
617 4449 651 4495 ac
677 4432 818 4494 orientali
847 4431 1000 4494 Ecclesiae
1025 4433 1066 4494 ri-

87 4498 231 4570 ⁵⁸⁶0¹d⁰l⁰⁹
251 4519 302 4574 ¹³³¹·
322 4536 381 4603 tus,
404 4537 439 4590 51
461 4528 634 4606 presbyteri
657 4542 716 4588 una
737 4542 809 4589 cum
831 4527 980 4606 Episcopo
996 4528 1066 4589 mis-

85 4572 121 4617 mi
146 4571 301 4618 celebrantis

83 4634 302 4724 lgffgnssffmgfg
319 4640 370 4685 sae
390 4621 574 4686 sacrificium
603 4621 765 4684 ollerrent:
790 4620 883 4682 huius
908 4621 954 4684 rei
975 4621 1066 4683 docu-

83 4733 184 4778 erant
213 4741 301 4794 'nunc
320 4723 423 4777 menta
445 4721 589 4791 congesta
611 4713 739 4776 luerunt
761 4729 776 4774 a
794 4713 970 4775 Christiano
981 4712 1066 4792 Lupo

83 4787 301 4894 ἓιιὲξξῐέθρῗξθξίξζ
320 4809 355 4872 in
370 4808 543 4888 appendice
553 4807 593 4871 ud
607 4807 768 4885 Synodam
784 4805 1066 4869 chalcedonensem

85 4891 301 4991 {ffgssuisflsssg‘gssss
320 4911 393 4966 tom.
418 4905 441 4966 1.
465 4901 507 4964 ad
531 4901 675 4964 Concilio
700 4899 864 4980 555555115
886 4901 1065 4978 51555515-

85 4999 151 5098 1¹lt¹¹⁰
170 4999 300 5045 suntor-e»
319 4997 437 5068 cialia,
470 4995 594 5074 prenae
621 4994 772 5058 editionis
796 5009 867 5074 pap.
891 4991 967 5067 994,
991 4996 1065 5057 dum

86 5064 108 5097 ¹¹
123 5086 129 5096 '
317 5090 393 5152 haec
407 5090 501 5152 verba
516 5088 653 5150 Bassiani
669 5089 917 5166 interpretatur:
943 5087 1065 5152 dicaam

318 5183 432 5246 missin
453 5179 641 5253 celebrabat,
659 5195 780 5242 mecam
796 5179 1063 5254 communicabat,

318 5286 349 5339 et
369 5294 385 5337 3
406 5278 539 5355 Georgia
556 5285 629 5340 tom.
647 5277 670 5335 2
685 5279 862 5356 Lytacpiae
881 5277 1066 5354 pontificiae

316 5387 389 5452 pap.
416 5375 433 5433 1
459 5378 488 5433 at
510 5389 585 5448 seq„
602 5389 640 5434 55
663 5377 736 5432 tom.
753 5372 784 5444 3,
812 5388 885 5451 555.
910 5374 927 5430 1
951 5378 1062 5447 etseq.

318 5457 560 5529 Concelebrandi
582 5467 659 5530 ritus
681 5483 766 5530 nunc
790 5468 935 5545 temporis
958 5465 989 5527 in
1011 5467 1065 5529 Oc·

316 5562 461 5624 cidentali
490 5560 622 5623 Ecclesia
651 5560 819 5636 obsolevit,
850 5568 1065 5640 praeterquam

245 5661 246 5664 ’
318 5655 569 5718 inordinatione
593 5653 804 5727 sacerdotum,
825 5670 916 5732 quam
947 5655 1066 5734 peragit

318 5749 496 5828 Episcopus,
507 5756 537 5809 et
548 5747 580 5809 in
593 5745 821 5808 consecratione
830 5747 1064 5826 Episcoporum,

317 5859 396 5923 quac
417 5843 454 5904 ab
469 5841 617 5920 Episcopo
637 5857 708 5901 cum
724 5841 844 5903 duobus
865 5841 931 5902 aliis
945 5841 1066 5921 Episco-

316 5938 363 6017 pis
377 5937 591 6000 assistentibus
606 5936 775 6015 perficitur.
795 5937 852 5999 Sed
869 5935 901 5997 in
916 5936 1063 6000 Orientali

422 6085 474 6132 lar.
492 6083 561 6131 Poat.
577 6082 608 6130 de
623 6084 697 6144 Prop.
711 6082 774 6130 Fide
788 6083 870 6132 Partis
883 6086 903 6132 l.
918 6081 971 6131 vol.
986 6085 1029 6132 ttt.

959 565 1155 610 ssnuutcrus
1178 565 1240 609 xlv.

1795 543 1854 605 617
1903 539 1958 594 An.
1972 542 2003 593 0.
2025 540 2094 592 1755

1129 681 1262 744 Ecclesia
1274 683 1387 759 viguit,
1402 681 1548 762 vigetque
1558 683 1668 756 adhuc,
1679 679 1874 760 frequentior

1131 792 1203 836 usus
1224 776 1500 838 concelebrationis
1528 775 1779 854 presbyterorum
1801 789 1872 836 cum

1129 867 1292 946 Episcopo,
1315 878 1368 932 aut
1389 887 1460 932 cum
1481 870 1539 932 alio
1560 871 1716 932 sacerdote
1739 867 1791 946 qui
1813 867 1873 944 pri-

1129 962 1171 1023 mi
1203 963 1387 1026 celebrantis
1417 979 1579 1042 personam
1608 963 1759 1036 sustinet,
1787 961 1874 1039 isque

1130 1071 1203 1116 usus
1224 1055 1360 1119 relectur
1380 1059 1417 1119 ad
1439 1056 1683 1120 constitutiones
1702 1070 1780 1134 5535
1796 1057 1873 1133 apo-

1128 1147 1252 1210 stolicae
1274 1158 1497 1229 nuncupantur
1521 1150 1576 1214 lib.
1598 1152 1632 1221 8,
1662 1156 1693 1212 et
1721 1152 1755 1212 ad
1785 1166 1873 1213 cano-

1128 1256 1203 1303 nem
1233 1249 1375 1304 octavum
1403 1259 1442 1304 ex
1475 1245 1528 1320 iis,
1558 1245 1611 1324 qui
1642 1243 1797 1323 apostolici
1829 1244 1874 1305 di-

1128 1343 1253 1397 cuntur.
1283 1336 1388 1412 Porro,
1416 1337 1605 1416 abicumque
1626 1354 1659 1419 ea
1682 1339 1872 1400 cousuetudo

1129 1427 1210 1490 iuter
1231 1428 1361 1491 Graecos
1382 1439 1414 1492 51
1428 1430 1599 1494 Orientales
1615 1431 1711 1507 viget,
1728 1446 1790 1492 non
1807 1446 1873 1494 mo-

1127 1517 1165 1578 do
1186 1522 1382 1602 approbatur,
1403 1523 1455 1584 sed
1478 1524 1571 1586 etiam
1593 1523 1738 1586 custodiri
1761 1523 1874 1602 praeci-

1127 1612 1223 1689 pitur,
1246 1615 1291 1676 511
1313 1622 1432 1679 5555131
1458 1635 1496 1679 ex
1518 1618 1624 1680 eadem
1647 1609 1874 1680 'constitutione

1128 1713 1232 1768 nostra
1262 1709 1405 1788 superius
1439 1711 1585 1789 allegata,
1620 1710 1871 1784 Dcvttondatam,

1136 1975 1138 1980 Ι
1167 1896 1256 1972 539.
1281 1897 1326 1960 Es
1353 1913 1463 1976 graeco
1483 1910 1514 1962 et
1544 1901 1687 1964 orientali
1716 1902 1773 1964 hoc
1796 1901 1869 1976 ritu,
1904 1906 2104 1970 montanoqu-

1126 2007 1220 2070 quem
1247 1993 1407 2071 ltucusque
1437 1997 1763 2066 commemoravimus,
1794 2012 1871 2057 non·
1890 1959 2104 2060 tdsseufflsssi'oniil

1127 2085 1206 2148 nulli
1228 2085 1417 2148 occasionem
1433 2089 1633 2166 arripuerunt
1652 2090 1816 2152 revocandi
1839 2089 1871 2150 in
1891 2065 2105 2168 {ffsssssslfflffi

1127 2180 1272 2256 dubium,
1300 2198 1337 2242 an
1367 2183 1495 2260 privatis
1518 2183 1628 2258 llissis,
1651 2200 1729 2262 quae
1750 2184 1788 2245 ab
1808 2199 1871 2245 uno
1891 2174 1947 2219 ¹⁰⁰⁰
1972 2173 2104 2229 paracen-

1890 2227 1934 2273 515
1943 2227 2103 2274 luerintcon·
2199 2289 2200 2294 Ἰ

1125 2275 1263 2335 sacerdot
1278 2273 1506 2350 caelebrantur,
1524 2277 1555 2336 in
1572 2276 1719 2339 Orientali
1736 2285 1766 2338 51
1781 2276 1872 2339 Grae·
1891 2281 2004 2327 statuam.

1126 2383 1159 2428 ca
1182 2366 1314 2428 Ecclesia
1336 2367 1419 2429 locus
1441 2385 1504 2430 esse
1520 2369 1626 2448 possit,
1642 2386 1714 2432 cum
1737 2372 1769 2432 in
1785 2386 1872 2447 grae·

1126 2459 1168 2521 cis
1185 2460 1307 2538 templis
1324 2461 1462 2537 unicum,
1480 2463 1525 2525 uti
1541 2464 1760 2540 praediximus,
1777 2465 1871 2527 altare

1126 2554 1248 2628 existat,
1273 2555 1399 2616 unicum
1415 2557 1449 2617 ad
1466 2556 1542 2618 illud
1558 2557 1666 2618 missae
1686 2557 1871 2620 sacrificinm

1125 2647 1283 2724 alteratur,
1300 2653 1330 2710 et
1345 2651 1515 2712 sacerdotes
1536 2667 1608 2712 cum
1630 2651 1778 2731 Episcopo
1800 2669 1871 2715 con-

1125 2741 1299 2817 celebrent,
1322 2748 1375 2804 aut
1397 2759 1468 2804 cum
1495 2743 1670 2822 sacerdote,
1697 2745 1751 2824 qui
1779 2747 1871 2825 primi

1126 2835 1296 2913 presbyteri
1319 2851 1450 2900 manere
1471 2836 1624 2915 fungitur.
1642 2839 1711 2902 Non
1727 2842 1872 2917 neglexe-

1126 2938 1201 2992 runt
1223 2931 1350 3010 quidem
1371 2932 1542 2994 Lutherani
1564 2934 1798 2998 Conlessioncm
1811 2937 1873 2999 hu·

1126 3031 1300 3100 gastonem,
1325 3025 1356 3087 in
1378 3042 1437 3104 qua
1464 3027 1601 3104 privatae
1627 3029 1733 3090 Missae
1756 3029 1871 3092 tollun-

1127 3126 1189 3193 tur,
1213 3119 1246 3178 ad
1276 3119 1464 3184 Hieremiam
1493 3122 1871 3204 constantinopolitanum

1126 3211 1331 3274 Patriarcham
1354 3215 1492 3290 mittere,
1515 3231 1651 3294 eumque
1672 3218 1707 3278 ad
1731 3219 1871 3280 eamdem

1126 3304 1370 3382 amplectendam
1392 3306 1534 3385 allicere3
1557 3324 1628 3371 cum
1647 3319 1750 3372 tamen
1771 3312 1871 3389 priva·

1127 3403 1174 3460 135
1196 3397 1304 3461 1115535
1331 3417 1404 3463 5555
1426 3417 1459 3463 35
1487 3402 1646 3481 disciplina
1668 3403 1699 3465 in
1727 3404 1872 3467 orientali

1126 3492 1257 3554 Ecclesia
1289 3494 1469 3556 desumatur
1490 3512 1524 3558 35
1551 3496 1787 3559 vindiceturca
1814 3499 1873 3561 Ga-

1126 3585 1268 3646 555531
1298 3586 1427 3649 Concilii
1459 3588 1615 3665 Trullani,
1648 3597 1678 3652 et
1705 3607 1743 3652 ex
1772 3591 1870 3667 notis,

1125 3695 1199 3758 quas
1214 3679 1247 3740 in
1263 3681 1365 3759 ipsum
1387 3683 1558 3760 composuit
1580 3683 1791 3748 Theodec-etus
1805 3685 1871 3746 Bal-

1124 3787 1247 3845 samon;
1272 3773 1339 3836 ideo
1354 3781 1386 3834 51
1399 3774 1477 3837 51155
1492 3775 1665 3854 frequentis
1679 3777 1872 3841 concelebra·

1124 3865 1217 3927 tionis
1238 3867 1432 3928 sacerdotum
1447 3883 1519 3929 curn
1536 3868 1685 3948 Episcopo
1700 3876 1731 3931 et
1746 3871 1870 3947 intacta,
1895 3940 1898 3946 ,

1124 3959 1238 4038 pariter
1269 3960 1459 4039 privatarum
1490 3961 1652 4024 blissarum
1679 3967 1870 4028 consuetudo

1125 4053 1157 4112 in
1179 4052 1328 4115 Orientali
1350 4053 1483 4115 Ecclesia
1512 4057 1692 4135 permansit.
1715 4059 1815 4134 Quare
1837 4060 1869 4120 in

1125 4146 1249 4208 irritum
1272 4158 1431 4212 cesserunt
1453 4160 1580 4214 conatus
1600 4152 1868 4232 Lutheranorum;

1123 4249 1235 4327 quibus
1258 4263 1438 4326 responsum
1452 4247 1511 4310 fuit
1530 4249 1670 4312 damnari
1692 4250 1817 4330 quidem
1833 4252 1871 4314 ab

1123 4341 1870 4422 Orientalibus,sicutabOccidentalibuspravum

1124 4436 1250 4497 illorum
1273 4450 1377 4509 usum,
1400 4435 1450 4513 qui
1474 4435 1613 4514 improba
1637 4438 1870 4516 consequendae

1124 4528 1337 4607 eleemosynae
1358 4527 1523 4606 cupiditate
1544 4528 1580 4590 ad
1594 4530 1689 4592 altare
1704 4531 1872 4610 impellun-

1124 4626 1187 4697 tur,
1211 4637 1274 4682 non
1296 4637 1371 4684 vero
1393 4623 1532 4698 illorum,
1549 4623 1684 4702 qni,qua
1706 4623 1792 4688 decet
1807 4627 1870 4705 pie·

1124 4719 1186 4776 tate
1207 4732 1240 4777 ac
1256 4715 1419 4792 religione,
1434 4717 1567 4795 privatas
1582 4717 1688 4786 1115535,
1698 4719 1866 4796 celebrant,

1124 4818 1159 4870 ut
1193 4810 1255 4870 Deo
1288 4810 1472 4872 sacrtttctum
1509 4811 1639 4873 ollerant
1674 4813 1867 4893 acceptabile.

1123 4903 1201 4964 Haec
1223 4910 1329 4981 patent
1347 4919 1389 4965 55
1411 4904 1494 4966 55115
1516 4904 1675 4968 Ecclesiae
1693 4907 1869 4970 Orientalis

1123 5005 1236 5058 cantra
1258 4995 1472 5068 Lattbecanos,
1503 5005 1628 5060 auctore
1650 4997 1868 5077 Schelestrato,

1123 5090 1390 5168 55525511115515
1400 5093 1524 5170 priuati
1538 5092 1572 5152 15
1583 5093 1724 5156 Ecclesia
1736 5095 1865 5168 Graeca,

1122 5185 1210 5246 circa
1224 5185 1327 5263 finem.
1352 5185 1385 5247 ln
1402 5187 1599 5248 commodum
1613 5194 1718 5248 autem
1733 5190 1869 5250 sacerdo-

1123 5283 1202 5353 tum,
1226 5278 1279 5357 551
1305 5278 1462 5356 privatum
1484 5279 1591 5340 11115535
1618 5281 1802 5344 sacrificium
1825 5281 1870 5344 ol-

1122 5374 1204 5435 lerre
1225 5373 1368 5452 cupiunt,
1385 5372 1466 5433 salva
1487 5389 1610 5450 semper
1631 5375 1867 5451 consuetudine,

1123 5479 1156 5531 ut
1178 5472 1212 5532 ad
1236 5485 1335 5532 unam
1358 5470 1454 5532 altare
1476 5485 1577 5533 unuin
1593 5471 1809 5532 tantummodo
1823 5488 1868 5532 sa-

1121 5565 1271 5628 crificium
1294 5565 1326 5625 in
1348 5563 1414 5626 dies
1435 5564 1575 5642 singulos
1588 5565 1746 5639 allevatur,
1763 5566 1869 5630 Graeci
1965 5567 1972 5580 “

1121 5660 1312 5722 constituere
1332 5665 1482 5737 ceperunt
1498 5658 1728 5730 Paracclesias,
1742 5662 1779 5721 de
1800 5660 1868 5738 qui·

1121 5752 1178 5814 bus
1200 5748 1291 5814 verba
1314 5753 1385 5815 lacit
1405 5753 1467 5816 Leo
1489 5753 1619 5816 hllatius
1634 5753 1669 5811 in
1685 5752 1788 5816 citata
1805 5753 1868 5832 epi·
1914 5763 1915 5768 ’

1120 5843 1203 5908 51515
1225 5847 1266 5909 ad
1291 5846 1439 5908 loannem
1461 5847 1634 5909 Morinum.
1667 5846 1868 5910 Paracclesiae

1121 5939 1167 6000 nil
1188 5939 1270 6002 aliud
1291 5947 1376 6016 sunt,
1389 5955 1479 6018 quam
1503 5941 1633 6002 oratoria
1656 5941 1804 6019 quaedam
1818 5957 1868 6003 ec·

1736 6089 1764 6133 ’18
