4828 6990
369 543 423 599 Διι.
438 547 468 601 O.
490 547 557 599 1747
607 548 665 612 354

358 686 728 756 tibusetdioece·ce1·dotes
758 685 825 748 sive
855 685 1039 761 saeculares,
1061 685 1128 748 sive
1160 683 1327 761 regulares,

356 747 438 847 3129*
449 748 526 795 “¹²⁰¹
538 748 570 795 ‘¹⁰
588 787 681 858 prout
702 781 909 843 necessarium
930 781 996 843 fore
1018 779 1209 853 iudicabunt,
1227 778 1259 840 in
1281 791 1330 838 eo-

588 889 659 935 rum
682 874 858 936 civitatibus
878 873 1079 950 subdelegare
1100 872 1241 945 valeant,
1264 869 1329 949 qui,

588 966 663 1029 dum
684 967 743 1045 ipsi
764 967 926 1031 Antistites
947 967 1048 1046 aliquo
1073 965 1212 1042 legitimo
1235 963 1330 1040 impe·

588 1060 726 1123 dimento
747 1059 982 1136 detinebuntur,
999 1060 1139 1140 quamvis
1153 1056 1330 1120 huiusmodi

587 1153 847 1236 impedimentum
879 1156 991 1217 diurno
1015 1161 1153 1233 tempore
1177 1158 1328 1225 occurrat,

588 1264 698 1312 eorum
713 1249 790 1325 vice,
804 1249 1054 1314 benedictionem
1068 1244 1244 1310 huiusmodi
1258 1259 1329 1306 cum

588 1344 800 1424 indulgentiae
822 1343 976 1423 plenariae
990 1344 1193 1423 applicatione
1210 1339 1330 1401 christi-

588 1438 732 1501 fidelibus
764 1439 797 1502 iu
830 1438 965 1517 praefato
995 1437 1125 1500 articulo
1155 1434 1331 1498 constitutis

588 1533 823 1612 impertiantur,
848 1532 984 1613 aliosque
1007 1533 1150 1594 similiter
1171 1547 1227 1610 per
1248 1529 1347 1592 dice.

587 1627 681 1690 cesim
702 1627 884 1702 saeculares,
900 1635 952 1688 aut
967 1626 1126 1702 regulares
1146 1625 1329 1700 sacerdotes,

587 1729 741 1800 quotquot
763 1736 818 1800 pro
839 1736 971 1784 numero
998 1721 1173 1782 animarum
1194 1721 1226 1782 in
1248 1718 1330 1781 dioe-

588 1815 707 1878 cesibus
734 1813 935 1901 existentium
964 1814 1149 1877 necessarios
1178 1813 1331 1876 iudicave-

588 1907 663 1982 rint,
686 1906 721 1969 ad
743 1907 932 1986 praedictum
955 1907 1100 1969 effectum
1129 1907 1277 1984 deputare
1300 1913 1331 1968 et

587 2000 788 2077 subdelegare
808 2001 943 2078 possint;
966 2017 1023 2062 neo
1044 2015 1108 2062 non
1130 1998 1253 2062 eosdem
1268 2017 1282 2060 a
1298 2013 1330 2060 se

588 2093 750 2172 deputatos
770 2101 801 2156 et
822 2093 1035 2171 subdelegatos
1057 2108 1231 2166 removere,
1244 2092 1331 2154 alios·

588 2203 648 2265 que
670 2188 702 2250 in
725 2203 834 2250 eorum
857 2187 959 2250 locum
987 2203 1042 2266 pro
1071 2202 1127 2248 suo
1153 2185 1280 2248 arbitrio
1299 2190 1331 2246 et

587 2279 752 2359 prudentia
762 2282 930 2359 subrogare
945 2282 1085 2358 valeant3
1109 2279 1217 2342 iisdem
1232 2287 1329 2354 motu,

588 2380 736 2452 potestate
757 2381 789 2438 ot
810 2383 930 2451 tenore,
954 2375 1153 2438 concedimus
1176 2381 1208 2435 et
1229 2371 1331 2436 indul-

589 2482 707 2544 gemus.

357 2623 373 2668 d
388 2570 519 2670 i'xtgsqnora
535 2571 571 2618 xn-
630 2561 662 2626 Si
676 2579 751 2626 vero
766 2553 900 2644 aliquem
915 2581 953 2626 ex
965 2563 1163 2627 hutistitibus
1178 2578 1263 2626 nunc
1277 2577 1332 2640 per

358 2635 415 2724 n¹1¹m
434 2629 571 2724 ὢῃιιῖῗιῗιῗῖ
589 2657 729 2721 eeclesias
759 2659 945 2735 constitutis,
968 2668 999 2722 et
1027 2658 1159 2739 praefata
1188 2657 1332 2721 facultate

357 2732 571 2842 ξᾎὲεῗῶξθξξῗῐω
589 2749 806 2827 gaudentibus,
822 2752 857 2812 ad
879 2752 1009 2814 aliarum
1030 2751 1229 2816 ecclesiarum
1251 2752 1333 2828 regi-

588 2860 662 2906 men
683 2845 845 2924 apostolico
867 2847 1047 2910 auctoritate
1077 2846 1237 2909 transferri
1259 2861 1331 2908 cou-

590 2941 706 3019 tingat3
729 2941 794 3002 sive
815 2941 925 3020 aliquis
945 2957 1054 3004 corum
1070 2943 1122 3018 sit,
1139 2955 1274 3021 quorum
1289 2938 1331 3000 fa-

588 3049 663 3096 vore
684 3044 848 3096 consuetae
871 3036 978 3098 literae
1005 3035 1162 3098 secretarii
1183 3033 1331 3096 Brevium

588 3127 729 3190 adhunc
756 3126 838 3191 diem
864 3129 1024 3207 expeditae
1049 3143 1113 3190 nou
1140 3127 1276 3203 fuerint3
1298 3141 1332 3189 ac

587 3222 722 3301 denique
736 3236 835 3301 quum
850 3221 924 3283 novi
940 3221 1079 3301 Episcopi
1094 3219 1249 3284 catholicis
1263 3234 1331 3296 gre·

499 3385 501 3390 Α
589 3318 678 3398 gibus
699 3319 730 3381 in
746 3325 905 3398 posterum
928 3318 1163 3396 praeficientur3
1185 3315 1331 3377 volumus

587 3417 682 3490 atque
701 3412 878 3488 statuimus,
894 3417 929 3474 ul
942 3410 1073 3490 singulis
1095 3425 1203 3472 eorum
1225 3407 1332 3470 huius·

588 3507 670 3570 modi
698 3508 875 3571 facultatem
896 3524 911 3569 a
933 3507 1036 3582 nobis,
1064 3506 1130 3567 sive
1151 3523 1166 3566 a
1192 3504 1331 3567 Romano

589 3617 643 3680 pro
664 3610 805 3681 tempore
826 3601 973 3664 Pontifice
1001 3598 1239 3679 postulantibus,
1262 3613 1331 3676 apo·

588 3697 711 3760 stolicae
732 3695 839 3758 literae
861 3696 894 3758 in
915 3693 1013 3758 forma
1036 3695 1143 3758 Brevis
1161 3694 1256 3772 gratis
1277 3709 1332 3772 per

589 3791 692 3853 omnia
714 3791 928 3870 expediantur,
945 3789 1057 3869 quibus
1073 3789 1225 3870 praedicta
1239 3787 1332 3850 facul·

591 3893 634 3946 tas
655 3883 728 3964 ipsis
759 3887 960 3958 concedatur,
988 3899 1051 3946 non
1078 3884 1114 3945 ad
1143 3881 1330 3956 triennium,

282 4029 285 4034 ,
378 3973 571 4074 rglffiffiss
589 3978 641 4040 sed
663 3978 698 4040 ad
721 3992 813 4039 omne
834 3984 968 4055 tempus,
991 3992 1051 4055 quo
1072 3975 1218 4054 adeptum
1233 3974 1330 4037 semel

358 4037 479 4144 l'qrvorum
499 4081 572 4128 iude
590 4069 734 4136 ecclesiae
745 4072 887 4148 regimen
899 4069 1100 4146 obtinebunt;
1113 4068 1227 4131 adiecta
1238 4069 1330 4130 etiam

359 4135 497 4233 flifflffl
523 4133 571 4181 '¹⁸‘
589 4165 731 4228 facultate
760 4162 980 4242 subdelegandi
1011 4169 1072 4224 tam
1104 4178 1159 4241 pro
1185 4162 1330 4235 civitate,

589 4275 681 4338 quam
703 4275 757 4337 pro
788 4258 935 4334 dioecesi,
967 4273 1027 4320 non
1055 4257 1180 4336 quidem
1208 4256 1239 4317 in
1262 4271 1331 4317 casu

589 4354 748 4415 dumtaxat
768 4350 984 4430 impedimenti
998 4367 1069 4414 cum
1085 4356 1239 4412 nocturno
1255 4358 1332 4411 tem-

588 4461 663 4524 pore
683 4445 853 4520 eoniuncti,
868 4443 920 4506 sed
942 4445 974 4505 in
995 4444 1141 4506 omnibus
1152 4452 1183 4505 et
1197 4459 1252 4522 per
1266 4457 1331 4504 om-

590 4539 640 4601 nia
662 4540 698 4601 ad
720 4553 864 4600 normam
877 4553 998 4610 eorum,
1013 4553 1091 4616 quae
1106 4553 1160 4616 pro
1176 4537 1331 4614 Episcopis

590 4649 673 4694 nunc
702 4631 923 4706 existentibus,
947 4639 978 4692 et
1002 4630 1123 4696 indulto
1154 4631 1330 4694 huiusmodi

589 4732 659 4787 actu
679 4725 892 4802 gaudentibus,
916 4741 1008 4804 supra
1028 4725 1212 4809 statuimus,

628 4818 697 4892 §d
722 4818 851 4896 insuper
878 4833 934 4898 pro
961 4817 1104 4894 praelatis
1133 4817 1331 4882 inferioribus

589 4911 783 4973 territorium
812 4918 986 4988 separatum
1017 4910 1223 4985 habentibus,
1260 4929 1329 4974 curn

588 5021 661 5066 vera
683 5004 829 5083 qualitate
851 5003 979 5079 nullius,
999 5013 1030 5066 et
1045 5005 1142 5067 activa
1163 5005 1196 5065 in
1212 5004 1330 5067 clerum

590 5106 621 5159 et
641 5097 790 5177 populum
817 5097 1047 5176 iurisdictione3
1076 5098 1218 5177 quamvis
1246 5112 1332 5177 prae·

590 5193 762 5254 decessores
775 5190 872 5252 nostri
887 5191 963 5252 hanc
978 5189 1015 5269 de
1027 5191 1193 5268 praeterito
1203 5206 1332 5254 consue-

592 5285 732 5347 tudinem
761 5299 824 5346 nou
850 5283 1032 5360 habueriut3
1061 5283 1265 5346 nihilominus
1293 5283 1331 5346 de

589 5377 750 5456 apostolica
772 5377 965 5452 liberalitate,
982 5376 1124 5438 assimili
1140 5383 1227 5438 motu
1241 5386 1273 5438 et
1287 5384 1332 5440 te-

590 5487 666 5533 nore
687 5471 885 5534 concedimus
907 5478 938 5532 et
959 5469 1171 5548 indulgemus,
1188 5478 1233 5546 ut,
1255 5469 1279 5532 si
1295 5472 1332 5533 ab

589 5563 661 5642 ipsis
692 5563 868 5626 huiusmodi
897 5563 1023 5626 facultas
1044 5563 1138 5642 petita
1164 5562 1270 5637 fuerit,
1293 5563 1332 5624 si-

589 5657 679 5720 miles
699 5658 806 5720 literae
829 5659 862 5721 in
884 5657 981 5720 forma
1002 5657 1109 5720 Brevis
1124 5657 1155 5719 in
1171 5665 1329 5735 posterum

589 5751 720 5829 singulis
735 5767 843 5814 eorum
859 5751 1074 5831 expedientur,
1092 5751 1175 5812 iuxta
1190 5749 1330 5811 eamdem

631 5967 660 6023 tl)
675 5966 738 6012 vide
752 5977 833 6024 supra
846 5976 904 6024 pag.
919 5971 933 6012 7
947 5965 1026 6013 huius
1040 5965 1089 6012 vol.

1108 561 1173 610 ibit.
1197 563 1288 610 PONT.
1313 563 1352 608 oh
1374 563 1403 606 P.
1426 563 1455 608 F.
1479 565 1561 610 PARS
1583 566 1604 610 l.

2161 546 2214 600 An.
2227 548 2255 600 0.
2275 552 2330 608 lttt

1387 679 1529 759 formam,
1547 686 1674 748 mutatis
1696 686 1865 760 mutandis,
1882 701 1974 765 quam
1990 701 2044 764 pro
2060 686 2133 766 Epi-

1386 777 1484 855 scopis
1512 779 1748 856 constituimus;
1779 794 1818 842 ne
1848 788 1974 858 excepta
2003 781 2132 858 quidem

1387 869 1532 934 facultate
1546 872 1778 949 subdelegandi,
1791 880 1827 935 ut
1840 889 1949 952 supra3
1963 874 2132 936 dummodo

1387 962 1443 1040 ipsi
1467 963 1591 1042 praelati
1602 965 1680 1028 hanc
1702 966 1831 1042 gratiam
1846 966 2047 1045 postulantes,
2060 981 2131 1044 apo-

1385 1055 1501 1118 stolicis
1534 1057 1630 1120 literis
1662 1060 1774 1123 nostris
1802 1075 1884 1122 anno
1910 1061 2132 1124 incarnationis

1387 1141 1564 1214 Dominicae
1587 1169 1728 1234 nucexn.
1754 1169 1837 1217 nono
1861 1153 1985 1218 kalend.
2009 1156 2130 1216 decem-

1387 1245 1449 1307 bris
1461 1246 1548 1321 datis,
1560 1264 1694 1326 quarum
1710 1249 1834 1311 initium
1857 1257 1919 1311 est:
1946 1249 2034 1324 Quod
2050 1249 2131 1312 Sou-
2190 1268 2341 1319 vnuutunn

1386 1345 1450 1410 cta,
1462 1338 1507 1420 (l)
1518 1340 1675 1417 impressis
1686 1343 1718 1402 in
1730 1342 1865 1405 Bullario
1877 1351 1983 1405 nostro
2000 1342 2081 1404 Tem.
2096 1345 2129 1417 1,
2149 1322 2342 1423 fflffimmi

1387 1449 1475 1493 vtum.
1499 1431 1532 1505 7,
1555 1435 1851 1514 obtemperaverint,
1874 1437 2026 1500 nimirum
2045 1453 2131 1500 sacra

1386 1523 1603 1602 Apostolorum
1629 1525 1750 1590 Limina
1772 1531 1965 1609 praescriptis
1983 1531 2132 1610 tempori·

1387 1617 1444 1681 bus
1466 1620 1671 1695 visitaverint,
1694 1629 1725 1684 et
1749 1622 1934 1688 relationem
1962 1631 2060 1686 status
2081 1639 2131 1686 ec-

1386 1711 1550 1775 clesiarum
1561 1715 1616 1776 sibi
1629 1715 1838 1778 subiectarum
1853 1717 2044 1796 Apostolicae
2059 1717 2131 1782 Sedi

1387 1807 1599 1884 exhibuerint,
1623 1809 1684 1884 vel,
1697 1818 1851 1888 quatenus
1865 1810 2062 1890 praelationis
2076 1811 2132 1872 ho-

1387 1917 1498 1964 norem
1523 1905 1561 1966 de
1582 1920 1662 1966 novo
1694 1905 1862 1985 accipiant,
1888 1904 2027 1968 debitum
2050 1907 2133 1970 iura·

1387 2005 1530 2059 mentum
1552 1997 1584 2060 in
1607 2007 1775 2062 memorata
1797 2001 2027 2064 Constitutione
2045 2015 2131 2080 prae-

1386 2091 1536 2168 scriptum
1558 2099 1646 2155 antea
1667 2094 1888 2170 praestiterint.

1426 2184 1506 2246 Ilum
1528 2193 1632 2248 autem
1654 2186 1831 2250 huiusmodi
1858 2188 2036 2252 facultatem
2059 2190 2131 2269 Epi-

1387 2279 1483 2357 scopis
1497 2295 1563 2342 eam
1580 2289 1650 2345 actu
1671 2282 1884 2346 obtinentibus
1895 2285 2132 2363 prorogavimus

1387 2381 1420 2436 et
1449 2373 1683 2453 ampliavimus,
1718 2384 1752 2438 ut
1780 2377 1970 2456 praefertur;
2003 2380 2132 2442 caeteris

1388 2481 1462 2528 vero
1484 2473 1545 2529 tam
1572 2467 1743 2548 Episcopis,
1771 2486 1864 2548 quam
1890 2471 2031 2549 praelatis
2052 2471 2133 2535 infe-

1388 2559 1520 2622 rioribus
1543 2561 1575 2623 iu
1596 2571 1756 2640 posterum
1776 2578 1845 2626 eam
1867 2565 2056 2644 petentibus,
2078 2582 2131 2628 su·
2194 2588 2240 2632 nec
2260 2588 2339 2634 suunc-

1387 2654 1521 2730 pradicta
1546 2653 1644 2717 forma
1672 2663 1703 2717 et
1729 2655 1935 2736 amplitudine
1962 2660 2131 2721 conceden-
2150 2637 2340 2742 {ssssssffssfitffif

1388 2747 1457 2808 darn
1478 2747 1544 2810 fore
1565 2751 1774 2828 decrevimus,
1797 2752 1949 2830 sequitur,
1967 2760 2001 2815 ut
2025 2755 2131 2818 buius·
2150 2748 2339 2856 feeffisuoue-

1388 2841 1810 2923 modiindultanequaquam
1822 2847 2132 2910 monteconcedentis
2256 2833 2262 2846 ’

1387 2935 1547 3014 expirent;
1570 2953 1668 3015 quum
1691 2938 1859 3000 iurisdictio
1872 2939 2009 3017 delegata
2031 2942 2130 3019 iniis,

1387 3045 1466 3107 quae
1497 3045 1559 3092 non
1587 3031 1736 3094 iustitiam
1767 3033 1820 3094 sed
1849 3034 1980 3110 gratiam
2005 3051 2132 3098 concer-

1388 3131 1480 3199 nunt,
1492 3124 1586 3187 etiam
1600 3133 1669 3203 post
1683 3126 1805 3189 obitum
1818 3127 1989 3204 delegantis
2004 3144 2133 3192 manere

1388 3215 1504 3278 debeat.
1527 3217 1677 3292 Quoniam
1699 3235 1773 3282 vero
1796 3219 1903 3284 iisdem
1926 3221 2078 3300 Episcopis
2099 3231 2133 3285 et

1387 3309 1529 3388 praelatis
1551 3311 1772 3390 permittimus,
1789 3321 1824 3376 ut
1838 3313 2017 3377 huiusmodi
2037 3313 2133 3378 facul·

1388 3410 1494 3479 tatem,
1517 3419 1572 3482 pro
1595 3404 1766 3468 incolarum
1791 3405 1964 3482 civitatum,
1988 3407 2131 3472 locorum

1387 3503 1479 3576 atque
1500 3495 1674 3562 dioecesum
1697 3501 1927 3578 opportunitate
1947 3509 1978 3564 et
1999 3505 2133 3564 necessi·

1387 3597 1462 3666 tate,
1486 3591 1540 3653 uni
1563 3591 1612 3652 vel
1635 3592 1777 3670 pluribus
1799 3593 2009 3657 sacerdotibus
2030 3595 2063 3658 in
2077 3613 2132 3674 po·

1387 3692 1506 3748 sterum
1528 3685 1726 3762 subdelegare
1744 3685 1884 3764 valeant3
1906 3689 2071 3752 statuimus
2086 3698 2132 3752 at-

1387 3795 1448 3857 que
1469 3779 1678 3854 decernimus,
1701 3779 1878 3843 huiusmodi
1903 3782 2134 3861 subdelegatio·

1388 3889 1453 3947 nes,
1476 3887 1530 3952 per
1550 3872 1780 3950 subdelegautis
1801 3891 1921 3937 cessum
1948 3884 2001 3938 aut
2028 3878 2132 3942 deces-

1386 3982 1457 4030 sum
1471 3967 1616 4029 similiter
1631 3983 1695 4029 non
1709 3967 1864 4046 expirare,
1881 3971 1933 4032 sed
1945 3977 2133 4048 potestatem

1388 4060 1460 4139 ipsis
1482 4059 1630 4122 tributam
1645 4075 1843 4139 perseverare
1858 4077 1956 4140 usque
1971 4064 2007 4124 ad
2021 4081 2131 4143 super·

1387 4160 1518 4214 ventum
1541 4153 1615 4214 novi
1637 4152 1801 4231 praesulis,
1824 4154 1912 4216 cuius
1933 4156 2060 4218 arbitrio
2082 4175 2131 4221 re-

1387 4245 1576 4323 linquimus,
1606 4248 1731 4308 eosdem
1759 4246 1791 4309 in
1822 4247 2000 4310 huiusmodi
2030 4250 2132 4316 officio

1387 4340 1582 4414 confirmare,
1599 4340 1648 4401 vel
1660 4340 1697 4402 ab
1717 4355 1754 4402 eo
1776 4356 1948 4404 removere.
1973 4345 2132 4422 Atqueita

1387 4433 1576 4512 quicumque
1592 4433 1719 4495 antistes
1734 4441 1935 4496 memoratam
1951 4436 2132 4501 facultatem

1387 4543 1402 4586 a
1424 4525 1563 4588 homano
1594 4525 1741 4589 Pontifrce
1765 4527 1862 4589 semel
1888 4527 2071 4606 obtinuerit,
2093 4547 2132 4593 eo

1387 4615 1566 4692 decedente,
1580 4633 1656 4697 opus
1678 4618 1854 4681 nonhabet
1876 4636 1931 4699 pro
1953 4621 2037 4684 iliius
2058 4638 2131 4685 cou-

1388 4711 1563 4772 firmatione
1588 4712 1624 4773 ad
1651 4711 1841 4790 Apostolicae
1873 4713 2043 4777 Cathedrae
2062 4733 2132 4780 suc-

1386 4820 1539 4866 cessorem
1561 4820 1732 4867 reourrere.
1758 4805 1869 4883 Sicque
1889 4807 1981 4870 etiam
2003 4808 2133 4872 cedente

1388 4898 1438 4959 vel
1452 4900 1618 4962 decedente
1634 4898 1793 4978 Episcopo,
1806 4915 1860 4961 seu
1876 4900 2022 4979 praelato,
2038 4918 2132 4980 aquo

1387 4995 1494 5054 eadem
1516 4991 1642 5055 facultas
1662 4993 1696 5054 in
1712 5007 1765 5054 sua
1780 4993 1912 5056 dioecesi
1933 5000 1986 5056 aut
2007 4995 2132 5058 territo-

1387 5086 1433 5146 rio
1454 5085 1650 5163 subdelegata
1682 5085 1798 5161 fuerat,
1827 5101 1907 5147 nova
1934 5088 2131 5151 concessione

1387 5193 1464 5257 opus
1486 5195 1549 5240 non
1572 5180 1631 5240 erit
1653 5194 1708 5257 pro
1731 5188 1929 5258 temporaneo
1944 5181 2133 5246 vicariorum

1387 5271 1602 5348 capitularium
1622 5280 1675 5335 aut
1700 5272 1939 5351 apostolicorum
1960 5275 2130 5353 regimine,

1388 5381 1486 5444 quum
1515 5367 1785 5443 subdelegatorum
1816 5368 1980 5430 auctoritas
2007 5384 2133 5447 semper

1388 5475 1515 5523 manere
1525 5461 1644 5535 debeat,
1656 5460 1804 5539 quamdiu
1815 5461 1865 5522 vel
1879 5461 2044 5541 Episcopus
2055 5465 2131 5540 ipse,

1387 5565 1439 5630 aut
1460 5556 1623 5636 praelatos,
1640 5556 1689 5618 vel
1710 5556 1794 5618 illius
1815 5572 1970 5618 successor
1991 5557 2132 5620 eamdem

1388 5649 1459 5727 ipsis
1481 5667 1545 5713 non
1568 5649 1728 5712 ademerit.
2031 5651 2033 5654 ’

1426 5747 1445 5820 5
1467 5745 1495 5807 7.
1520 5746 1578 5808 flac
1598 5745 1697 5822 igitur
1712 5744 1831 5807 ratione
1846 5743 2021 5806 animarum
2039 5743 2131 5806 saluti

1360 5883 1623 5895 .-.-....--—-—
