4708 6978
861 589 1059 635 nnunblcrds
1081 587 1144 634 litu.
1700 567 1759 629 295
1810 562 1862 615 All.
1877 565 1907 616 0.
1929 562 1997 614 1746

232 721 318 767 uum.
342 706 383 769 11.
406 707 555 786 impressa
583 715 638 772 est.
664 706 720 784 Oui
742 717 847 790 autem
874 708 973 770 homi·
1000 704 1004 825 Ι
1031 704 1118 767 nime
1139 705 1243 768 abesse
1264 704 1362 767 videri
1385 721 1453 781 eos,
1477 705 1530 783 qui
1556 701 1778 782 aliquantisper

232 815 306 862 nmn
326 801 418 863 corda
439 807 595 864 scrutatur
616 804 708 879 Dens,
730 802 755 862 is
779 817 852 864 sane
874 802 972 877 novit,
1031 802 1143 864 absunt
1165 807 1195 862 et
1216 799 1319 862 statim
1341 806 1415 861 sunt
1437 797 1611 873 reversuri;
1634 794 1778 857 omnibns

230 902 344 972 quanto
359 901 391 956 et
406 912 500 974 quam
521 895 630 958 acerbo
644 897 739 958 animi
756 895 855 958 nostri
870 893 975 956 dolore
1031 895 1227 958 ecclesiarum
1252 892 1449 954 Antistitibus
1471 891 1594 965 indixit,
1615 898 1649 953 ut
1670 888 1728 951 sibi
1743 887 1780 950 li·

230 1002 468 1066 nonnumquam
499 990 727 1068 acceperimus,
761 991 975 1054 ecclesiasticas
1002 1044 1004 1054 ,
1031 991 1128 1052 citum
1150 1003 1213 1050 non
1235 991 1380 1064 putarent
1410 985 1540 1062 singulis
1569 983 1674 1058 annis,
1698 981 1779 1045 ultra

230 1079 351 1156 regulas
373 1081 411 1144 ah
432 1083 534 1162 aliquo
550 1099 588 1144 33
604 1081 749 1146 iratribus
766 1083 820 1146 hac
842 1084 873 1146 in
888 1090 975 1163 parte
1002 1064 1005 1100 ¹

230 1173 337 1236 uiolari
359 1184 390 1250 et
417 1186 608 1256 quantopere
629 1177 858 1253 studuerimus,
889 1193 975 1239 nunc

228 1268 435 1344 admonendo,
451 1286 536 1333 nunc
557 1271 756 1346 obsecrando,
769 1287 854 1334 nunc
876 1272 974 1332 incre-

228 1362 339 1439 pando,
362 1363 649 1441 absentesquidem
672 1381 727 1442 per
749 1365 866 1439 literas,
891 1381 975 1444 prae-

226 1465 331 1520 sentes
352 1473 427 1520 vero
449 1458 511 1536 ipsa
533 1475 609 1520 voce
622 1460 658 1522 ad
679 1458 819 1522 debitum
841 1459 976 1523 residen-

229 1549 289 1612 tiae
309 1549 446 1614 ollieium
468 1567 623 1614 revocare.
657 1553 736 1628 Quin
759 1554 852 1616 etiam
875 1553 977 1616 landa·
1003 1563 1006 1631 ζ

229 1643 342 1706 bilibus
357 1645 628 1722 praedecessorum
644 1653 822 1708 nostrornm
839 1647 976 1723 vestigiis

228 1736 439 1812 inhaerentes,
456 1737 487 1798 iu
510 1744 614 1800 nostra
629 1746 660 1800 et
675 1738 882 1802 Cancellariae
897 1740 977 1818 hpo-

228 1829 351 1891 stolicae
372 1830 492 1907 regula,
514 1846 592 1910 quae
615 1830 762 1895 beneficia
778 1831 978 1895 ecclesiastica

1032 1084 1119 1156 duos,
1142 1087 1194 1142 aut
1223 1087 1284 1143 tres
1306 1081 1342 1142 ad
1364 1094 1524 1140 summum
1549 1091 1691 1151 menses,
1714 1076 1781 1137 sive

1031 1176 1207 1248 continuos,
1229 1173 1296 1234 sive
1318 1171 1521 1250 interruptos,
1537 1177 1623 1233 extra
1645 1171 1781 1248 proprias

1032 1268 1183 1331 dioeceses
1204 1266 1406 1342 commorari;
1429 1281 1542 1343 eosque
1563 1263 1658 1326 simul
1679 1265 1781 1325 admo-

1033 1363 1114 1436 nuit,
1136 1378 1177 1424 ne
1198 1377 1254 1440 per
1274 1361 1358 1422 illius
1383 1358 1533 1438 temporis
1553 1357 1706 1437 spatium,
1729 1357 1781 1418 do-

1033 1455 1139 1517 minici
1160 1456 1333 1528 Adventus,
1348 1453 1615 1529 Quadragesimae,
1632 1450 1781 1524 Nativita-

1033 1545 1780 1625 tis,ltesurrectioutsbomini,Pontecostesitem

1033 1649 1065 1703 et
1086 1641 1230 1720 Corporis
1246 1641 1360 1704 Christi
1382 1639 1500 1714 diebus,
1517 1640 1554 1701 ab
1568 1638 1703 1703 ecclesiis
1717 1637 1780 1699 suls

1033 1733 1257 1797 cathedralibus
1279 1732 1430 1808 abessent,
1447 1733 1506 1794 nisi
1528 1731 1606 1794 iorte
1629 1731 1781 1809 episcopa-

1034 1826 1072 1889 lia
1094 1827 1201 1889 munia
1221 1827 1256 1888 in
1279 1827 1345 1888 aliis
1367 1826 1542 1888 dioecesum
1564 1839 1691 1886 suarum
1707 1824 1781 1886 locis

229 1923 260 1984 in
290 1931 359 1984 octo
387 1923 460 1985 anni
492 1924 651 1987 mensibus
680 1932 822 1986 vacatura
854 1933 977 1987 nostrae
1035 1937 1085 1982 eos
1100 1921 1295 1994 detinerent;
1313 1933 1443 1996 eamque
1458 1924 1614 1998 praeterea
1630 1918 1780 1979 rationem

228 2015 422 2094 dispositioni
444 2024 475 2080 et
496 2016 652 2080 collationi
673 2018 913 2094 reservavimus,
938 2019 977 2080 si—

229 2107 297 2170 mul
318 2109 413 2171 etiam
423 2111 539 2174 eisdem
559 2110 752 2187 PatriarchiS,
770 2112 978 2191 hrchiepisco·

228 2202 275 2279 pis
296 2209 326 2264 et
348 2203 504 2283 Episcopis
525 2203 731 2267 residentibus
744 2207 872 2282 gratiam
887 2206 977 2267 alter-

228 2295 352 2356 nativae
375 2297 649 2372 meusium,certis
665 2297 754 2360 modo
775 2305 806 2360 et
827 2299 927 2362 iorma
941 2299 979 2360 ab

229 2392 264 2452 iis
287 2394 513 2470 acceptandam,
531 2392 665 2457 libenter
679 2392 864 2469 obtulimus;
887 2395 980 2456 nimi-

1034 2015 1071 2076 ah
1093 2014 1128 2074 iis
1149 2012 1255 2075 haberi
1276 2011 1387 2085 voluit,
1404 2019 1439 2074 ut
1454 2011 1566 2090 absque
1589 2010 1653 2072 ullo
1674 2011 1781 2087 Gregis

1034 2105 1222 2168 detrimento
1243 2121 1384 2168 concessa
1400 2111 1566 2168 uterentur
1582 2103 1734 2179 libertate,
1751 2109 1781 2164 et

1036 2208 1070 2262 nt
1092 2199 1121 2261 id
1142 2215 1243 2277 dequo
1266 2215 1304 2261 eur
1327 2215 1427 2261 consu
1448 2197 1518 2276 fiat,
1542 2197 1652 2276 quibus
1679 2196 1781 2258 verbis

1034 2294 1131 2356 animi
1144 2292 1262 2368 levitas,
1275 2292 1514 2354 oblectationum
1525 2291 1782 2371 cupiditas,aliae-

1035 2403 1095 2466 qne
1117 2386 1220 2449 lutiles
1242 2402 1350 2450 causae
1371 2385 1496 2463 penitus
1518 2385 1738 2448 excluduntur.

228 2501 300 2546 rum
328 2492 363 2547 ut
390 2487 527 2564 quandiu
556 2487 611 2565 ipsi
643 2487 722 2565 apud
754 2486 894 2550 ecclesias
926 2495 978 2550 aut
1075 2479 1578 2558 Praelatusautempraedecessor
1599 2477 1782 2557 3313333113-
1819 2493 2013 2540 3333333333-

227 2577 382 2640 311ο333333
403 2596 473 2642 snas
495 2595 569 2640 vere
590 2587 622 2641 et
642 2579 846 2658 personaliter
867 2581 978 2644 reside·
1036 2591 1083 2636 ros
1104 2580 1301 2637 occurrentes
1312 2589 1398 2635 ooooo
1412 2571 1610 2646 descendens,
1627 2573 1780 2652 Episcopis
1800 2545 1935 2646 1131111113
1944 2550 2014 2647 ‘siffis

227 2683 312 2750 rent,
335 2675 373 2737 de
387 2674 545 2737 beneficiis
558 2673 735 2736 uniusmodi
755 2673 977 2749 3333333333,
1005 2666 1008 2725 t
1036 2669 1067 2730 in
1091 2668 1182 2732 curia
1196 2667 1345 2747 promotis
1360 2683 1461 2729 uuum
1477 2667 1626 2729 concessu
1640 2682 1780 2729 mensem
1799 2653 1947 2772 1111111111
1967 2666 2012 2755 il?

228 2783 308 2847 quae
329 2774 416 2828 extra
437 2767 608 2830 Romanam
631 2767 755 2830 Curiam
776 2767 810 2828 in
832 2765 979 2830 februarii
1035 2763 1141 2840 (quem
1164 2770 1266 2840 postea
1289 2760 1478 2822 declaratum
1503 2759 1573 2836 luit,
1596 2777 1612 2820 3
1633 2761 1681 2822 die
1703 2761 1782 2838 ipso·
1799 2770 1930 2871 {iginii
1946 2761 2012 2808 orbo

228 2861 360 2939 aliisque
381 2861 598 2925 alternisanni
613 2861 772 2924 mensibus
787 2875 980 2928 vacarecon·
1038 2869 1106 2915 root
1134 2852 1351 2930 propositionis
1377 2852 1410 2914 in
1441 2853 1630 2914 Consistorio
1655 2868 1780 2930 compu-

232 2954 380 3032 tingeret‚
406 2955 576 3017 dummodo
597 2955 668 3016 alias
697 2955 889 3034 dispositioni
910 2970 980 3034 apo-

229 3047 356 3112 stolicae
383 3058 536 3111 reservata
563 3049 613 3111 rel
634 3051 739 3112 aflecta
766 3065 828 3112 non
859 3057 978 3125 essent,

230 3145 328 3207 libere
348 3145 512 3222 disponere
533 3145 686 3218 valerent,
702 3143 880 3206 facultatem
904 3151 980 3206 tem-

251 3253 306 3298 ore
348 3236 487 3298 ontificat
510 3236 635 3298 snostri
657 3236 731 3298 dura
771 3253 802 3298 ra
876 3252 914 3298 on
934 3245 1009 3298 es-'

231 3253 250 3316 p
327 3252 347 3314 p
490 3254 509 3299 u
736 3245 768 3300 ω
805 3252 933 3299 mcc
1007 3290 1157 3389 13333333
1178 3320 1293 3399 pariter
1315 3326 1437 3394 nostro,
1464 3319 1605 3399 Episcopi
1626 3319 1784 3398 exposuis-

230 3328 347 3405 simus;
369 3344 430 3407 quo
452 3328 567 3392 scilicet
589 3329 683 3391 iidem
702 3329 843 3408 Episcopi
865 3336 895 3392 et
917 3346 981 3391 ma-

231 3423 334 3484 iorum
366 3421 763 3500 ecclesiarum-praesules,
785 3415 979 3500 ampliorem

230 3523 418 3594 potestatem
428 3515 461 3577 in
474 3515 629 3578 beneficiis
645 3516 805 3595 praedictis
818 3515 980 3578 conteren-

231 3609 277 3669 dis
297 3608 342 3670 sic
353 3608 540 3682 obtinentes
552 3609 608 3670 bac
623 3609 716 3670 etiam
730 3609 911 3688 apostolicae
925 3626 981 3671 no-

231 3710 314 3764 strae
343 3700 531 3764 liberalitatis
557 3702 781 3779 gratificatione
810 3702 921 3778 illecti,
944 3703 978 3764 ad

232 3794 428 3875 personalem
451 3796 649 3858 residentiam
676 3796 861 3875 praedictam
883 3796 981 3859 liben-

233 3889 296 3950 tius
316 3887 494 3951 obeundam
514 3870 751 3954 adducerentur.

24 3983 25 4040 i
70 3995 217 4040 33333333·
272 3982 426 4068 Quoniam
447 3999 522 4044 vero
535 3991 567 4044 et
580 3992 682 4046 certae
702 3983 854 4063 quaedam
874 3998 981 4045 causae

24 4077 25 4092 r
63 4051 217 4105 malaopera

24 4101 26 4156 l
63 4101 156 4145 adaurilio
173 4103 217 4146 Tri-

233 4077 338 4140 adesse
359 4084 488 4155 possunt
502 4087 533 4138 et
547 4076 725 4139 huiusmodi
746 4076 919 4139 occasiones
935 4077 981 4138 in·

1038 2947 1165 3010 tandum
1188 2950 1278 3025 esse),
1308 2961 1369 3024 quo
1391 2960 1498 3008 mense
1524 2944 1643 3024 elapso,
1665 2947 1781 3023 singuli

1036 3040 1071 3102 ad
1094 3041 1232 3120 proprias
1255 3038 1404 3102 Ecclesiae
1418 3056 1452 3100 33
1465 3038 1605 3101 conlerre
1620 3037 1779 3101 deberent.

1037 3133 1095 3197 Sed
1118 3149 1218 3212 quum
1238 3133 1270 3194 in
1299 3131 1440 3195 Concilio
1467 3133 1621 3206 Romano,
1643 3131 1782 3194 habitoa

1037 3227 1116 3290 ielic.
1140 3227 1257 3290 record.
1282 3226 1448 3288 Benedicta
1470 3225 1547 3304 Papa
1569 3225 1646 3289 lllll.
1659 3226 1783 3304 praede-

1036 3423 1117 3490 sent,
1133 3420 1197 3475 tam
1212 3414 1324 3491 exiguo
1336 3413 1483 3492 temporis
1498 3413 1593 3492 spatio
1615 3429 1680 3476 non
1696 3428 1784 3491 posse

1036 3525 1052 3568 a
1073 3523 1183 3570 recens
1204 3507 1353 3587 promotis
1374 3522 1427 3569 sua
1443 3506 1476 3568 in
1492 3506 1573 3569 Urbe
1594 3507 1717 3584 negotia
1732 3523 1785 3568 er·

1037 3605 1147 3684 pediri,
1170 3603 1253 3666 idem
1268 3602 1451 3666 Benedictus
1469 3601 1645 3666 facultatem
1660 3617 1783 3663 conces·

1037 3699 1076 3762 sit
1098 3699 1128 3763 S.
1146 3700 1182 3761 lt.
1202 3699 1236 3761 E.
1256 3697 1408 3761 Cardinali
1430 3711 1486 3758 suo
1508 3703 1538 3758 et
1558 3695 1689 3758 Romani
1704 3695 1784 3758 Pon·

1039 3795 1127 3857 tidcis
1157 3810 1211 3872 pro
1239 3801 1378 3871 tempore
1405 3791 1437 3852 in
1459 3789 1542 3853 Urbe
1569 3789 1708 3876 eiusque·
1725 3789 1783 3852 dis-

1039 3894 1131 3955 trictu
1154 3889 1286 3964 Vicario,
1310 3895 1344 3952 nt
1366 3887 1536 3967 praelatum
1559 3884 1653 3947 unius
1668 3885 1783 3946 mensis

1007 3979 1010 4029 1
1039 3986 1222 4059 terminum,
1235 3984 1321 4046 iuxta
1335 3997 1460 4046 casuum
1476 3979 1734 4056 contingentiam,
1752 3985 1783 4040 et

1007 4036 1010 4133 1
1037 4096 1125 4144 causa
1146 4079 1279 4154 cognita,
1302 4078 1336 4139 ad
1358 4075 1432 4137 alios
1447 4073 1646 4153 qnadraginta
1661 4071 1737 4148 dies,
1752 4078 1783 4134 et

24 4169 25 4194 ¹
63 4152 215 4209 11111151·
234 4169 349 4246 3131333,
373 4178 497 4249 propter
511 4185 596 4248 quas,
613 4169 737 4248 praevio
751 4169 881 4231 llomani
903 4170 980 4232 Pon·
1008 4140 1010 4265 1
1038 4189 1101 4236 non
1124 4172 1217 4248 ultra,
1240 4185 1406 4250 prorogare
1428 4173 1539 4248 posset.

235 4263 327 4325 1111613
348 4279 473 4325 133θῦ31
494 4271 525 4325 et
546 4263 777 4341 approbatione,
800 4263 888 4325 liceat
911 4264 982 4342 Epi·
1008 4268 1011 4347 1
1077 4268 1235 4330 Praeterea
1268 4262 1422 4344 Episcopis
1449 4264 1485 4325 ud
1511 4278 1594 4324 sacra
1624 4260 1783 4339 hpostolo·
1801 4271 1886 4370 &iffi
1889 4270 2015 4371 133833ιῖ31313-

1038 4375 1108 4424 rum
1130 4359 1253 4422 Limina
1273 4357 1395 4419 statutis
1419 4355 1611 4434 temporibus
1632 4353 1782 4416 visitanda
1802 4389 1837 4422 na
1877 4349 2015 4434 apostolo?

234 4372 327 4434 scopo
352 4372 368 4419 e
396 4357 517 4435 propria
544 4356 678 4420 Ecclesia
704 4363 735 4418 et
763 4356 898 4420 Dioecesi
928 4372 982 4435 per

235 4449 360 4527 aliquod
381 4449 544 4512 delinitum
567 4455 689 4527 tempus
709 4449 828 4526 abesse;
851 4465 885 4510 eu
907 4465 981 4512 vero

235 4542 384 4618 absentia,
399 4558 479 4621 quae
492 4543 529 4603 ad
543 4543 701 4605 modicum
722 4549 845 4622 tempus
866 4550 983 4622 protra-

236 4637 333 4712 hitur,
356 4636 516 4700 neminem
535 4637 674 4700 desertae
688 4635 872 4700 residentiae
892 4653 981 4699 reum

236 4730 416 4808 cunstituit3
443 4730 512 4793 ideo
533 4730 618 4793 etin
639 4730 778 4794 conciliis
806 4737 838 4793 et
859 4731 891 4793 in
912 4746 983 4809 apo-

235 4824 350 4886 stolicis
385 4824 659 4887 constitutionibus
690 4824 726 4888 ad
759 4824 983 4904 praecavendos

237 4917 348 4980 abusus
375 4925 439 4980 tam
460 4918 538 4980 circa
564 4917 743 4982 huiusmodi
769 4930 983 4990 causmumet
1009 4918 1012 5005 j

237 5012 432 5074 occasionum
452 5013 670 5086 relevantiam,
693 5027 786 5090 quam
808 5011 886 5076 circa
909 5013 982 5076 tole·
1010 5016 1012 5049 ³

237 5104 343 5180 rabilia
367 5113 543 5184 temporum
564 5106 671 5185 spatia,
688 5105 833 5185 providae
852 5114 983 5170 statutae

239 5199 321 5278 leges
341 5208 373 5262 et
394 5201 520 5277 regulae
548 5202 759 5280 reperiuntur.
791 5201 829 5262 Et
857 5201 983 5279 quidem

240 5297 335 5376 iustae
345 5313 379 5359 ac
390 5295 547 5374 legitimae
561 5296 714 5358 absentiae
725 5311 831 5358 causae
841 5312 857 5355 3
869 5293 984 5373 praela-

242 5399 268 5452 la
279 5391 459 5454 Tridentino
472 5390 595 5469 Synodo
606 5390 698 5462 citat.
716 5405 784 5466 cup.
799 5391 830 5462 1,
843 5407 917 5451 3333.
927 5389 980 5464 23,

242 5501 303 5547 non
325 5486 401 5548 aliae
416 5485 799 5564 agnitaeiuerunt,quam
820 5484 984 5547 christiana

241 5580 359 5655 caritas,
382 5593 498 5655 urgens
519 5578 693 5654 necessitas,
717 5577 818 5642 debita
839 5577 986 5640 obedien·

242 5673 280 5732 tia
292 5679 323 5734 et
333 5673 465 5734 evidens
487 5671 636 5734 Ecclesiae
651 5673 701 5734 331
717 5671 912 5750 Reipublicae
925 5671 986 5734 uti-

242 5875 338 5937 quum
359 5857 466 5920 eadem
482 5859 676 5921 Sacrosancta
691 5859 833 5938 synodus
853 5873 986 5939 perpen-

242 5952 344 6032 disset,
360 5968 399 6015 er
414 5959 556 6014 veterum
570 5967 726 6016 canonum
745 5953 911 6030 sententia,
928 5952 984 6015 mi·

1038 4453 1242 4533 personaliter
1263 4449 1489 4524 accedentibus,
1511 4449 1705 4526 supradictus
1727 4445 1782 4508 Ur-

1038 4553 1135 4616 banus
1157 4546 1369 4628 praedecessor
1400 4541 1542 4617 indulsit,
1571 4550 1622 4618 ut,
1650 4540 1783 4604 ecclesiis

1039 4646 1258 4708 ultramontes
1280 4647 1310 4701 et
1331 4637 1407 4701 citra
1428 4651 1513 4699 mare
1539 4635 1646 4714 positis
1670 4632 1783 4714 praesi-

1038 4738 1159 4812 derent,
1183 4750 1239 4813 per
1259 4739 1408 4812 quatuor3
1431 4730 1582 4810 quivero
1609 4726 1783 4789 ultramari-

1038 4832 1087 4893 nis
1107 4838 1139 4891 et
1163 4826 1399 4890 ultramontanis
1430 4823 1566 4886 ecclesiis
1594 4829 1783 4902 praeessent,

1039 4942 1094 5006 per
1114 4931 1233 5003 septem
1254 4936 1375 4983 menses
1397 4918 1561 4982 continuos
1582 4933 1598 4976 3
1620 4915 1784 4978 residentia

1040 5019 1071 5080 iu
1094 5019 1158 5081 suis
1180 5016 1350 5095 respective
1371 5012 1494 5075 sedibus
1521 5011 1657 5074 iacienda
1681 5010 1784 5072 huius·

1040 5113 1123 5174 modi
1143 5109 1327 5172 visitationis
1349 5107 1458 5184 gratia,
1481 5111 1714 5167 excusarentur.

1080 5206 1159 5268 Cum
1180 5218 1254 5265 vero
1276 5201 1357 5263 idem
1370 5201 1508 5263 Urbanus
1531 5196 1722 5271 declarasset,
1739 5213 1782 5272 se,
1803 5216 2016 5324 magggrvaetamffi

1802 5321 1907 5368 abusus.

1040 5285 1094 5378 per
1115 5314 1161 5372 ea,
1184 5310 1261 5375 quae
1284 5295 1315 5356 in
1337 5294 1401 5356 suis
1427 5289 1570 5369 praelatis
1593 5290 1690 5352 literis
1711 5305 1783 5352 con-

1039 5392 1192 5464 stituerat,
1208 5389 1338 5451 minime
1352 5385 1504 5450 sublatam
1525 5384 1658 5446 voluisse
1673 5384 1784 5447 dictam

1011 5490 1013 5507 '
1042 5486 1136 5548 trium
1159 5483 1317 5546 mensium
1332 5481 1492 5543 licentiam
1507 5495 1523 5540 3
1537 5478 1669 5540 concilio
1686 5477 1784 5540 indul·

1042 5588 1120 5657 tam;
1143 5579 1216 5640 hinc
1230 5575 1335 5656 plures
1350 5581 1435 5637 ortae
1451 5571 1645 5651 quaestiones
1658 5581 1688 5633 et
1702 5572 1784 5633 varia

1040 5672 1162 5734 condita
1193 5677 1267 5733 sunt
1298 5669 1437 5743 decreta,
1460 5666 1497 5728 ab
1524 5667 1633 5729 eodem
1661 5664 1785 5727 Urbano

243 5765 317 5828 litas.
340 5765 458 5828 Verum
474 5763 521 5827 his
541 5765 633 5828 etiam
649 5767 746 5828 causis
757 5763 983 5839 deficientibus,
1011 5750 1014 5843 1
1041 5765 1170 5843 eiusque
1191 5760 1416 5825 successoribus
1431 5759 1608 5839 approbata;
1631 5759 1786 5821 cuiusmo-

1040 5858 1071 5919 di
1091 5863 1176 5931 sunt,
1199 5871 1262 5918 non
1285 5854 1378 5916 licere
1405 5853 1595 5915 trimestrem
1616 5852 1784 5914 absentiam

1040 5949 1227 6030 praedictam
1249 5947 1451 6026 coniungere,
1468 5946 1535 6009 sive
1555 5959 1629 6009 cum
1651 5960 1686 6008 eo
1707 5951 1786 6012 tetu-

1802 4441 1866 4486 rum,
