4820 6980
119 593 178 648 An.
192 596 223 649 (l.
244 593 313 648 1748

2107 393 2112 422 l

973 583 1170 656 annumeras
1190 606 1256 654 xrs.
1810 591 1869 655 7115
1918 589 1972 642 An.
1987 591 2017 644 c.
2040 588 2109 646 1748

343 741 377 786 ea
399 725 474 788 item
496 740 713 804 accensemus,
736 743 815 808 quae
842 727 1007 806 Cyriacum
1035 727 1089 788 Pa-

343 833 425 897 pam,
448 819 507 884 boc
522 828 567 883 est
583 820 742 898 Siricium,
758 830 793 885 ut
815 821 960 884 nonnulli
982 837 1088 900 perpe·

342 929 409 976 ram
425 914 684 994 interpretantur,
700 924 964 994 commemorant,
981 915 1087 979 nullus

344 1007 427 1070 enim
451 1009 597 1088 Cyriacus
619 1011 809 1086 nominent
829 1011 942 1090 cuique
962 1017 1085 1085 notum,

345 1102 427 1164 inter
455 1099 598 1166 Summos
629 1104 792 1166 Pontifices
819 1111 1014 1166 numeratur.
1045 1102 1086 1164 Ea

343 1192 453 1273 igitur,
474 1213 553 1276 quae
575 1197 699 1259 maioris
721 1197 875 1274 momenti
887 1205 961 1258 sunt
976 1197 1088 1274 Harty-

344 1289 461 1367 rologia
484 1289 660 1367 innuamus,
683 1306 761 1369 quae
783 1290 887 1355 Sancti
909 1291 1008 1356 Siricii
1033 1305 1087 1354 no·

344 1410 417 1457 men
443 1390 665 1471 praescierunt.
697 1389 776 1452 Haec
800 1389 884 1451 inter
909 1405 974 1450 sese
999 1387 1088 1450 nobis

343 1487 433 1548 ollert
447 1483 701 1564 Hartyrologium
723 1479 832 1556 Bedae,
848 1481 963 1544 Habani
978 1489 1008 1542 et
1023 1495 1089 1540 mo·

344 1579 470 1642 naslerii
492 1578 595 1642 Sancti
612 1575 729 1655 Cyriaci
751 1575 844 1637 buius
864 1575 962 1637 almae
983 1573 1085 1646 Urbis,

343 1689 405 1752 quo
428 1671 518 1734 toties
541 1688 615 1733 usus
636 1677 681 1733 est
701 1663 870 1734 C'ardinalis
891 1667 1039 1730 Baronins
1054 1667 1086 1727 in

343 1766 474 1830 Romani
488 1764 697 1844 Hartyrologii
713 1761 939 1826 emendatione.
958 1760 1088 1824 Succur-

343 1861 384 1922 rit
405 1867 561 1938 praeterea
584 1857 837 1937 Hartyrologium
861 1855 1012 1919 Ecclesiae
1033 1853 1088 1918 oc-

343 1952 502 2018 cidentalis
530 1952 648 2014 editum
670 1968 686 2013 a
707 1949 899 2013 Florentinis
925 1949 1084 2010 11111111.

343 2046 546 2127 septembrisr
568 2063 626 2109 nec
646 2063 709 2108 non
726 2045 953 2124 Antuerpiense
968 2051 1000 2105 et
1015 2045 1087 2105 Cor·

342 2143 480 2222 bejcnse,
503 2150 672 2220 utrumque
693 2141 958 2219 antiquissimum,
975 2139 1012 2202 de
1026 2154 1087 2217 quo

343 2241 474 2317 ipsemet
487 2235 700 2300 Florentinius
716 2235 747 2296 in
764 2235 854 2298 nolis.
878 2232 945 2295 Alia
961 2233 1087 2309 insuper

343 2331 559 2410 llartyrologia
588 2335 795 2392 numerantur
821 2327 858 2388 ab
884 2325 1087 2388 1111111111-

280 2427 284 2436 '
343 2435 432 2505 ptore
459 2422 902 2487 11111111,Ε111111111111
932 2425 989 2492 16,
1017 2428 1049 2482 11
1071 2437 1087 2482 a

108 3749 322 3852 11111111

107 3857 152 3904 tur
165 3857 280 3905 cmmlns.

342 2521 482 2584 Patribus
509 2518 716 2581 Bollandianis
737 2517 788 2578 111
815 2533 895 2578 11111.
923 2513 1087 2596 februarii

342 2633 415 2696 pap.
439 2617 521 2686 282,
552 2628 685 2691 quornm
708 2611 808 2690 aliqua
837 2627 894 2673 nec
916 2609 1086 2672 Cardinalis

343 2710 504 2785 Baronius,
520 2723 579 2770 nec
599 2706 653 2786 qui
674 2705 797 2784 sequuti
819 2710 893 2766 sunt
908 2701 1085 2780 Hartyrolo-

343 2805 385 2882 gii
406 2803 538 2866 Romani
557 2801 795 2873 Helormatores,
818 2815 907 2861 nosse
930 2805 1085 2878 poterant,
1106 2823 1108 2828 ,

342 2913 414 2961 cum
429 2912 539 2959 eorum
550 2901 648 2957 aetate
662 2895 695 2954 in
707 2893 859 2956 Arabiviis
875 2902 905 2954 et
919 2892 1087 2955 Bibliotbe-

341 2993 384 3055 cis
405 2992 503 3054 adbuc
525 2990 751 3052 delitescerent.
782 2987 860 3050 Hinc
885 2987 1023 3062 fortasse,
1053 2993 1084 3046 ut

341 3087 477 3165 prudens
503 3083 717 3147 Florentinios
738 3081 819 3145 haud
848 3090 967 3144 temere
987 3079 1085 3157 suspi-

341 3187 446 3254 catur,
469 3178 571 3242 Siricii
599 3193 713 3238 nomen
735 3193 752 3237 a
773 3175 912 3237 Romano
937 3174 1085 3251 Hartyro-

342 3274 423 3350 logio
445 3272 563 3335 tamdiu
585 3270 694 3346 abluit,
710 3271 791 3348 quod
807 3267 964 3330 veteribus
986 3266 1084 3330 multa

340 3366 460 3430 luerint
482 3367 650 3444 incognita,
666 3379 744 3444 qnae
759 3363 911 3443 posterior
925 3371 1006 3423 aetas
1021 3376 1085 3422 ma-

341 3460 512 3524 nifestavit:
547 3459 696 3524 Accidere
724 3457 820 3539 111111
848 3457 972 3535 potuit,
1003 3453 1084 3532 puod

340 3559 454 3616 nostra
482 3559 590 3617 aetate
611 3553 743 3614 inuenta
771 3550 876 3630 plura·
896 3547 1083 3610 vetustioris

341 3647 568 3726 Martyrolopii
591 3644 733 3723 exempla
755 3661 818 3706 uon
838 3643 993 3705 uiderint.

378 3755 429 3801 ux.
453 3741 537 3802 Hanc
551 3745 657 3800 tamen
670 3736 855 3800 Florentinii
873 3735 1082 3798 coniecturam

339 3851 402 3897 non
424 3835 566 3912 probant,
589 3831 887 3912 animaliumque
908 3842 971 3890 non
992 3825 1082 3899 levia,

338 3935 445 3991 contra
467 3927 612 3992 Siricinm
634 3924 784 3987 obiiciunt
803 3924 946 3997 crimina,
968 3935 1083 4000 quaea

339 4023 429 4085 nobis
442 4019 626 4098 singillatim
641 4016 851 4081 enumeranda
870 4023 956 4091 sunt,
972 4025 1006 4080 ut
1023 4023 1083 4080 ter·

339 4117 421 4180 tium
434 4113 663 4178 controversiae
677 4120 777 4190 caput,
795 4111 880 4172 iuxta
894 4111 1083 4188 propositam

338 4209 535 4282 divisionem,
555 4206 764 4285 expediamus.
787 4204 891 4272 Primo
912 4204 990 4280 loco,
1007 4205 1082 4267 vitio

337 4304 427 4365 datur
455 4300 581 4374 Siricio,
615 4298 695 4378 quod
723 4298 756 4360 in
784 4296 956 4376 apostolicis
985 4296 1082 4359 literis

336 4393 565 4460 conscribendis
580 4391 611 4456 S.
630 4391 812 4472 Hieronymi
827 4407 918 4470 opera
933 4407 1006 4453 usus
1017 4407 1080 4452 non

337 4491 447 4567 luerit;
465 4505 525 4569 qua
539 4489 573 4550 in
588 4505 623 4550 re
636 4503 693 4548 nec
709 4485 947 4565 praedecessoris
962 4483 1080 4546 Damasi

337 4583 518 4662 exemplum
532 4589 683 4660 sequutus
698 4587 755 4655 est,
771 4595 829 4642 nec
842 4575 1024 4656 Hieronymi
1039 4575 1080 4637 la-

337 4695 406 4740 mae
416 4679 489 4740 satis
499 4676 666 4740 consuluit.
679 4673 795 4737 Notum
808 4671 922 4752 quippe
936 4677 993 4745 est,
1004 4670 1079 4734 San-

336 4780 421 4834 ctum
448 4771 676 4849 Hieronymum
702 4785 717 4830 a
745 4765 855 4830 Siricio
886 4765 1078 4843 neglectum,

336 4866 538 4928 inimicorum
558 4862 722 4926 calumniis
736 4877 769 4924 ac
790 4859 960 4922 maledictis
982 4872 1079 4936 usque

336 4961 409 5022 adeo
431 4959 524 5022 luisse
550 4957 739 5040 obnoxium,
763 4965 798 5018 ut
818 4963 941 5018 coactus
968 4954 1079 5018 idcirco

335 5052 431 5116 luerit
442 5067 479 5114 ex
501 5051 626 5114 illorum
641 5057 807 5129 conspectu
828 5065 896 5111 sese
910 5049 1078 5127 proripere,

271 5192 275 5198 .
335 5153 427 5225 atque
454 5161 493 5206 ex
514 5144 597 5206 Urbe
625 5143 790 5207 discedere.
822 5139 973 5215 Secundo,
998 5143 1078 5204 baud

335 5239 472 5303 obscuris
494 5237 615 5301 indiciis
636 5237 837 5299 manifestum
859 5245 916 5311 est,
931 5236 1079 5300 Siricium

335 5333 518 5396 Pontificem
540 5332 588 5394 sin
608 5331 713 5392 minus
734 5329 868 5405 intenso,
890 5329 1000 5392 saltem
1022 5329 1080 5392 mi-

335 5443 395 5489 nus
415 5440 512 5504 aequo
533 5424 740 5486 luisseanimo
761 5422 793 5484 in
810 5422 959 5487 Sanctum
979 5423 1078 5485 Pauli·

334 5535 431 5596 num,
463 5518 570 5580 virum
596 5517 736 5579 moribus
765 5531 799 5578 ac
823 5516 885 5577 vita
913 5517 1079 5594 integerri-

334 5627 434 5674 mum.
458 5611 573 5686 Tertio,
597 5609 805 5689 improvidum
835 5609 930 5671 nimis
957 5627 991 5673 ac
1017 5619 1077 5672 tar-

334 5703 411 5766 dum
441 5703 542 5766 Siricii
574 5701 738 5764 consilium
773 5703 1013 5780 reprehenditur
1045 5704 1077 5764 in

334 5795 509 5860 reiiaiendis
537 5795 732 5872 origenistis,
759 5791 931 5874 eorumque
958 5795 1077 5858 haeresi

334 5888 513 5966 coercenda,
536 5905 607 5952 cam
629 5889 662 5952 in
682 5889 834 5952 Rufinum
850 5896 881 5950 ct
902 5887 1076 5965 Helaniam,

334 5983 459 6061 longam
495 5983 631 6046 nimium
664 5983 843 6064 patientiam
878 5981 1075 6061 adhibuerit,

1144 743 1238 805 qnam
1259 728 1298 791 ob
1318 743 1440 791 causam
1461 727 1619 792 lestinarit
1634 746 1672 791 es
1688 733 1742 792 trac
1764 729 1888 793 mortali

1143 824 1206 885 vita
1227 824 1360 886 educere
1386 823 1476 886 illum
1502 824 1672 900 Dominus,
1695 824 1890 902 1111111111-

1143 918 1270 982 stastum
1284 917 1426 980 sufficere
1440 918 1627 981 acerrimum
1642 917 1887 997 origenistarum

1144 1021 1401 1090 oppugnatorem.

1183 1123 1246 1169 1111.
1269 1105 1377 1185 Neque
1399 1106 1456 1168 tria
1477 1109 1563 1184 haec,
1586 1125 1665 1188 quae
1686 1109 1718 1171 in
1739 1109 1887 1173 Siricium
1926 1119 2021 1164 aarum
2036 1117 2119 1164 esma-

1143 1208 1358 1279 congeruntur
1373 1203 1514 1277 crimina,
1530 1219 1665 1281 quarum
1687 1204 1761 1266 item
1777 1206 1886 1267 memi·
1905 1181 1975 1272 iffi
1986 1169 2119 1271 iiffiffiiffl

1144 1311 1219 1358 nere
1240 1295 1452 1358 Florentinius
1479 1305 1572 1375 atque
1592 1295 1742 1374 Norlsius,
1769 1315 1887 1378 nosque
1905 1278 2039 1327 ΝΟΜ·

1144 1389 1346 1452 meminimus
1362 1388 1416 1452 lib.
1433 1391 1467 1463 4,
1485 1391 1521 1453 11
1539 1391 1791 1455 Cauouiaatione
1809 1393 1885 1456 Sau-

1143 1488 1279 1555 1111111,
1302 1488 1528 1563 11111111.
1552 1491 1586 1558 5,
1609 1481 1668 1548 sub
1691 1504 1722 1548 n.
1734 1491 1769 1560 4,
1793 1489 1887 1564 gratis

1143 1578 1272 1640 conficta
1293 1586 1377 1654 sunt,
1394 1581 1448 1642 sed
1470 1597 1507 1642 ex
1529 1581 1637 1644 validis
1659 1583 1887 1646 Ecclesiasticus

1143 1673 1293 1735 Historiae
1314 1675 1527 1737 monumentis
1541 1677 1778 1739 confirmantur.
1801 1677 1886 1753 Quod

1143 1767 1229 1829 enim
1249 1767 1284 1829 ad
1307 1767 1535 1846 Hieronymum
1562 1770 1677 1833 Romae
1698 1771 1780 1832 male
1803 1770 1887 1833 habi-

1145 1867 1211 1923 tum
1233 1862 1356 1932 attinet,
1385 1861 1457 1926 baec
1484 1861 1577 1925 habet
1602 1861 1751 1926 oaronius
1776 1865 1811 1926 ad
1833 1880 1887 1927 an-

1143 1971 1221 2028 num
1243 1955 1357 2018 Christi
1380 1972 1572 2018 cucuma:
1591 1955 1671 2020 Cum
1686 1965 1795 2023 autern
1810 1975 1886 2033 nou,

1143 2055 1183 2112 ut
1210 2047 1370 2112 Damasus
1402 2052 1542 2131 fecerat,
1575 2050 1716 2114 Siricius
1740 2053 1830 2132 Papa
1852 2055 1886 2117 ia

1143 2140 1317 2205 scribendis
1339 2143 1497 2206 eiusmodi
1520 2144 1626 2206 literis
1652 2146 1835 2224 Hieronymi
1858 2165 1887 2209 o-

1142 2253 1220 2315 pera
1242 2243 1403 2310 uteretur,
1432 2253 1531 2316 nepus
1551 2255 1633 2311 eum,
1662 2245 1701 2301 ut
1724 2240 1887 2319 11111111

1145 2346 1203 2408 par
1225 2333 1306 2403 1111,
1337 2330 1602 2408 amplecteretur,
1631 2337 1727 2410 atque
1755 2337 1885 2414 sanaret,

1143 2440 1217 2486 mora
1239 2423 1405 2504 Pontificio
1428 2424 1565 2488 Romani
1593 2427 1772 2490 destitutus
1797 2445 1888 2506 prae·

1143 2519 1238 2590 sidio,
1262 2517 1343 2580 idem
1359 2519 1567 2598 Hieronymus
1582 2519 1802 2585 acerbissimos
1815 2524 1887 2600 pati

1143 2613 1244 2690 coepit
1266 2619 1490 2690 persecutores,
1509 2612 1580 2676 illos
1600 2615 1723 2677 scilicet
1745 2617 1884 2691 clericos,

1144 2723 1279 2784 quorum
1309 2723 1411 2768 mores
1444 2705 1599 2783 improbos
1630 2710 1763 2788 scriptis
1790 2710 1887 2774 editis

1143 2800 1338 2881 sugillasset.
1362 2804 1405 2864 oe
1426 2801 1611 2882 subinfenso¹
1632 2803 1734 2866 Siricii
1756 2806 1788 2868 in
1811 2807 1887 2869 Pau-

1144 2894 1243 2957 linum
1266 2897 1381 2971 animo,
1398 2895 1536 2958 validum
1556 2911 1595 2958 11
1618 2897 1751 2977 Epistola
1768 2899 1886 2962 leius-

1142 2989 1213 3051 dem
1235 2988 1353 3052 Paulini
1366 2991 1400 3051 ad
1417 2989 1587 3068 Sulpitium
1599 2990 1749 3055 Severum
1765 2993 1886 3056 eruitur

1142 3093 1379 3159 argumentum:
1404 3100 1477 3146 cum
1499 3085 1583 3147 enim
1605 3087 1642 3148 de
1657 3085 1803 3148 Romanis
1818 3087 1886 3152 Cle-

1141 3176 1212 3237 ricis
1234 3176 1286 3238 ille
1307 3183 1528 3256 conqueratur,
1558 3179 1633 3240 baec
1654 3179 1754 3242 addit:
1780 3181 1886 3256 Quan-

1143 3274 1212 3332 tum
1234 3267 1324 3332 uobis
1347 3269 1474 3350 gratiae
1501 3269 1687 3335 Dominicae
1715 3273 1885 3338 detrimen-

1142 3368 1212 3424 tum
1233 3365 1338 3444 111111
1357 3361 1465 3425 11111111
1484 3364 1591 3442 Papae
1610 3367 1747 3446 superba
1769 3368 1886 3431 discre-

1142 3457 1274 3524 tiocia,
1292 3473 1371 3534 quae
1392 3457 1485 3519 verba
1507 3472 1640 3536 magnus
1655 3460 1823 3525 Annalium
1838 3481 1887 3543 pa-

1141 3565 1212 3612 rens
1233 3549 1270 3611 de
1293 3549 1401 3614 Siricio
1423 3551 1658 3630 interpretatur,
1681 3555 1722 3616 ita
1748 3556 1885 3619 scribens

1140 3642 1182 3704 ad
1196 3660 1250 3705 an.
1269 3643 1394 3707 Christi
1416 3661 1578 3708 11111111
1594 3643 1662 3708 Iam
1676 3655 1766 3725 puto,
1783 3653 1884 3712 sentis

1140 3735 1250 3809 lector,
1275 3753 1363 3815 quern
1385 3737 1547 3800 Paulinus
1566 3755 1625 3818 per
1654 3738 1802 3802 Urbicum
1823 3743 1884 3808 Pa·

1141 3847 1211 3908 pam
1234 3831 1491 3912 intelligebam
1510 3833 1613 3895 alium
1635 3835 1772 3912 quidem,
1789 3855 1884 3914 quam

1140 3925 1194 4002 pui
1207 3932 1285 3988 tunc
1299 3925 1457 3989 Romanae
1470 3934 1619 4004 praeerat
1633 3926 1792 3994 Ecclesiae
1802 3929 1883 3994 Pon·

1141 4019 1266 4098 tificem,
1290 4019 1396 4098 ipsum
1419 4019 1587 4094 siricium,
1607 4037 1697 4099 quem
1718 4023 1882 4102 infensum

1139 4112 1254 4192 absque
1269 4129 1367 4176 causa
1389 4113 1512 4191 aliqua,
1529 4121 1567 4176 ut
1581 4115 1641 4189 ait,
1659 4117 1729 4192 pati
1751 4123 1883 4182 coaetus

1138 4208 1255 4286 suerit.
1278 4205 1405 4270 Accidit
1418 4208 1514 4285 plane
1532 4207 1688 4270 Sanctum
1703 4208 1882 4273 Paulinum

1138 4303 1224 4362 iuste
1240 4301 1390 4379 conqueri
1402 4301 1439 4362 11
1451 4300 1569 4364 Siricis
1584 4301 1683 4378 Papa,
1696 4311 1792 4382 atque
1805 4303 1882 4367 11111

1137 4394 1305 4456 nonnullis
1328 4394 1487 4456 Humanae
1509 4395 1670 4459 Ecclesiae
1686 4397 1829 4472 clericis,
1847 4397 1883 4460 11
1970 4443 1973 4450 -

1138 4485 1252 4564 auibus
1279 4487 1378 4552 etiam
1407 4495 1611 4566 conquestum
1638 4490 1882 4554 1111111811-

1137 4587 1226 4642 ctum
1249 4581 1489 4658 Hieronymum,
1513 4582 1596 4662 guod
1620 4599 1710 4661 saepe
1731 4587 1881 4662 superius

1137 4675 1292 4736 dicimus.
1321 4675 1359 4737 ot
1379 4675 1475 4753 plane
1489 4675 1647 4738 accederit
1662 4676 1721 4740 1111
1735 4694 1775 4739 eu
1788 4685 1883 4756 parte

1136 4769 1218 4832 male
1229 4768 1346 4831 audire
1359 4767 1526 4841 Siricium,
1541 4769 1621 4848 qued
1636 4771 1790 4833 11111111
1805 4773 1881 4836 1111

1137 4862 1278 4942 insigues
1292 4861 1470 4925 sanctitate
1487 4868 1519 4924 et
1534 4862 1683 4928 doctriua
1698 4865 1794 4938 ciros,
1812 4864 1882 4929 111-

1136 4971 1193 5034 pue
1220 4959 1395 5034 spectatos,
1420 4955 1524 5035 [uerit
1546 4965 1731 5020 commotus.
1761 4959 1882 5021 Postre-

1135 5063 1188 5109 mo
1203 5050 1240 5111 de
1253 5049 1350 5111 nimia
1370 5057 1475 5110 contra
1494 5049 1682 5126 origenistas
1703 5051 1805 5115 Siricii
1822 5062 1883 5114 tar-

1135 5142 1230 5204 ditate
1251 5142 1380 5220 eiusque
1410 5143 1546 5220 praecoci
1578 5141 1664 5206 obitu
1691 5146 1882 5206 1111111111-

1135 5235 1244 5297 bemus
1256 5237 1402 5298 eumdem
1413 5235 1580 5298 Baronium
1595 5236 1636 5299 11
1651 5251 1727 5300 aua.
1741 5237 1877 5310 Claristi,

1135 5327 1187 5389 abi
1201 5329 1244 5389 sic
1265 5327 1419 5407 loquitur:
1446 5329 1615 5392 Caeterum
1633 5328 1880 5408 1111111111-

1135 5421 1248 5484 lociter
1259 5422 1400 5485 Sinicius
1413 5421 1621 5501 periclitanti
1633 5425 1794 5487 occasione
1807 5422 1879 5488 011-

1133 5516 1222 5595 penis
1243 5531 1391 5577 errorum
1413 5516 1558 5578 occurrit
1582 5516 1753 5589 Ecclesiae,
1770 5533 1878 5596 quom-

1133 5609 1244 5681 citius,
1268 5623 1376 5686 nempe
1396 5608 1478 5672 anni
1498 5610 1656 5688 sequentis
1678 5610 1878 5683 1111111111

1135 5701 1195 5765 ltac
1214 5702 1284 5766 uita
1310 5701 1460 5766 sublatus
1484 5707 1548 5769 est:
1578 5709 1763 5783 erectusque
1783 5720 1879 5782 super

1137 5795 1329 5860 Catbedram
1351 5797 1441 5859 Petri
1468 5797 1647 5859 acerrimus
1676 5803 1878 5878 oppugnator

1136 5889 1393 5969 origenistarum
1418 5889 1654 5954 baereticorum
1681 5892 1878 5956 Anastasius

1133 5981 1234 6062 Papa.
1258 5983 1354 6062 Saepe
1375 5983 1519 6062 1111111,
1541 5991 1636 6062 atque
1658 5986 1810 6063 paneadis
1831 5992 1878 6052 est
