4732 7014
367 550 422 607 Aa.
436 552 466 608 0.
487 552 555 606 1⁷42
606 552 645 618 52

585 691 686 769 tandi;
720 693 850 756 decimas
878 700 1039 756 consuetas
1069 692 1200 772 (decima
1223 691 1327 754 tamen

584 789 776 850 decimarum
797 785 929 863 singulis
941 787 1140 849 antistitibus
1156 788 1187 848 in
1202 787 1265 848 suis
1281 804 1328 848 re-

583 881 719 959 spective
733 879 920 942 dioecesibus
935 877 1054 954 relicta)
1076 879 1107 940 in
1123 880 1232 942 iisdem
1246 879 1328 940 dice-

582 973 702 1036 cesibus
723 971 901 1048 colligendi3
925 977 955 1032 et
976 971 1189 1034 emolumenta
1206 971 1327 1049 dispen-

583 1067 755 1140 sationum,
787 1081 865 1142 quae
886 1066 921 1126 ad
944 1065 1149 1127 Patriarcbam
1175 1073 1324 1142 spectant,

582 1159 743 1236 exigendi;
766 1174 908 1220 necnon
935 1158 1033 1234 legata
1056 1158 1105 1220 161
1127 1158 1222 1220 dictae
1245 1158 1326 1220 dioe

582 1254 655 1327 cesi,
678 1269 756 1330 quae
783 1252 853 1315 Sedi
882 1252 1077 1312 Patriarcnati
1105 1252 1190 1315 unita
1219 1251 1323 1324 luerit,

582 1347 632 1408 161
658 1348 715 1424 ipsi
742 1362 797 1424 pro
829 1354 968 1424 tempore
998 1345 1190 1408 Patriarcbae
1220 1345 1324 1407 relicta

582 1439 775 1518 acquirendi3
793 1445 823 1500 et
838 1455 893 1516 pro
907 1438 1084 1501 huiusmodi
1099 1439 1211 1500 ellectu
1223 1455 1323 1500 unum

582 1544 635 1595 aut
655 1533 758 1612 plures
779 1532 957 1595 collectores
971 1539 1002 1592 et
1017 1531 1176 1594 ministros
1190 1532 1223 1592 in
1238 1532 1324 1594 dictis

582 1627 769 1690 dioecesibus
801 1625 985 1704 deputandi;
1013 1642 1095 1686 sacra
1122 1625 1323 1688 016111116-

582 1720 698 1792 orandi,
715 1727 745 1780 et
761 1721 791 1780 in
807 1719 943 1795 singulas
957 1725 1077 1796 septem
1099 1719 1251 1780 dioeceses
1263 1718 1323 1797 pri-

364 1827 564 1894 ‚srna'prauuqt-
582 1816 684 1878 vative
715 1815 919 1877 distribuendi
941 1821 983 1890 et,
1008 1823 1042 1876 ut
1070 1822 1142 1876 ante
1172 1820 1322 1876 statutum

351 1883 563 1993 12¹80³'2‘}},¹¹,¹0¹¹,}¹,‚¹ff
582 1918 627 1972 est
647 1917 679 1970 et
700 1925 763 1970 non
780 1908 880 1984 aliter,
896 1908 1057 1984 mittendi3
1080 1916 1222 1970 ceterum
1243 1907 1321 1982 aliis,

351 1998 414 2035 rum.
580 2004 703 2080 siquae
725 2012 798 2064 sunt
820 2001 1008 2064 Patriarchae
1022 2017 1076 2078 pro
1099 2011 1239 2080 ternpore
1259 2002 1322 2062 exi·

579 2096 674 2157 stenti
696 2103 849 2158 reservata
870 2103 901 2156 et
923 2096 1023 2158 debita
1046 2104 1108 2157 tam
1135 2095 1322 2172 praescripto

579 2188 648 2249 inre
668 2203 761 2266 quarn
785 2188 905 2249 invecti
927 2189 1165 2261 consuetudine,
1190 2186 1318 2262 iuribus,

579 2283 615 2343 de
641 2282 753 2360 quibus
774 2281 859 2343 nulla
887 2279 919 2342 in
941 2281 1024 2342 hisce
1052 2281 1265 2357 praesentibus
1287 2282 1321 2342 srt

578 2377 708 2450 mentio,
721 2375 845 2437 nullum
858 2373 925 2436 ideo
940 2374 1162 2452 praeiudicium
1173 2391 1229 2452 per
1244 2375 1320 2452 ipsas

577 2477 753 2548 praesentes
774 2467 884 2530 inferri
905 2477 936 2530 et
958 2468 1077 2530 illatum
1095 2468 1320 2531 essevolumus

578 2573 608 2626 et
629 2565 832 2628 intendimus.

386 2677 560 2740 exsequere-
618 2665 637 2738 ς
661 2659 706 2720 11.
731 2660 881 2735 Denique,
904 2665 938 2719 ut
961 2659 1098 2721 reductio
1118 2657 1240 2720 sedium
1258 2655 1319 2733 epi-

346 2727 560 2838 ss?,⁰„‘},‘ff¹¹},⁵„}¹,!?,?g
578 2753 745 2831 scopaliutn
767 2769 784 2812 e
806 2751 954 2813 tredecim
976 2752 1011 2813 ad
1039 2757 1175 2828 septem,
1198 2758 1320 2828 praeter

346 2835 470 2882 1111111111
578 2847 823 2926 patriarchalem,
846 2845 1015 2918 dumtaxat,
1033 2852 1125 2923 prout
1147 2845 1178 2906 in
1200 2845 1320 2923 praein-

577 2941 658 3002 serta
669 2939 844 3018 Appendice
858 2946 1004 3000 contenta
1016 2946 1108 3015 atque
1122 2939 1318 3016 praescripta,

578 3034 697 3097 debitae
728 3032 905 3094 executioni
941 3032 1025 3093 iuxta
1055 3031 1319 3094 commendatissi-

578 3143 667 3190 mum
687 3127 820 3190 caritatis
834 3134 865 3188 et
886 3124 1096 3203 providentiae
1111 3127 1253 3188 ordinem
1269 3125 1321 3187 de·

578 3221 756 3295 mandetur,
779 3221 924 3282 volumus
946 3226 1038 3299 atque
1053 3219 1267 3297 praecipimus,
1284 3226 1319 3280 ut

578 3315 718 3378 moderni
741 3314 902 3375 antistites
934 3313 1111 3386 llaronitae,
1145 3316 1198 3390 qui
1219 3313 1318 3374 veluti

576 3409 767 3471 Patriarcbae
784 3408 890 3470 vicarii
905 3406 1001 3480 missi,
1017 3409 1093 3470 dum
1108 3408 1246 3470 reductio
1262 3410 1318 3469 bu-

577 3503 707 3566 iusmodi
718 3508 831 3563 statuta
847 3500 915 3574 luit,
932 3501 1081 3562 tredecim
1098 3501 1128 3562 in
1144 3501 1318 3563 Clresroano

576 3598 608 3659 in
630 3597 774 3660 humanis
789 3594 931 3670 agebant,
948 3594 1015 3667 etsi,
1033 3593 1150 3656 interea
1172 3595 1318 3672 temporis

575 3690 694 3752 duobus
715 3686 898 3749 eorumdem
924 3686 1005 3746 viam
1028 3686 1193 3748 universae
1219 3687 1317 3748 carnis

575 3783 732 3860 ingressis,
749 3780 894 3844 undecim
909 3780 940 3842 in
957 3782 1127 3857 praesentia
1149 3797 1316 3842 numeren-

575 3885 637 3949 tur,
671 3876 780 3938 eode'm
811 3882 909 3953 pacto,
937 3873 1196 3951 quemadmodum
1229 3881 1316 3936 antea

573 3969 764 4041 servabatur,
783 3966 881 4028 veluti
897 3967 992 4043 ipsius
1007 3968 1196 4030 Patriarcltae
1212 3968 1316 4028 vicarii

573 4064 610 4124 ad
631 4069 746 4123 nutum
767 4059 948 4121 amoribiles
969 4076 1105 4138 eousque
1129 4061 1191 4123 sint
1213 4069 1243 4122 et
1264 4063 1316 4122 ha-

572 4155 715 4228 beantur,
738 4154 835 4216 donec
855 4155 1047 4231 septenarius
1070 4157 1251 4218 eorumdem
1265 4173 1315 4217 su·

572 4247 736 4323 perstitum
758 4261 910 4306 numerus
921 4247 1116 4309 remanserit.
1139 4249 1203 4322 Quo
1225 4248 1312 4323 iacto,

572 4338 710 4400 reductio
721 4345 839 4416 septem
859 4339 980 4400 sedium
995 4339 1172 4402 huiusmodi
1196 4349 1268 4404 tunc
1284 4352 1314 4404 61

573 4447 637 4492 non
660 4437 748 4492 antea
770 4430 873 4491 locum
899 4431 1007 4493 babeat
1028 4439 1058 4492 et
1079 4434 1244 4495 constituta
1267 4435 1315 4497 in-

573 4524 746 4600 telligatur3
779 4531 871 4601 atque
893 4523 974 4586 idern
1002 4541 1058 4601 pro
1085 4533 1225 4604 tempore
1250 4529 1316 4588 exi-

570 4626 655 4680 stens
676 4617 866 4690 Patriarcba,
890 4616 985 4678 electi
1007 4617 1091 4698 prius
1120 4621 1312 4696 patriarchati

569 4710 652 4784 sede,
676 4709 817 4786 singulos
844 4709 975 4785 singulis
1002 4706 1125 4772 sedibus
1153 4713 1313 4774 antistites

570 4803 673 4864 adsui
698 4802 837 4877 libitum,
860 4803 911 4863 sed
933 4804 1103 4864 secundum
1129 4806 1314 4881 prudentiae

570 4904 601 4956 et
621 4896 755 4958 caritatis
777 4896 872 4972 leges,
895 4896 1050 4973 praeficiat
1063 4907 1094 4958 et
1108 4899 1254 4973 assignet,
1272 4900 1312 4960 ita

570 4997 672 5050 tamen
695 4997 730 5050 ut
755 4989 918 5064 assignatio
951 4989 1130 5052 huiusmodi
1162 5002 1311 5071 perpetuo

547 5081 660 5156 ¹lacta,
688 5089 718 5143 et
751 5081 965 5159 unusquisqne
995 5083 1131 5144 antistes
1163 5093 1311 5163 perpetuo

569 5174 754 5235 constitutus
776 5181 806 5234 et
827 5174 1036 5235 incardinatus
1047 5175 1086 5236 sit
1108 5184 1138 5237 et
1159 5177 1312 5254 intelliga-

570 5273 621 5328 tur
641 5267 706 5327 sedi
727 5273 757 5327 ot
779 5267 920 5343 dioecesi,
937 5285 1015 5345 quae
1029 5270 1126 5330 semel
1142 5271 1311 5349 unicuique

568 5360 719 5436 assignata
740 5359 845 5420 luerit.

351 5475 549 5544 ,praesentium
609 5455 627 5528 ἓ
651 5453 697 5514 ta.
721 5452 926 5515 Decernentes
948 5456 1068 5518 easdem
1083 5468 1260 5535 praesentes
1276 5460 1312 5521 li-

339 5527 550 5638 {liggfflbggp
570 5554 659 5620 teras,
672 5553 702 5608 et
717 5547 749 5606 in
765 5547 808 5607 eis
819 5554 964 5609 contenta
976 5566 1200 5628 (palumbinum,
1218 5553 1310 5614 etiarn

338 5635 487 5682 1111111111·
567 5656 607 5700 ex
628 5657 674 5714 eo,
699 5641 779 5717 quod
799 5642 988 5720 quicumque
1003 5643 1034 5704 in
1051 5645 1222 5721 praemissis
1235 5663 1309 5724 quo-

568 5732 735 5794 modolibet
763 5733 810 5794 ius
832 5735 882 5795 161
909 5736 1059 5797 interesse
1086 5738 1233 5799 babentes
1254 5756 1309 5800 seu

567 5825 680 5886 babere
701 5829 937 5904 praetendentes
959 5829 1095 5891 cuiusvis
1116 5841 1309 5907 1111111111-

568 5919 635 5994 dus,
651 5919 778 5993 ordiniS,
795 5921 1056 5996 praeeminentiae
1072 5923 1121 5984 161
1136 5924 1307 6000 dignitatis

1104 571 1168 620 lUll·
1193 573 1282 619 PON'l'.
1307 569 1347 618 DE
1368 569 1397 618 P·
1422 573 1451 620 F.
1475 575 1557 622 PARS
1579 573 1599 622 1.

2163 550 2218 610 11.
2231 559 2260 613 c.
2279 533 2345 620 tata

1382 681 1436 756 s'eu
1457 694 1528 756 alias
1549 696 1687 774 specifica
1701 703 1732 758 et
1748 694 1904 758 individua
1918 694 2082 757 mentione
2098 701 2131 755 et

1383 789 1581 865 expressione
1602 788 1688 865 digni
1703 789 1835 850 existant
1851 787 1960 849 iisdem
1980 803 2132 866 praesen-

1383 879 1464 941 tibus
1492 897 1555 942 non
1583 882 1814 955 consenserint,
1845 897 1903 942 nec
1934 883 2044 956 vocati,
2070 896 2130 942 seu

1382 974 1475 1036 auditi
1499 974 1628 1048 luerint,
1646 975 1768 1037 tametsi
1783 991 1914 1038 suorum
1929 973 2129 1038 indultorum

1381 1068 1432 1129 161
1453 1068 1690 1146 privilegiorum
1718 1069 1826 1145 rigore
1853 1068 2045 1144 consentire,
2070 1081 2129 1128 seu

1381 1161 1483 1222 vocari
1505 1170 1536 1223 et
1557 1161 1655 1223 audiri
1675 1162 1773 1224 semel
1787 1161 1838 1222 161
1854 1160 1969 1239 pluries
1984 1175 2128 1238 quoquo·

1381 1256 1471 1316 modo
1494 1255 1681 1329 debuissent,
1705 1261 1758 1316 aut
1779 1271 1817 1316 ex
1842 1253 1899 1315 alia
1921 1253 2139 1331 quantumvis,

1381 1347 1508 1410 iuridici
1529 1357 1559 1410 et
1580 1347 1774 1426 privilegiata
1795 1348 1893 1422 causi,
1910 1347 2022 1422 colore,
2035 1361 2128 1425 prae-

1380 1447 1467 1502 textu
1480 1449 1510 1502 et
1521 1442 1619 1519 capite
1634 1441 1728 1504 etiam
1745 1441 1776 1502 in
1792 1456 1919 1518 corpore
1930 1440 2005 1502 iuris
2019 1441 2127 1502 clauso

1380 1532 1443 1594 ullo
1465 1549 1602 1612 unquam
1626 1541 1764 1613 tempore
1785 1535 1822 1596 de
1839 1533 2049 1611 subreptionis
2071 1533 2126 1594 161

1378 1625 1567 1704 obreptionis
1587 1643 1641 1688 seu
1664 1627 1813 1689 nullitatis
1834 1627 1923 1700 vitio,
1945 1634 1998 1688 aut
2019 1627 2126 1688 inten-

1378 1719 1473 1781 tionis
1489 1729 1611 1782 nostrae
1625 1721 1677 1782 161
1692 1721 1841 1783 interesse
1852 1719 2034 1782 habentium
2049 1734 2125 1782 con-

1377 1829 1481 1888 sensu,
1504 1813 1604 1876 aliove
1630 1814 1768 1894 quolibet
1800 1815 1893 1876 etiam
1919 1814 2125 1892 quantumvis

1378 1923 1491 1983 magno
1511 1915 1541 1970 61
1567 1908 1689 1970 formali
1717 1925 1750 1970 ac
1777 1908 1969 1970 substantiali
1998 1907 2124 1969 delectu

1377 2001 1490 2074 notari,
1513 2001 1703 2079 impugnari,
1726 2001 1866 2077 infringi,
1887 2001 1920 2062 in
1942 2010 2124 2064 controver-

1377 2093 1451 2154 siam
1480 2095 1636 2168 revocari,
1658 2096 1692 2156 ad
1724 2095 1872 2156 terminos
1903 2095 1979 2157 iuris
2001 2096 2121 2170 reduci,

1375 2203 1430 2249 seu
1452 2189 1598 2249 adversus
1619 2187 1686 2248 illas
1707 2188 1883 2265 aperitionis
1904 2189 1977 2263 oric,
1993 2189 2123 2252 restitu-

1377 2281 1468 2342 tionis
1489 2283 1522 2342 in
1549 2281 1723 2356 integrum,
1752 2281 1874 2344 aliudve
1902 2283 2123 2360 quodcumque

1376 2375 1450 2436 iuris
1481 2374 1550 2437 iacti
1582 2375 1632 2436 161
1666 2375 1781 2452 gratiae
1814 2375 1988 2437 remedium
2017 2376 2121 2438 inten-

1366 2469 1505 2530 cericei
1534 2469 1692 2548 impetrari
1725 2469 1904 2530 nullatenus
1931 2484 2035 2546 posse,
2064 2471 2121 2532 sed

1375 2577 1497 2640 semper
1518 2570 1547 2624 et
1569 2570 1717 2641 perpetuo
1739 2562 1864 2636 validas,
1887 2562 2032 2624 sirmaset
2052 2565 2119 2626 esli-

1374 2671 1458 2716 caces
1479 2657 1610 2717 existere
1632 2665 1663 2718 et
1680 2655 1756 2730 lore,
1768 2671 1901 2732 suosque
1918 2656 2071 2733 plenarios
2087 2667 2120 2720 et

1376 2748 1512 2825 integros
1532 2750 1659 2811 allectus
1680 2748 1785 2810 sortiri
1799 2756 1829 2809 et
1844 2749 1985 2812 obtinere
2005 2750 2121 2834 debere

1375 2847 1405 2901 et
1427 2843 1464 2902 ab
1478 2843 1633 2916 omnibus,
1649 2842 1683 2902 ad
1700 2859 1778 2919 quos
1792 2849 1907 2921 spectat
1921 2850 1953 2904 et
1968 2860 2023 2923 pro
2038 2852 2120 2906 tem·

1375 2950 1448 3011 pore
1479 2936 1736 3014 quandocumque
1763 2943 1794 2996 61
1825 2939 2117 3019 quomodocumque

1374 3030 1539 3110 spectabit,
1569 3029 1792 3092 inviolabiliter
1817 3031 1987 3092 observari:
2011 3034 2118 3112 sicque

1375 3133 1407 3186 et
1429 3141 1492 3186 non
1514 3123 1603 3185 aliter
1624 3139 1678 3200 per
1699 3139 1910 3202 quoscumque
1931 3124 2045 3188 iudices
2066 3145 2118 3190 or-

1375 3219 1508 3280 dinarios
1540 3225 1571 3278 et
1591 3217 1763 3293 delegatos,
1786 3219 1894 3295 quavis
1921 3222 2115 3299 auctoritate,
2186 3209 2345 3292 suttausa'

1375 3313 1616 3392 praeeminentia
1644 3319 1695 3373 aut
1722 3318 1871 3389 potestate
1896 3312 2062 3390 iungentes
2083 3326 2116 3380 et
2137 3301 2333 3400 lgdufflssffflffl

1375 3405 1545 3480 iuncturos,
1560 3407 1652 3466 etiam
1667 3421 1827 3467 causarum
1842 3405 1943 3482 palatii
1958 3411 2116 3487 apostolici

1374 3497 1539 3573 auditores,
1563 3504 1592 3560 et
1617 3497 1715 3559 dictae
1744 3496 1774 3559 S.
1798 3497 1834 3559 tt.
1859 3500 1894 3561 E.
1920 3501 2115 3580 Cardinalos,

1373 3595 1465 3656 etiarn
1487 3593 1640 3656 delatore
1661 3593 1787 3668 legatos,
1810 3592 1928 3656 sublata
1949 3595 1992 3656 eis
2013 3603 2044 3657 et
2065 3613 2118 3658 eo-

1373 3704 1444 3750 rum
1465 3687 1592 3749 cuilibet
1613 3687 1721 3763 quavis
1742 3685 1831 3748 aliter
1850 3685 2006 3750 iudicandi
2021 3697 2052 3751 et
2066 3690 2117 3752 in-

1372 3780 1563 3858 terpretandi
1579 3778 1721 3840 facultate
1733 3787 1763 3840 et
1777 3780 1969 3855 auctoritate,
1986 3781 2114 3844 iudicari

1370 3882 1402 3935 et
1417 3873 1540 3936 definiri
1551 3871 1675 3946 debere3
1688 3871 1813 3933 irritum
1828 3889 1952 3951 quoque
1967 3881 1997 3934 et
2008 3875 2111 3950 inane,

1371 3966 1396 4026 si
1417 3981 1503 4028 secus
1523 3980 1616 4042 super
1637 3964 1685 4024 his
1701 3981 1716 4023 a
1732 3979 1899 4042 quoquam,
1922 3967 2029 4044 quavis
2044 3983 2112 4029 auc-

1371 4061 1506 4134 toritate,
1528 4059 1662 4122 scienter
1684 4058 1733 4119 161
1755 4057 1947 4133 ignoranter,
1975 4062 2112 4138 contige-

1371 4153 1412 4213 rit
1433 4151 1586 4213 attentari.

1409 4248 1428 4320 g
1452 4244 1497 4306 13.
1522 4243 1589 4305 Non
1611 4243 1803 4305 obstantibus
1818 4245 1990 4320 praemissis
2011 4249 2110 4310 omni·
2147 4267 2275 4313 contraria
2285 4275 2328 4309 111

1369 4340 1437 4413 bus,
1460 4357 1493 4400 ac
1515 4346 1617 4399 nostra
1633 4343 1663 4397 et
1678 4337 1883 4400 Cancellariae
1898 4349 2020 4402 nostrae
2031 4342 2111 4420 Apo·
2128 4323 2232 4422 ξξὶῖξῗῖθ
2255 4320 2329 4363 ⁰⁰⁰⁰*

1368 4434 1503 4506 stolicae,
1526 4440 1677 4510 quatenus
1699 4446 1774 4507 opus
1794 4431 1845 4505 sit,
1869 4433 1977 4508 regula
1991 4435 2029 4495 de
2043 4435 2109 4497 iure

1369 4527 1506 4606 quaesito
1527 4541 1590 4586 non
1607 4523 1752 4599 tollendo,
1768 4540 1825 4585 nec
1841 4540 1903 4586 non
1925 4527 2108 4604 apostolicis,

1369 4628 1460 4698 atque
1492 4621 1523 4680 in
1553 4617 1780 4679 universalibus
1808 4618 2110 4700 provincialibusque

1369 4721 1399 4774 et
1420 4711 1617 4790 synodalibus
1635 4710 1780 4772 Conciliis
1800 4709 1890 4771 editis
1913 4715 2110 4788 generalibus

1369 4807 1418 4869 161
1432 4804 1623 4884 specialibus,
1639 4803 1819 4880 praesertim
1832 4819 1887 4880 pro
1898 4806 2043 4868 universa
2057 4825 2109 4868 na-

1367 4901 1453 4962 tione
1473 4898 1707 4970 llaronitarum,
1729 4897 2001 4960 constitutionibus
2015 4908 2045 4961 et
2060 4917 2110 4962 or-

1368 4991 1587 5065 dinationibus
1597 4990 1725 5067 aliisque
1736 4990 1827 5050 etiam
1841 4990 2028 5066 iuramento,
2037 5008 2110 5054 con-

1368 5085 1542 5146 lirmatione
1564 5083 1726 5161 apostatica
1748 5082 1798 5144 161
1819 5084 1927 5160 quavis
1943 5084 2109 5146 1111111111-

1368 5187 1428 5242 tatc
1451 5177 1610 5252 roboratis,
1631 5175 1752 5239 statutis
1774 5184 1804 5237 et
1822 5177 2107 5254 consuetudinibus,

1367 5271 1538 5349 privilegiis
1558 5287 1693 5347 quoque,
1713 5268 1841 5330 indultis
1862 5277 1893 5330 et
1914 5270 2024 5331 litteris
2040 5287 2110 5348 apo-

1315 5397 1319 5403 ·
1366 5365 1496 5438 stolicis,
1518 5365 1584 5424 sive
1610 5363 1774 5424 universae
1804 5362 1940 5436 nationi,
1968 5363 2035 5425 sive
2056 5354 2128 5424 Pa·¹

1366 5460 1527 5533 triarcbae,
1550 5457 1747 5519 Antistitibus
1763 5465 1792 5518 61
1808 5456 1928 5534 populis
1948 5457 2108 5519 Maronitis

1365 5553 1422 5614 sub
1443 5553 1692 5630 quibuscumque
1710 5549 1872 5616 ¹tenoribus
1888 5557 1919 5609 ct
1940 5551 2058 5625 formis,
2075 5568 2108 5612 ac

1365 5663 1436 5709 cum
1458 5645 1617 5724 quibusvis
1650 5645 1743 5704 etiam
1766 5644 2032 5720 derogatoriarum
2057 5646 2109 5706 de-

1365 5739 1539 5815 rogatoriis,
1562 5738 1691 5814 aliisque
1714 5736 1942 5812 efficacioribus,
1966 5736 2107 5799 eilicacis-

1364 5832 1449 5892 simis
1471 5839 1501 5893 61
1524 5829 1654 5891 insolitis
1675 5829 1819 5889 clausulis
1841 5830 2105 5910 irritantibusque,

1364 5934 1395 5984 et
1416 5925 1481 5986 aliis
1510 5923 1640 5986 decretis
1663 5922 1694 5982 in
1720 5935 1834 5996 genere
1862 5922 1912 5983 161
1935 5923 1966 5985 in
1992 5924 2104 6002 specie,
