4708 6978
1715 547 1771 608 331
1823 557 1875 610 An.
1891 558 1921 610 d.
1943 557 2011 610 1747

246 685 329 752 modi
355 687 492 752 oasibust
518 686 677 766 Proposita
705 684 842 766 quaestio
869 684 929 747 fuit
958 683 991 746 in
1048 681 1088 745 sit
1108 683 1262 762 praeditus
1277 685 1412 763 ratione;
1435 684 1565 764 ideoque
1579 682 1792 764 baptizandus,

174 843 177 847 .
245 782 492 858 Congregationo
504 779 655 844 diexvut.
667 780 778 842 decem.
792 791 990 850 mandarun,
1048 775 1155 839 invitis
1181 776 1252 840 licet
1281 778 1566 857 reluctantibusque
1594 778 1792 858 parentibus,

77 571 112 624 iq,
122 564 144 616 G.
161 558 219 611 1747
773 611 775 618 ,
879 567 1076 612 subnotatus
1100 567 1162 612 xlv.

75 1635 152 1687 hornia
164 1645 223 1692 pars.

246 881 283 938 ul
306 873 451 938 declarat
486 874 667 936 Thesaurus
695 871 826 934 resolut.
859 878 932 932 tom.
955 869 989 942 2,

243 983 275 1046 p.
291 967 369 1040 412,
391 967 442 1030 die
455 971 564 1030 aulem
580 983 629 1028 ur.
647 965 795 1028 lartuarii
812 979 988 1028 noceatur.

245 1061 285 1124 ita
296 1062 482 1139 rescriptum
495 1059 564 1122 luit:
582 1059 614 1124 Si
626 1075 690 1122 non
702 1058 824 1127 lateret,
838 1057 891 1136 qui
906 1057 991 1118 cbar-

244 1152 342 1216 tulam
360 1154 537 1232 scripserat,
550 1154 712 1232 eidemque
734 1152 809 1214 tides
824 1157 891 1212 tuto
906 1166 992 1229 prae-

242 1249 316 1309 stari
338 1255 452 1326 posset,
475 1253 547 1310 tuno
569 1246 722 1309 infantem
743 1255 778 1308 ut
802 1243 991 1323 baptizatum

242 1340 422 1403 babendum
448 1355 530 1416 esse,
554 1356 588 1401 ae
616 1355 656 1401 ne
681 1339 834 1418 baptismo
865 1337 991 1416 quidem

242 1432 433 1496 initiandum
460 1431 519 1496 suh
546 1431 744 1504 eruditiore,
767 1439 803 1494 ut
830 1437 934 1509 aperte
956 1429 991 1490 li-

242 1533 316 1606 quet
332 1526 368 1587 lu
385 1533 460 1590 tom.
480 1527 659 1608 3proesati
681 1526 848 1597 Thesauri,
866 1541 939 1606 pag.
955 1523 988 1584 2.

281 1619 301 1693 5
323 1619 373 1680 32.
397 1619 476 1682 Haec
487 1627 573 1695 sunt,
586 1635 664 1698 quae
676 1618 813 1681 breviter
834 1633 991 1696 exponen·

242 1714 278 1776 da
293 1713 473 1776 censuimus
488 1714 586 1793 quoad
599 1711 730 1791 primam
746 1719 866 1790 partem
887 1709 923 1772 ad
938 1711 990 1772 be-

241 1809 409 1872 braeorum
432 1807 672 1871 iniantesunice
686 1807 909 1888 pertinentem.
934 1804 990 1866 Ita-

241 1918 303 1981 que
324 1901 359 1964 ad
381 1903 548 1966 secundam
563 1902 789 1977 descendimus,
812 1916 989 1964 sermonem

242 1997 278 2060 de
300 1995 440 2058 hebraeis
461 1996 587 2072 adultis,
606 2013 639 2057 ao
660 1995 780 2066 ratione
800 1994 990 2074 pollentibus

86 2100 224 2157 mmottsmo
241 2089 390 2152 babituri.
410 2089 522 2168 Atque,
540 2097 575 2152 ut
595 2090 706 2154 ordino
731 2098 859 2152 utamur
879 2099 910 2153 et
931 2091 989 2153 cla·

30 2195 32 2204 ,
71 2158 169 2203 uinearum
195 2163 210 2198 a

29 2223 31 2288 q
66 2212 161 2256 tuttomm.
210 2177 224 2186 -

29 2429 31 2458 l

29 2461 31 2596 l

28 2597 31 2730 Ι
75 2661 148 2716 tuendo
160 2660 223 2706 adul·

28 2741 29 2756 2
65 2723 89 2764 tn
100 2717 135 2762 diri
147 2716 221 2772 possit.

242 2183 345 2258 ritate,
369 2181 556 2244 disseremus
577 2183 678 2260 primo
701 2183 738 2246 de
759 2184 807 2259 iis,
831 2183 884 2260 qui
905 2185 988 2247 ultro

241 2276 430 2355 baptismum
459 2284 589 2356 petunt,
613 2285 681 2340 tum
708 2279 746 2340 de
771 2277 825 2353 iis,
853 2278 906 2355 qui
929 2279 987 2339 iam

241 2369 388 2449 baptizati
402 2371 437 2432 ad
453 2368 613 2432 ecelesiam
627 2386 660 2432 se
674 2369 852 2434 uenierunt.
869 2369 986 2434 Verum

242 2463 275 2525 in
291 2463 402 2543 primis
416 2463 670 2526 constituendum
687 2470 744 2538 est,
760 2480 911 2542 quaenam
927 2463 988 2543 ple-

240 2572 377 2635 rumque
388 2572 422 2618 ea
437 2563 519 2618 aetas
533 2556 583 2632 sit,
597 2556 630 2619 in
643 2571 702 2634 qua
714 2556 865 2618 hebraeus
878 2565 989 2636 sponte

240 2647 429 2728 baptismum
451 2656 618 2728 expetens,
641 2665 705 2712 non
731 2648 844 2726 inians,
866 2651 919 2712 sed
941 2649 988 2712 sui

240 2757 365 2820 compos
387 2743 558 2806 censendus
581 2747 635 2816 est,
660 2750 691 2804 et
712 2743 937 2820 quodammodo
958 2759 987 2803 a·

238 2834 357 2910 dultus,
379 2844 472 2913 atque
493 2835 550 2898 baa
575 2835 702 2913 quidem
724 2835 758 2896 in
779 2851 814 2896 re
842 2837 918 2898 duos
939 2835 988 2898 lu·

239 2927 410 3008 risperitos,
434 2927 504 2991 licet
525 2927 605 2989 baud
627 2927 782 3002 indoctos,
805 2944 914 2990 cavere
934 2945 987 2990 ne-

238 3036 321 3084 cesse
343 3029 405 3098 est;
428 3020 551 3083 Nattam
573 3019 688 3083 scilieet
709 3021 745 3084 iu
766 3021 877 3083 eousil.
901 3023 984 3096 454,

240 3111 294 3176 lib.
317 3113 351 3188 2,
375 3120 407 3176 et
428 3114 547 3176 Bursat.
576 3112 611 3175 iu
633 3111 743 3174 consil.
767 3115 851 3187 231,
875 3111 929 3177 lib.
952 3115 985 3187 3,

238 3206 351 3286 quibus
374 3207 406 3268 in
428 3223 510 3282 casu,
534 3208 570 3268 de
592 3223 654 3284 quo
674 3205 793 3284 agitur,
817 3209 987 3271 necessaria

238 3301 365 3363 ridetur
386 3299 549 3361 duodecim
576 3313 733 3361 annorum
761 3308 860 3376 aetas;
885 3299 914 3361 id
935 3319 987 3364 au-

239 3401 302 3456 tem
324 3408 489 3472 perperam
499 3392 683 3472 quibusdam
704 3393 834 3456 decretis
855 3393 987 3472 probant

239 3503 337 3565 aeque
368 3487 524 3566 antiquis,
547 3503 581 3548 aa
608 3487 784 3564 antiquatis.
817 3487 877 3548 Hac
898 3487 930 3548 in
952 3503 987 3550 re

239 3581 449 3644 consulendus
464 3590 511 3644 est
525 3580 652 3646 sedulus
666 3590 886 3662 aceuratnsque
900 3601 985 3664 prae-

240 3681 289 3742 sul
311 3679 469 3758 Spereilus
492 3680 527 3742 iu
547 3697 608 3743 sua
630 3680 724 3742 deris.
758 3683 789 3753 1,
813 3699 901 3744 uum.
926 3687 982 3751 32,

240 3781 270 3836 et
290 3773 415 3839 duobus
429 3792 527 3854 seqq,
553 3775 606 3838 ubi
629 3774 736 3853 probat
752 3777 879 3839 rationis
894 3794 985 3840 usum

238 3869 276 3932 ab
296 3885 381 3934 anno
395 3869 527 3948 septimo
542 3869 697 3948 completo
712 3871 866 3948 inchoari3
889 3871 986 3934 idem-

239 3979 299 4042 que
319 3963 573 4038 confirmaturus,
603 3964 756 4042 praeclara
781 3964 931 4043 quaedam
952 3965 984 4026 in

238 4072 338 4118 unum
360 4055 485 4133 collegit
500 4057 669 4120 cardinalis
684 4057 783 4120 Albini
799 4058 835 4120 de
850 4058 984 4120 iueoust.

238 4151 273 4214 io
284 4152 354 4232 fide,
366 4165 434 4227 rap.
449 4157 503 4228 11,
517 4171 605 4216 aum.
622 4157 679 4228 39,
692 4152 820 4217 Ricoiul.
834 4153 869 4212 iu
886 4157 983 4214 tract.

240 4247 276 4308 de
284 4246 429 4326 personis
440 4253 536 4310 rutro
547 4249 705 4328 gremium
717 4248 875 4318 eeclesiae,
885 4243 939 4308 lib.
949 4246 983 4316 2,

239 4357 308 4423 rap.
333 4347 391 4417 33,
415 4361 502 4407 uum.
527 4349 560 4417 3,
584 4345 686 4408 Zasins
701 4346 737 4407 iu
753 4348 850 4408 traet-
875 4345 911 4408 de
932 4344 984 4406 lu-

240 4437 328 4502 daeis
343 4445 466 4516 quaest.
483 4442 519 4512 2,
536 4438 678 4502 Clerieat.
703 4439 739 4502 de
761 4439 981 4502 iurisdictiou.

240 4531 318 4594 disc.
344 4535 402 4604 18,
418 4547 507 4596 uum.
533 4537 593 4606 25,
617 4533 704 4597 Sessa
719 4534 755 4597 de
776 4535 903 4597 ludaeis
926 4533 981 4595 eit.

241 4641 307 4706 rap.
331 4628 389 4700 43,
419 4627 531 4706 quibus
558 4627 698 4690 addimus
731 4627 984 4704 congregationis

240 4719 370 4782 Consilii
392 4720 625 4796 resolutionem,
649 4737 726 4801 quae
754 4729 838 4784 extat
860 4720 914 4784 lib.
941 4725 984 4784 16

242 4811 449 4874 Decretorum
468 4829 542 4894 pap.
558 4817 630 4877 233
653 4833 673 4878 a
698 4820 785 4896 tergo
807 4815 840 4878 in
854 4816 983 4896 quadam

240 4923 326 4968 nausa
358 4905 485 4984 Vilnae,
515 4908 565 4970 die
591 4923 656 4970 xvi.
688 4908 755 4971 iulii
788 4924 981 4973 uncxxxuxs

243 4999 340 5064 Sacra
364 5001 575 5080 Comprepalio
603 4999 741 5064 Consilii
766 5003 930 5080 respoudit
949 5005 984 5083 fi·

240 5091 296 5154 lios
318 5093 510 5156 iudaeorum
531 5111 596 5155 rou
621 5111 685 5155 esse
706 5094 820 5156 irruitis
841 5097 984 5173 purenti-

240 5182 295 5246 bus
316 5184 541 5263 baptizandos,
558 5187 654 5250 damea
669 5188 858 5264 peroeaioot
879 5189 920 5252 ad
934 5205 985 5251 ae·

242 5283 337 5340 lotam
360 5279 558 5359 legitimam.-
581 5287 610 5344 et
634 5285 722 5353 tuur,
736 5283 765 5342 si
780 5282 843 5359 ipsi
858 5297 984 5343 causeo·

1049 877 1084 935 ut
1103 872 1259 950 sapienter
1280 872 1403 934 disserit
1428 871 1520 936 Sotus
1541 873 1577 935 iu
1596 873 1620 932 4
1639 876 1791 944 seuteul„

1049 966 1124 1028 dist.
1153 966 1185 1041 5,
1211 971 1331 1044 quaest.
1357 967 1458 1038 uuis,
1484 963 1791 1039 ort.10,dub.3.·

1051 1059 1239 1124 Certissima
1261 1063 1374 1140 rapula
1389 1065 1445 1134 est,
1464 1060 1587 1138 quodsi
1603 1060 1685 1123 eitra
1700 1059 1792 1124 illam

1048 1156 1186 1214 aetatem
1213 1158 1296 1213 certe
1323 1157 1454 1223 constet,
1486 1167 1622 1230 puerum
1647 1152 1721 1232 fidei
1742 1170 1794 1216 aa·

1050 1243 1211 1307 lechismis
1242 1247 1445 1308 instructum
1475 1245 1557 1310 satis
1590 1245 1790 1326 intelligere,

1048 1337 1200 1416 quidnam
1220 1338 1265 1401 sit
1288 1337 1461 1416 baptisari,
1479 1345 1509 1402 et
1531 1338 1791 1417 quemadmodum

1047 1430 1084 1510 fit
1105 1433 1261 1512 professio
1282 1431 1483 1495 christiauae
1511 1431 1600 1512 legis,
1624 1429 1793 1512 baptizam-

1047 1527 1122 1589 dum
1138 1533 1197 1598 est,
1214 1527 1362 1605 quoniam
1379 1531 1468 1589 oetas
1483 1527 1524 1590 ad
1539 1526 1791 1590 contrahendum

1047 1619 1294 1682 matrimouium
1334 1619 1399 1700 lege
1434 1618 1577 1682 humana
1607 1618 1793 1692 statuitur,-

1048 1712 1099 1774 lea
1120 1720 1229 1776 autem
1249 1711 1360 1777 diviua
1382 1711 1535 1792 baptismi
1550 1713 1738 1792 meutiquam
1753 1709 1792 1774 ab

1047 1805 1191 1870 humanu
1214 1807 1373 1886 dependet.

1084 1901 1104 1976 ἓ
1125 1899 1174 1962 33.
1199 1900 1231 1964 Si
1253 1916 1328 1963 vero
1357 1902 1394 1965 de
1421 1900 1557 1980 perfeeto
1585 1901 1713 1965 rationis
1734 1917 1791 1963 usu

1046 1994 1253 2072 dubitaretur,
1275 2003 1306 2058 et
1326 1998 1515 2076 baptismum
1530 1995 1723 2075 implorantis
1744 2012 1791 2058 ca-

1045 2091 1158 2169 pacitas
1179 2105 1290 2178 anceps
1312 2108 1345 2152 ac
1367 2091 1485 2153 incerta
1503 2098 1595 2167 esset,
1617 2089 1790 2154 cavendum

1045 2191 1091 2246 est
1112 2183 1149 2245 ab
1170 2199 1281 2247 eorum
1302 2184 1472 2260 sententia,
1495 2185 1550 2266 qui
1571 2186 1656 2258 iusta
1677 2185 1788 2248 tritum

1046 2277 1120 2340 illud
1143 2277 1279 2352 axioma,
1303 2278 1336 2340 iu
1363 2277 1457 2340 dnbio
1488 2277 1641 2341 nimirum
1668 2294 1791 2357 semper

1046 2370 1228 2450 possidentis
1238 2370 1450 2434 conditionem
1460 2371 1623 2441 meliorem
1634 2387 1791 2446 esseron·

1045 2465 1192 2540 tendunt,
1214 2472 1373 2544 petentem
1390 2465 1577 2544 baptismum
1591 2466 1628 2528 ad
1642 2465 1791 2528 hebraeos

1045 2565 1076 2618 et
1098 2555 1133 2616 ad
1154 2565 1273 2637 patrem
1295 2557 1503 2637 potissimum,
1521 2557 1547 2619 si
1568 2558 1712 2637 supersit,
1735 2573 1788 2620 ne·

1044 2650 1175 2712 cessario
1197 2651 1433 2714 remittendum.
1461 2651 1642 2714 Cavendum
1664 2657 1721 2728 est,
1744 2652 1790 2713 in·

1045 2759 1149 2821 quam,
1165 2759 1206 2805 ne
1228 2744 1296 2822 quis
1311 2741 1481 2806 arbitretur
1500 2744 1689 2806 sententiam
1710 2744 1792 2807 eius-

1046 2837 1127 2902 modi
1150 2836 1386 2916 approbandam,
1404 2844 1434 2898 et
1449 2837 1580 2913 axioma,
1593 2837 1680 2900 cuius
1702 2838 1790 2900 dum·

1045 2936 1129 2992 taxat
1150 2936 1198 2992 est
1224 2930 1302 2992 ratio
1322 2930 1462 2991 habenda
1483 2930 1515 2991 in
1540 2945 1628 2993 eausa
1653 2929 1787 3010 aequali:

1045 3023 1130 3085 nulla
1152 3039 1228 3086 vero
1255 3023 1423 3101 aequalitas
1449 3023 1612 3085 intercedit
1642 3023 1790 3086 hebraeos

1045 3115 1129 3180 inter
1149 3123 1242 3194 atque
1263 3115 1487 3192 christifideles,
1510 3131 1543 3177 ao
1564 3115 1665 3178 multo
1686 3116 1789 3180 minus

1045 3209 1127 3272 inter
1147 3218 1267 3289 patrem
1281 3216 1313 3270 et
1329 3208 1447 3286 salium,
1469 3225 1568 3288 quum
1582 3208 1660 3273 alter
1674 3210 1790 3289 patriae

1043 3303 1201 3382 potestatis
1227 3303 1375 3366 iacturam
1403 3304 1438 3366 ad
1467 3302 1561 3365 breve
1583 3310 1716 3383 tempus,
1739 3303 1788 3365 da·

1044 3411 1156 3458 mnum
1178 3411 1291 3474 nempe
1313 3395 1507 3457 levissimum
1531 3395 1677 3473 evitaret3
1701 3412 1791 3460 aeru-

1044 3505 1137 3552 mnae
1159 3488 1237 3551 alter
1251 3488 1452 3567 gravissimae
1465 3489 1655 3568 provideret,
1671 3491 1729 3554 boc
1743 3499 1789 3553 est

1043 3595 1178 3648 mortem
1199 3583 1320 3661 ingeret
1340 3583 1573 3662 sempiternam,
1600 3584 1687 3646 ouius
1709 3585 1789 3664 peri-

1043 3679 1149 3742 eulum
1171 3684 1255 3740 uerte
1277 3676 1406 3752 subiret,
1437 3691 1596 3753 regressus
1622 3679 1657 3740 ad
1679 3679 1789 3742 infide-

1044 3773 1120 3834 lium
1152 3786 1269 3846 auram,
1291 3787 1324 3832 aa
1348 3771 1406 3832 sub
1433 3770 1563 3847 patriam
1590 3777 1785 3850 potestatem.

1042 3865 1142 3942 Quare
1161 3864 1195 3926 in
1216 3863 1398 3941 supradietis
1419 3863 1538 3926 casibus
1559 3871 1788 3928 sacramentum

1043 3972 1089 4025 est
1110 3959 1328 4036 differendum,
1350 3959 1416 4033 sed,
1433 3961 1490 4020 boe
1504 3963 1558 4037 qui
1573 3957 1718 4037 postulat,
1741 3975 1789 4020 re·

1043 4056 1206 4129 tinendus,
1229 4070 1263 4115 ae
1282 4052 1326 4114 sio
1351 4051 1472 4113 interea
1500 4051 1726 4127 informandus,
1754 4058 1788 4114 ut

1044 4155 1172 4217 idoneus
1194 4148 1302 4214 evadat
1323 4144 1496 4222 baptismati
1520 4144 1717 4225 postmodum
1737 4162 1788 4208 su-

1042 4249 1210 4327 scipiendo.
1725 4309 1728 4316 ,

1080 4343 1169 4419 §ila
1198 4340 1321 4406 Suarea
1347 4345 1384 4405 im
1410 4342 1431 4401 3
1459 4346 1547 4419 part.
1580 4340 1613 4404 S.
1641 4341 1784 4422 rhomae,

1043 4445 1117 4500 tom.
1142 4442 1176 4509 3,
1205 4445 1326 4516 quaest.
1350 4443 1406 4508 68,
1439 4442 1504 4500 art.
1536 4436 1589 4509 10,
1623 4440 1702 4518 disp.
1730 4441 1784 4516 25,

1041 4537 1116 4594 seat.
1140 4533 1161 4591 3
1182 4532 1224 4596 ad
1250 4533 1304 4610 fio.
1327 4531 1371 4594 sio
1391 4531 1512 4596 scribit.-
1535 4535 1583 4598 Ad
1605 4551 1788 4614 coguoscen-

1042 4625 1118 4688 dum
1139 4632 1266 4697 autem,
1290 4643 1333 4688 uu
1361 4627 1542 4703 perverterit
1566 4627 1725 4706 paruulus
1746 4629 1787 4693 ad

1042 4735 1112 4780 eum
1132 4727 1259 4782 statum
1275 4725 1305 4780 et
1322 4719 1516 4800 facultatem
1533 4739 1612 4784 usus
1634 4723 1784 4796 rationis,

1041 4813 1198 4875 utendum
1219 4819 1266 4876 est
1286 4813 1389 4893 siguis
1411 4821 1442 4876 et
1464 4814 1658 4877 coniecturis
1680 4833 1720 4878 eas
1734 4834 1788 4880 ear·

1040 4906 1201 4985 perientia
1216 4906 1401 4985 desumptis,
1419 4913 1450 4969 et
1464 4907 1602 4970 homimis
1615 4910 1787 4987 prudentis

1041 4997 1183 5062 arbitrio
1206 4998 1368 5062 iudicium
1392 5000 1559 5081 fereadum
1573 5007 1630 5062 est.
1657 5003 1744 5078 Quod
1758 5004 1787 5064 si

1040 5093 1133 5172 sigua
1155 5109 1219 5156 uou
1240 5094 1368 5173 luerint
1388 5093 1470 5155 satis
1490 5093 1663 5167 euidsutia,
1681 5102 1787 5158 tameo

1040 5201 1106 5246 rem
1127 5185 1255 5265 faciant
1273 5183 1415 5258 dubiam,
1438 5194 1468 5249 et
1483 5187 1591 5266 aliquo
1613 5189 1702 5251 ruodo
1715 5205 1787 5268 pro·

1041 5275 1184 5353 babilam,
1199 5280 1227 5340 si
1249 5279 1420 5342 necessitas
1442 5297 1506 5342 mou
1527 5289 1655 5362 urgeat,
1678 5299 1785 5360 euper-

242 5371 338 5434 tt'out.
352 5375 497 5437 Aetatem
511 5391 584 5435 aero
599 5372 776 5454 legitimam
788 5375 984 5453 regulariter
1042 5372 1109 5434 tari
1129 5377 1233 5450 potest
1255 5377 1287 5434 et
1309 5371 1599 5436 debetaommodior
1620 5376 1741 5438 occasio
1755 5381 1786 5438 et

242 5466 359 5527 censeri
372 5467 523 5543 completo
537 5467 711 5544 septeuuio.
727 5467 985 5530 animadvertere
1040 5465 1145 5526 maior
1156 5465 1309 5545 aequitio·
1332 5465 1433 5543 Magni
1450 5466 1543 5528 buius
1554 5466 1702 5546 theologi
1716 5485 1787 5531 auo-

242 5571 313 5635 opus
343 5565 392 5621 est
420 5558 496 5622 illud
524 5558 740 5638 regulariter,
770 5574 841 5621 nam
871 5559 985 5622 indicat
1041 5559 1145 5619 toritas
1157 5559 1306 5637 quidquid
1318 5577 1408 5638 supra
1424 5559 1559 5622 diximus
1575 5561 1786 5641 miriiioepro-

242 5658 381 5729 oportere
412 5651 583 5731 praesidem
615 5651 856 5716 ecclesiasticum
892 5653 984 5714 etiam
1039 5650 1102 5726 bat,
1125 5651 1315 5730 baptismum
1337 5667 1463 5730 nempe,
1477 5653 1680 5716 doneedubio
1701 5655 1786 5719 loeus

242 5750 329 5820 atque
351 5744 446 5806 etiam
467 5745 673 5821 considerare,
690 5745 832 5824 quisnam
853 5745 893 5806 sit
914 5744 983 5824 bap·
1039 5743 1146 5820 fuerit,
1156 5745 1415 5824 protrahendum
1428 5744 1569 5808 adultum
1580 5762 1655 5809 rero
1667 5747 1696 5808 id
1708 5754 1786 5811 tem·

243 5835 322 5900 tismi
343 5837 468 5916 petitor,
491 5854 564 5902 aum
578 5837 672 5916 possit
685 5838 878 5915 contingere,
896 5845 931 5900 ut
946 5839 982 5914 is,
1016 5838 1123 5918 poris
1144 5855 1159 5898 a
1181 5836 1432 5902 christifidelibus
1450 5839 1655 5902 detinendum
1676 5842 1785 5920 procul

242 5931 332 5994 etiam
353 5946 417 5994 non
442 5931 597 6010 completo
618 5930 794 6009 septennio,
815 5929 982 5994 sufficienti
1040 5949 1056 5994 a
1078 5931 1287 6008 genitoribus,
1310 5947 1350 5994 eu
1370 5931 1438 6009 bis,
1459 5947 1538 6011 quae
1565 5933 1784 6012 subiungimus
