4744 6976
33 577 34 580 ’
90 573 127 626 hu.
137 567 159 620 (1.
176 561 232 616 trra

892 579 1089 626 nnuunrcrus
1111 581 1176 626 xrv.
1738 567 1794 633 165
1844 568 1944 624 1330.
1966 571 2036 626 1744

259 698 315 765 tae,
332 691 385 752 vix
401 691 493 768 foret,
506 700 539 758 ut
552 695 589 757 ab
603 695 707 775 aliquo
722 703 920 770 curarentur,
933 711 1006 758 cum

257 797 368 859 magno
390 786 580 851 detrimento
602 789 723 851 servitii
745 790 898 854 Ecclesiae
918 808 1007 870 prae-

255 877 365 938 standi.
376 879 559 942 Tridentina
571 883 697 960 quidem
710 883 854 962 Synodus
865 901 939 946 sess.
949 886 1004 950 24,

255 986 322 1050 cap.
338 971 394 1034 15.
411 981 602 1052 opportunas
617 974 751 1037 rationes
773 977 920 1054 ostendit,
937 981 1006 1058 qui·

255 1063 310 1126 bus
340 1065 571 1128 canonicalium
604 1067 851 1145 praebendarum
882 1070 1004 1149 inopiae

255 1155 353 1218 valeat
367 1157 537 1236 provideri.
556 1156 588 1220 Si
605 1176 679 1221 vero
690 1161 883 1238 designatam
895 1180 911 1224 a
924 1165 1003 1228 Gon·

253 1248 321 1313 cilio
342 1251 439 1327 viam,
463 1258 499 1314 ut
519 1251 585 1315 fere
613 1253 743 1318 evenire
771 1255 865 1332 solet,
887 1273 1002 1336 nequa-

252 1359 345 1422 quam
367 1344 442 1407 iniri
463 1359 553 1423 posse
574 1347 747 1424 contingat,
763 1347 922 1427 reliquum
943 1350 1003 1412 erit

251 1437 287 1498 ad
309 1436 593 1523 congregationem
616 1439 745 1503 concilii
767 1457 928 1504 recursum
951 1443 1004 1504 ha-

252 1528 341 1604 bere,
365 1531 456 1592 cuius
476 1531 551 1606 erit,
575 1541 735 1612 perspecto
757 1549 796 1596 ex
821 1535 932 1598 vestris
954 1551 1003 1597 re-

252 1621 418 1686 lationibus
439 1639 547 1686 rerum
567 1632 661 1700 statu,
679 1627 862 1689 auctoritate
882 1634 1001 1706 aposto·

251 1713 307 1776 lica
328 1731 344 1775 a
364 1717 653 1792 praedecessoribus
676 1719 791 1780 nostris
818 1719 919 1782 eidem
943 1719 1000 1780 im·

251 1807 374 1884 partita,
389 1814 422 1869 et
437 1825 453 1870 a
473 1809 561 1872 nobis
576 1810 671 1872 etiam
687 1811 897 1888 praesentium
913 1819 1001 1874 teno-

249 1915 284 1960 re
307 1901 504 1978 contirmata,
525 1903 740 1981 quotidianam
761 1904 1000 1982 applicationem

248 1993 360 2056 missae
382 1994 599 2057 conventualis
621 2011 676 2074 pro
696 1996 946 2060 benefactoribus
967 1998 1000 2060 in

249 2101 377 2162 genere,
391 2083 428 2149 ut
447 2087 531 2162 alias,
548 2089 583 2151 ad
599 2087 691 2151 festos
703 2091 921 2152 tantummodo
936 2089 1000 2152 dies

248 2180 410 2242 reducere.

33 2235 35 2348 ἑ
107 2284 231 2332 necunde
289 2271 379 2347 520.
403 2271 474 2334 Non
505 2272 598 2336 modo
627 2274 763 2336 ecclesiis
789 2274 999 2353 patriarchali·

33 2361 35 2380 ε
77 2341 151 2388 donn
165 2337 231 2384 nima

33 2383 35 2430 ε
77 2391 194 2440 „mm
247 2366 317 2440 bus,
339 2365 606 2443 metropolitanis,
635 2367 861 2430 cathedralibus
887 2375 918 2429 et
938 2366 999 2429 col·

110 4041 224 4102 1333333331,

33 4141 34 4158 ἢ
74 4093 227 4154 3331333333-

74 4155 93 4189 ii

33 5395 34 5400 ¹
74 5369 226 5454 uldtatappli:

75 5447 226 5502 discordaret

74 5493 127 5554 ‘ibes
142 5503 224 5560 nisae,

74 5553 102 5590 uu
115 5551 166 5600 uliud
183 5568 225 5606 usu

75 5607 160 5658 11ῒὲ11113.

248 2457 370 2534 legiatis
396 2459 576 2521 iniunctum
605 2463 776 2538 reperitur,
799 2469 834 2522 ut
860 2459 999 2538 quotidie

247 2551 340 2612 missa
362 2551 578 2614 conventualis
600 2552 633 2614 in
649 2552 766 2614 eisdem
789 2561 929 2627 canatur,
944 2553 997 2616 sed

247 2643 344 2705 etiarn
355 2644 389 2704 in
401 2643 535 2706 rubricis
545 2645 754 2720 generalibus,
765 2661 898 2723 quarum
911 2661 999 2706 exac-

246 2735 401 2798 tissimam
421 2735 670 2799 fraternitatibus
691 2739 804 2800 vestris
825 2737 996 2800 custodiam

244 2829 516 2904 commendamus
533 2830 764 2906 praescribitur,
777 2837 813 2892 ut
827 2832 920 2893 certis
934 2830 998 2894 die-

245 2919 306 2982 bus
327 2937 391 2983 non
414 2936 487 2994 una,
509 2922 562 2984 sed
585 2921 686 2995 binae,
709 2929 802 3001 atque
827 2923 920 2986 etiam
942 2925 997 2986 ali-

245 3015 373 3091 quando
395 3023 458 3076 tres
479 3015 591 3076 missae
612 3016 835 3078 conventuales
861 3033 926 3079 uno
948 3019 997 3081 die

244 3106 455 3169 celebrentur.
481 3107 598 3184 ltaque,
621 3123 720 3185 quum
747 3123 848 3186 nuper
870 3126 885 3168 a
907 3111 997 3173 nobis

244 3197 365 3261 dictum
387 3199 492 3274 fuerit,
509 3200 642 3277 primam
661 3200 785 3262 missam
806 3210 996 3266 conventua-

244 3290 309 3353 lem
331 3292 471 3370 quotidie
491 3307 547 3370 pro
568 3291 817 3354 benefactoribus
831 3297 864 3355 in
879 3309 996 3370 genere

243 3383 463 3446 celebrandam
490 3391 522 3446 et
549 3383 760 3463 applicandam
792 3400 876 3463 esse3
910 3401 996 3450 nunc

244 3477 487 3554 expendendum
507 3485 662 3554 superest,
682 3493 721 3538 an
743 3479 926 3541 earumdem
948 3496 998 3540 ec·

243 3567 410 3630 clesiarum
432 3568 564 3647 capitula
586 3569 794 3632 iurisdictioni
811 3577 932 3632 vestrae
947 3587 996 3632 re-

242 3661 382 3738 spective
402 3661 540 3724 subiecta
561 3660 686 3738 adigere
708 3661 855 3738 debeatis,
872 3668 906 3723 ut
922 3662 996 3724 alias

244 3768 372 3830 quoque
403 3753 530 3828 missaS,
553 3754 579 3814 si
605 3754 728 3832 plures,
750 3762 786 3815 ut
807 3754 993 3833 praefertur,

243 3844 395 3908 celebrari
418 3846 597 3922 contigerit,
620 3862 676 3924 pro
698 3845 945 3910 benefactoribus
959 3847 993 3910 in

243 3952 362 4014 genere
383 3938 528 4000 similiter
549 3939 716 4017 applicent.

283 4033 303 4106 ἓ
325 4031 375 4092 21.
399 4031 584 4094 Huiusmodi
611 4033 748 4111 quaestio
775 4033 929 4112 aliquibus
955 4049 995 4096 ex

243 4123 334 4186 vobis
354 4122 558 4185 ecclesiastico
580 4125 648 4186 zelo
669 4125 872 4201 flagrantibus
889 4143 996 4205 supra-

242 4218 343 4280 dictae
358 4216 598 4292 congregationi
613 4217 839 4279 venerabilium
862 4219 994 4282 fratrum

242 4318 425 4372 nostrorum
441 4307 573 4372 Consilii
589 4309 765 4372 Tridentini
784 4311 994 4390 interpretum

241 4402 397 4480 proposita
419 4410 476 4462 est.
502 4400 629 4478 lamque
655 4410 728 4464 ante
751 4402 835 4464 illius
856 4407 995 4483 proposi·

242 4495 363 4555 tionem
385 4502 582 4572 compertum
605 4493 717 4570 fuerat,
733 4495 809 4556 alias
828 4497 866 4557 ab
886 4497 993 4560 eadem

243 4585 496 4664 Congregatione
511 4601 695 4663 responsum
707 4587 811 4662 fuisse,
823 4591 995 4652 conceden-

241 4680 312 4740 dam
329 4693 395 4740 esse
408 4679 644 4757 exemptionem
659 4679 697 4742 ab
711 4695 807 4742 onere
821 4681 994 4759 applicandi

241 4773 411 4833 secundam
439 4789 473 4833 ac
494 4773 619 4834 tertiam
648 4773 773 4834 missam
803 4781 994 4836 conventua-

242 4863 305 4924 lem
328 4880 384 4941 pro
406 4863 655 4926 benefactoribus
676 4865 708 4927 in
731 4881 859 4941 genere,
875 4875 994 4928 attenta

241 4957 486 5018 canonicatuum
514 4965 546 5018 et
567 4957 794 5020 beneficiorum
822 4959 992 5035 tenuitate;

241 5065 280 5110 ex
302 5065 366 5127 quo
386 5048 497 5112 inferri
514 5056 645 5127 poterat,
662 5051 840 5114 huiusmodi
862 5051 994 5129 applica-

241 5142 337 5203 tionis
359 5142 499 5204 debitum
532 5158 676 5218 manere,
700 5143 752 5204 ubi
780 5145 816 5206 de
849 5145 994 5206 Ecclesiis

241 5235 433 5314 pauperihus
454 5251 517 5296 non
540 5244 696 5312 ageretur.

283 5327 303 5400 5
325 5328 374 5388 22.
406 5325 538 5402 llerum,
564 5343 663 5405 quum
689 5331 768 5390 hanc
799 5329 995 5393 definiendae

243 5421 434 5498 quaestionis
455 5421 599 5497 regulam
616 5413 701 5498 'apud
711 5421 899 5498 praedictam
915 5424 995 5486 Gon·

243 5515 462 5589 gregationem
483 5529 548 5574 non
576 5511 743 5575 admodum
765 5515 864 5575 veteri
891 5515 996 5576 obser·

243 5607 349 5668 vantia
372 5608 528 5668 firmatam
543 5606 639 5684 probe
653 5608 846 5683 noverimus,
859 5624 994 5686 cumque

242 5699 375 5761 huiusce
396 5699 481 5762 dubii
502 5699 692 5761 solutionem
720 5701 829 5764 eadem
858 5702 994 5778 Congre-

244 5793 328 5867 gatio
359 5808 462 5871 nuper
489 5791 602 5854 iudicio
634 5801 742 5854 nostro
772 5794 994 5858 remittendam

243 5901 311 5947 esse
331 5886 507 5962 censuerit3
537 5901 593 5948 nos
619 5886 660 5947 ita
689 5887 879 5963 iudicamus,
901 5888 995 5966 idque

1063 696 1150 758 vobis
1162 695 1337 762 tenendum
1348 700 1526 766 indicimus:
1538 703 1813 779 laudandoqnem·
1919 683 1929 704 ’

1063 805 1113 867 pe,
1136 796 1167 852 et
1188 792 1417 856 confirmandos
1438 811 1516 871 esse,
1533 804 1688 876 quotquot
1701 805 1813 876 sponte

1061 897 1116 944 sua
1143 883 1310 946 secundam
1340 888 1539 950 autfertiam
1568 889 1810 952 conventualem

1061 976 1188 1040 missam
1209 991 1264 1055 pro
1292 978 1542 1044 benefactoribus
1563 983 1596 1044 in
1622 997 1740 1059 genere
1761 999 1812 1062 ap·

1060 1067 1193 1146 plicant3
1216 1071 1271 1148 qui
1293 1087 1368 1132 vero
1390 1071 1472 1134 idem
1503 1083 1602 1150 agunt
1624 1092 1663 1136 ex
1684 1075 1715 1137 vi
1737 1091 1812 1138 con·

1059 1161 1236 1224 suetudinis
1251 1162 1283 1224 in
1298 1163 1439 1240 ipsorum
1462 1165 1597 1228 Ecclesia
1611 1167 1759 1244 vigentis,
1773 1167 1810 1229 iis

1060 1252 1290 1331 imperandum,
1313 1256 1404 1318 utin
1429 1273 1465 1319 ea
1486 1261 1714 1322 consuetudine
1741 1275 1810 1339 per·

1058 1352 1216 1407 sererent.
1240 1345 1299 1408 Ubi
1321 1363 1396 1410 vero
1418 1349 1447 1411 id
1474 1365 1534 1412 usu
1561 1357 1723 1429 receptum
1743 1365 1808 1414 non

1059 1435 1233 1511 invenitur,
1257 1436 1389 1500 liberam
1413 1441 1545 1502 omnino
1573 1443 1727 1504 secundae
1747 1450 1810 1506 ter·

1061 1528 1182 1606 tiaeque
1208 1531 1320 1592 missae
1340 1531 1556 1596 conventualis
1571 1533 1822 1612 applicationem,

1058 1621 1288 1686 celebrantibus
1309 1623 1547 1704 relinquendam
1569 1642 1647 1702 esse,
1665 1627 1809 1692 dummo-

1058 1713 1109 1787 do,
1126 1713 1159 1774 in
1182 1717 1479 1779 commemoratione
1493 1734 1548 1796 pro
1563 1718 1735 1796 Defunctis,
1752 1722 1809 1784 Ec·

1056 1804 1167 1868 clasiae
1187 1807 1422 1872 benefactorum
1437 1811 1470 1872 in
1487 1823 1604 1888 genere
1619 1826 1683 1876 non
1699 1813 1809 1876 oblivi-

1056 1907 1194 1961 scantur.

1096 1992 1184 2067 523.
1208 1993 1287 2056 Huic
1307 1996 1436 2056 demum
1458 1996 1604 2073 epistolae
1627 1999 1806 2061 333133311-
1871 2015 2040 2078 commendat

1056 2098 1130 2146 nem
1152 2086 1361 2164 imponentes,
1374 2087 1584 2150 fraternitates
1599 2097 1718 2153 vestras
1738 2091 1807 2154 eni·
1823 2069 2041 2176 ikssffflfiffl

1056 2193 1094 2238 xe
1115 2178 1291 2254 hortamur,
1304 2186 1340 2241 ut
1355 2181 1524 2242 maximam
1544 2198 1651 2244 curam
1674 2189 1705 2244 et
1725 2184 1806 2260 vigi·
1824 2172 1929 2219 ‘¹⁰⁰⁰m·

1055 2269 1182 2332 lantiam
1205 2271 1238 2332 in
1260 2271 1290 2332 id
1312 2271 1489 2348 conferatis,
1502 2279 1539 2336 ut
1553 2274 1586 2336 in
1603 2275 1805 2340 ecclesiarum

1055 2370 1231 2426 vestrarum
1246 2364 1360 2438 choris,
1374 2372 1497 2443 praeter
1511 2367 1655 2428 devotam
1670 2367 1806 2430 celebra·

1056 2453 1185 2530 tionem,
1209 2456 1409 2535 debitamque
1432 2457 1670 2537 applicationem
1693 2460 1805 2522 missae

1053 2545 1289 2626 conventualis:
1320 2550 1416 2611 horae
1438 2551 1604 2613 canonicae
1631 2567 1695 2614 non
1717 2568 1805 2630 praee

1055 2654 1195 2718 propere,
1218 2642 1271 2704 sed
1293 2649 1410 2714 exacte,
1423 2657 1515 2720 pausa
1531 2659 1643 2722 nempe
1664 2644 1805 2723 interpo-

1053 2731 1109 2792 sita
1132 2739 1163 2794 et
1185 2734 1331 2809 maxima,
1355 2751 1417 2812 qua
1437 2734 1536 2808 decet,
1564 2736 1741 2799 reverentia
1769 2753 1804 2798 ac

1054 2822 1207 2900 religione
1228 2834 1392 2889 canantur.

1093 2917 1112 2992 ἓ
1133 2917 1182 2978 21.
1207 2917 1359 2996 Equidem
1381 2919 1508 2995 scimus,
1526 2920 1559 2981 in
1572 2920 1728 2998 aliquibus
1741 2919 1803 2982 Me·
1861 2936 2035 2992 3331333333-

1053 3009 1248 3086 tropolitanis
1260 3019 1291 3072 et
1306 3010 1533 3074 cathedralibus
1555 3012 1701 3088 ecclesiis,
1719 3013 1803 3074 inter
1821 2989 2034 3101 ffifflgffl

1052 3102 1214 3168 canonicos
1236 3118 1303 3164 eam
1319 3103 1501 3180 opinionem
1522 3105 1703 3180 invaluisse,
1720 3113 1755 3167 ut
1769 3122 1803 3170 se
1820 3095 2033 3156 ²⁶⁰⁵³¹¹⁰¹¹⁶¹¹¹²i

1052 3195 1802 3274 munussuumsatisimplerecontendant,dum

1052 3287 1147 3348 choro
1177 3294 1356 3364 praesentes
1377 3289 1545 3366 assistunt,
1568 3290 1639 3352 licet
1666 3290 1723 3368 ipsi
1744 3289 1801 3352 sibi

1052 3378 1216 3441 silentium
1234 3380 1401 3457 imperent,
1415 3396 1519 3459 neque
1533 3382 1736 3460 psallentibus
1748 3383 1801 3446 be·

1052 3472 1202 3534 nefrciatis
1223 3480 1277 3535 aut
1298 3473 1514 3536 mansionariis
1529 3475 1562 3535 in
1580 3483 1674 3544 cantu
1695 3491 1728 3536 se
1749 3477 1802 3539 ad·

1052 3565 1196 3641 iungant.
1221 3567 1255 3628 ln
1276 3566 1405 3628 huiusce
1420 3582 1496 3650 vero
1511 3567 1666 3654 opinionis
1688 3569 1801 3630 confir·

1051 3659 1234 3734 mationem,
1257 3658 1366 3721 adduci
1388 3659 1425 3720 ab
1446 3659 1557 3722 iisdem
1583 3660 1685 3723 solent
1711 3661 1801 3724 inve·

1052 3751 1166 3812 teratae
1194 3752 1448 3826 consuetudines,
1478 3759 1591 3814 statuta
1619 3753 1799 3831 peculiaria,

1051 3850 1104 3905 aut
1132 3844 1226 3904 etiam
1252 3853 1413 3922 praetensa
1441 3844 1640 3907 ecclesiarum
1671 3862 1800 3908 suarum

1051 3937 1223 4014 privilegia.
1248 3937 1299 4012 ht,
1322 3952 1420 4014 quum
1449 3934 1592 4015 Synodus
1619 3939 1801 4002 Tridentino

1050 4042 1124 4090 3333.
1147 4030 1206 4092 24.
1231 4044 1299 4106 cop.
1326 4028 1392 4100 12„
1420 4029 1551 4108 loquens
1582 4032 1620 4094 de
1641 4032 1801 4108 dignitati·

1051 4121 1107 4183 bus
1134 4131 1167 4184 et
1194 4122 1349 4184 canonicis
1376 4122 1430 4201 qui
1460 4124 1553 4184 choro
1576 4123 1727 4188 interesse
1748 4126 1801 4188 de-

1051 4215 1137 4291 bent,
1162 4231 1261 4278 unum
1283 4230 1321 4275 ex
1348 4231 1459 4277 eorum
1480 4215 1587 4278 officiis
1613 4233 1679 4278 esse
1707 4218 1799 4296 dicat,

1052 4307 1087 4368 ic
1108 4306 1203 4368 choro
1224 4308 1265 4370 ud
1289 4305 1491 4386 psallendum
1513 4307 1688 4382 irratituto,
1712 4309 1800 4386 hym-

1051 4399 1102 4460 313
1124 4404 1154 4460 ct
1176 4397 1386 4462 conticisDct'
1407 4415 1520 4460 cornert
1542 4406 1734 4472 3333333133,
1752 4402 1799 4463 di·

1049 4492 1176 4563 stricte,
1190 4491 1356 4570 devoteque
1367 4490 1520 4564 caudore·
1532 4508 1694 4572 quumque
1705 4511 1799 4572 pauca

1050 4585 1181 4645 omnino
1203 4586 1266 4645 sint
1287 4585 1432 4662 capitula,
1455 4585 1623 4663 inquibus
1649 4602 1684 4648 eo
1706 4589 1799 4652 modo

1050 4695 1066 4738 a
1087 4676 1241 4739 canonicis
1262 4677 1296 4739 in
1318 4678 1412 4740 choro
1423 4677 1589 4754 assistitur,
1606 4678 1735 4757 ideoque
1751 4696 1801 4742 re·

1049 4778 1156 4847 ceptae
1171 4769 1204 4830 in
1215 4770 1363 4832 universa
1377 4769 1510 4832 Ecclesia
1531 4770 1712 4848 disciplinae
1726 4788 1800 4850 pau·

1050 4879 1100 4924 cos
1122 4863 1190 4924 illos
1213 4862 1367 4925 adversari
1389 4863 1605 4940 dignoscatur;
1632 4880 1731 4941 quum
1753 4865 1800 4926 in-

1049 4971 1143 5032 super
1164 4956 1270 5034 opinio
1291 4954 1343 5016 illa
1372 4971 1535 5034 nunquam
1561 4957 1595 5017 in
1622 4957 1799 5034 Congrege-
1843 5034 1847 5042 ¹

1051 5048 1147 5124 tione,
1181 5047 1314 5110 Concilii
1342 5047 1518 5110 Tridentini
1547 5049 1800 5128 interpretationi

1050 5142 1233 5219 praeposita,
1256 5142 1432 5203 examinata
1452 5141 1505 5216 sit,
1528 5143 1604 5219 quin
1625 5142 1801 5204 313113331-

1050 5234 1133 5312 plosa
1156 5233 1251 5297 fuerit
1272 5243 1303 5294 et
1331 5235 1520 5312 improbata3
1549 5236 1691 5312 quamvis
1713 5251 1800 5313 prae-

1050 5327 1182 5406 sumptis
1214 5326 1494 5389 consuetudinibus
1525 5327 1654 5406 aliisque
1689 5327 1799 5390 funda·

1051 5421 1166 5481 mentis
1187 5429 1219 5481 et
1240 5419 1413 5482 rationibus
1438 5419 1546 5480 innixa
1567 5420 1797 5500 perhiberetur,

1050 5513 1204 5576 canonicis
1219 5513 1312 5574 etiam
1321 5512 1530 5576 Ecclesiarum
1545 5513 1799 5577 Patriarchalium

1050 5607 1143 5668 huius
1164 5613 1288 5668 nostrae
1305 5606 1395 5668 Urbis
1410 5621 1504 5684 super
1518 5606 1575 5667 hoc
1595 5607 1797 5684 instantibus3

1051 5716 1150 5779 quum
1171 5700 1305 5777 donique
1319 5701 1403 5761 idem
1418 5699 1568 5760 iudicium
1580 5699 1736 5776 prolatum
1752 5718 1800 5763 re·

1028 5789 1030 5792 ’
1050 5795 1217 5872 periatura
1230 5793 1370 5872 pluribus
1386 5792 1531 5854 conciliis
1543 5793 1798 5870 Prouincialibus,

1050 5887 1089 5949 ab
1110 5889 1164 5980 hac
1185 5888 1279 5948 etiam
1294 5885 1467 5964 apostolica
1481 5885 1558 5949 Sede
1578 5887 1753 5964 approbatis
1768 5894 1800 5950 et
