4744 6976
89 591 127 642 ln.
137 586 160 637 0.
178 577 249 636 1⁷44.

119 910 244 962 liissionaril

81 977 116 1019 sor.
134 972 177 1014 lesu
196 976 246 1026 lili·

104 1029 151 1070 ount
170 1021 245 1065 Ponit·

92 1091 106 1123 u
122 1087 142 1120 se
158 1072 216 1127 aliqu

81 1132 227 1188 deputatuross

81 1179 245 1284 5333me
263 1174 382 1236 ratione
403 1173 481 1236 illud
504 1174 628 1236 tandem
650 1174 749 1252 reipsa
774 1171 921 1250 consequi
943 1187 1009 1250 pos·

894 587 1094 634 nbnnblcxtts
1117 587 1181 633 llll.

264 725 297 773 ac
305 709 397 772 saluti
408 709 632 788 procurandae,
645 715 799 788 quantum
814 713 1008 785 optaverant,

263 804 353 882 plene
373 804 586 878 consulerent,
610 810 703 882 atque
723 801 934 882 providerent.

301 895 389 974 528.
414 897 492 961 Cum
515 913 589 959 vero
610 905 642 960 et
663 912 731 970 nos,
750 894 864 960 Gbristi
886 893 1008 956 Domini

262 989 455 1052 documentis
473 991 806 1068 praedecessorumque
828 996 1009 1052 nostrorum

229 1081 407 1168 {exemplo
427 1082 564 1156 excitati,
588 1082 680 1145 anxie
707 1081 926 1158 cogitaremus,
950 1095 1008 1157 qua

260 1283 376 1342 semus,
400 1267 481 1347 quod
504 1268 621 1330 eisdem
647 1266 933 1346 praedecessoribus
955 1279 1010 1326 no-

259 1359 331 1421 stris
353 1368 515 1438 tantopere
536 1361 620 1424 cordi
640 1361 714 1423 inita
739 1367 913 1439 opportune
934 1358 1008 1420 acci-

260 1452 316 1528 dit,
339 1462 374 1516 ut
395 1453 556 1517 Societatis
574 1453 641 1516 lesu
657 1452 856 1527 missionarii,
872 1467 1007 1532 quorum

261 1545 442 1608 villicationi
463 1561 635 1622 regnorum
656 1545 858 1619 bladurensis,
875 1545 1009 1622 Meysen·

260 1639 360 1702 rensis
371 1649 403 1701 et
414 1639 612 1702 Carnatensis
626 1639 790 1702 missiones
811 1637 1008 1717 potissimum

260 1731 455 1794 concreditae
475 1739 561 1808 sunt,
574 1739 738 1811 postquam
760 1731 906 1794 declarari
923 1747 1009 1795 ano·

261 1825 306 1887 bis
326 1825 494 1888 articulum
516 1827 556 1888 de
573 1825 675 1887 Pareis
696 1825 906 1903 postularunt,
923 1839 1006 1902 para·

262 1928 307 1980 tos
328 1933 362 1980 se
387 1918 475 1980 nobis
506 1918 695 1994 obtulerint,
726 1919 919 1997 pollicitique
944 1920 1008 1983 sint

258 2013 365 2093 (modo
386 2011 415 2072 id
439 2011 573 2090 nosipsi
595 2011 814 2090 probaremus)
835 2019 934 2074 certos
955 2012 1009 2073 ali·

259 2121 337 2185 quos
352 2106 495 2182 delegare
510 2103 733 2180 missionarios,
750 2105 804 2182 qui
819 2104 920 2166 Pareis
935 2121 1007 2168 con-

260 2197 420 2260 vertendis
459 2197 693 2276 dirigendisque
734 2198 896 2275 praecipue
934 2197 1007 2262 dant

92 2307 197 2410 ait⁰1⁰⁰¹⁶¹
216 2305 239 2352 tu
259 2307 398 2371 operam.
421 2291 507 2367 Quod
535 2290 662 2370 quidem
689 2305 801 2352 eorum
829 2290 1006 2366 consilium,

259 2403 321 2465 quo
343 2386 509 2447 Parearum
531 2383 728 2446 conversioni
754 2389 785 2444 et
813 2384 905 2446 saluti
936 2385 1008 2446 satis

259 2481 340 2542 bene
362 2478 543 2542 consultum
565 2477 631 2540 lore
652 2477 855 2552 confidimus,
878 2484 1007 2557 paterno

258 2573 374 2649 gaudio
385 2571 602 2650 suscipientes,
615 2585 670 2648 pro
687 2577 865 2648 temporum
876 2572 1008 2633 circum·

259 2665 384 2727 stantiis
394 2665 588 2742 probandum
600 2665 947 2742 commendandumque
962 2680 1009 2726 es·

257 2774 290 2820 se
318 2758 480 2832 duximus,
513 2756 739 2835 oblationisque
775 2757 863 2818 nobis
894 2756 1006 2832 iactae,

257 2869 292 2914 ac
311 2851 448 2928 religiosi
470 2849 614 2928 promissi
636 2849 817 2927 exemplum
840 2849 877 2912 ab
897 2865 1007 2913 eorum

257 2944 436 3021 Praeposito
457 2942 601 3006 Generali
622 2943 844 3022 subscriptum,
861 2944 893 3004 ln
915 2943 1008 3004 liuius

256 3038 417 3099 Romanae
449 3044 542 3113 atque
572 3035 763 3098 universalis
793 3035 1008 3113 inquisitionis

258 3130 459 3193 Tabularium
480 3127 593 3192 reterri
620 3137 834 3209 perpetuoque
858 3129 1007 3192 asservari

258 3222 488 3286 mandavimus.

91 3333 239 3378 tractantem
298 3317 319 3391 ἓ
339 3317 389 3379 29.
402 3317 645 3379 Praemonemus
661 3318 766 3395 itaque
776 3317 809 3378 in
821 3315 929 3395 primis
941 3331 1009 3395 par-

80 3387 241 3485 rucf'ffiff
259 3411 341 3472 tium
370 3410 497 3472 illarum
524 3409 734 3472 missionarios
767 3411 950 3484 universos,
973 3416 1008 3470 ut

30 3495 32 3536 t
80 3495 125 3536 trina
144 3494 239 3546 lpostoli

30 3551 32 3600 t
80 3549 95 3588 rt
107 3545 164 3600 ipsius
180 3546 241 3594 cbri-

257 3519 338 3581 quae
358 3502 516 3582 apostolici
537 3518 647 3566 eorum
662 3502 830 3564 ministerii
851 3517 923 3578 erga
935 3501 1008 3563 lide·

258 3596 304 3658 les
319 3611 429 3660 omnes
444 3612 483 3658 ex
498 3597 602 3660 divina
618 3595 817 3660 institutione
831 3594 1008 3673 potissimae

258 3697 363 3767 partes
373 3698 462 3764 sunt,
477 3689 610 3752 minime
624 3689 859 3765 obliviscantur;
871 3703 915 3761 ac,
926 3687 1007 3749 serio

258 3785 499 3863 perpendentes,
521 3782 602 3860 quod
625 3783 708 3844 inter
729 3797 794 3858 eos,
809 3782 863 3860 qui
886 3781 1006 3843 dliillel

256 3886 345 3951 sunt,
368 3893 424 3955 per
445 3876 538 3940 iidem
558 3893 636 3955 quae
657 3883 704 3938 est
727 3877 761 3939 in
789 3877 912 3940 Christo
940 3873 1008 3936 lesu

257 3969 344 4033 iuxta
365 3969 538 4032 doctrinam
554 3969 703 4048 Apostoli,
717 3969 778 4031 iam
798 3985 863 4032 non
886 3978 932 4032 est
945 3987 1008 4032 ser-

257 4079 318 4126 vus
339 4080 442 4143 neque
463 4063 554 4137 liber,
577 4079 642 4126 non
663 4069 711 4124 est
730 4061 883 4125 masculus
905 4079 1008 4142 neque

257 4156 406 4232 foemina,
428 4158 480 4219 sed
503 4171 612 4219 omnes
628 4172 730 4219 unum
743 4163 817 4219 sunt
839 4158 870 4217 in
887 4157 1008 4219 Gbristo

257 4249 326 4312 lesu
354 4252 449 4330 (quod
472 4251 536 4329 ipse
557 4267 681 4329 quoque
703 4251 845 4315 Salvator
866 4259 971 4314 noster
992 4267 1007 4312 a

258 4343 323 4406 Deo
344 4344 433 4406 Patre
453 4360 510 4405 suo
532 4344 742 4423 postulaverat
764 4361 819 4423 pro
849 4346 1007 4421 omnibus,

257 4435 314 4514 qui
335 4438 487 4501 credituri
509 4445 599 4500 erant
620 4453 676 4516 per
697 4437 828 4500 verbum
845 4438 1008 4516 discipulo-

258 4546 333 4592 rum
354 4533 387 4594 in
408 4535 523 4614 ipsum,
547 4551 659 4614 rogans
686 4535 858 4608 nimirum,
881 4539 921 4596 ut
946 4549 1009 4594 om·

258 4639 315 4683 nes
336 4644 440 4692 onum
461 4629 542 4700 sint,
564 4628 652 4690 sicot
675 4633 724 4698 tat,
752 4625 867 4697 Potor,
892 4625 926 4686 in
948 4642 1007 4698 me,

257 4728 288 4782 et
313 4737 367 4802 eqo
389 4721 425 4784 t'o
448 4727 489 4794 te,
517 4729 555 4784 ttt
577 4726 608 4782 ct
637 4721 698 4800 ipsi
720 4722 756 4782 io
784 4717 873 4782 nobis
905 4736 1008 4782 uncta

257 4815 342 4886 sint,
365 4819 404 4877 ut
426 4815 537 4878 credat
558 4815 712 4885 Mundus,
729 4814 806 4892 quio
829 4818 867 4875 tat
888 4829 936 4874 me
950 4813 1008 4874 mi·

257 4907 359 4986 aisti),
378 4924 476 4970 novos
497 4909 658 4970 credentes
681 4906 849 4982 instruant,
866 4913 1009 4984 oportere

258 5001 329 5062 illos
351 5017 388 5063 eo
410 5009 538 5063 mutuae
552 5001 687 5063 caritatis
703 4999 830 5062 vinculo
845 4999 930 5060 inter
942 5014 1009 5060 sese

258 5093 418 5170 colligari,
441 5109 561 5172 exque
589 5090 689 5155 veluti
711 5099 824 5154 tessera
847 5097 877 5152 et
905 5091 1008 5152 bivini

258 5187 331 5249 Filii
352 5187 390 5248 ab
409 5194 538 5249 aeterno
560 5187 650 5248 Patre
665 5185 858 5260 missionem,
875 5191 906 5246 et
922 5183 1010 5246 Chri·

258 5281 379 5340 stianae
398 5279 569 5356 Religionis
589 5279 753 5340 veritatem
775 5277 862 5340 lacile
877 5276 1009 5354 gentiles

259 5381 441 5450 agnoscant.

1737 565 1794 629 179
1843 565 1898 619 An.
1912 567 1942 620 O.
1964 567 2034 620 1744

1066 713 1210 781 gretant,
1232 721 1288 784 pro
1310 705 1428 767 viribus
1456 711 1578 782 petant,
1601 704 1638 764 ad
1660 719 1710 766 eos
1731 701 1814 764 invi·

1065 801 1187 872 sendos,
1210 815 1243 860 ac
1264 799 1322 878 piis
1352 798 1566 872 sermonibus,
1596 812 1629 858 ac
1657 794 1811 874 precibus,

1064 900 1393 970 sacramentorumque
1406 891 1516 968 pabulo
1538 892 1731 962 recreandos,
1747 903 1812 948 eos-

1065 1001 1127 1062 que
1148 987 1274 1048 demum
1297 986 1330 1046 in
1358 993 1501 1047 extremo
1525 983 1606 1046 vitae
1632 981 1813 1044 discrimine

1064 1079 1249 1142 constitutos
1274 1085 1378 1142 sancto
1407 1077 1608 1139 infirmorum
1637 1076 1711 1138 Oleo
1736 1074 1812 1136 deli-

1065 1170 1207 1245 niendos,
1222 1171 1338 1249 absque
1352 1185 1554 1250 personarum
1575 1175 1628 1233 aut
1649 1183 1741 1231 sexus
1758 1183 1811 1228 ex·

1063 1266 1216 1342 ceptione.
1234 1265 1293 1326 Ubi
1308 1280 1383 1326 vero
1398 1264 1564 1340 contigerit
1579 1262 1727 1342 praelatos
1738 1261 1812 1324 mis·
1857 1273 1887 1317 nt
1900 1271 1966 1370 grtes
1983 1273 2044 1320 atto-

1063 1357 1212 1420 sionarios
1229 1360 1264 1422 ad
1277 1357 1444 1421 Parcarum
1459 1373 1565 1420 curam
1582 1357 1746 1435 praecipue
1760 1356 1811 1417 de·
1831 1335 1964 1436 {gffssgf’ffl
1984 1327 2044 1373 ⁸¹¹¹*

1063 1460 1197 1528 putatos,
1220 1459 1273 1513 aut
1294 1466 1403 1514 eorum
1425 1450 1562 1528 aliquem
1584 1466 1602 1511 e
1622 1449 1701 1510 vivis
1722 1465 1810 1512 exce·

1063 1546 1147 1619 dere,
1163 1544 1214 1606 vel
1228 1544 1288 1605 alio
1303 1543 1404 1620 abire;
1427 1544 1575 1618 alterum,
1591 1542 1719 1605 alterius
1730 1542 1810 1618 loco,

1063 1639 1214 1700 continuo
1244 1636 1408 1714 subrogari
1435 1636 1636 1712 mandamus;
1668 1643 1700 1698 et
1728 1636 1811 1696 intra

1062 1731 1197 1810 spatium
1232 1731 1444 1810 quinquennii
1477 1748 1493 1792 a
1524 1731 1572 1794 die
1607 1730 1694 1790 datae
1725 1744 1812 1807 prae-

1062 1825 1219 1899 sentium,
1242 1824 1410 1886 certissima
1437 1835 1530 1903 atque
1559 1823 1735 1886 authentica
1757 1822 1811 1883 do-

1063 1925 1209 1980 cumenta
1230 1917 1268 1980 tie
1295 1920 1513 1982 mandatorum
1539 1925 1718 1982 nostrorum
1740 1931 1811 1978 exe·

1062 2011 1189 2073 cutione
1204 2011 1396 2090 Apostolicae
1415 2013 1482 2077 Sedi
1501 2013 1587 2076 reddi
1603 2013 1714 2075 debere
1725 2028 1811 2090 prae-

1062 2106 1212 2184 cipimus;
1228 2104 1346 2182 quodsi
1360 2105 1440 2167 intra
1452 2106 1661 2184 quinquennii
1674 2106 1809 2183 spatium
1828 2159 1870 2204 rus
1882 2107 1920 2204 ¹3¹0
1934 2105 2042 2205 astqu-

1063 2199 1242 2262 buiusmodi
1263 2198 1446 2260 documenta
1458 2198 1576 2261 reddita
1599 2199 1730 2260 minime
1745 2198 1811 2260 lue·
1830 2170 1962 2276 granerii?
1972 2172 2044 2278 ἆᾷἵέἶ

1063 2293 1138 2367 rint,
1162 2293 1224 2366 vel,
1248 2291 1284 2352 iis
1312 2290 1455 2366 redditis,
1479 2291 1610 2352 minime
1634 2291 1810 2353 constiterit
1829 2271 2043 2418 ffqssflffiffluss}

1063 2386 1136 2447 alios
1158 2385 1368 2446 missionarios
1389 2385 1425 2446 ad
1442 2385 1639 2462 praecipuam
1657 2383 1743 2444 illam
1757 2383 1811 2444 Pa·
1829 2373 2043 2474 ,?,⁵{1¹3,⁰,‘,{2‘,⁵,¹,¹¹„J

1062 2494 1187 2541 rearum
1202 2493 1309 2540 curam
1324 2477 1527 2538 exercendam
1537 2476 1719 2552 subrogatos
1734 2476 1810 2540 iuis-

1062 2573 1147 2636 sein
1170 2588 1279 2634 eorum
1303 2570 1417 2645 locum,
1444 2585 1521 2648 quos
1542 2570 1593 2632 vel
1615 2570 1737 2645 obiisse,
1760 2573 1811 2634 vel

1062 2666 1119 2728 alia
1141 2667 1179 2728 de
1200 2681 1289 2728 causa
1305 2663 1404 2727 cilicio
1419 2664 1524 2726 deesse
1538 2663 1725 2740 contigerit3
1741 2670 1810 2728 tum

1062 2758 1168 2834 etiam,
1190 2759 1228 2832 si,
1253 2758 1336 2818 intra
1358 2756 1491 2834 spatium
1512 2771 1669 2817 annorum
1691 2757 1808 2832 decem,

1063 2865 1171 2912 omnes
1193 2865 1257 2912 non
1280 2847 1413 2911 inissent
1434 2848 1590 2910 adhibitae
1615 2849 1809 2926 diligentiae,

1062 2959 1141 3021 quae
1163 2951 1226 3005 tam
1246 2941 1560 3020 apraedecessoribus
1575 2943 1700 3016 nostris,
1716 2958 1810 3019 qnam
1905 2961 1908 2968 ·

1062 3053 1078 3096 a
1099 3035 1189 3098 nobis
1210 3036 1282 3115 ipsis
1296 3035 1440 3112 superius
1454 3035 1659 3113 praescriptae
1673 3043 1758 3110 sunt,
1774 3035 1810 3098 ad

1062 3129 1273 3192 evincendum
1312 3126 1597 3206 expellendumque
1628 3128 1809 3204 horrorem,

1063 3238 1123 3302 quo
1146 3229 1254 3299 gentes
1275 3237 1386 3285 earum
1400 3222 1568 3298 regionum
1586 3221 1811 3284 insultationes

1062 3325 1156 3394 atque
1176 3315 1305 3377 salivam
1333 3315 1365 3376 in
1395 3313 1588 3378 Sacramenti
1615 3314 1811 3392 baptismatis

1063 3408 1332 3471 administratione
1352 3415 1384 3470 et
1405 3407 1600 3486 susceptione
1616 3407 1752 3468 aversari
1767 3407 1812 3466 di·

1062 3509 1193 3564 cuntur:
1219 3503 1256 3565 de
1285 3517 1346 3580 quo
1376 3509 1481 3564 tamen
1510 3501 1643 3563 minime
1669 3500 1811 3563 dubitare

1063 3611 1119 3657 nos
1139 3595 1214 3658 sinit
1237 3595 1336 3657 iilialis
1361 3596 1551 3670 obedientia,
1580 3610 1674 3672 quam
1696 3595 1716 3655 ii
1738 3611 1811 3672 prae

1062 3689 1192 3752 caeteris
1214 3690 1400 3752 missionarii
1422 3689 1453 3751 in
1475 3689 1682 3767 Apostoltcam
1697 3688 1811 3752 Sedem
1898 3707 1900 3710 ·

1062 3801 1096 3848 se
1110 3785 1250 3863 profiteri
1266 3784 1458 3861 gloriantur3
1474 3793 1527 3846 aut
1542 3784 1688 3862 denique,
1705 3785 1730 3845 si
1744 3799 1810 3846 om·

1063 3895 1117 3942 nes
1139 3879 1292 3942 adhibitae
1312 3877 1492 3955 diligentiae
1512 3877 1626 3941 frustra
1647 3878 1811 3940 cessissent

1062 3978 1157 4057 (quod
1178 3992 1267 4038 secus
1288 3976 1355 4038 lore
1375 3975 1572 4050 confidimus,
1597 3977 1672 4039 dum
1694 3977 1809 4038 mentis

1063 4079 1188 4132 nostrae
1209 4068 1312 4131 oculus
1327 4070 1362 4132 ad
1378 4069 1661 4132 misericordiarum
1676 4076 1808 4147 patrem,

1063 4164 1221 4240 totiusque
1242 4161 1459 4226 consolationis
1474 4164 1585 4238 boum,
1598 4163 1686 4226 cuius
1707 4164 1811 4239 agitur

1062 4273 1163 4331 causa,
1177 4255 1415 4333 convertimus);
1430 4257 1461 4317 in
1472 4273 1703 4336 quemcumque
1715 4273 1811 4321 even-

1063 4357 1143 4423 tum,
1166 4365 1207 4412 ne
1227 4349 1390 4410 missiones
1411 4349 1480 4411 illas
1502 4358 1547 4412 tot
1565 4350 1705 4412 virorum
1728 4351 1811 4414 labo·
1829 4347 2041 4450 mtsiiifffariggffl

1063 4442 1148 4505 ribus
1168 4459 1203 4504 ac
1229 4445 1383 4520 sanguine
1408 4444 1550 4508 fundatas
1578 4446 1769 4520 deseramus,
1793 4461 1859 4504 aea
1880 4467 1959 4515 regna
1982 4458 2043 4522 mtt-

1063 4554 1124 4616 quo
1145 4553 1219 4601 sane
1234 4539 1415 4616 longissime
1430 4539 1590 4614 absumus,
1613 4540 1809 4604 decernimus
1829 4512 1921 4558 ΜΝ
1942 4515 2041 4560 ”³¹¹¹st

1063 4640 1094 4692 et
1115 4633 1309 4706 mandamus,
1332 4639 1367 4694 ut
1388 4633 1439 4694 alii
1459 4633 1644 4696 missionarii
1666 4635 1732 4696 sive
1746 4649 1809 4695 sae-

1063 4724 1193 4799 culares,
1215 4725 1282 4786 sive
1302 4725 1461 4800 regulares
1482 4741 1521 4786 ex
1547 4726 1606 4788 alio
1626 4733 1735 4801 coetu,
1758 4726 1810 4788 vel

1063 4819 1218 4891 instituto,
1235 4820 1316 4880 inea
1338 4835 1434 4896 regna
1456 4821 1640 4897 mittantur;
1662 4828 1697 4883 ut
1719 4835 1810 4898 expe·

1064 4912 1193 4984 riamur,
1217 4927 1295 4972 num
1318 4912 1407 4986 Deus,
1435 4913 1523 4975 cuius
1545 4912 1809 4991 incomprehensi·
1865 4945 1868 4950 ι

1063 5003 1135 5067 bilia
1156 5012 1232 5066 sunt
1255 5003 1378 5078 iudicia,
1394 5004 1426 5066 in
1442 5004 1574 5068 aliorum
1595 5007 1810 5084 operariorum

1064 5096 1287 5158 villicationem
1299 5096 1422 5159 divitias
1437 5098 1666 5160 misericordiae
1680 5114 1753 5160 suae
1767 5098 1810 5160 ei-

1064 5188 1195 5252 tundere
1224 5190 1414 5265 decreverit,
1442 5206 1616 5270 eorumque
1642 5191 1747 5253 labore
1767 5200 1810 5254 at-

1063 5296 1124 5359 que
1146 5282 1296 5344 industria
1318 5281 1386 5342 illos
1401 5283 1521 5346 lructus
1541 5285 1576 5346 in
1599 5284 1742 5363 praelatis
1763 5301 1810 5346 re-

1064 5373 1209 5448 gionibus
1230 5381 1260 5435 et
1282 5374 1428 5450 gentibus
1450 5375 1631 5453 producere,
1647 5393 1724 5454 quos
1739 5378 1811 5438 mis·

1062 5466 1271 5529 sionariorum
1292 5481 1379 5528 nunc
1399 5465 1442 5528 ibi
1464 5467 1672 5530 laborantium
1692 5470 1812 5531 sudori·

1064 5558 1132 5630 bus,
1156 5557 1243 5620 nulla
1258 5557 1329 5620 licet
1346 5559 1487 5637 ipsorum
1501 5560 1591 5638 culpa
1607 5562 1657 5623 vel
1672 5563 1810 5624 omissio·

1064 5665 1116 5720 ne,
1139 5651 1286 5728 consequi
1308 5666 1371 5712 non
1393 5653 1599 5729 potuerimus.

1105 5743 1123 5817 ἓ
1145 5741 1194 5804 31.
1219 5742 1258 5803 Et
1279 5759 1468 5821 quamquam
1490 5745 1676 5808 confidimus
1690 5747 1810 5808 missio·
1865 5757 1895 5804 m
1913 5759 2044 5817 suprame-

1065 5837 1167 5897 narios
1188 5849 1272 5898 nunc
1293 5843 1325 5896 et
1347 5851 1401 5913 pro
1417 5845 1557 5915 tempere
1573 5838 1615 5900 ibi
1630 5840 1809 5917 existentes,
1830 5813 2044 5924 iiiiitrssur'r‘ifflff

1065 5944 1121 6007 pro
1140 5943 1197 5990 suo
1212 5943 1283 6006 erga
1299 5929 1507 6006 apostolicam
1522 5931 1634 5996 Sedem
1649 5932 1810 6014 obsequio,
1831 5918 1933 5968 ⁵⁰⁰¹&
1947 5921 2043 5968 ⁰i⁵d⁶¹¹¹

86 5475 245 5549 *troctqaputa
301 5468 321 5543 ὅ
341 5465 392 5529 30.
416 5465 558 5544 Denique
579 5481 656 5528 vero
678 5473 724 5527 tot
749 5465 854 5528 statim
876 5481 932 5543 pro
958 5464 1010 5524 Pa·

86 5529 244 5646 iariffifiinssiffl
261 5561 324 5622 reis
344 5559 554 5622 missionarios
565 5559 705 5637 deputari
719 5559 866 5620 volumus
881 5565 912 5620 et
923 5573 1010 5635 prae-

85 5645 245 5740 fflbssffl:
261 5653 408 5731 cipimus,
430 5659 507 5730 quot
534 5652 699 5714 necessarii
723 5659 755 5712 et
776 5667 811 5713 re
836 5652 899 5728 ipsa
926 5650 1009 5714 sulii·

85 5745 129 5786 sun
261 5746 379 5808 cientes
410 5744 656 5823 reputabuntur,
684 5760 739 5824 pro
770 5759 881 5805 eorum
909 5743 1009 5804 debita

261 5855 336 5901 cura
356 5837 490 5914 singulis
511 5838 544 5900 in
567 5837 640 5900 locis
668 5838 856 5913 exercenda;
884 5835 938 5915 qui
959 5851 1010 5914 pe·

262 5929 372 5994 nuliam
392 5929 495 5994 studio
523 5931 708 5993 eorumdem
735 5929 857 6005 dobree,
887 5927 940 5990 ubi
962 5944 1010 5990 ae·
