4798 6978
370 511 469 564 aas.
491 514 560 566 mor
608 513 668 578 692

589 647 774 710 beneficium
796 647 1013 710 minorationis
1043 661 1171 726 poenae,
1193 660 1332 710 commu-

591 749 649 803 tata
665 742 722 820 ipsi
736 757 832 821 poena
846 741 954 804 mortis
974 741 1007 803 in
1019 741 1249 805 damnationem
1265 755 1333 818 per-

588 843 713 914 petuam
724 838 759 899 ad
771 835 931 912 triremes3
948 836 993 897 uti
1010 841 1140 897 testatur
1151 834 1223 896 bon.
1234 848 1329 895 mem.

588 929 757 993 Cardinalis
778 929 911 993 Albitius
931 931 1042 992 barum
1063 945 1170 1000 rerum
1185 929 1332 1006 peritissi-

588 1039 669 1098 mus,
693 1025 725 1085 in
740 1040 796 1085 suo
811 1030 942 1086 tractatu
958 1023 993 1086 de
1010 1023 1233 1084 inconstantia
1248 1023 1284 1086 irc
1297 1025 1330 1102 fi·

588 1117 635 1190 de,
650 1121 739 1195 part.
759 1118 789 1190 1,
806 1134 874 1196 cap.
893 1118 945 1188 14,
958 1133 1046 1178 aum.
1064 1115 1118 1176 70.
1143 1116 1179 1180 Si
1199 1132 1271 1177 aero
1287 1118 1330 1178 ci-

588 1217 677 1274 tatus
698 1216 731 1272 ct
758 1219 889 1274 uocatur
916 1211 958 1273 acl
985 1209 1163 1295 pecoralem
1191 1209 1330 1271 iuterro-

586 1307 766 1384 patioocm,
790 1321 832 1366 aa
847 1304 935 1371 aciat
958 1320 1019 1381 qua
1041 1305 1076 1364 de
1098 1320 1197 1366 caasa
1225 1302 1329 1383 faerit

585 1406 731 1469 vocotus,
753 1397 801 1458 ael
821 1399 906 1459 sciat
926 1412 1057 1460 causam
1077 1413 1156 1459 atrae
1183 1413 1329 1459 carcera-

587 1495 696 1567 tiocis,
720 1494 767 1555 ccl
790 1493 939 1571 quomodo
961 1492 1012 1554 iric
1034 1493 1232 1569 reperiatur,
1249 1493 1329 1572 (ate-

587 1596 644 1651 tar
664 1590 701 1652 de
720 1587 816 1666 plano
837 1587 1020 1658 acritatem,
1051 1585 1078 1647 ia
1101 1590 1272 1648 tractator
1291 1602 1329 1648 aa

584 1683 613 1743 ai
636 1687 716 1742 esset
736 1689 847 1759 sparte
872 1683 1047 1758 confessas,
1069 1683 1101 1740 et
1122 1694 1194 1740 eccm
1216 1695 1249 1740 co
1270 1678 1329 1739 mi·

586 1776 653 1838 tias
675 1777 807 1854 opiter,
829 1775 1020 1852 pracsertim
1045 1781 1115 1851 post
1143 1774 1330 1835 comdemna-

586 1871 715 1942 tioacm,
732 1877 769 1932 at
784 1868 907 1931 scilicet
929 1867 1062 1947 pravior
1072 1882 1171 1945 poema
1193 1881 1328 1927 commac-

585 1969 675 2025 tetar
698 1964 733 2026 ira
753 1963 915 2024 mitiorem
937 1968 995 2022 etc.
1021 1961 1064 2022 Et
1085 1961 1134 2023 ita
1157 1961 1226 2041 facit
1248 1975 1329 2019 reso-

583 2060 691 2120 latam
704 2059 739 2120 ia
753 2075 848 2120 saera
866 2055 1117 2136 Comprepatiome
1131 2053 1189 2118 aab
1202 2056 1252 2118 clia
1267 2071 1325 2117 xxx.

583 2169 663 2216 macr
685 2169 797 2214 noorv.

352 2243 497 2342 ,mgni
511 2255 565 2344 rge-
623 2248 642 2322 5
664 2243 802 2309 tlt'ttlud
815 2247 907 2308 etiarn
919 2247 1186 2309 animadversione
1197 2247 1325 2324 dignum

353 2347 402 2394 ram
424 2353 449 2397 aa
471 2309 565 2398 regiain
583 2347 641 2412 est,
664 2341 743 2417 quod
771 2339 913 2418 quamvls
935 2339 967 2401 in
991 2339 1159 2401 Pontificali
1189 2340 1327 2403 Romano

352 2402 482 2456 ΜΝ·
583 2432 768 2510 praescripta
791 2431 964 2508 reperiatur
988 2429 1174 2508 degradatio,
1196 2433 1290 2494 etiam
1311 2451 1326 2492 a

582 2526 681 2603 prima
703 2525 836 2587 clericali
857 2532 993 2598 tonsura,
1009 2525 1082 2587 licet
1102 2525 1139 2587 de
1162 2526 1216 2586 bac
1237 2542 1327 2603 quae-

582 2621 643 2682 stio
665 2619 716 2696 sit,
739 2636 777 2682 an
793 2619 877 2681 inter
891 2619 1014 2680 ordines
1030 2619 1190 2680 numerari
1206 2619 1325 2695 debeat,

582 2731 640 2778 nec
661 2731 718 2791 ne;
741 2713 899 2793 possitque
919 2714 1012 2775 iudex
1034 2711 1264 2787 ecclesiasticus,
1281 2714 1325 2777 uti

582 2809 842 2886 praenotavimus,
866 2808 988 2885 quando
1011 2807 1113 2884 agitur
1134 2808 1171 2869 de
1198 2805 1328 2868 minori-

581 2902 639 2962 bus
660 2899 830 2973 ordinibus,
853 2901 936 2962 solus
963 2915 1020 2979 per
1040 2915 1072 2960 se
1097 2899 1254 2964 verbalem
1276 2901 1326 2963 de-

582 2993 791 3070 gradationem
815 3009 972 3072 peragere,
995 2995 1075 3073 quod
1099 2994 1155 3072 ipsi
1176 2995 1326 3057 nonlicet

579 3089 646 3150 sine
668 3088 799 3151 aliorum
822 3089 1016 3163 interventu,
1034 3087 1087 3150 ubi
1103 3103 1151 3148 res
1167 3094 1212 3150 est
1226 3090 1262 3151 de
1278 3105 1327 3151 or-

580 3183 704 3246 dinibus
724 3181 906 3258 maioribus3
929 3180 1134 3243 nibilominus
1149 3197 1233 3244 nunc
1249 3189 1325 3244 tem·

562 3277 662 3355 ,poris
681 3277 865 3349 sacerdotes,
880 3275 994 3354 aliique
1014 3273 1128 3350 clerici,
1148 3283 1208 3337 tam
1230 3275 1325 3338 maio-

580 3386 663 3445 rum,
686 3385 780 3448 quam
802 3368 963 3431 minorum
993 3368 1150 3444 ordinum,
1173 3371 1208 3432 ad
1234 3371 1324 3432 trire-

579 3478 646 3524 mes
667 3462 764 3524 libere
777 3461 992 3536 amandantur,
1006 3463 1056 3524 vel
1071 3463 1163 3525 etiam
1176 3471 1324 3542 perpetuo

579 3557 693 3618 carceri
714 3555 940 3633 mancipantur,
962 3555 1030 3617 sine
1053 3555 1173 3634 praevia
1197 3555 1322 3631 verbali,

579 3650 743 3729 multoque
766 3649 871 3711 minus
896 3649 983 3724 reali,
1011 3648 1247 3726 degradatione3
1277 3650 1323 3712 uti

578 3745 691 3821 cuique
712 3749 906 3822 perspectum
928 3751 986 3817 est,
1002 3754 1033 3805 et
1054 3745 1233 3806 adnotatum
1249 3760 1323 3822 quo·

580 3854 640 3916 que
655 3835 743 3898 inita
760 3839 918 3900 sacerdote
940 3836 1078 3899 catalani
1096 3835 1268 3900 Commeat.
1282 3839 1322 3901 ad

579 3929 702 4010 Poetis.
720 3929 821 4002 llam,
842 3929 904 3992 Tit.
922 3931 977 4001 16,
994 3931 1059 4006 54,
1075 3931 1151 4003 red,
1170 3931 1251 3993 Tam.
1263 3931 1319 3995 tlt.

348 4026 561 4128 ,ffiu‘ssaefflssflg
619 4026 638 4100 5
667 4025 713 4086 ll.
743 4025 777 4086 ln
810 4024 1015 4086 tribunalium
1045 4025 1322 4089 ecclesiasticorum

348 4091 472 4192 quaesiti.
502 4113 508 4126 “
578 4118 752 4180 carceribus
775 4133 859 4179 nunc
879 4132 1004 4195 quoque
1024 4117 1095 4180 satis
1106 4133 1260 4196 superque
1274 4135 1322 4180 re·

579 4213 744 4291 pariuntur
764 4210 870 4290 aliqui,
887 4227 922 4272 eo
944 4211 1073 4274 nomine
1094 4211 1223 4286 detenti,
1239 4213 1319 4289 quod

577 4303 754 4368 sacerdotali
770 4303 884 4367 Ordine
899 4312 1048 4378 carentes,
1067 4305 1171 4366 missas
1188 4305 1321 4368 celebra-

578 4400 693 4474 verint,
708 4395 941 4461 sacramentales
956 4397 1095 4459 fidelium
1115 4398 1320 4460 mutesstoues

577 4494 767 4572 exceperint,
789 4492 960 4571 iisdemque
980 4493 1073 4554 etiam
1086 4492 1317 4556 eucharisticam

576 4585 829 4651 communionem
845 4586 1061 4664 expetentibus
1078 4586 1241 4665 particulas
1260 4587 1320 4649 dis·

576 4679 745 4742 tribuerint
759 4695 775 4738 a
789 4695 821 4740 se
836 4679 965 4741 nulliter
975 4689 1175 4742 consecratas.
1198 4681 1258 4743 llos
1272 4682 1318 4744 in-

576 4780 635 4848 ter,
658 4773 718 4835 duo
746 4779 851 4848 erant,
874 4772 926 4852 qui
948 4773 1052 4834 statim
1073 4789 1107 4835 ac
1135 4774 1318 4853 interrogati

575 4866 715 4941 luerunt,
738 4881 815 4927 num
836 4865 1025 4928 detentionis
1040 4883 1114 4928 suae
1127 4884 1248 4930 causam
1263 4871 1319 4932 scl-

575 4967 659 5035 rent,
682 4958 784 5021 omnia
817 4959 953 5036 ingenue
980 4959 1110 5022 confessi
1137 4969 1229 5039 suut;
1252 4969 1318 5023 orta

574 5060 622 5114 est
641 5052 795 5131 quaestio,
823 5067 861 5112 an
890 5052 982 5114 iidem
1012 5051 1194 5117 admittendi
1216 5061 1319 5118 essent

575 5163 613 5208 ex
628 5162 689 5224 quo
703 5147 739 5209 ad
754 5143 940 5208 beneficium
954 5147 1170 5209 minorationis
1184 5164 1316 5227 poenae;

576 5240 617 5301 ita
638 5239 803 5314 nimirum,
822 5247 856 5300 ut
871 5255 934 5301 non
949 5238 1075 5318 quidem
1089 5240 1238 5303 saeculari
1251 5242 1318 5303 toro

575 5335 784 5408 traderentur,
809 5341 966 5412 tamquam
986 5333 1093 5412 capitis
1107 5337 1170 5410 rei3
1192 5337 1245 5398 sed
1266 5352 1319 5414 po·

575 5427 637 5489 tius
664 5428 696 5489 in
729 5426 870 5489 triremes
899 5443 954 5489 seu
984 5443 1139 5490 carcerem
1168 5438 1318 5508 perpetuo

575 5521 828 5583 detruderentur.

357 5627 484 5682 iudaeum,
498 5637 556 5675 aon·
614 5613 633 5688 5
657 5613 703 5675 te
728 5612 819 5675 Nulla
839 5613 965 5693 quidem
980 5614 1128 5677 discordia
1139 5615 1256 5678 detecta
1271 5622 1318 5677 est

343 5681 557 5834 {2¹⁸1}2{ffi‘¹·,3},‘2
576 5708 607 5770 in
628 5707 783 5784 sullragiis
803 5722 931 5783 eorum,
954 5707 1008 5786 qui
1028 5709 1095 5770 sive
1115 5708 1316 5782 consulendo,

344 5793 398 5837 ‘⁰¹¹‘
410 5799 472 5834 am„
574 5801 641 5862 sive
662 5799 880 5876 iudicandam
897 5801 1122 5880 praedictorum
1137 5801 1233 5865 causis
1247 5819 1317 5864 sen·

575 5892 703 5959 tentiam
735 5893 896 5968 dixerunt,
926 5908 1020 5971 super
1045 5908 1093 5967 eo,
1116 5908 1156 5954 an
1184 5899 1318 5973 uterque

1110 529 1175 576 tuti.
1199 528 1290 575 PON'l'.
1313 527 1355 573 be
1376 527 1405 572 P.
1428 527 1457 574 F.
1482 527 1564 574 PARS
1585 527 1607 574 1.

2155 515 2205 572 Ab.
2216 523 2242 574 0.
2259 528 2310 585 1ttt

1389 661 1462 708 reus
1482 662 1613 726 poenam
1636 649 1808 712 traditionis
1828 647 1895 711 toro
1909 649 2068 724 saeculari,
2086 656 2128 712 at·

1389 755 1450 816 que
1470 742 1544 802 adeo
1564 742 1670 818 capitis
1691 757 1825 820 poenam
1847 742 2036 805 incurrisset.
2070 743 2129 807 Ve-

1389 849 1457 895 rum
1482 833 1629 897 nonnulli
1650 835 1867 911 subdiderunt,
1883 845 1999 900 attenta
2021 853 2129 899 eorum

1388 937 1527 1006 prompta
1549 927 1752 1005 confessione,
1774 946 1835 1007 quo
1856 931 2137 1009 uuusquisquede··

1387 1019 1497 1082 lictum
1517 1037 1611 1085 suum
1639 1023 1730 1100 plene
1756 1031 1931 1102 aperuerat,
1955 1040 2019 1086 nou
2041 1041 2130 1102 expe-

1387 1115 1474 1176 ctatis
1489 1115 1688 1180 ulterioribus
1703 1117 1810 1180 iudicis
1825 1117 2129 1196 interrogationibus;

1386 1207 1490 1269 ambos
1512 1210 1696 1286 promeritos
1717 1227 1793 1286 esse,
1810 1217 1845 1274 ut
1861 1227 1914 1290 pro
1928 1219 2039 1290 sponte
2059 1227 2130 1272 con-

1386 1299 1473 1364 fessis
1494 1303 1695 1378 haberentur,
1717 1311 1814 1383 utque
1835 1312 1997 1383 propterea
2018 1305 2053 1366 ad
2077 1305 2132 1367 tri-

1385 1411 1485 1458 remes
1521 1397 1680 1460 dumtaxat
1715 1399 1764 1460 vel
1793 1415 1947 1460 carcerem
1981 1404 2130 1476 perpetuo

1386 1491 1617 1555 damnarentur.
1650 1492 1711 1556 atii
1733 1501 1838 1556 autem
1861 1511 1993 1557 numero
2024 1493 2130 1573 plures

1385 1595 1588 1660 censuerunt,
1604 1589 1741 1662 eosdem,
1760 1596 1915 1666 tamquam
1930 1588 2037 1666 capitis
2048 1603 2129 1662 reos,

1386 1676 1509 1739 bracbio
1530 1680 1677 1742 saeculari
1698 1681 1801 1743 libere
1816 1681 1977 1745 tradendos
1997 1697 2075 1744 esse.

1425 1771 1444 1846 5
1468 1771 1513 1834 ttt.
1537 1771 1599 1835 Nos
1619 1791 1710 1849 vero,
1733 1775 1876 1854 quamvis
1896 1775 1935 1836 ob
1963 1771 2130 1852 aegritudi·
2193 1793 2319 1846 osculana

1387 1866 1435 1926 nis
1456 1873 1579 1931 nostrae
1598 1869 1813 1946 pervicaciam,
1830 1869 2131 1947 congregationibus
2148 1845 2320 1953 flffiffll

1385 1977 1478 2038 super
1499 1962 1545 2022 bis
1567 1961 1688 2036 habitis,
1703 1969 1739 2024 ut
1758 1979 1882 2042 semper
1902 1964 1974 2026 alias
1993 1963 2082 2026 nobis
2097 1964 2130 2026 in

1386 2066 1473 2112 more
1493 2053 1630 2129 positum
1651 2054 1722 2128 luit,
1735 2055 1886 2120 interesse
1907 2073 1970 2120 non
1991 2058 2131 2138 potueri·

1386 2161 1470 2222 mus3
1493 2161 1592 2224 quum
1614 2155 1717 2211 tamen
1744 2150 1876 2213 subinde
1900 2152 2003 2214 omnia
2031 2151 2132 2230 perle-

1386 2255 1459 2316 gere
1479 2249 1511 2302 et
1531 2244 1707 2320 expendere
1727 2260 1791 2306 non
1818 2245 2027 2320 omiserimus,
2053 2261 2130 2324 pon·

1386 2333 1497 2395 tibciae
1516 2333 1701 2398 clementiae
1722 2343 1753 2398 et
1774 2339 2007 2402 mansuetudini
2031 2338 2131 2414 magis

1384 2437 1628 2490 consentaneum
1649 2430 1906 2510 existimarimus,
1922 2431 1953 2493 in
1970 2431 2130 2494 mitiorem

1383 2522 1573 2584 sententiam
1588 2525 1771 2602 concedere
1795 2541 1831 2586 eo
1846 2526 1896 2588 vel
1920 2526 2028 2602 magis,
2044 2525 2130 2603 quod

1384 2620 1414 2676 et
1437 2615 1606 2678 cardinalis
1619 2617 1751 2680 Albitius
1773 2619 1804 2680 in
1826 2619 1918 2680 buius
1940 2619 2066 2696 generis
2082 2634 2129 2680 re-

1384 2707 1440 2768 bus
1461 2709 1535 2770 adeo
1557 2719 1696 2772 versatus
1720 2719 1866 2774 testatum
1888 2712 2026 2791 reliquit,
2045 2713 2129 2775 eius-

1384 2800 1466 2863 modi
1493 2818 1608 2881 poenae
1631 2804 1883 2882 minorationem,
1899 2806 1998 2868 veluti
2019 2821 2130 2884 prooe-

1383 2896 1496 2969 mium,
1527 2896 1685 2974 indulgeri
1712 2899 1910 2960 consuevisse
1936 2899 1988 2974 iis,
2015 2899 2070 2977 qui
2092 2898 2127 2959 ad

1383 2989 1515 3067 primam
1542 2989 1651 3052 iudicis
1671 2991 1949 3070 interrogationem
1977 2992 2129 3055 delictum

1381 3097 1472 3144 suum
1492 3083 1616 3160 integre
1633 3092 1801 3163 aperteque
1815 3085 1967 3163 latentur;
1990 3095 2021 3149 et
2037 3087 2129 3166 plura

1381 3185 1552 3255 suppetunt
1567 3179 1708 3255 exempla
1722 3195 1895 3257 causarum,
1908 3198 1987 3260 quae
1998 3181 2030 3243 in
2041 3183 2128 3246 simi·

1382 3269 1462 3332 libus
1482 3271 1722 3334 circumstantiis
1744 3274 1784 3334 ita
1801 3281 1968 3338 transactae
1982 3277 2125 3341 luerunt.

1381 3363 1487 3442 ltaque
1508 3363 1654 3427 volumus
1675 3367 1825 3445 praelatos
1846 3385 1913 3431 reos
1939 3373 2127 3448 promeritae

1381 3472 1496 3535 poenae
1517 3458 1725 3523 minoratione
1741 3461 1939 3538 inpraesenti
1960 3481 2030 3527 casu
2051 3480 2128 3542 gau-

1380 3551 1464 3624 dere,
1488 3552 1638 3614 nimirum
1663 3554 1842 3618 triremibus
1871 3565 2021 3635 perpetuo
2042 3559 2127 3621 addi·

1379 3643 1421 3720 ci;
1445 3644 1487 3705 ita
1508 3651 1544 3706 ut
1557 3646 1593 3707 ab
1607 3645 1644 3706 iis
1658 3661 1820 3724 nunquam
1841 3647 1968 3724 dimitti,
1983 3667 2039 3714 seu
2053 3668 2126 3731 poe·

1380 3751 1437 3798 uae
1458 3737 1636 3800 huiusmodi
1657 3742 1930 3804 commutationem
1949 3743 2045 3806 ullam
2066 3745 2127 3808 im·

1380 3837 1500 3907 patrare
1521 3831 1661 3906 ualeant,
1684 3843 1806 3911 praeter
1830 3851 1923 3914 quam
1947 3852 1963 3897 a
1984 3837 2125 3901 Romano

1379 3921 1527 3986 Pontifice
1547 3941 1602 4002 pro
1624 3931 1763 4004 tempore
1785 3928 1950 4004 existente,
1966 3945 2000 3994 ac
2020 3930 2058 3994 de
2073 3948 2126 3994 eo·

1379 4031 1452 4105 rum
1472 4016 1600 4094 delictis,
1623 4035 1696 4082 cum
1722 4021 1868 4084 omnibus
1889 4025 2039 4088 adiunctis
2063 4027 2124 4089 oir-

1377 4111 1581 4186 summariis,
1609 4111 1730 4188 edoct0;
1763 4115 1870 4178 relicta
1891 4119 2052 4180 dumtaxat
2074 4122 2123 4183 iu-

1377 4203 1494 4266 dicibus
1515 4203 1669 4281 facultate,
1682 4216 1718 4269 ut
1732 4209 1852 4286 quoties
1867 4220 2051 4289 perpetuum
2068 4215 2123 4275 tri·

1378 4297 1513 4362 remium
1540 4315 1616 4377 opus
1644 4299 1787 4379 praetatis
1809 4302 1868 4364 reis
1896 4304 2028 4367 minime
2049 4323 2123 4370 con-

1377 4407 1490 4467 gruere
1511 4393 1663 4468 videatur,
1681 4394 1712 4456 in
1733 4394 1819 4456 illius
1834 4396 1938 4460 locum
1952 4399 2121 4478 subrogare

1377 4485 1499 4548 valeant
1519 4495 1699 4566 perpetuam
1721 4489 1754 4552 in
1769 4490 1925 4566 ergastulo
1946 4502 1999 4555 aut
2020 4493 2121 4557 reclu·
2362 4479 2363 4560 l

1376 4580 1497 4642 sionem
1518 4597 1649 4658 carcere,
1671 4583 1697 4644 si
1718 4583 1837 4664 reliqua
1860 4587 1931 4665 ipsis
1956 4591 1991 4651 ad
2013 4591 2042 4651 id
2066 4607 2120 4654 ne

1376 4675 1502 4735 cessaria
1535 4691 1598 4737 non
1635 4677 1746 4740 desim.
1784 4678 1943 4744 Praeterea
1973 4683 2119 4748 volumus
2170 4705 2316 4753 mauritan
2362 4673 2363 4768 l

1376 4775 1468 4845 atque
1496 4768 1693 4845 mandamus,
1721 4777 1756 4833 ut
1780 4788 1879 4850 quum
1906 4775 2061 4840 damnatio
2081 4781 2117 4842 ad
2136 4761 2317 4860 nimii?
2362 4771 2363 4786 ¹

1377 4861 1528 4937 triremes,
1551 4879 1604 4923 seu
1628 4862 1662 4925 ad
1691 4873 1871 4944 perpetuam
1896 4867 2116 4948 reclusionem,
2135 4825 2188 4914 3¹⁰⁰
2201 4866 2295 4913 ‘mndi-
2362 4943 2363 4948 ,

1376 4960 1526 5034 utsupra,
1542 4956 1685 5034 praelatis
1706 4958 1766 5020 reis
1780 4959 1924 5023 formiter
1944 4963 2115 5028 intimanda

1375 5047 1446 5122 erit,
1470 5047 1499 5110 id
1521 5049 1574 5110 liat
1595 5067 1611 5109 a
1635 5049 1744 5126 iudice,
1766 5055 1978 5131 praesentibus
2000 5056 2047 5133 iis,
2063 5059 2116 5139 qui

1374 5143 1409 5203 ad
1432 5141 1630 5206 ecclesiarum
1652 5146 1781 5206 sacraria
1810 5148 1995 5214 moderanda
2021 5152 2115 5232 depu-

1375 5236 1430 5298 tati
1450 5245 1536 5310 sunt,
1551 5237 1666 5317 quique
1681 5240 1715 5301 ad
1731 5240 1907 5304 huiusmodi
1928 5253 2031 5308 actum
2045 5263 2118 5308 evo-

1373 5331 1462 5393 candi
1482 5340 1578 5394 erunt
1593 5334 1630 5394 ab
1644 5333 1709 5412 ipso
1731 5334 1831 5397 iudice
1844 5337 1902 5399 sub
1916 5339 2023 5417 poenis
2037 5339 2117 5402 eius-

1373 5424 1445 5487 dem
1455 5425 1583 5487 arbitrio
1599 5427 1790 5505 infligendis3
1806 5435 1899 5508 atque
1914 5447 1948 5492 ea
1959 5433 2116 5495 occasione

1374 5518 1476 5596 gravis
1507 5520 1676 5581 admonitio
1707 5521 1745 5582 iis
1772 5523 1843 5598 liat,
1870 5525 1907 5586 de
1938 5525 2116 5604 omnimoda

1373 5611 1566 5674 observantia
1578 5623 1609 5676 et
1623 5614 1806 5676 executione
1827 5631 1948 5692 eorum,
1964 5633 2115 5696 quassae
2143 5665 2145 5670 -

1372 5721 1411 5784 pe
1425 5707 1609 5786 praescripta
1631 5714 1724 5784 sunt;
1747 5724 1788 5770 ne
1800 5709 1916 5771 seilicet
1935 5712 2057 5788 ignotos
2071 5729 2115 5774 sa·

1372 5801 1510 5862 cerdotes
1531 5801 1655 5862 missam
1671 5801 1826 5864 celebrare
1843 5803 2039 5882 permittant,
2055 5805 2115 5868 nisi

1373 5901 1535 5972 postquam
1561 5893 1667 5956 literae
1688 5895 1852 5974 discessus,
1874 5913 1950 5978 quas
1970 5914 2076 5962 secum
2097 5917 2113 5960 a
