4828 6990
93 1333 241 1386 etiannum
298 1328 337 1389 nt
359 1327 520 1406 quoniam,
537 1326 762 1404 utplurimum
784 1327 950 1403 contingit,
973 1331 1008 1386 ut
1064 1323 1101 1386 de
1123 1327 1234 1387 marito
1255 1325 1290 1387 arl
1314 1326 1405 1388 iidem
1437 1343 1599 1401 converso,
1631 1334 1814 1388 remanente

84 1389 217 1446 relinquentes.

896 552 1106 598 nuunbtcrts·
1117 554 1180 597 xlv.

262 675 325 736 lum
348 673 471 752 repudii
501 672 662 748 uxoribus,
685 687 765 752 quae
797 669 1010 749 interpellatae

260 775 404 830 recusant
424 784 457 828 se
477 775 674 842 convertere,
698 773 762 842 aut,
789 767 899 829 omissa
925 768 1010 844 rigo-

262 877 292 922 re
313 860 552 938 dispensationis
572 859 723 922 eiusmodi
744 860 1007 936 interpellatione,

260 955 329 1033 quia
351 970 389 1015 ex
411 953 560 1032 probabili
582 955 760 1015 coniectura
782 953 934 1014 creditum
950 961 1007 1028 est,

260 1047 390 1109 minime
410 1063 443 1110 se
464 1047 499 1108 ad
523 1047 638 1109 Christi
671 1046 764 1107 hdem
793 1061 1007 1122 conversuras,

259 1143 341 1215 dare,
363 1141 511 1215 scribere,
527 1149 581 1202 aut
603 1139 729 1201 mittere
749 1139 882 1201 audeant
897 1145 927 1200 et
942 1154 1010 1218 pos-

259 1234 331 1295 sint.

259 1423 341 1498 teges
356 1421 492 1483 debitam
507 1421 727 1483 executionem
742 1437 806 1482 non
818 1435 1009 1498 cousequan-

260 1524 320 1589 tur,
344 1515 405 1576 nisi
426 1515 543 1576 sanctio
565 1514 702 1590 poenalis
723 1521 830 1574 contra
846 1529 894 1573 eas
910 1520 1007 1574 trans-

258 1608 434 1684 gredientes
465 1605 603 1682 accedat;
637 1606 692 1668 hac
713 1613 816 1667 nostra
844 1606 877 1666 in
899 1618 1007 1682 perpe-

258 1709 348 1762 tuum
371 1700 503 1761 valitura
526 1699 763 1772 constitutione,
786 1705 886 1772 motu,
909 1699 1009 1759 scien·

258 1793 310 1867 tia,
332 1809 366 1854 ac
388 1799 539 1870 potestate
562 1792 627 1870 pari
652 1792 844 1867 mandamus,
868 1808 900 1853 ac
921 1807 1008 1869 prae-

256 1887 401 1962 cipimus,
426 1893 459 1947 ut
480 1886 583 1946 omnia
616 1884 795 1959 tribunalia,
827 1902 861 1947 ac
893 1884 1008 1946 iudices

257 1987 481 2056 competentes,
498 1978 599 2038 habita
614 1977 735 2051 notitia,
749 1977 886 2054 aliquem
902 1993 939 2038 ex
955 1979 1008 2064 he-

257 2073 356 2134 braeis
387 2071 557 2144 conversis,
591 2077 659 2147 post
690 2078 869 2147 susceptum
896 2069 1008 2146 baptis·

257 2181 357 2240 mum,
375 2165 517 2226 libellum
534 2163 653 2242 repudii
670 2164 751 2224 intra
768 2163 867 2240 ipsum
885 2163 1007 2224 iudaeo-

257 2275 328 2321 rum
350 2257 558 2329 domicilium,
588 2255 753 2316 rabbinicis
779 2256 1008 2332 superstitioni·

257 2353 312 2414 bus
333 2350 492 2424 adhibitis,
511 2349 599 2411 uxori
614 2364 678 2410 non
695 2365 862 2410 conuersae
877 2349 1006 2424 dedisse,

256 2443 360 2505 statim
385 2445 416 2503 in
439 2458 513 2503 eum
534 2443 602 2502 sine
623 2441 685 2502 nlla
705 2441 913 2515 cunctatione,
933 2449 1008 2502 tam·

258 2553 351 2614 quarn
375 2537 407 2598 in
430 2535 651 2608 iudaizantem,
675 2534 773 2594 solitis
789 2534 896 2610 poenis
911 2535 1009 2595 auim-

257 2629 439 2704 arlvertaut3
473 2635 504 2690 et
535 2629 663 2704 iusuper
694 2635 800 2688 contra
834 2628 930 2705 ipsam
963 2627 1009 2688 iu·

258 2724 407 2784 dacorum
438 2721 675 2784 universitatem
698 2721 730 2780 in
762 2737 832 2781 casu
854 2721 1007 2796 praedicto

258 2815 425 2892 procedant
447 2829 542 2874 rnanu
564 2813 648 2888 regia
672 2812 821 2873 mulctam
843 2815 879 2874 ab
895 2829 928 2874 ea
944 2813 1007 2873 exi-

259 2915 369 2984 gentes
390 2915 518 2968 centum
539 2913 701 2967 scutorum
724 2921 904 2980 aureorum,
920 2907 1009 2968 ouius

258 3001 349 3061 tertia
372 3015 440 3077 pars
463 3000 494 3059 in
517 2999 691 3076 praemium
708 3001 876 3060 accusatori
893 3000 1007 3061 tribua-

259 3101 321 3166 tur,
337 3092 418 3170 quod
442 3107 517 3152 vero
538 3099 691 3169 superest,
715 3107 895 3153 conoessum
912 3101 943 3153 et
959 3093 1009 3153 ad-

257 3185 377 3247 dietum
398 3185 464 3262 ipso
487 3184 556 3244 iure
579 3201 632 3261 per
647 3185 726 3244 hanc
741 3192 879 3245 nostram
895 3187 1008 3246 consti·

258 3277 414 3338 tutionem
437 3275 633 3352 intelligatur
654 3277 720 3354 piae
741 3276 847 3336 ttornui
867 3278 1008 3339 catechu-

258 3385 425 3432 menorum
449 3369 480 3430 iu
503 3368 564 3430 illis
586 3368 773 3441 civitatibus,
792 3369 823 3430 in
846 3370 958 3445 quibus
974 3385 1007 3430 ea

259 3463 429 3540 reperitur:
456 3462 507 3522 ubi
530 3471 635 3522 autem
663 3461 842 3522 huiusmodi
866 3463 1007 3523 catechu-

259 3571 423 3618 menorum
446 3555 555 3616 domus
581 3570 644 3615 non
673 3560 766 3628 extat,
789 3565 950 3616 remaneat
973 3556 1009 3616 li-

259 3651 348 3712 berae
369 3649 561 3728 dispositioni
585 3649 808 3725 Episcoporum
830 3657 860 3709 et
881 3647 1010 3711 Oulina-

259 3743 391 3816 riorum,
408 3751 442 3803 ut
463 3759 529 3802 earn
546 3742 710 3818 pecuniam
728 3741 913 3819 pauperibus
929 3743 1008 3804 chri·

259 3838 365 3898 stianis
398 3852 452 3912 pro
473 3851 585 3896 eorum
617 3834 745 3894 arbitrio
768 3842 798 3894 et
820 3835 1008 3896 couscientia

259 3930 456 3992 distribuant.
475 3925 531 3988 Sin
553 3936 660 3988 autem
681 3925 716 3986 ad
734 3927 938 3988 tribunalium
954 3945 1007 3988 seu

261 4024 398 4084 iudicum
424 4022 672 4098 competentium
702 4020 913 4094 cognitionem
941 4037 1009 4098 per-

261 4119 393 4192 venerit,
416 4119 498 4196 quod
520 4131 689 4177 conversus
722 4113 865 4176 libellum
888 4114 1009 4192 repudii

260 4219 344 4272 extra
367 4211 552 4272 ludaeorum
574 4208 779 4281 domicilium,
803 4223 858 4268 seu
882 4207 1005 4280 Gltetto,

261 4305 378 4366 dederit
398 4319 502 4366 eoram
525 4302 645 4364 notario
665 4308 697 4360 et
721 4301 849 4361 testibus
871 4301 1009 4362 christia-

261 4398 318 4470 nis,
343 4397 406 4474 pari
429 4397 519 4456 modo
534 4410 608 4455 eum
625 4401 783 4470 tamquam
801 4392 1009 4454 iudaizantem

262 4493 359 4555 debita
383 4510 480 4571 poena
505 4492 649 4567 afficiant,
673 4495 786 4555 minori
812 4505 925 4568 tamen,
950 4511 1009 4573 qua

262 4587 349 4666 plecti
371 4587 474 4661 debet,
497 4590 549 4664 qui
573 4589 654 4648 intra
681 4588 781 4664 ipsum
807 4587 920 4650 Ghetto
942 4589 1010 4649 rab

262 4682 369 4743 biniois
404 4681 678 4758 superstitionibus
713 4682 853 4743 libellum
890 4682 1008 4760 repudii

259 4775 427 4852 scripserit.
441 4775 518 4837 ltem
536 4777 717 4852 procedatur
731 4783 836 4837 contra
853 4777 1009 4837 notarium

260 4868 475 4942 christianum,
504 4875 535 4930 et
555 4869 683 4930 ,dictam
701 4869 908 4930 hebraeorum
940 4869 1010 4928 urri-

261 4962 452 5034 xersitatem,
485 4961 553 5022 sine
580 4961 669 5022 cuius
689 4961 816 5022 scientia
847 4967 879 5021 et
900 4976 1009 5039 procu-

262 5055 381 5116 ratione
402 5053 583 5115 huiusmodi
605 5054 790 5115 damnabilia
806 5056 929 5130 negotia
945 5071 1008 5116 non

263 5149 491 5224 transiguntur,
513 5155 545 5208 et
566 5162 621 5224 pro
637 5153 701 5206 rata
717 5146 1011 5225 partemulcteutur
1036 5184 1039 5211 t

261 5249 388 5302 centum
401 5240 497 5301 scutis
509 5239 622 5314 aureis,
637 5240 809 5316 exigendis,
822 5241 1009 5302 distribuou·
1036 5216 1039 5303 l

261 5335 317 5410 dis,
338 5332 600 5412 applicandisque,
626 5340 660 5393 ut
687 5349 777 5409 supra
806 5333 923 5394 dictum
945 5343 1008 5409 est3

263 5435 327 5488 tum
338 5427 435 5488 etiam
449 5433 542 5488 testes
553 5425 713 5487 christiani
726 5439 822 5502 poena
838 5426 1009 5500 arbitraria,

261 5521 351 5580 etiam
374 5520 510 5597 corporis
538 5518 694 5592 afflictiva,
717 5535 773 5596 pro
794 5519 941 5596 prudenti
965 5520 1011 5582 iu-

261 5613 361 5674 dicum
389 5613 517 5688 arbitrio
545 5613 727 5690 puniantur.
759 5613 930 5686 Praeterea,
953 5613 1010 5673 etsi

262 5705 384 5767 libellus
413 5705 546 5784 repudii,
570 5705 655 5766 iuxta
683 5705 861 5767 hebraicum
891 5722 1009 5766 morem

261 5815 292 5860 ac
312 5800 423 5874 ritum,
446 5799 549 5859 sotum
570 5815 585 5857 a
610 5799 722 5859 marito
745 5799 836 5861 uxori
854 5799 1008 5874 mittatur,

263 5906 322 5952 nrm
342 5899 453 5953 autem
475 5892 663 5969 permissum
684 5892 724 5953 sit
747 5891 848 5966 uxori,
868 5900 901 5954 ut
921 5891 1010 5954 illum

1738 537 1795 600 363
1848 537 1901 587 sn.
1917 539 1945 588 c.
1968 538 2036 588 1747

1066 672 1178 734 marito
1204 673 1357 751 praebeat,
1386 674 1603 748 nihilomiuus,
1632 673 1703 752 quia
1726 675 1815 736 nobis

1064 773 1259 842 compertum
1288 775 1347 839 est,
1380 783 1446 828 esse
1473 767 1604 846 aliquos,
1634 767 1688 845 qui
1709 766 1815 828 existi-

1064 859 1266 920 maut'etiam
1288 876 1303 919 a
1326 859 1460 921 muliere
1488 861 1599 922 marito
1627 861 1692 921 dari
1714 874 1813 937 posse,

1065 957 1099 1011 ut
1120 952 1207 1012 omni
1231 953 1262 1012 iu
1285 953 1428 1014 lut-urum
1451 952 1638 1016 dubitationi
1667 969 1701 1014 ac
1722 968 1814 1030 quae-

1064 1047 1170 1122 stioni,
1186 1063 1265 1124 quae
1279 1045 1393 1108 exoriri
1409 1055 1521 1124 posset,
1535 1063 1746 1122 occurramus,
1760 1047 1815 1108 hac

1064 1147 1169 1200 nostra
1192 1141 1346 1216 praesenti
1372 1140 1529 1215 volumus,
1552 1157 1585 1202 ac
1611 1139 1812 1213 declaramus,
1846 1150 2047 1251 oneratosqum

1065 1239 1100 1295 ut
1121 1233 1225 1294 omnia
1248 1241 1278 1298 et
1292 1234 1425 1310 singula,
1442 1251 1521 1312 quae
1537 1252 1552 1294 a
1568 1234 1656 1296 uobis
1671 1235 1813 1311 superius
1833 1203 1930 1302 ffisstrirss'
1946 1206 2048 1314 οῗῗςιῗιθ-

1833 1321 1933 1367 xorem,
1954 1312 2049 1358 intelli-

1834 1364 1946 1420 gendum
1992 1375 2048 1411 esse

1062 1419 1129 1480 eius
1152 1436 1249 1482 uxore
1270 1421 1303 1481 in
1327 1419 1442 1482 iudaice
1464 1420 1698 1498 superstitione,
1715 1419 1813 1497 dispo·
1834 1417 2048 1528 gygaamggrtitgffiff

1063 1513 1120 1573 sita
1142 1529 1175 1573 ac
1196 1521 1310 1575 statuta
1335 1521 1421 1587 sunt,
1445 1514 1537 1575 etiam
1560 1514 1592 1575 iu
1615 1529 1685 1574 casu
1707 1511 1814 1572 uxoris
2041 1505 2045 1515 '

1065 1606 1099 1666 ad
1123 1605 1282 1669 Christum
1304 1623 1482 1679 conversae,
1502 1613 1687 1667 remanente
1702 1603 1814 1664 marito

1065 1698 1098 1758 in
1121 1697 1315 1774 infidelitate,
1339 1699 1441 1763 locum
1463 1700 1594 1761 omuino
1615 1700 1749 1760 habeant
1770 1706 1814 1760 at-

1064 1808 1125 1869 que
1147 1792 1320 1868 obtineant,
1336 1803 1368 1854 et
1388 1793 1426 1854 ab
1441 1793 1586 1854 omnibus
1601 1801 1768 1854 serventur
1784 1800 1814 1854 et

1065 1887 1291 1949 mmmm.
1403 1945 1407 1952 ,
2069 1942 2072 1947 Α

1106 1977 1174 2040 Non
1197 1980 1399 2042 obstantibus.
1417 1979 1693 2042 constitutionibus
1714 1987 1745 2041 et
1767 1996 1815 2041 or·
1836 1985 2048 2083 ,ffissffiatwffifl'

1066 2073 1273 2136 dinationibus
1289 2073 1471 2150 apostolicis,
1492 2073 1664 2150 privilegiis
1679 2089 1813 2151 quoque,
1931 2075 1934 2081 '

1066 2165 1193 2226 indultis
1208 2175 1238 2226 et
1254 2165 1350 2226 literis
1365 2166 1549 2242 apostolicis
1563 2167 1651 2229 dictis
1664 2167 1814 2240 hebraeis,

1064 2273 1215 2320 eorumve
1243 2259 1513 2333 universitatibus,
1535 2262 1594 2320 sub
1615 2260 1816 2336 quibuscum·

1065 2368 1125 2430 que
1148 2351 1307 2412 tenoribus
1330 2359 1360 2412 et
1382 2350 1501 2426 lormis,
1516 2358 1548 2413 et
1569 2367 1639 2414 cum
1656 2351 1816 2429 quibusvis

1064 2447 1158 2506 etiam
1173 2445 1437 2520 derogatoriarum
1453 2445 1669 2520 derogatoriis,
1686 2445 1816 2522 aliisque

1064 2537 1286 2600 efficacioribus
1313 2545 1344 2598 et
1373 2536 1504 2598 insolitis
1530 2538 1685 2612 clausulis,
1712 2539 1817 2598 decre-

1065 2633 1103 2694 tis
1125 2633 1157 2692 iu
1179 2647 1295 2706 genere
1318 2631 1365 2692 vet
1393 2631 1423 2691 in
1454 2633 1557 2708 specie
1585 2630 1816 2710 quomodolibet

1064 2724 1226 2797 concessis,
1256 2725 1349 2785 etiam
1371 2723 1492 2802 saepius
1523 2725 1694 2802 approbatis
1717 2733 1746 2786 et
1769 2725 1815 2784 in-

1064 2817 1195 2878 novatis.
1218 2817 1334 2891 Quibus
1355 2818 1502 2878 omnibus
1517 2825 1548 2877 et
1562 2817 1706 2894 singulis,
1722 2817 1815 2878 etiam

1063 2911 1135 2971 alias
1158 2925 1213 2988 pro
1236 2910 1362 2971 illorum
1380 2909 1547 2972 sufficienti
1563 2911 1764 2986 derogatione
1778 2913 1815 2972 de

1066 3003 1135 3077 illis,
1164 3019 1337 3080 eorumque
1371 3004 1441 3064 totis
1475 3003 1633 3064 tenoribus
1664 3004 1814 3080 specialis,

1063 3097 1202 3172 specifica
1224 3106 1254 3156 et
1277 3095 1435 3157 individua
1459 3095 1578 3157 mentio
1594 3096 1743 3170 habenda,
1760 3112 1815 3158 seu

1064 3188 1191 3267 quaevis
1221 3188 1278 3248 alia
1308 3189 1460 3266 exquisita
1492 3187 1590 3250 torma
1612 3191 1646 3250 ad
1674 3190 1732 3250 hoc
1752 3205 1815 3250 ser·

1065 3282 1162 3342 vanda
1184 3289 1275 3356 essct,
1300 3289 1423 3343 tenores
1452 3283 1641 3356 troiusmodi,
1671 3297 1814 3344 necnon

1066 3375 1178 3436 termas
1210 3383 1241 3435 et
1272 3375 1392 3436 decreta
1414 3375 1446 3438 in
1475 3375 1535 3435 illis
1565 3377 1712 3452 apposita,
1735 3393 1768 3437 ac
1789 3377 1814 3436 si

1064 3471 1102 3531 de
1123 3469 1219 3530 verbo
1240 3470 1276 3530 ad
1307 3469 1439 3530 verbum
1471 3469 1698 3543 insererentur,
1728 3483 1814 3546 prae-

1064 3562 1203 3622 sentibus
1225 3577 1280 3638 pro
1297 3561 1488 3622 suilictenter
1503 3563 1656 3638 expressis
1672 3571 1702 3622 et
1719 3563 1814 3622 inscr-

1065 3656 1103 3716 tis
1127 3655 1284 3727 trabentes,
1308 3654 1367 3715 illis
1388 3654 1484 3732 quoad
1509 3654 1627 3732 reliqua
1646 3657 1679 3716 in
1694 3672 1750 3717 suo
1767 3672 1815 3717 ro-

1065 3749 1137 3809 bore
1163 3748 1385 3826 permansuris,
1408 3747 1442 3806 ad
1466 3747 1611 3810 ellectum
1634 3750 1816 3826 praemisso-

1066 3857 1147 3915 rum,
1180 3842 1355 3918 specialiter
1382 3850 1412 3902 et
1443 3857 1587 3918 expresse
1618 3845 1813 3918 derogamus,

1063 3935 1254 4011 caeterisque
1276 3935 1437 3996 contrariis
1463 3935 1722 4012 quibuscumque.

1106 4027 1256 4090 Volumus
1271 4036 1375 4090 autem
1393 4039 1567 4106 praesentes
1584 4029 1685 4091 literas
1700 4031 1734 4090 ad
1751 4030 1814 4090 rat·
1837 4039 2050 4148 fflffgisitltffinggs

1835 4147 1924 4193 ceruit.

1063 4139 1115 4182 vas
1138 4122 1277 4183 basilicae
1299 4121 1449 4198 Principis
1471 4122 1688 4200 Apostolorum
1705 4125 1742 4184 de
1758 4124 1814 4185 Ur·

1065 4215 1113 4288 be,
1138 4215 1170 4276 in
1191 4215 1253 4276 acie
1277 4216 1384 4292 Campi
1405 4215 1523 4290 utor-ae,
1546 4225 1640 4294 atque
1655 4218 1686 4278 in
1702 4218 1813 4295 platea,

1064 4325 1143 4386 quae
1165 4309 1346 4370 iudaeorum
1369 4318 1583 4387 nuncupatur,
1600 4325 1654 4388 per
1674 4327 1815 4372 cursores

1065 4411 1185 4490 nostros
1207 4403 1369 4480 publicari,
1394 4420 1501 4465 earum
1516 4405 1665 4482 exemptis
1681 4405 1759 4466 inibi
1774 4404 1815 4465 ai-

1066 4498 1134 4558 srxis
1155 4507 1186 4558 et
1208 4497 1351 4570 diruissis,
1374 4516 1408 4560 ac
1429 4509 1496 4577 post
1520 4501 1695 4562 huiusmodi
1717 4501 1815 4579 publi·

1065 4581 1231 4670 cartion‘em,
1254 4603 1286 4654 et
1308 4594 1447 4671 elapsum
1471 4596 1643 4657 terminum
1671 4598 1815 4674 superius

1065 4688 1300 4765 praescriptum,
1334 4695 1462 4749 cunctos
1494 4696 1524 4749 et
1555 4690 1705 4765 singulos,
1739 4707 1816 4767 quos

1064 4788 1271 4858 concernunt,
1286 4781 1414 4858 perinde
1436 4791 1554 4844 arctare
1575 4790 1668 4860 atque
1682 4783 1813 4857 afficere,

1065 4891 1097 4935 ac
1117 4873 1141 4932 si
1166 4888 1276 4934 eorum
1294 4874 1422 4935 cuilibet
1439 4875 1641 4952 personaliter
1656 4875 1817 4937 intimatae

1065 4965 1207 5040 inissent,
1237 4966 1424 5044 illarumque
1451 4967 1612 5045 exemplis,
1639 4968 1734 5029 etiam
1760 4967 1817 5028 im·

1065 5059 1188 5136 pressis,
1213 5075 1308 5120 manu
1331 5059 1460 5122 alicuius
1483 5061 1595 5121 notarii
1615 5061 1728 5138 publici
1745 5062 1816 5122 sub·

1065 5151 1186 5228 scriptis
1208 5160 1239 5213 et
1260 5152 1362 5229 sigillo
1384 5169 1532 5230 personae
1555 5154 1586 5214 iu
1603 5154 1753 5230 dignitato
1768 5170 1818 5216 ec·

1065 5243 1231 5306 ctesiastica
1268 5246 1453 5307 constitutae
1488 5247 1638 5320 munitis,
1675 5245 1816 5308 eamdem

1066 5351 1191 5414 prorsus
1214 5337 1305 5398 halem
1329 5339 1360 5398 in
1384 5339 1507 5413 iudicio,
1521 5347 1553 5400 et
1567 5347 1655 5400 extra
1670 5338 1746 5399 illud
1763 5341 1814 5398 ha-

1067 5427 1144 5503 beri,
1167 5430 1338 5507 quaeipsis
1361 5433 1573 5508 praesentibus
1596 5432 1774 5506 haberetur,
1791 5431 1815 5491 si

1066 5531 1169 5582 essent
1191 5523 1346 5584 exhibitae
1371 5523 1420 5584 vel
1442 5532 1592 5585 ostensae.

1107 5611 1190 5675 Nulli
1214 5630 1289 5691 ergo
1310 5616 1440 5676 omnino
1468 5617 1633 5678 hominum
1656 5616 1743 5678 liceat
1766 5633 1815 5695 pa·
1837 5620 1974 5720 ”albigneio
1990 5631 2048 5676 roe·

1066 5709 1171 5784 giuam
1194 5707 1271 5770 huuc
1301 5715 1424 5770 nostrae
1451 5709 1633 5785 voluntatis,
1658 5710 1817 5772 inhibitio·
1907 5709 1911 5718 '

1066 5801 1126 5874 nis,
1150 5803 1316 5879 praecepti,
1340 5801 1477 5862 mandati
1498 5811 1530 5862 et
1545 5802 1753 5878 derogationis
1770 5804 1816 5865 iu·

1066 5893 1215 5970 iringere,
1239 5892 1289 5955 vel
1310 5911 1386 5957 ausu
1410 5895 1574 5956 temerario
1596 5894 1760 5958 contraire.
1785 5895 1816 5959 st
