4856 6984
364 549 419 604 nn.
433 551 463 606 G.
485 549 553 604 1752
604 551 664 614 1190

299 673 302 680 “
377 699 566 746 1333131333
626 688 645 764 5
666 684 715 752 20.
739 685 829 748 Pater
850 685 1180 752 (13131331133313333
1201 685 1333 748 aBreno

351 754 407 799 tota
420 763 446 798 re
456 752 566 810 praecla-

351 816 378 852 re
393 805 515 864 disputat.

586 783 657 845 ord.
681 780 756 844 Min.
783 779 1254 855 8313113313Ο113333331133,3”3
1276 795 1334 840 sue

587 874 738 942 Manuaii
754 874 1037 938 Missianarierum
1055 875 1192 946 (trient,
1213 878 1286 934 icat.
1299 872 1333 943 2,

588 967 642 1032 lib.
670 969 700 1041 1,
724 984 795 1046 cap.
819 971 853 1040 3,
877 966 1168 1046 praestantiam
1190 965 1335 1045 proponit

585 1063 815 1142 quaestionem:
840 1059 890 1122 An
907 1060 987 1123 baua
1002 1060 1218 1122 ecclesiastica
1234 1057 1273 1121 ab
1285 1059 1335 1120 in-

585 1154 732 1236 fidelibus
745 1156 918 1233 redempta,
935 1151 1070 1216 restitui
1092 1153 1269 1216 necessario
1285 1151 1335 1213 dc-

586 1247 694 1322 bcani,
717 1248 765 1310 cci
787 1250 900 1311 saltent
918 1248 1098 1311 transactio
1113 1244 1280 1317 adbiberi,-
1301 1261 1334 1307 33

585 1348 763 1422 respondet,
780 1341 972 1404 restituenda
986 1357 1064 1416 esse,
1087 1347 1154 1408 tum
1170 1339 1240 1417 quia
1256 1338 1335 1400 chri-

585 1437 715 1510 stianus,
729 1435 829 1497 sciens
844 1435 922 1496 bona
939 1433 989 1496 illa
1006 1433 1159 1496 Ecclesiae
1173 1447 1251 1505 esse,
1264 1430 1337 1492 alie-

585 1545 658 1591 nam
681 1545 749 1591 rem
770 1528 848 1590 mala
878 1527 938 1589 hde
961 1526 1145 1606 possideret3
1173 1531 1240 1587 ium
1263 1524 1333 1602 quia

586 1637 649 1684 non
681 1621 781 1700 potuit
809 1619 943 1682 infidelis
976 1627 1078 1698 raptor
1099 1619 1132 1679 iu
1161 1623 1333 1696 emptorem

585 1714 789 1778 christianum
811 1711 978 1775 transferre
994 1712 1042 1774 ius
1057 1711 1156 1774 maius
1172 1710 1236 1786 illo,
1253 1708 1333 1788 qued

586 1809 718 1887 ipsemet
741 1807 772 1868 in
796 1805 874 1867 bona
897 1804 1054 1867 divendita
1079 1803 1228 1864 habebat:
1253 1803 1334 1864 ideo-

586 1917 658 1979 que,
679 1899 705 1960 si
728 1898 884 1972 venditor,
907 1903 1033 1976 propter
1061 1895 1184 1974 rapinae
1207 1894 1333 1969 vitium,

586 1992 711 2055 nullum
734 1990 863 2052 omuino
885 1989 932 2052 ius
947 1987 1056 2051 habuit
1079 1989 1111 2050 iu
1127 2003 1194 2049 rem
1216 1986 1335 2049 violen-

588 2093 633 2147 ter
654 2083 797 2158 ablatam,
819 2091 1007 2161 occupatam,
1025 2088 1056 2143 et
1073 2089 1174 2158 postea
1196 2080 1335 2142 divendi·

588 2187 661 2252 tam,
684 2175 729 2240 nil
751 2178 867 2256 pariter
888 2175 964 2238 iuris
986 2175 1019 2238 in
1041 2173 1178 2236 eamdem
1201 2188 1269 2235 rem
1288 2189 1335 2234 33-

586 2270 748 2349 quisivisse
770 2271 920 2333 dicendus
942 2277 999 2344 331,
1016 2268 1070 2346 qui
1093 2283 1159 2329 eam
1182 2274 1335 2328 mercatus

586 2365 662 2442 luit,
692 2370 760 2425 tum
782 2364 928 2442 denique,
952 2361 1023 2440 quia
1053 2361 1160 2436 regula
1182 2359 1335 2437 generalis

586 2465 645 2533 est,
675 2455 756 2536 quod
786 2456 879 2517 etiam
902 2455 967 2530 ille,
989 2455 1042 2532 qui
1064 2453 1140 2515 iurti
1169 2453 1335 2530 ignarusa

586 2551 655 2613 lure
677 2551 792 2629 aliquid
814 2549 903 2625 emit,
926 2549 957 2610 iu
980 2548 1047 2610 loro
1070 2546 1278 2610 conscientiae
1299 2547 1334 2608 ad

585 2645 816 2707 restitutionem
838 2649 984 2717 tenetur,
1005 2639 1100 2703 simul
1123 2656 1156 2700 ac
1180 2655 1271 2700 verns
1293 2638 1336 2701 le·

586 2739 776 2816 gitimusque
790 2736 936 2798 dominus
950 2733 1096 2798 occurrit.
1114 2732 1237 2795 invehit
1248 2731 1336 2794 deiu-

584 2834 622 2894 de
644 2832 677 2894 in
699 2847 762 2906 eos,
784 2830 952 2910 quiquam
974 2828 1011 2889 ab
1026 2825 1204 2888 infidelibus
1219 2825 1335 2904 aliquid

586 2926 622 2988 ad
643 2924 804 2987 ecclesiam
820 2922 982 3002 pertinens
997 2921 1125 2983 mercati
1146 2920 1222 2994 sint,
1240 2919 1335 2982 debiti

586 3018 633 3081 sui
656 3024 758 3097 partes
780 3015 911 3093 implere
933 3031 966 3076 se
989 3019 1109 3093 putant,
1126 3012 1151 3074 si
1175 3013 1334 3092 parochos,

586 3111 621 3172 ad
643 3108 931 3188 quorumecclesias
946 3123 995 3168 res
1017 3113 1140 3183 emptae
1161 3105 1334 3184 pertinent,

586 3205 620 3266 ad
643 3202 788 3265 convivia
809 3208 840 3261 et
861 3198 1134 3262 coenasinvitent.
1158 3198 1230 3259 Non
1245 3197 1337 3258 omit-

588 3298 624 3359 tit
644 3303 731 3374 pater
753 3311 769 3355 a
790 3294 891 3354 Brenn
912 3307 1001 3370 saepe
1022 3297 1191 3352 memorata
1213 3290 1335 3352 decreta

586 3407 669 3453 3333
690 3403 834 3452 nncxxx.
858 3386 979 3449 condita
997 3399 1260 3460 commemorare3
1283 3385 1334 3446 sed

587 3501 620 3546 ea
643 3484 803 3562 pertinere
829 3487 934 3543 censet
961 3477 1177 3543 tautummodo
1199 3479 1234 3539 ad
1258 3477 1335 3538 bona

587 3577 711 3641 mobilia
735 3594 750 3636 3
772 3575 878 3655 piratis
899 3581 996 3651 capta,
1012 3588 1046 3634 ac
1067 3573 1139 3634 inde
1160 3570 1335 3633 christianis

586 3670 755 3745 divendita,
778 3682 913 3748 quorum
935 3681 1029 3726 verus
1052 3665 1197 3727 dominus
1218 3663 1336 3742 sperari

586 3764 708 3842 nequit,
723 3769 759 3823 ut
773 3763 808 3823 ad
830 3756 1012 3822 redimenda
1034 3766 1217 3836 compareat.
1243 3757 1334 3818 11331-

585 3872 645 3938 que
667 3856 725 3918 sibi
747 3855 862 3928 obiicit,
885 3851 967 3932 quod
986 3852 1039 3930 qui
1061 3856 1221 3914 numerata
1243 3865 1334 3928 pecu·

587 3952 637 4012 nia
659 3948 697 4010 ab
712 3947 889 4011 infidelibus
905 3945 981 4007 33111
997 3943 1149 4007 Ecclesiae
1164 3943 1256 4018 bona,
1269 3959 1334 4004 rem

587 4043 688 4105 eidem
710 4039 863 4104 Ecclesiae
894 4038 1005 4100 utilem
1033 4037 1334 4116 gesserit31deaqoe

587 4151 650 4198 333
671 4133 772 4196 solum
798 4132 921 4194 nullum
943 4130 1056 4193 exinde
1087 4131 1238 4192 damnum
1260 4131 1333 4208 pati,

587 4228 813 4291 verumetiam
835 4225 982 4304 aliquam,
1000 4225 1024 4285 si
1048 4225 1116 4285 heri
1137 4231 1249 4302 potest,
1273 4225 1334 4284 uti-

587 4323 705 4384 litatem
728 4320 888 4399 percipere
908 4319 1025 4382 deheat.
1056 4316 1134 4378 lluic
1161 4326 1265 4378 autem
1286 4333 1333 4377 31-

588 4424 739 4496 gumento
760 4413 937 4491 respondet,
954 4420 1121 4488 emptores,
1134 4411 1187 4487 qui
1209 4424 1276 4470 rem
1297 4410 1334 4471 ab

588 4509 765 4573 infidelibus
787 4507 991 4580 redemerint,
1015 4503 1044 4564 id
1068 4503 1275 4566 emolumenti
1297 4521 1334 4566 31

586 4603 745 4681 emptione
756 4617 875 4679 capere,
889 4605 922 4659 nt
936 4599 973 4658 ab
989 4595 1121 4658 Ecclesia
1134 4598 1271 4675 pretium
1287 4615 1335 4660 re-

587 4703 704 4774 petant,
727 4695 835 4755 autad
857 4693 991 4770 aliquam
1013 4705 1085 4752 cum
1109 4691 1170 4769 ipsa
1185 4692 1335 4769 composi-

589 4789 705 4852 tionem
720 4787 903 4850 deveniant:
918 4781 1066 4845 Erneatcs
1079 4781 1159 4846 bona
1176 4784 1334 4847 Ecclesiae

587 4885 626 4950 ab
655 4883 908 4963 usurpatoribus
937 4876 1130 4961 infidelibus,
1162 4879 1335 4941 restituere

587 4983 712 5060 quiden
730 4986 893 5050 tenentur,
906 4993 1004 5057 quum
1025 4973 1179 5038 sunbona
1197 4975 1255 5037 iiia
1271 4991 1333 5036 nora

587 5075 665 5147 sint,
689 5074 741 5136 scd
761 5063 1086 5148 acceptanterque
1101 5067 1169 5130 alia
1185 5067 1333 5145 composi-

589 5168 675 5229 tione
690 5181 763 5228 carn
777 5163 934 5243 praetatis
954 5161 1076 5225 babita.
1092 5160 1221 5238 Verum,
1235 5176 1334 5241 quum

587 5269 694 5324 333133
715 5261 750 5322 ad
782 5259 873 5320 aliam
899 5274 938 5320 311
965 5259 1062 5334 prima
1090 5265 1333 5334 consequentem

587 5354 800 5432 quaestionem
813 5352 943 5429 gradum
954 5351 1053 5427 iaciat,
1067 5350 1211 5412 videlicet
1226 5359 1334 5412 utrum

586 5457 708 5527 emptor
736 5447 901 5508 restituere
923 5446 1001 5506 bona
1032 5451 1184 5520 teneatur,
1212 5443 1332 5505 etiamsi

588 5541 709 5620 praesul
732 5556 789 5602 nec
811 5539 948 5618 pretium
970 5536 1109 5612 reddere,
1133 5552 1189 5598 nec
1211 5552 1335 5615 compo·

587 5635 734 5695 sitionem
756 5632 852 5694 ullam
875 5632 973 5693 lacere
995 5629 1083 5705 velit,
1103 5635 1133 5690 et
1156 5629 1333 5693 huiusmodi

365 5739 568 5840 seacuaafiuus
588 5727 758 5806 quaestioni
781 5727 965 5788 affirmative
993 5725 1187 5805 respondeat,
1210 5727 1334 5788 videtur

355 5797 422 5840 fecie
431 5804 492 5839 nens

517 5797 570 5840 tne-

356 5851 409 5902 33,
430 5847 522 5894 apua,
542 5858 569 5892 0.
589 5822 724 5902 prolecto
747 5821 788 5896 id,
804 5822 887 5905 quod
901 5829 989 5882 antea
1012 5819 1230 5896 allirmaverat,
1246 5837 1334 5882 ever·

355 5900 438 5950 vertit.

589 5924 666 5992 tere,
694 5923 724 5976 et
750 5930 813 5976 333
842 5914 1045 5976 cohaerenter
1077 5914 1268 5976 ratiocinari:
1300 5915 1333 5978 Si

1111 567 1176 614 tttlt.
1201 569 1291 614 PONT-
1315 569 1355 612 DE
1377 567 1405 612 P·
1430 567 1458 614 Ρ·
1484 569 1565 614 t’tttts
1587 567 1608 613 l.

1389 700 1460 746 cero
1487 683 1654 762 praelatus
1682 685 1856 764 quidquam
1881 683 1958 762 ipsis
1983 685 2140 746 redimen-

1390 775 1477 840 tibus
1494 779 1668 840 restituere
1683 778 1793 850 nollet,
1807 785 1866 840 aut
1884 777 2139 841 transactionem

1391 869 1436 930 oei
1459 870 1716 948 compositionem
1749 869 1851 932 ullam
1881 873 2002 950 facere,
2032 871 2140 933 adbuc

1389 968 1543 1040 emptores
1571 981 1627 1026 seu
1659 963 1849 1026 redimentes
1884 964 1935 1024 illi
1966 965 2140 1026 restituere

1390 1057 1517 1118 omnine
1534 1062 1733 1128 tenerentur,
1746 1073 1845 1134 quum
1860 1054 1941 1119 bona
1958 1056 2017 1119 iilo
2032 1056 2139 1133 reipsa

1388 1149 1455 1210 siut
1474 1148 1644 1222 Ecclesiae,
1660 1167 1698 1213 ac
1714 1149 1899 1230 infortunia
1910 1165 1968 1210 suo
1982 1146 2137 1219 tribucre,

1390 1242 1471 1320 qued
1485 1242 1620 1304 emerint
1635 1259 1702 1304 reru
1723 1243 1875 1314 alienam,
1899 1259 1932 1303 eo
1953 1242 2053 1316 mado,
2078 1258 2139 1320 qno

1390 1336 1608 1398 discurrimus
1624 1335 1851 1400 desinentibus
1866 1355 1886 1401 a
1901 1337 2141 1417 [3333331133-

1390 1445 1521 1509 cuaaque
1540 1427 1579 1492 ob
1600 1431 1667 1508 ipco
1689 1438 1829 1508 repetere
1850 1431 1991 1508 pretium
2006 1429 2139 1490 mininie

1389 1523 1522 1600 possint.

1430 1617 1449 1692 ἓ
1463 1617 1512 1679 El.
1524 1618 1639 1695 Quibus
1650 1635 1723 1681 sane
1734 1617 1870 1681 diximus
1881 1625 2039 1680 auctorem
2051 1633 2141 1680 3331·

1391 1719 1456 1774 1333
1478 1712 1506 1775 131
1530 1713 1611 1791 quod
1633 1721 1722 1775 antea
1744 1711 1961 1774 affirmaverat.
1988 1709 2140 1790 Superius

1391 1819 1526 1883 namque
1547 1804 1700 1881 voluerat,
1724 1812 1897 1883 emptorem
1912 1822 1928 1866 3
1943 1819 2018 1866 3313
2040 1805 2140 1867 domi·

1391 1912 1431 1957 no
1448 1897 1585 1975 pretinm
1600 1913 1798 1976 recuperare:
1824 1914 1909 1960 nnnc
1923 1907 2027 1960 autem
2043 1897 2140 1974 ipsius

1390 1991 1507 2052 domini
1529 1991 1657 2053 arbitrio
1672 1991 1855 2069 permittens
1870 1991 2048 2053 huiusmodi
2070 2006 2142 2069 pre-

1393 2083 1471 2146 tium
1494 2085 1634 2161 reddere,
1647 2093 1699 2147 aut
1713 2101 1775 2146 333
1793 2086 1933 2158 reddere,
1949 2084 2018 2146 vult
2033 2100 2139 2161 porro,

1392 2191 1457 2238 rem
1480 2177 1517 2240 ab
1537 2185 1689 2256 emptore,
1706 2178 1798 2240 etiam
1815 2178 1882 2239 sine
1896 2177 1989 2256 pretii
2011 2192 2140 2255 recupe-

1391 2271 1521 2346 ratione,
1545 2273 1677 2334 restitui.
1702 2272 1842 2336 Diximus
1863 2271 1969 2346 etiam,
1993 2271 2139 2333 eumdem

1391 2381 1454 2427 333
1477 2365 1680 2427 cohaerenter
1709 2365 1898 2426 ratiocinari.
1926 2365 2029 2440 Quum
2051 2365 2140 2426 enim

1389 2459 1544 2534 statuerit,
1560 2458 1770 2521 immobilium
1786 2458 1960 2520 dominium
1976 2473 2070 2535 penes
2086 2474 2141 2518 an·

1393 2555 1513 2632 tiquam
1542 2553 1705 2618 dominnm
1731 2569 1855 2632 semper
1885 2567 2057 2627 remanere,
2081 2568 2141 2614 nec

1393 2661 1540 2724 umquam
1566 2644 1602 2705 ad
1631 2652 1806 2723 emptorem
1833 2644 1993 2719 transisse,
2022 2643 2140 2706 euhoe

1390 2738 1462 2800 satis
1483 2748 1587 2817 aperte
1608 2738 1827 2817 consequitur,
1851 2754 1914 2799 nen
1944 2737 2070 2815 quidem
2093 2737 2140 2797 rei

1392 2832 1527 2909 pretium
1548 2830 1732 2894 solvendum
1755 2847 1822 2892 esse
1843 2847 1858 2891 a
1881 2830 2020 2906 legitimo
2041 2829 2139 2891 domi·

1392 2939 1443 2999 no,
1467 2923 1519 3002 qui
1542 2940 1610 2986 eam
1632 2939 1817 3003 recuperare
1838 2923 1990 3000 intendit,
2013 2924 2065 2984 sed
2088 2939 2141 3000 po·

1394 3017 1542 3078 11331331
1575 3016 1688 3095 ipsam,
1715 3017 1783 3079 sine
1814 3017 1877 3078 ulla
1907 3016 2140 3078 331311333331

1393 3110 1482 3187 pretii
1504 3111 1713 3185 restitutione,
1729 3109 1766 3172 ab
1787 3126 1823 3172 ee
1835 3109 2077 3187 recuperandam
2093 3124 2140 3169 es-

1392 3219 1434 3278 so,
1458 3201 1547 3264 aliter
1568 3203 1654 3264 enim
1685 3218 1751 3266 rem
1773 3220 1861 3266 suam
1888 3219 1993 3265 emere
2013 3217 2140 3278 cogere-

2172 552 2225 603 13.
2239 553 2268 603 (l.
2288 555 2346 607 tabe

2188 1637 2262 1684 111133
2275 1643 2355 1692 rationi>

2160 1693 2353 1744 nationisrttiuu
2404 1701 2405 1742 ἱ

2160 1745 2292 1802 detegitur.

1393 3305 1452 3358 tur.
1476 3297 1561 3371 Quod
1584 3297 1609 3357 si
1632 3297 1742 3375 aliquis
1764 3297 2015 3376 responderet,id
2039 3295 2141 3356 31133-
2168 3313 2351 3359 3331313333-

1392 3392 1510 3470 quitata
1531 3398 1561 3454 et
1584 3389 1699 3454 iustitia
1721 3390 1859 3452 alienum
1881 3406 1945 3452 non
1967 3407 2043 3465 esse,
2062 3407 2139 3470 quo-

1393 3486 1475 3546 niam
1507 3484 1591 3546 iuxta
1623 3486 1750 3546 Decreta
1773 3485 1846 3546 anni
1879 3501 2023 3546 uncxxu.
2054 3484 2138 3546 idem

2158 3366 2252 3413 biliam
2271 3369 2294 3412 in
2311 3379 2350 3412 313-

2158 3431 2175 3521 l

2158 3540 2190 3574 33
2202 3527 2312 3583 peculiari
2322 3539 2350 3572 ra·
2408 3557 2409 3562 ,

2179 3428 2257 3466 loram
2281 3425 2350 3465 itanu-

2170 3475 2218 3519 erri
2253 3479 2350 3518 censetur

1393 3581 1519 3641 omnino
1540 3580 1693 3654 contingit
1716 3578 1748 3640 iu
1771 3578 1948 3654 mobilibus,
1971 3595 2049 3658 qnae
2070 3580 2140 3642 sine
2158 3583 2237 3627 crona.
2252 3583 2350 3637 quaeau-

1391 3674 1545 3734 solutione
1570 3673 1661 3750 pretii
1683 3690 1699 3733 a
1721 3672 1848 3734 domino

1393 3765 1950 3844 possunt;respondetur,dominium
1962 3766 2136 3841 mobilium,

1392 3867 1532 3942 quamvis
1554 3863 1731 3937 resolubile,
1748 3863 1780 3924 in
1797 3867 1972 3938 emptorem
1995 3861 2137 3936 transire,

1391 3959 1444 4038 qui
1466 3959 1591 4021 deinde
1602 3957 1653 4019 illa
1682 3957 1809 4019 domiuo
1837 3957 1973 4035 pretinm
1994 3957 2137 4020 oiiereuti

1393 4052 1558 4115 restituere
1588 4056 1731 4127 tenetur,
1754 4049 1782 4111 id
1805 4059 1910 4112 autem
1939 4050 2140 4112 3313113333·

1392 4147 1492 4209 cidere
1507 4144 1638 4222 emptori
1654 4142 1876 4216 immobilium,
1891 4159 2026 4222 quorum
2041 4145 2139 4206 domi-

1392 4240 1480 4300 nium
1500 4243 1642 4299 remanet
1662 4251 1785 4313 semper
1800 4237 1878 4314 apud
1895 4235 2072 4312 legitimum
2087 4238 2138 4299 do-

1394 4332 1524 4392 minnm.
1549 4329 1665 4390 Rerum
1688 4345 1780 4407 porro
1802 4328 1977 4391 dominium
2000 4344 2015 4388 a
2037 4330 2139 4408 priore

1391 4425 1517 4486 domino
1539 4424 1575 4484 ad
1595 4423 1727 4484 alterum
1744 4438 1807 4483 333
1823 4420 2019 4498 transfertur,
2036 4423 2093 4484 nisi
2109 4422 2137 4485 id

1390 4526 1443 4579 aut
1458 4517 1506 4578 lex
1523 4517 1641 4591 iubeat,
1663 4523 1717 4577 aut
1737 4514 1873 4577 hominis
1894 4515 2038 4578 33133133
2054 4532 2139 4594 prae-

1391 4611 1512 4673 scribat.
1536 4611 1700 4689 Emptores
1722 4615 1825 4670 antem
1842 4617 1902 4670 tam
1919 4625 2027 4671 rerum
2042 4610 2139 4670 mabi-

1392 4705 1480 4780 lium,
1504 4721 1595 4783 qnam
1620 4703 1841 4778 immobilium,
1865 4718 1919 4781 pro
1942 4719 1979 4764 33
1999 4704 2080 4781 quod
2098 4705 2139 4765 ad

1393 4799 1492 4875 legem
1513 4798 1636 4871 attinet,
1651 4795 1772 4874 aequali
1787 4812 1912 4874 prorsus
1928 4796 1996 4857 inre
2011 4811 2139 4858 censen·

1392 4901 1452 4954 tur.
1478 4891 1567 4954 Nulla
1590 4891 1675 4952 euim
1698 4889 1766 4966 lege
1788 4890 2012 4968 praescriptum
2030 4898 2088 4963 est,
2104 4897 2139 4952 ut

1390 4985 1565 5047 dominium
1588 4999 1695 5046 rerum
1719 4985 1785 5045 sive
1811 4983 1973 5046 mobilium
1995 4984 2062 5044 sivo
2083 4983 2139 5044 im·

1393 5078 1567 5153 mobilium,
1584 5095 1601 5138 3
1615 5093 1691 5138 rero
1705 5077 1832 5138 domino
1848 5075 1882 5137 ad
1903 5077 2005 5151 illum,
2021 5077 2074 5154 qui
2090 5094 2139 5138 eas

1391 5171 1427 5232 ab
1449 5170 1644 5232 invasoribus
1665 5186 1698 5230 33
1716 5169 1890 5247 raptoribus
1907 5177 2059 5232 mercatus
2074 5169 2140 5231 lue·

1392 5265 1443 5340 311,
1460 5263 1674 5325 transferatur.
1692 5259 1751 5324 Sed
1767 5261 1951 5336 dillerentia,
1965 5277 2042 5341 quae
2055 5263 2140 5325 inter

1392 5358 1554 5420 mobilium
1571 5371 1603 5419 33
1617 5355 1825 5417 immobilium
1848 5363 2023 5434 emptorem
2044 5356 2139 5416 iuter-

1392 5451 1484 5525 cedit,
1497 5449 1535 5511 ab
1549 5449 1685 5511 hominis
1699 5449 1860 5510 voluntate
1874 5449 1990 5525 oritur3
2007 5450 2077 5528 quia
2093 5449 2139 5510 ni-

1393 5544 1506 5604 mirum
1528 5543 1648 5605 domini
1674 5543 1827 5617 33133133,
1852 5551 1998 5620 utsupra
2020 5541 2139 5604 dictum

1391 5645 1448 5707 cst,
1462 5635 1519 5712 illi,
1533 5651 1597 5697 333
1609 5641 1714 5697 antem
1726 5635 1789 5710 isti,
1801 5633 1904 5696 lavere
1916 5634 2137 5713 praesumitur.

1431 5731 1449 5805 ἓ
1470 5731 1519 5794 22.
1543 5731 1648 5809 ltaque
1660 5730 1791 5798 decretis
1805 5729 1879 5790 3331
1890 5742 2036 5790 nncxux.
2053 5727 2139 5790 nullo

1875 3674 2050 3750 recuperari
2075 3689 2138 3734 non
2157 3635 2295 3746 papqptpp'us
2312 3645 2349 3678 ”⁰¹¹
2408 3651 2409 3712 l

2204 5741 2348 5792 concluditur

2157 5798 2294 5846 immobilia
2304 5796 2348 5842 sias

1391 5827 1483 5888 modo
1505 5824 1660 5886 contraire
1684 5823 1772 5884 nobis
1801 5822 1957 5896 videmur,
1980 5823 2006 5884 si
2027 5837 2139 5884 assera·
2157 5855 2349 5912 „„„„„„„,

1392 5935 1473 5996 mus,
1496 5918 1568 5979 satis
1590 5917 1750 5979 laudatam
1765 5933 1831 5978 3333
1845 5916 2026 5994 opinionem
2041 5916 2138 5994 illam,
2157 5909 2187 5954 111
2214 5899 2348 5954 “stilum
