4828 6990
345 483 443 538 1110.
465 486 534 537 1748

368 635 427 681 blus
442 637 547 692 congre·

332 688 445 744 gationis
488 700 545 752 101-Ι

333 743 545 842 attalicas!

331 849 546 949 ffitmminsmu'

583 485 642 547 388

605 623 684 686 Cum
705 629 810 686 autem
832 625 967 702 negotia,
984 624 1109 702 quaein
1125 640 1159 684 ea
1175 623 1309 700 congre

564 721 687 798 gatione
701 722 923 796 tractabantur,
936 721 1054 785 nullius
1069 721 1309 800 privatasratio-

565 830 619 876 nes
641 815 820 892 attingeret,
850 817 903 878 sed
930 818 968 879 de
995 815 1186 878 restituenda
1213 814 1306 894 potis·

563 907 680 970 simum
702 907 877 971 Tridentini
899 908 1028 972 concilii
1057 908 1252 972 observantia
1274 908 1305 971 in

562 1001 746 1078 quibusdam
767 1001 923 1065 catholicis
951 1002 1040 1064 orbis
1059 1002 1250 1080 regionibus,
1273 1011 1307 1066 ot

561 1091 729 1168 ferebatur,
760 1109 823 1155 non
856 1109 965 1173 parurn
990 1094 1184 1170 labefactata,
1215 1095 1306 1157 unice

561 1195 723 1266 ageretur3
747 1189 955 1252 necesarium
982 1191 1114 1252 minime
1134 1191 1305 1254 iudicatam

562 1283 632 1358 luit,
649 1282 883 1360 aliquamvelut
905 1284 937 1345 in
960 1283 1109 1348 iudicium
1132 1301 1251 1359 uocare,
1269 1286 1303 1346 ad

560 1378 737 1440 deducenda
758 1379 837 1454 iura,
860 1379 979 1458 siquae
999 1379 1056 1441 sibi
1079 1379 1224 1442 aduersus
1239 1380 1302 1457 illa,

559 1467 638 1550 qua'e
669 1471 861 1534 decernenda
892 1471 1094 1549 viderentur,
1128 1482 1304 1552 competere

558 1565 660 1626 lorsan
682 1572 815 1644 putaret.
842 1566 902 1629 Sed
922 1574 1025 1629 nostra
1048 1567 1210 1646 peculiaris
1231 1585 1303 1632 cura

465 1683 468 1690 ⁴
559 1667 635 1737 erat,
659 1659 694 1722 ad
715 1660 836 1737 singula
864 1661 1018 1740 proposita
1049 1661 1146 1740 capita
1171 1662 1301 1724 totidem

362 3344 536 3393 Nihilominus

323 3398 350 3444 in
366 3399 413 3446 boc
424 3411 484 3446 casu
494 3399 536 3446 ad·

323 3452 396 3498 missi
419 3459 481 3500 suot
500 3465 536 3502 re·

323 3505 536 3608 tldttd‘lttl·

320 4845 367 4942 la?
366 4853 493 4944 1183110111]
490 4850 532 4945 13

320 4949 424 4998 hibitae.

558 1755 801 1829 dissertationes,
818 1753 988 1832 unicuique
1009 1770 1048 1816 ex
1069 1755 1211 1833 praelatis
1232 1757 1304 1820 car-

558 1848 712 1912 dinalibus
734 1846 937 1921 exhibendas,
968 1847 1168 1925 elucultrare;
1194 1851 1229 1912 ad
1251 1851 1303 1914 de-

559 1943 756 2006 monstranda
779 1939 923 2002 videlicet
938 1940 1139 2004 fundamenta
1162 1943 1244 2007 illius
1258 1944 1303 2005 di-

557 2035 717 2114 sciplinae,
739 2034 871 2112 quaein
894 2051 987 2096 usum
1008 2035 1176 2098 revocanda
1197 2054 1303 2102 oense·

558 2130 657 2192 batur.
683 2126 745 2189 Nec
766 2127 855 2190 aliter
876 2143 909 2188 se
930 2143 978 2189 res
1001 2128 1124 2202 babuit,
1147 2147 1246 2208 quarn
1269 2131 1300 2194 in

558 2227 665 2290 eadem
698 2223 962 2300 congregatione,
991 2231 1026 2286 ut
1054 2225 1239 2304 praefertur,
1268 2229 1300 2290 in

558 2318 813 2381 deliberationem
835 2317 933 2392 uenit,
951 2333 991 2378 arr
1012 2319 1243 2382 decernendum
1258 2320 1301 2382 io-

557 2417 616 2487 ret,
639 2418 675 2472 ut
696 2411 853 2487 regulares
875 2413 1135 2474 monasteriorum
1160 2414 1300 2492 praelati,

556 2521 619 2567 una
640 2503 750 2566 saltem
775 2505 934 2567 extribus
962 2505 1092 2579 vicibus,
1116 2507 1227 2584 quibus
1249 2525 1301 2570 ex-

556 2599 798 2662 traordinarium
809 2597 1030 2660 confessarium
1042 2600 1228 2662 monialibus
1243 2602 1300 2663 sibi

556 2691 700 2755 subiectis
716 2692 747 2753 in
759 2706 856 2752 annos
866 2690 1005 2768 singulos
1016 2691 1162 2754 exhibere
1177 2693 1299 2770 debent,

556 2785 693 2864 aliquem
718 2783 922 2858 saecularem,
944 2791 998 2846 aut
1026 2783 1153 2846 alterius
1184 2787 1301 2849 ordinis

555 2878 732 2955 regularem
753 2876 981 2955 presbyterum,
997 2878 1033 2939 ad
1049 2877 1079 2940 id
1093 2879 1241 2957 deputare
1257 2888 1301 2942 te-

556 2977 725 3044 nerentur,
748 2977 845 3048 utque
867 2970 939 3048 ipsis
965 2973 1020 3033 lrac
1041 2971 1074 3032 in
1097 2987 1130 3033 re
1157 2973 1302 3038 deiicien-

556 3064 637 3128 tibus
670 3063 803 3126 liberum
837 3071 915 3127 esset
951 3063 1125 3146 Episcopis,
1160 3066 1299 3132 locorum

555 3157 721 3221 Ordinariis
753 3171 863 3220 eorum
890 3157 1046 3222 deiectum
1077 3160 1239 3240 supplere,
1269 3169 1298 3224 et

555 3253 733 3315 emendare.

595 3345 726 3424 Verum,
742 3363 840 3426 quum
858 3348 1052 3424 regularibus
1067 3349 1266 3425 innotuisset,
1282 3369 1298 3414 a

554 3442 706 3521 praedicta
728 3443 977 3518 congregatione
991 3443 1153 3504 conditum
1167 3458 1234 3505 esse
1249 3445 1300 3508 de-

555 3545 674 3600 cretum
697 3553 805 3599 eorum
827 3537 996 3599 intentioni
1017 3537 1227 3615 eontrarium;
1250 3545 1299 3600 ut·

554 3637 625 3708 pote
646 3632 698 3709 qui
716 3632 847 3693 minime
862 3632 1012 3710 adstringi
1033 3632 1179 3696 volebant
1193 3634 1229 3695 ad
1241 3635 1298 3696 hu-

553 3724 1297 3806 iusrnodiannuamdeputationemconfessorum

553 3819 869 3883 extraordinariorum
884 3836 901 3882 e
916 3820 997 3882 clero
1018 3821 1176 3897 saeculari,
1193 3822 1243 3883 rel
1259 3839 1297 3884 ex

552 3914 618 3977 aliis
646 3913 823 3990 ordinibus3
851 3913 1076 3977 nonnullarum
1104 3915 1296 3993 religionum

552 4015 763 4086 procuratores
778 4005 936 4083 generales
950 4008 1108 4086 petierunt
1123 4009 1244 4072 admitti
1260 4012 1295 4075 ad

551 4099 743 4163 deducendas
772 4100 920 4176 rationes,
944 4117 1018 4180 quas
1043 4103 1222 4165 huiusmodi
1243 4103 1295 4166 dc-

551 4201 636 4257 creto
658 4193 778 4257 obstare
803 4194 966 4274 putabant:
991 4211 1125 4274 cumque
1152 4197 1181 4259 id
1208 4196 1296 4260 iacile

551 4287 786 4367 impetrassent,
818 4303 851 4350 11
881 4305 970 4350 suam
1003 4290 1160 4368 totiusque
1190 4298 1295 4354 coetus

550 4383 744 4462 regularium
759 4397 880 4445 oausam
895 4399 950 4460 per
965 4383 1095 4445 eximios
1117 4383 1201 4445 illius
1217 4391 1297 4447 tem·

550 4476 632 4555 poris
654 4477 686 4538 in
707 4476 845 4539 Romana
868 4477 960 4539 curia
989 4476 1150 4538 advocatos
1172 4475 1293 4540 delendi

550 4577 724 4646 curassent3
747 4571 798 4632 sed
820 4568 1026 4632 nihilominus
1048 4568 1201 4646 praedicta
1223 4571 1294 4633 car-

550 4661 703 4724 dinalium
730 4662 937 4740 congregatio
963 4662 996 4723 in
1017 4662 1113 4741 priori
1138 4665 1295 4726 sententia

551 4755 780 4834 permansisset,
794 4754 907 4835 placuit
922 4754 1057 4832 praelato
1068 4757 1294 4835 praedecessori

549 4848 742 4923 lnnocentio,
759 4855 926 4927 antequam
941 4847 1101 4912 decretum
1117 4850 1294 4912 huiusmodi

550 4941 769 5021 approbatione
783 4958 836 5003 sua
850 4941 1059 5016 confirmaret,
1075 4941 1207 5005 aliorum
1222 4943 1296 5006 car-

549 5034 702 5097 dinalium
723 5033 893 5096 sententias
914 5035 1032 5098 audire.
1055 5035 1173 5114 ltaque,
1190 5036 1293 5099 exclu-

548 5127 590 5190 sis
602 5127 662 5190 illis
676 5127 709 5188 in
721 5126 877 5202 omnibus,
893 5129 959 5208 qui,
972 5144 1010 5190 ex
1025 5127 1120 5207 ipsius
1135 5128 1293 5192 Pontiiiois

549 5221 757 5300 deputatione,
780 5222 812 5282 in
836 5222 1091 5300 praecedentibus
1105 5223 1293 5285 sessionibus

548 5331 603 5394 per
623 5331 743 5377 annum
757 5314 918 5392 integrum
935 5315 1058 5391 negotia
1074 5316 1291 5391 discusserant,

546 5409 676 5487 aliisque
697 5407 849 5470 aduocatis
864 5407 1089 5483 Cardinalibus,
1105 5408 1218 5486 utribus
1240 5425 1292 5470 ex-

547 5501 647 5564 hiberi
667 5509 784 5563 secreto
812 5500 923 5562 iecerat
947 5500 1191 5579 conscriptarum
1219 5501 1292 5564 alle-

547 5595 707 5672 gationum
732 5594 883 5673 exempla,
899 5594 988 5657 nobis
1003 5595 1096 5656 etiam
1112 5593 1215 5657 adesse
1230 5595 1290 5657 ius-

546 5688 598 5764 sis,
621 5688 674 5767 111
694 5687 851 5751 rationum
878 5694 1037 5750 momenta
1058 5704 1074 5748 a
1095 5688 1193 5767 priori
1218 5705 1290 5752 corr-

546 5780 726 5858 gregatione
741 5797 813 5859 prae
827 5780 921 5844 oculis
936 5780 1050 5854 habita,
1065 5780 1091 5841 si
1107 5797 1182 5860 opus
1197 5787 1287 5857 esset,

546 5889 701 5952 exponere
732 5889 905 5954 possemus3
938 5890 1051 5937 notam
1080 5874 1288 5938 cardinalium

1081 506 1143 550 lUR·
1169 504 1259 549 Portu.
1284 504 1323 549 DE
1345 507 1372 549 P.
1397 507 1426 550 F·
1452 508 1533 553 PARS
1555 510 1575 553 1.

2402 231 2404 252 l

2403 265 2404 276 l

2135 491 2189 544 An.
2204 496 2234 548 c.
2254 495 2331 547 1748
2404 493 2405 496 ’

1362 623 1644 702 Congregationem
1672 645 1711 693 ex
1740 629 1910 709 improuiso
1941 646 2045 693 coram
2072 647 2105 694 se

1360 724 1552 800 convocarit,
1566 724 1597 788 in
1619 741 1677 804 qua
1699 726 1815 788 iterum
1837 724 1992 803 proposita
2013 740 2103 802 quae·

1360 817 1418 879 stio
1440 816 1608 894 diligenter
1628 835 1660 878 ao
1676 826 1797 881 mature
1818 818 1949 880 discussa
1972 817 2047 895 iuit;
2071 834 2104 880 ac

1360 910 1499 986 demum,
1516 912 1580 990 ipse
1593 911 1746 987 Pontifex,
1763 911 1801 974 de
1818 911 1913 991 ipsius
1928 912 2103 988 congrega-

1360 1003 1451 1066 tionis
1481 1004 1609 1066 consilio
1641 1012 1670 1067 et
1702 1021 1844 1081 assensu,
1880 1020 1972 1084 super
1992 1007 2047 1066 bac
2069 1021 2103 1066 re
2406 1071 2407 1076 ,

1359 1096 1507 1174 decrerit,
1530 1106 1565 1160 ut
1586 1100 1744 1177 sequitur:
1778 1100 1917 1177 cumque
1937 1116 1978 1162 eu
1999 1098 2101 1160 eodem
2134 1118 2343 1182 ,1111111111-
2406 1097 2407 1132 r

1360 1191 1502 1256 Concilio
1530 1193 1717 1256 Tridentino
1739 1197 1899 1276 consessor
1920 1192 2103 1256 1111100111·-
2121 1173 2343 1272 ΗὲἓΙῖῃῖξζῗῆῗ

1359 1287 1475 1348 narius
1498 1284 1545 1348 bis
1573 1292 1634 1350 out
1656 1297 1716 1360 ter,
1741 1288 1775 1350 in
1801 1305 1885 1352 enno
1908 1287 2015 1368 offerri
2037 1279 2170 1348 010-186·

1358 1375 1502 1442 ninttbus
1525 1380 1643 1454 debent,
1662 1383 1717 1460 qui
1732 1383 1875 1444 onicinus
1890 1382 2101 1462 coruscationes

1358 1473 1495 1545 eudiot,·
1515 1475 1544 1535 si
1567 1475 1601 1535 in
1623 1483 1784 1552 posterum
1808 1477 1988 1552 superiores
2010 1491 2100 1556 repu-

1358 1567 1454 1638 leres,
1486 1567 1590 1645 quood
1618 1570 1813 1632 monosterio
1840 1570 1919 1646 ipsis
1943 1566 2097 1642 subiecto,

1358 1659 1451 1722 toties
1473 1661 1675 1738 praedictum
1705 1662 2009 1725 entraordinariurn
2031 1679 2102 1724 cou-

1356 1752 1504 1831 sessorem
1516 1753 1671 1832 deputare
1682 1757 1952 1835 nepleocerint‚oel
1962 1757 2100 1820 sietiurn

1356 1861 1396 1906 eu
1417 1851 1545 1924 proprio
1567 1849 1670 1911 eodem
1688 1849 1807 1912 Ordine
1827 1866 1948 1928 semper
1969 1851 2099 1926 depute-

1356 1939 1472 2011 verint,
1497 1957 1553 2000 nec
1583 1941 1698 2004 saltent
1719 1942 1813 2004 senacl
1834 1943 1870 2005 in
1896 1959 1981 2006 outae
2003 1944 2044 2006 ud
2066 1943 2099 2006 id

1356 2032 1464 2093 mitens
1486 2035 1639 2114 elegerint
1660 2035 1853 2098 sacerdotem
1875 2043 1935 2098 out
1957 2037 2099 2100 soeculu-

1357 2143 1422 2187 111
1444 2133 1504 2190 out
1526 2128 1707 2206 regularem
1733 2131 1871 2192 alterius
1899 2130 2018 2191 diuersi
2043 2131 2100 2194 Or-

1357 2219 1443 2282 dinis
1463 2224 1683 2302 professorem,
1698 2222 1732 2284 in
1755 2223 1805 2284 ltis
1821 2222 1948 2286 casibus
1971 2223 2097 2302 Episco-

1354 2314 1400 2390 pi,
1422 2327 1480 2389 pro
1501 2315 1555 2374 sui
1577 2312 1717 2378 arbitrio
1732 2323 1762 2379 et
1779 2317 1986 2388 conscientia,
2004 2317 2097 2394 depu-

1356 2406 1513 2468 tutionem
1542 2407 1728 2470 huiusmodi
1755 2411 1860 2490 fucere
1881 2411 2020 2488 possint,
2044 2427 2098 2471 nec

1355 2499 1415 2561 illo
1437 2502 1546 2577 ottonis
1579 2499 1676 2563 titulo
1708 2509 1769 2564 out
1796 2511 1982 2580 praetentu,
2005 2523 2025 2566 0
2045 2521 2097 2565 su·

1354 2592 1537 2669 parionibus
1559 2592 1765 2673 regularibus
1787 2595 1892 2659 uolent
1915 2599 2075 2676 impediri.

1394 2686 1603 2766 Perscriptum
1623 2704 1696 2750 sane
1716 2686 1775 2751 fuit
1797 2690 1977 2753 huiusmodi
1996 2691 2098 2754 decre·
2153 2707 2187 2751 aa
2203 2705 2338 2768 generans

1356 2787 1421 2842 tum
1445 2795 1479 2842 11
1500 2781 1675 2854 occasione,
1697 2798 1757 2860 qua
1785 2783 1932 2861 agebatur
1953 2785 1990 2847 de
2010 2785 2099 2848 resti·
2117 2759 2337 2860 gffs'ffl‘vssfflqu‘
2411 2803 2412 2806 ’

1355 2872 1468 2935 tuenda
1491 2873 1522 2935 in
1543 2874 1634 2936 certis
1654 2875 1838 2952 quibusdam
1851 2877 2031 2954 regionibus
2052 2895 2098 2940 ec·

1354 2965 1519 3028 clesiastica
1551 2966 1709 3045 disciplina
1736 2971 1772 3030 ad
1804 2969 1936 3032 iormam
1968 2971 2099 3036 concilii

1355 3060 1547 3123 Tridentini:
1573 3075 1683 3122 rerum
1705 3061 1799 3141 ipsius
1820 3065 1936 3126 decreti
1958 3065 2049 3142 vigor
2062 3067 2098 3128 ad

1355 3169 1403 3214 eas
1425 3155 1583 3216 dumtaxat
1613 3153 1756 3230 regiones
1777 3157 1908 3220 minime
1937 3159 2098 3222 restrictus

1354 3249 1424 3326 luit,
1447 3267 1546 3329 quum
1574 3267 1613 3312 ex
1644 3253 1818 3314 animarum
1840 3253 1991 3330 pericula,
2020 3271 2098 3334 quae

1353 3361 1391 3406 ex
1413 3353 1563 3424 perpetua
1583 3345 1796 3408 coniessorum
1817 3345 1955 3410 eiusdem
1976 3348 2098 3412 Ordinis

1353 3438 1552 3518 deputatione
1579 3439 1786 3513 timebantur,
1810 3439 1841 3502 in
1864 3442 2010 3505 omnibus
2031 3459 2097 3504 mo·

1353 3532 1494 3594 uasteriis
1516 3533 1867 3612 regulariumregimini
1888 3537 2032 3599 subiectis
2054 3537 2098 3599 lo-

1353 3641 1424 3687 cum
1440 3626 1552 3688 babere
1566 3627 1700 3704 possint3
1717 3637 1748 3689 et
1763 3645 1974 3708 quaecumque
1989 3631 2096 3694 adver·

1352 3734 1403 3780 sus
1424 3721 1586 3782 decretum
1607 3721 1708 3800 ipsum
1734 3722 1861 3785 adducta
1887 3722 2035 3800 luerunt,
2059 3740 2098 3785 ex

1353 3816 1549 3892 generalibus
1562 3816 1716 3879 Ordinem
1736 3817 1859 3880 statutis
1873 3825 1904 3880 et
1925 3833 1964 3878 ex
1985 3820 2098 3881 consti·

1353 3909 1527 3971 tutionibus
1541 3909 1725 3973 monialium
1740 3911 1934 3988 regularibus
1948 3913 2097 3977 subiecta-

1352 4019 1435 4078 rum,
1451 4003 1569 4066 iuerint
1583 4005 1754 4084 desumpta.
1769 4005 1912 4085 Cumque
1927 4007 2096 4071 iudicatum

1350 4096 1457 4172 luerit,
1480 4113 1513 4158 11
1537 4098 1640 4160 omnia
1662 4113 1857 4178 nequaquam
1879 4099 2010 4177 obstare,
2034 4116 2095 4179 quo

1350 4190 1456 4253 minus
1468 4191 1508 4253 ita
1520 4193 1753 4270 decerneretur;
1765 4193 1917 4272 sequitur,
1930 4201 1977 4269 ut,
1989 4211 2096 4274 quarn·

1351 4283 1396 4345 ris
1419 4284 1520 4346 eidem
1542 4287 1664 4348 decreto
1692 4302 1812 4348 causam
1841 4287 1984 4349 dederint
2004 4304 2096 4367 pecu-

1349 4376 1475 4440 liarium
1497 4380 1700 4457 quarumdam
1714 4379 1881 4456 regionum
1900 4381 2095 4444 necessitates

1349 4470 1541 4550 Apostolicae
1561 4471 1634 4535 Sedi
1655 4488 1691 4534 eo
1713 4481 1854 4551 tempore
1875 4474 2041 4552 expositae,
2060 4473 2095 4535 il-

1350 4561 1403 4624 lud
1425 4569 1530 4626 tamen
1559 4564 1704 4641 generale
1723 4565 1775 4640 sit,
1798 4571 1829 4626 et
1855 4566 2018 4628 uniuersos
2040 4582 2094 4644 per

1348 4655 1456 4718 orbem
1467 4659 1626 4736 regulares
1639 4659 1899 4722 monasteriorum
1910 4661 2094 4724 monialium

1349 4751 1497 4829 praelatos
1519 4753 1640 4816 afficere
1655 4754 1774 4815 debeat.
1798 4753 1876 4816 Cum
1892 4770 1967 4817 vero
1981 4754 2093 4818 deinde

1347 4843 1426 4906 alter
1441 4844 1580 4908 laudatus
1593 4847 1805 4925 praedecessor
1815 4847 2000 4911 Benedictus
2011 4849 2090 4912 lllll·

1348 4937 1521 5001 lnoocentii
1544 4939 1647 5002 literas
1669 4939 1701 5002 in
1717 4939 1814 5002 iorma
1828 4941 1967 5020 specilioa
1982 4944 2093 5004 confir-

1346 5038 1458 5107 maret,
1470 5032 1558 5094 nobis
1579 5039 1709 5108 constat,
1726 5033 1809 5095 illius
1830 5041 1972 5096 mentem
1987 5033 2090 5110 luisse,

1347 5131 1382 5185 ut
1403 5125 1581 5187 huiusmodi
1602 5127 1763 5190 decretum
1786 5127 1971 5190 universalis
1991 5135 2024 5190 et
2045 5129 2092 5190 in-

1347 5215 1497 5280 violabilis
1524 5219 1599 5296 legis
1629 5219 1692 5281 rim
1714 5221 1878 5284 obtineret.
1910 5221 2091 5301 Superque

1347 5310 1551 5374 nibilominus
1572 5329 1612 5375 ne
1634 5313 1696 5376 ulla
1717 5316 1796 5393 apud
1817 5316 1936 5394 aliquos
1957 5316 2091 5395 supersit

1346 5405 1506 5481 dubitatio,
1528 5407 1674 5485 nosipsi,
1696 5409 1906 5486 praesentium
1929 5409 2087 5472 literarum

1346 5499 1463 5576 rigore,
1486 5515 1519 5561 ac
1540 5507 1629 5562 motu
1649 5501 1773 5580 proprio
1794 5509 1825 5562 et
1846 5509 1927 5564 certa
1948 5502 2087 5578 seientia,
2134 5507 2251 5553 Pontifex
2265 5517 2325 5554 eam

1345 5593 1445 5672 deque
1473 5593 1654 5671 apostolicae
1683 5595 1840 5672 potestatis
1872 5566 2311 5677 plenitudine,t⁰tii³r⁶⁸⁵⁰fmen

1345 5687 1444 5764 ipsum
1475 5686 1610 5748 relatum
1643 5688 1816 5750 innocentii
1847 5689 2087 5766 praedecessoris
2106 5671 2263 5713 ¹¹¹⁰¹¹²⁸te¹¹³
2284 5679 2323 5714 '²'

2105 5719 2240 5784 galeribus
2258 5723 2324 5768 snb·

1343 5780 1990 5860 decretum,statutum,mandatum,atque
2002 5799 2088 5861 prae·
2105 5779 2324 5885 ggffilgffllfflr

1343 5879 1478 5952 ceptum,
1499 5874 1534 5936 ad
1556 5873 1662 5935 omnia
1683 5888 1738 5952 per
1758 5873 1866 5936 orbem
1888 5874 2003 5954 ubique
2024 5876 2086 5938 exi·

2172 5614 2206 5658 ad
2233 5615 2325 5662 011111,
