4798 6978
368 553 423 608 31.
437 553 468 608 6.
489 553 558 606 1336
607 554 666 620 666

586 690 698 770 passivi
718 689 855 768 sullragii
878 689 946 752 iure
966 687 1122 763 truantur,
1145 687 1274 749 servatis
1288 691 1331 747 ta·

587 799 660 846 men
681 800 715 846 ac
735 783 878 860 religiose
910 781 1045 862 impletis
1066 782 1120 857 iis,
1143 795 1222 860 quae
1251 781 1330 844 circa

586 879 741 942 vocalium
759 893 928 942 numerum
944 878 1062 940 decreta
1078 876 1207 940 luerunt
1222 877 1254 939 in
1267 891 1330 938 sae-

586 973 704 1053 6611611
715 970 841 1051 epistota
866 973 956 1038 16161
968 969 1098 1050 plume,-
1119 970 1160 1032 113
1174 968 1329 1046 videlicet,

586 1073 621 1130 ut
632 1067 665 1130 in
681 1066 841 1144 designato
862 1065 1040 1130 huiusmodi
1051 1079 1183 1128 numero
1198 1063 1331 1126 1111113163

588 1164 644 1244 ipsi
666 1162 873 1228 includantur.

388 1263 568 1310 rroto-trcnr-
625 1257 694 1332 §le
718 1258 823 1320 Tertio
845 1258 1005 1321 decretum
1024 1254 1094 1329 luit,
1110 1249 1330 1316 Proto-drobi·

355 1317 460 1434 iiffidc'rj,
475 1317 568 1418 ’3ῗῦοὲἶῖ
586 1351 758 1415 mandritae
779 1351 900 1414 licitum
921 1349 999 1425 lore,
1021 1349 1153 1412 Abbates
1173 1344 1331 1423 regulares

354 1421 454 1522 {iiim
474 1426 569 1472 ⁸⁸⁵⁰¹¹“
586 1462 641 1510 seu
663 1443 926 1508 archimandritas
954 1441 1215 1505 monasteriorum
1246 1453 1331 1518 prae-

585 1539 663 1602 tatae
685 1537 942 1617 congregationis
962 1537 1100 1612 visitare,
1121 1541 1214 1613 atque
1235 1533 1329 1596 61136

585 1649 637 1696 663
658 1632 690 1696 16
710 1640 778 1696 acto
799 1630 985 1694 visitationis
1006 1627 1197 1704 huiusmodi,
1208 1625 1330 1705 quoties

584 1726 616 1789 id
637 1727 740 1803 exigat
761 1725 1017 1791 monasteriorum
1039 1723 1167 1795 utilitas,
1179 1721 1216 1782 ab
1230 1720 1329 1782 olllcio

585 1820 789 1899 suspendere:
808 1827 964 1882 reservato
975 1824 1080 1880 tamen
1091 1815 1246 1894 suspensis
1261 1814 1330 1875 iure

585 1913 758 1992 appellandi
773 1914 805 1976 in
816 1912 995 1975 devolutivo
1007 1913 1043 1974 ad
1057 1907 1329 1990 Metropolitanum

586 2017 741 2086 tamquam
762 2005 849 2070 Sedis
864 2005 1054 2084 apostolicas
1074 2004 1273 2082 Delegatums
1297 2017 1329 2063 ao

585 2100 678 2162 etiam
693 2099 864 2180 appellandi
879 2099 911 2160 in
926 2099 1106 2176 suspensivo
1120 2097 1155 2158 ad
1171 2096 1328 2169 eumdem,

584 2193 608 2254 si
621 2192 700 2254 iorto
715 2191 1075 2255 Proto-urchtmandrita
1092 2192 1122 2253 in
1139 2187 1270 2270 praelata
1283 2187 1330 2248 vi·

584 2284 731 2348 sitatione
751 2287 786 2348 ad
802 2285 875 2347 alias
889 2301 1002 2364 poenas
1016 2285 1151 2364 corporis
1172 2282 1330 2346 afflictivas

584 2387 637 2442 aut
659 2378 817 2442 infamiam
840 2379 1011 2456 irrogantes
1031 2385 1139 2441 contra
1159 2375 1330 2456 praedictos

585 2472 717 2536 Abbates
737 2473 930 2550 processerit.

354 2576 567 2692 proisitffffla‘o'
608 2567 643 2668 Ιἓ
663 2567 692 2628 ii.
716 2567 842 2672 Quarto,
864 2567 997 2672 3161113
1017 2563 1206 2672 visitationis
1227 2569 1330 2626 actum

353 2691 379 2726 ιιι
403 2684 488 2730 causis
509 2695 566 2740 grt-
586 2661 945 2724 Proto-lrobrmandrtta
957 2660 1122 2738 procedere
1136 2657 1329 2722 velitadver·

354 2735 416 2781 ”⁰⁵
437 2739 565 2796 proceras.
585 2772 636 2818 sus
657 2755 752 2817 dictos
774 2754 903 2817 abbates
924 2755 957 2816 in
978 2753 1077 2816 causis
1099 2751 1279 2831 graviorum
1298 2761 1329 2814 et

586 2846 793 2926 personalium
814 2847 995 2922 criminum,
1007 2863 1086 2926 quae
1100 2863 1137 2910 ex
1153 2845 1229 2909 iuris
1245 2861 1329 2925 prae·

583 2941 697 3020 scripto
719 2941 917 3020 depositionis
932 2941 1040 3020 poena,
1056 2938 1108 3002 vel
1122 2939 1179 3002 3111
1192 2939 1329 3018 corporis

583 3032 798 3097 adlictivd'aut
813 3033 971 3097 infamiam
992 3033 1161 3110 irrogante,
1172 3033 1327 3112 punienda

582 3135 700 3205 essent;
723 3127 883 3192 decretum
899 3127 969 3204 luit,
985 3129 1014 3191 id
1031 3128 1119 3191 aliter
1140 3127 1177 3189 ab
1191 3143 1227 3188 eo
1241 3142 1327 3207 prae·

582 3223 657 3286 stari
680 3239 744 3286 non
765 3238 870 3303 posse,
893 3237 987 3303 quam
1013 3221 1154 3299 legitimo
1184 3237 1326 3301 processu

583 3315 754 3392 edormato,
769 3322 802 3378 et
817 3333 879 3380 una
894 3331 966 3378 cum
982 3315 1327 3390 66636116116366,6ο1-

584 3407 650 3470 13113
659 3410 835 3484 sententiis,
847 3409 1012 3492 statuendo
1026 3407 1176 3487 quidquid
1193 3407 1225 3470 in
1239 3407 1327 3471 causa

582 3503 813 3566 decernendum
834 3509 866 3566 61
887 3503 1157 3582 pronunciandum
1172 3502 1329 3564 existima-

582 3597 677 3658 verit:
701 3597 739 3660 ab
759 3596 843 3659 illius
863 3603 967 3660 autem
986 3597 1139 3659 sententia
1160 3595 1327 3658 licitumst

583 3690 743 3767 integrum
763 3689 830 3753 lore
850 3690 1087 3770 appellationem
1106 3688 1200 3752 etiam
1215 3689 1247 3752 io
1263 3707 1328 3752 sus·

581 3784 710 3862 pensivo
732 3785 933 3863 interponere
953 3785 989 3846 ad
1011 3783 1198 3860 praedictum
1216 3783 1328 3845 116116-

580 3877 755 3956 politanum
777 3883 934 3957 tamquam
957 3876 1043 3938 Sedis
1058 3875 1249 3954 Apostolicae
1271 3877 1328 3938 lle-

580 3971 728 4048 legatum.

351 4137 356 4148 ,
375 4083 563 4140 1661316631
620 4066 689 4140 §6-
711 4065 826 4141 Quinto
857 4065 1043 4144 permissum
1077 4062 1138 4128 luit
1168 4063 1327 4126 monacbis

350 4147 562 4254 'qpfflffiffiffii
581 4159 840 4239 quibuscumque,
862 4157 888 4220 si
909 4157 989 4220 lorte
1010 4173 1179 4236 gravamen
1200 4157 1258 4220 sibi
1272 4157 1326 4219 ali-

350 4249 562 4345 fflfflggfffll‘
581 4253 662 4332 quod
685 4269 700 4314 a
720 4251 1081 4315 Proto-archimandrite
1096 4251 1217 4313 illatum
1232 4250 1326 4314 luisse

581 4343 782 4423 contendant,
798 4361 960 4409 recursum
982 4345 1095 4408 babere
1116 4347 1152 4409 ad
1173 4345 1325 4425 Metropo-

580 4441 715 4504 litanum
737 4448 893 4520 tamquam
908 4439 1080 4519 praedictae
1102 4438 1187 4504 Sedis
1202 4439 1328 4518 belega-

582 4543 662 4611 tum,
677 4535 767 4597 salva.
781 4541 886 4596 tamen
899 4550 1022 4613 semper
1033 4534 1223 4614 apostolicae
1238 4531 1325 4596 Nun-

580 4627 716 4691 ciaturae
736 4626 937 4707 eiusdemque
959 4625 1045 4690 Sedis
1065 4628 1257 4690 auctoritate.

365 4739 564 4786 3666613166-
622 4721 641 4796 5
662 4719 689 4782 7.
713 4721 766 4784 llis
787 4729 890 4782 autern
903 4719 1018 4782 adiecta
1033 4720 1175 4783 suntalia
1191 4722 1323 4796 decreta,

350 4793 563 4894 23⁰¹}gssssfii‘2ssi?
581 4831 659 4894 quae
670 4813 845 4876 animarum
857 4812 1113 4876 christifidelium
1128 4813 1259 4876 salutem
1276 4829 1325 4876 eo-

350 4899 563 5012 ffiggfgfflflflglggj
582 4905 716 4987 rumque
748 4907 940 4986 spiritualem
972 4921 1077 4968 curam
1109 4913 1322 4970 concernunt:

350 5008 426 5106 groco
444 5019 564 5068 1616366-
582 5001 693 5081 quibus
714 4999 868 5063 edicendis
890 5001 1079 5064 occasionem
1101 5010 1132 5063 et
1152 5016 1274 5064 633336
1296 5002 1325 5065 id

368 5071 391 5107 ⁸'
582 5093 741 5174 praebuit,
771 5092 852 5173 quod
874 5093 962 5156 nobis
982 5101 1014 5157 et
1042 5094 1232 5174 Apostolicae
1254 5094 1325 5160 sedi

583 5189 732 5262 innotuit,
754 5203 842 5268 saepe
863 5188 1057 5266 contingere,
1074 5197 1108 5250 ut
1129 5195 1255 5268 propter
1275 5203 1327 5268 po·

582 5282 706 5345 noriam
717 5281 911 5343 sacerdotum
925 5279 1129 5342 saecularium
1144 5281 1224 5344 ritus
1239 5295 1325 5358 grae-

582 5374 759 5438 co-rutbeni
774 5373 945 5437 necessario
956 5381 1108 5450 cogantur
1122 5373 1258 5437 eiusdem
1274 5391 1327 5436 na·

583 5471 675 5534 tionis
690 5469 829 5550 Episcopi
852 5473 1016 5531 monaobos
1040 5468 1186 5548 praedicti
1203 5467 1326 5532 Ordinis

581 5565 617 5626 ad
644 5564 811 5641 gerendam
842 5565 1017 5626 animarum
1047 5577 1153 5625 curam
1181 5577 1324 5638 evocaro;

580 5674 613 5720 36
634 5658 726 5720 61136
749 5657 912 5736 aliquando
934 5656 1102 5720 nonnullos
1116 5673 1154 5718 61
1171 5656 1207 5718 113
1227 5655 1262 5716 ad
1280 5655 1326 5717 iu·

579 5751 781 5814 serviendum
802 5751 936 5813 ecclesiis
950 5749 1175 5812 cathedralibus
1195 5765 1327 5811 arcesse-

580 5861 624 5905 re.
647 5843 733 5920 Quod
755 5845 858 5923 itaque
879 5849 995 5922 spectat
1016 5843 1052 5905 ad
1074 5844 1239 5906 monachos
1260 5841 1326 5905 ani-

579 5953 701 6002 marum
722 5938 870 6014 regimini
900 5935 1143 6017 praeponendos,
1166 5937 1326 5999 decretum

1106 565 1172 614 ltin.
1195 567 1286 614 bour.
1310 563 1354 612 DE
1371 561 1400 610 P·
1425 562 1454 612 11.
1479 564 1562 614 PARS
1583 565 1604 614 1.

2161 547 2212 612 An.
2225 562 2253 616 Ο.
2270 560 2324 620 mit

1386 682 1445 746 luit
1467 690 1513 760 ut,
1536 687 1658 766 quoties
1678 704 1696 750 e
1717 687 1799 752 clero
1822 688 1971 753 saeculari
1995 689 2134 752 sacerdo-

1388 783 1432 840 tes
1454 775 1491 840 ad
1512 778 1542 842 id
1563 781 1705 844 moneris
1725 782 1828 846 idonei
1849 799 1956 846 revera
1977 779 2132 862 deliciant,
2197 802 2200 810 ·

1386 887 1451 934 non
1472 872 1617 937 omittant
1640 873 1778 955 Episcopi
1800 893 1867 939 166
1885 893 1957 941 666
1972 877 2134 942 Proto-dr·

1386 964 1592 1030 chimandritt
1622 969 1869 1046 commonicare,
1902 977 1933 1032 et
1964 985 2035 1034 oum
2067 972 2134 1049 ipso

1386 1073 1490 1136 agere,
1511 1077 1572 1141 quo
1593 1061 1651 1124 sibi
1672 1076 1723 1124 eos
1745 1063 1910 1127 monachos
1933 1063 2059 1127 concedi
2081 1065 2135 1126 ob·

1388 1153 1518 1230 tineent,
1541 1153 1595 1233 qui
1610 1155 1643 1216 in
1655 1155 1806 1232 regimine
1820 1164 1851 1218 et
1865 1155 2133 1220 administratione

1387 1245 1597 1325 ecclesiarum,
1618 1249 1731 1327 quibus
1751 1265 1825 1312 cura
1850 1251 1996 1313 imminet
2015 1252 2134 1314 anima-

1386 1359 1470 1420 rom,
1493 1344 1647 1408 delectum
1675 1345 1837 1425 suppleant
1862 1350 2066 1414 saecularium
2087 1367 2133 1413 sa·

1386 1439 1562 1515 66116166
1596 1447 1695 1518 utque
1726 1442 1904 1507 huiusmodi
1932 1445 2076 1507 monachi
2099 1445 2133 1508 iu

1386 1532 1534 1593 exercitio
1556 1534 1695 1596 moueris
1715 1533 1772 1596 sibi
1794 1538 1961 1601 concrediti
1977 1538 2134 1617 Episcopis

1386 1625 1457 1704 ipsis
1471 1626 1599 1688 subiecti
1621 1641 1687 1690 6336
1701 1627 1844 1705 debeant,
1857 1631 1964 1709 eisque
1977 1631 2134 1694 rationem

1385 1718 1513 1782 reddere
1534 1721 1572 1782 do
1593 1720 1725 1784 iniuncti
1745 1721 1804 1786 sibi
1825 1723 1917 1787 6111611
1938 1724 2136 1787 administra·

1386 1812 1484 1874 tione:
1508 1813 1551 1874 ita
1572 1821 1607 1876 ut
1627 1816 1816 1896 quicumque
1830 1817 1988 1896 regulares
2008 1818 2045 1880 ad
2067 1817 2135 1880 ani·
2153 1821 2328 1926 ,ffgpdeppiioos

1387 1921 1506 1970 marum
1527 1923 1634 1971 curam
1656 1916 1687 1970 et
1708 1917 1972 1974 sacramentorum
1998 1911 2134 1974 admini-
2239 1889 2287 1926 ⁰⁰'

1385 2001 1581 2078 strationem,
1604 2007 1639 2065 ut
1661 2017 1764 2082 supra,
1779 2009 1927 2083 assumpti
1949 2003 2080 2081 luerint,
2099 2005 2152 2084 in

1387 2093 1435 2170 113,
1457 2111 1535 2174 quae
1556 2095 1591 2158 ad
1606 2102 1776 2175 utrumque
1797 2097 1975 2160 huiusmodi
1992 2099 2134 2162 ministe-

1386 2188 1468 2250 rium
1490 2189 1661 2267 pertinent,
1685 2189 1881 2252 immediatae
1908 2191 2133 2270 Episcoporum

1386 2281 1602 2358 iurisdictioni,
1618 2283 1788 2344 visitationi
1809 2291 1840 2346 et
1860 2285 2046 2348 correctioni
2060 2283 2135 2346 sub
2163 2309 2164 2312 ¹

1386 2389 1451 2436 esse
1482 2375 1629 2452 debeant;
1663 2391 1823 2454 nonquam
1852 2393 1928 2440 vero
1955 2377 2134 2440 animarum

1385 2483 1490 2530 curam
1511 2468 1666 2548 suscipere
1687 2470 1816 2547 possint,
1832 2471 1891 2534 nisi
1912 2477 2002 2534 antea
2021 2487 2134 2552 oppor-

1387 2569 1495 2625 tunam
1520 2564 1704 2626 eorumdem
1736 2564 1957 2645 Episcoporum
1983 2566 2132 2644 approba·

1387 2656 1504 2720 tionem
1518 2657 1725 2734 obtinuerint,
1737 2673 1830 2737 quam
1844 2659 1971 2737 quidem
1986 2657 2028 2737 iri,
2045 2677 2134 2741 prae-

1385 2751 1436 2812 vio
1456 2765 1566 2813 eorum
1598 2752 1743 2814 examine
1762 2752 1841 2816 circa
1872 2754 2084 2830 idoneitatem,
2106 2755 2133 2816 si

1385 2844 1414 2906 id
1434 2844 1640 2907 necessarium
1656 2851 1687 2908 61
1702 2845 1868 2925 expediens
1889 2863 1955 2908 esse
1977 2847 2132 2910 iudicave-

1384 2938 1459 3014 rint,
1483 2939 1538 3018 ipsi
1555 2938 1755 3016 elargientur.
1780 2940 1812 3004 Si
1834 2947 1940 3003 autem
1956 2940 2074 3021 aliquos
2092 2959 2133 3004 61

1384 3031 1542 3094 monachis
1562 3032 1598 3094 ad
1621 3031 1856 3096 inserviendum
1870 3034 2006 3097 ecclesiis
2026 3037 2131 3098 cathe-

1384 3123 1519 3188 dralibus
1548 3125 1662 3188 assumi
1683 3126 1862 3203 contingat,
1885 3128 1940 3190 bos
1961 3128 2055 3191 etiam
2076 3129 2130 3192 de·

1384 3224 1504 3281 oretum
1526 3217 1595 3295 luit,
1620 3220 1652 3281 iu
1674 3218 1722 3295 113,
1745 3233 1822 3299 quae
1852 3221 2132 3286 66616313136116-

1383 3311 1515 3374 iusmodi
1536 3313 1699 3375 servitium
1720 3313 1925 3392 divinumque
1938 3314 2066 3388 cultum
2081 3333 2130 3378 re-

1383 3405 1527 3486 spiciunt,
1551 3405 1779 3484 praedictorum
1801 3407 2023 3488 Episcoporum
2039 3411 2131 3474 iuris·

1383 3499 1509 3562 dictioni
1529 3499 1654 3562 subesse
1674 3498 1797 3563 debere.

1422 3592 1491 3668 58.
1514 3594 1593 3668 Quas
1620 3595 1745 3673 quidem
1774 3610 1882 3658 omnes
1910 3597 2129 3675 resolutiones,
2167 3611 2313 3674 ,1161313163

1384 3692 1543 3767 utsupra,
1566 3693 1678 3766 captas,
1702 3704 1758 3750 nos
1778 3662 2262 3770 161163661616311633;(110τῖ6ίῖ111ῑῖι
2278 3675 2315 3710 Μ’
2363 3719 2364 3753 r

1383 3789 1414 3844 et
1435 3797 1518 3864 npno
1539 3783 1667 3858 iterum,
1690 3782 1814 3861 praevia
1828 3785 2063 3848 confirmatione
2076 3803 2130 3850 su·

1382 3891 1436 3954 pra
1452 3876 1562 3966 citatae
1576 3875 1805 3938 constitutionis
1820 3885 1944 3940 nostrae
1957 3879 2130 3957 16161616-

1383 3983 1444 4040 163,
1473 3967 1572 4046 quoad
1598 3983 1632 4030 ea
1660 3969 1781 4045 omnia,
1809 3985 1888 4049 quae
1913 3971 2023 4035 iisdem
2044 3987 2130 4035 reso·

1383 4061 1554 4124 lutionibus
1578 4061 1736 4142 bucusque
1761 4063 1868 4125 relatis
1887 4067 2040 4128 contraria
2062 4082 2128 4130 uon

1381 4163 1466 4232 sunt,
1488 4157 1698 4236 praesentium
1714 4156 1875 4221 literarum
1890 4165 2068 4223 nostrarum
2082 4168 2130 4223 te-

1383 4267 1459 4315 nore
1479 4267 1528 4314 633
1549 4253 1752 4331 approbamus
1773 4260 1805 4314 et
1826 4255 2057 4332 confirmamus,
2082 4263 2130 4317 at·

1382 4363 1443 4426 que
1463 4343 1659 4409 omnimodae
1681 4348 1856 4410 executioni
1878 4347 2014 4412 mandari
2038 4350 2127 4412 volu·

1383 4455 1453 4502 mus
1473 4449 1503 4503 61
1525 4441 1699 4504 statuimus.

1422 4533 1484 4609 §tt
1497 4535 1600 4610 Quum
1611 4550 1697 4610 vero,
1708 4543 1774 4614 post
1785 4538 2024 4616 praemissarum
2034 4555 2128 4618 quae-
2145 4547 2318 4647 mrlagviffiffiffi

1381 4627 1519 4690 stionum
1541 4643 1671 4691 eramen
1686 4635 1778 4707 atque
1793 4630 2018 4708 definitionem,
2034 4649 2127 4711 erpo·
2145 4652 2249 4700 33666
2261 4649 2318 4694 coes

1380 4721 1476 4783 situm
1498 4722 1585 4784 nobis
1605 4721 1711 4800 luerit,
1724 4722 1875 4786 nonnulla
1895 4732 2001 4788 extare
2021 4707 2318 4818 66113-ἷ,Ῑίῗζ’ἷῖ,Ἰῖ“ῑ·ιω
2359 4709 2360 4770 1

1381 4816 1484 4890 steria,
1508 4815 1675 4892 gubernari
1697 4817 1771 4880 olim
1793 4817 1882 4881 solita
1902 4835 1958 4899 per
1983 4819 2125 4894 Abbates,

1382 4908 1435 4986 qui
1466 4908 1541 4970 inibi
1571 4911 1609 4972 ad
1637 4911 1885 4975 nominationem
1916 4912 2064 4975 carissimi
2093 4915 2127 4978 iu

1383 5000 1504 5065 Christo
1527 5001 1582 5064 lilii
1604 5005 1702 5065 nostri
1726 5003 1870 5068 Poloniae
1892 5005 2000 5083 Regis,
2023 5007 2126 5085 Magni

1383 5097 1473 5160 Ducis
1499 5095 1682 5160 Litbuaniae
1708 5113 1764 5178 pro
1794 5105 1932 5179 tempore
1953 5103 2126 5178 existentis,

1381 5205 1437 5252 seu
1457 5189 1551 5253 etiam
1566 5190 1696 5254 aliorum
1713 5191 1897 5255 inleriorum
1913 5201 2126 5272 patronorum,

1382 5283 1660 5359 constituebantur,
1674 5301 1770 5363 eaque
1791 5300 1876 5348 nunc
1890 5287 2128 5365 asuperioribus

1382 5382 1413 5437 et
1434 5377 1593 5439 monacbis
1614 5379 1790 5456 provinciae
1809 5378 1994 5443 Litbuauiae
2008 5382 2041 5443 in
2054 5383 2128 5443 sim·

1383 5467 1476 5548 1111663
1496 5469 1706 5547 superioratus
1726 5487 1873 5535 conversa
1893 5472 2002 5552 luisse;
2025 5474 2127 5537 nobis-

1383 5579 1444 5642 que
1465 5563 1595 5643 proinde
1616 5564 1823 5644 supplicatum
1843 5566 1949 5643 luerit,
1967 5575 2001 5630 ut
2022 5569 2127 5633 buius-

1383 5656 1466 5718 modi
1488 5657 1675 5719 monasteria
1697 5658 1730 5720 in
1752 5659 1914 5737 pristinam
1936 5660 2126 5724 abbatiarum

1383 5750 1566 5827 dignitatem
1594 5751 1735 5828 restitui,
1757 5769 1790 5814 ao
1814 5755 1916 5816 debita
1947 5763 2127 5834 patronatus

1384 5846 1449 5907 iura
1470 5861 1564 5924 super
1584 5845 1656 5922 illis,
1680 5855 1748 5909 tum
1769 5849 1872 5926 regiae
1893 5851 2042 5913 maiestati
2057 5859 2126 5914 turn

1382 5936 1449 5999 aliis
1470 5936 1668 6000 inferioribus
1698 5940 1850 6019 patronis,
1878 5941 1978 6004 illaesa
2000 5957 2127 6006 manere
