4798 6978
191 504 200 524 ⁸
261 565 264 572 ·
369 540 558 605 66661668
608 541 665 617 7160
1110 565 1175 619 666.
1199 568 1290 619 conr.
1314 575 1355 620 66
1376 566 1405 620 i.
1429 568 1458 622 6.
1482 570 1565 624 bans
1586 572 1607 624 6.
2158 565 2313 633 6661666

755 740 1074 811 asserionem.
1092 743 1160 811 aa
1388 697 2131 874 11111111611111111111111·

725 883 761 951 ad
790 884 920 950 iuiurem
943 883 985 952 rei
1008 883 1190 951 memoriam.
1427 903 1481 949 vn.
1506 889 1552 950 bn
1575 887 1992 969 666616616666666616666
2012 909 2131 972 compe-

1387 989 1455 1044 tens
1476 983 1508 1043 in
1531 997 1618 1044 causa
1640 981 1790 1046 nullitatis
1811 983 1970 1046 electionis
1990 981 2026 1048 ad
2046 1003 2133 1064 prae·

625 1078 644 1152 ξ
668 1076 694 1136 1.
726 1075 890 1138 Emanavit
921 1091 1021 1153 nuper
1048 1093 1063 1136 a
1091 1077 1331 1153 congregatione
1386 1073 1567 1153 posituram,
1584 1085 1615 1139 et
1631 1086 1791 1156 promotor
1818 1078 1927 1140 fiscalis
1948 1080 1985 1142 de
2006 1094 2041 1140 ea
2064 1079 2130 1144 inre

585 1167 762 1246 particulari
775 1167 1009 1230 veumlratrum
1025 1178 1204 1231 nostrorum
1216 1169 1327 1231 Sitis.
1386 1183 1477 1245 agere
1498 1169 1615 1248 valeat3
1638 1179 1731 1248 prout
1745 1171 1851 1247 etiam,
1868 1187 1923 1250 pro
1937 1172 2130 1235 observantia

586 1262 797 1326 cardinalium
818 1279 833 1322 a
856 1261 945 1324 nobis
970 1261 1124 1341 deputata,
1146 1279 1240 1342 super
1261 1270 1329 1325 octo
1385 1264 1526 1326 omniurn
1549 1265 1827 1328 constitutionuml

584 1355 684 1418 dubiis
707 1356 901 1418 vertentibus
924 1357 1005 1418 inter
1028 1372 1099 1418 ven.
1124 1355 1252 1420 fratrem
1274 1358 1329 1419 dr·
1424 1373 1493 1420 666.
1518 1361 1565 1420 An
1580 1359 1859 1438 adimplementum
1875 1362 2129 1440 capellaniarum,

584 1449 813 1528 cbiepiscopum
835 1451 1001 1512 Limonum
1017 1465 1054 1510 ex
1070 1467 1143 1524 una,
1160 1456 1191 1511 et
1206 1449 1329 1513 dilectos
1384 1452 1578 1532 aliorumque
1594 1453 1717 1532 piorum
1732 1471 1863 1532 operum
1879 1456 2081 1519 existentium
2098 1458 2129 1520 in

585 1544 663 1606 lilios
678 1543 871 1621 presbyteros
886 1543 1056 1604 saeculares
1072 1543 1329 1618 congregationis
1384 1545 1631 1624 congregatione
1651 1557 1684 1610 et
1704 1549 1830 1611 ecclesia
1853 1549 2020 1630 hospitalis,
2037 1552 2130 1630 perti·

583 1637 714 1700 Oratorii
737 1637 840 1700 Sancti
862 1637 994 1716 Philippi
1017 1635 1101 1699 Nerii
1124 1637 1264 1700 civitatis
1279 1640 1329 1702 Li·
1383 1649 1454 1702 6666
1474 1642 1511 1703 ad
1533 1641 1695 1704 internum
1718 1644 1873 1719 regimen,
1890 1644 1968 1707 itaut
1988 1645 2028 1706 sit
2043 1653 2129 1707 extra

583 1751 692 1796 manae
711 1750 747 1794 ex
769 1735 863 1795 altera
880 1731 1028 1810 partibus,
1041 1735 1189 1797 resolutio
1212 1737 1334 1828 tenoris
1384 1734 1592 1798 visitationem
1614 1735 1852 1816 6666166166661,
1874 1739 1907 1799 16
1930 1754 1999 1800 casu
2021 1741 2102 1800 etei

583 1829 753 1908 sequentis,
766 1827 920 1891 videlicet:
936 1829 1189 1904 Limane-Die
1203 1829 1328 1890 veneris
1424 1829 1610 1910 Eisdemque
1631 1829 1729 1892 dubiis
1752 1848 1934 1910 responsum
1957 1832 2032 1894 iuit:

582 1947 659 1992 xxx.
683 1928 853 1993 decembris
875 1941 1037 1989 6666666.
1055 1925 1087 1986 16
1103 1923 1229 1987 AEdibus
1251 1924 1327 1985 emi·
1422 1921 1465 1984 Ad
1489 1925 1638 2002 primum.
1663 1925 1874 2002 affirmative3
1901 1927 2037 2005 exceptis
2061 1927 2129 1989 eius

583 2025 756 2086 nentissimi
776 2029 806 2084 66
822 2020 1073 2083 reverendissimi
1089 2020 1205 2081 domini
1224 2019 1325 2081 cardi-
1383 2015 1536 2093 instituto,
1548 2019 1614 2080 sive
1629 2019 1723 2094 iis,de
1734 2020 1847 2097 quibus
1859 2020 2034 2098 loquuntur
2048 2021 2128 2082 con-

583 2118 660 2180 nalis
674 2115 864 2194 Sacripantes
877 2114 1000 2189 1116611,
1013 2113 1113 2176 habita
1128 2112 1187 2175 luit
1198 2127 1326 2188 congre·
1381 2111 1559 2174 stitutiones
1581 2111 1848 2190 congregationis.

582 2213 662 2289 gotio
682 2210 886 2288 particularis,
909 2225 923 2268 a
951 2207 1148 2271 sanctissimo
1170 2207 1324 2284 depromta,
1420 2203 1466 2266 nd
1487 2206 1670 2270 secundum.
1686 2204 1849 2284 Negatire,
1864 2208 2000 2285 exceptis
2015 2209 2130 2270 inven-

582 2305 719 2368 einsdem
741 2303 980 2366 eminentissimi
1004 2301 1121 2363 domini
1142 2309 1235 2378 66666
1250 2301 1325 2362 6661-
1381 2300 1457 2361 tario
1478 2299 1721 2378 supellectilium
1748 2300 1908 2378 ecclesiae,
1931 2317 2055 2365 necnon
2077 2318 2129 2363 eo-

581 2399 835 2461 nentissimorum
864 2405 895 2458 61
916 2395 1248 2457 reverendissimorum
1273 2395 1326 2456 do-
1379 2395 1525 2456 rurndem
1548 2393 1733 2456 visitatione.

580 2492 739 2554 minorum
761 2491 799 2552 de
820 2489 991 2564 1166666616,
1013 2495 1044 2550 66
1060 2485 1322 2564 Argenvellieres,
1419 2486 1464 2548 Ad
1487 2487 1640 2548 Tertium.
1666 2486 1735 2549 Non
1764 2505 1830 2550 esse
1854 2487 1957 2552 locum
1979 2490 2011 2551 in
2040 2505 2127 2569 prae·

580 2589 613 2650 in
635 2602 722 2650 causa
747 2584 874 2646 Limane
902 2584 984 2646 inter
1012 2583 1222 2644 venerabilem
1246 2583 1324 2644 con·
1379 2580 1490 2655 missis,
1514 2580 1583 2642 iure
1604 2579 1754 2658 delegato.

580 2682 794 2759 gregationem
809 2677 939 2743 Oratorii
961 2677 1062 2740 Sancti
1084 2677 1215 2756 Pbilippi
1238 2677 1323 2740 Nerii
1418 2677 1462 2738 Ad
1484 2675 1647 2752 Quartum.
1672 2674 1821 2754 Negatire
1842 2678 1873 2740 in
1896 2679 2053 2742 omnibus.

580 2775 720 2839 civitatis
741 2774 858 2848 Limne,
878 2781 909 2835 et
928 2771 1137 2834 reverendum
1159 2772 1323 2834 dominum
1418 2772 1461 2832 Ad
1483 2771 1645 2848 Quintum.
1670 2771 1865 2834 Affirmative
1886 2772 1918 2835 in
1940 2773 2096 2836 omnibus.

578 2875 788 2947 promotorem
812 2867 945 2929 fiscalem
968 2865 1321 2943 curiaearcbiepiscopa-
1418 2863 1463 2925 xd
1486 2863 1626 2928 Sextum.
1652 2863 1802 2942 Negatire
1823 2865 1856 2928 in
1879 2867 2034 2929 omnibus.

578 2961 616 3023 lis
636 2963 775 3024 eiusdem
785 2961 934 3037 civitatis;
958 2967 987 3022 et
1009 2959 1041 3021 in
1057 2975 1091 3020 ea
1112 2957 1241 3020 1666666
1253 2973 1321 3036 pro·
1417 2956 1461 3020 Ad
1486 2958 1672 3036 Septimum.
1702 2957 1896 3021 Adlrmative
1916 2976 1979 3038 quo
2004 2960 2040 3022 ad
2063 2961 2126 3039 pri·

578 3057 672 3134 posita
695 3064 727 3118 61
747 3056 878 3118 discussa
900 3053 1060 3131 sequentia
1080 3050 1186 3114 dubia:
1377 3068 1461 3114 mam
1483 3059 1621 3130 partem;
1645 3067 1792 3130 quovero
1807 3051 1842 3114 ad
1857 3053 2036 3130 secundam,
2054 3072 2124 3135 pro-

619 3168 641 3212 r.
665 3152 712 3212 An
736 3148 941 3226 congregatio
963 3147 1002 3209 sit
1024 3146 1201 3208 omnimode
1222 3147 1321 3209 661116-
1377 3154 1530 3208 motorern
1552 3143 1685 3207 fiscalem
1706 3160 1798 3221 agere
1812 3161 1875 3208 non
1897 3161 1984 3223 posse
1999 3163 2036 3208 ex
2058 3149 2125 3211 olii·

577 3253 623 3307 cta
646 3244 905 3306 reverendissimo
928 3240 1175 3319 xrcbiapiscoprr,
1199 3241 1231 3302 in
1257 3256 1320 3303 mo-
1376 3241 1433 3315 cio,
1457 3246 1489 3302 61
1511 3237 1598 3301 66116
1619 3254 1657 3299 66
1678 3238 1886 3302 sacerdotibus
1900 3240 2125 3318 congregatio·

577 3337 758 3413 (16166666,
781 3335 944 3413 assumptis
960 3341 990 3396 et
1005 3334 1162 3396 materiis?
1377 3337 1424 3397 nis
1446 3335 1581 3399 instante
1605 3350 1660 3414 pro
1687 3333 1831 3396 nullitate
1856 3335 2035 3413 electionis;
2059 3352 2123 3416 quo

547 3451 549 3458 ·
617 3447 651 3493 rr.
675 3432 722 3493 dn
745 3429 951 3506 congregatio
967 3435 1109 3490 teneatur
1131 3427 1250 3490 tradere
1264 3427 1321 3489 Ar·
1375 3429 1409 3490 ad
1433 3429 1568 3504 tertiam,
1592 3428 1747 3506 negative.

575 3525 767 3603 cbiepiscopo
787 3523 937 3596 visitanti,
960 3530 1093 3600 quatuor
1115 3521 1221 3597 libros,
1244 3537 1320 3600 quos
1415 3522 1460 3586 dd
1482 3530 1636 3584 octavum.
1667 3519 1833 3598 Negative,
1865 3529 1984 3584 servata
2012 3530 2119 3586 tamen

575 3619 660 3681 iuxta
686 3617 922 3681 constitutiones
944 3617 1058 3678 debent
1086 3617 1198 3678 babere
1220 3623 1320 3696 patres
1374 3617 1471 3694 quoad
1488 3616 1646 3679 ecclesiam
1663 3614 1818 3695 hospitalis
1833 3615 2032 3696 dispositione
2048 3616 2122 3680 Bre-

575 3709 725 3788 Oratorii3
750 3727 806 3774 666
828 3726 892 3772 666
914 3708 1006 3771 libros
1023 3725 1078 3770 seu
1094 3708 1209 3772 indices
1223 3708 1320 3770 666161-
1375 3709 1421 3770 vis
1449 3709 1639 3773 sanctissimi
1667 3709 1792 3771 Domini
1822 3710 1921 3772 nostri
1951 3699 2123 3774 66661666-

575 3806 616 3866 vii
640 3812 674 3889 66
693 3805 905 3878 bibliothecae,
917 3811 948 3864 et
964 3803 1172 3865 inventarium
1188 3802 1319 3882 supelle-
1375 3803 1456 3880 gusti
1479 3819 1642 3866 6666666.
1666 3803 1818 3881 Factaque
1829 3817 1884 3881 per
1899 3818 1949 3864 me
1964 3804 2123 3867 infrascri-

574 3899 694 3961 ctilium
716 3898 879 3961 6661661661
1374 3906 1464 3976 ptum
1479 3896 1627 3960 relatione
1643 3895 1806 3960 Sanctitati
1821 3895 1902 3960 Suae
1922 3898 2064 3960 omnium
2088 3907 2123 3961 66

615 4009 662 4054 nr.
687 3993 735 4054 dn
757 4001 869 4054 asserta
891 3991 1046 4069 exemptio
1071 3991 1107 4052 ab
1128 3991 1319 4055 exhibitione
1373 3992 1570 4072 singularum
1583 3992 1825 4070 supradictarum
1842 3989 2070 4055 resolutionum
2084 3992 2121 4055 in
2182 4035 2186 4042 -

574 4087 800 4168 praedictorum
816 4085 968 4148 librorum
983 4091 1091 4159 cesset,
1104 4086 1177 4147 dum
1193 4086 1319 4148 trebie·
1373 4087 1530 4151 audientia
1551 4085 1650 4149 babila
1675 4087 1724 4148 die
1743 4102 1812 4147 666.
1837 4086 1897 4148 166.
1924 4101 2119 4162 nocensne,

574 4181 716 4258 piscopos
738 4180 782 4242 uti
804 4175 995 4256 apostolicus
1010 4175 1174 4252 Delegatus
1195 4178 1318 4240 61611666
1373 4181 1577 4258 easdignatus
1589 4179 1677 4242 estin
1688 4179 1833 4244 omnibus
1844 4182 2021 4260 approbare,
2033 4198 2121 4244 man·

613 4290 655 4334 xv.
680 4273 728 4335 An
750 4272 914 4334 interiores
928 4271 1126 4332 oeconomiae
1142 4272 1318 4348 congrega·
1372 4275 1519 4353 davitque
1540 4275 1671 4352 desuper
1692 4273 1829 4353 expediri
1851 4273 1954 4337 literas
1975 4278 2120 4355 apostoli-

574 4367 678 4442 tionis,
701 4367 799 4446 quoad
822 4380 970 4444 expensas
984 4373 1181 4443 etcomputa,
1194 4380 1316 4428 necnon
1371 4385 1419 4431 666
1442 4369 1473 4430 16
1496 4367 1594 4430 lorma
1610 4367 1725 4428 Brevis.
1749 4367 1930 4446 inquorum
1947 4371 2040 4433 fldem
2056 4380 2116 4434 etc.

573 4459 741 4523 electiones
772 4458 1036 4540 praepositorum,
1069 4458 1315 4535 nominationes,
1372 4463 1482 4525 ilatum
1514 4462 1630 4524 Romae
1651 4477 1689 4523 ex
1715 4461 1827 4540 palatio
1855 4469 1981 4526 nostrae
2008 4465 2118 4529 solitae

573 4553 773 4616 admissiones
794 4560 825 4614 et
835 4551 1033 4630 expulsiones
1049 4552 1314 4631 presbyterorum,
1372 4556 1568 4620 habitationis
1588 4555 1645 4617 bac
1664 4555 1713 4618 die
1735 4571 1815 4618 nona
1841 4558 1957 4620 mensis
1985 4559 2118 4624 ianuarii

528 4713 533 4726 ,
570 4649 634 4710 6161
655 4647 871 4710 subordinatas
892 4645 1054 4708 directioni
1069 4645 1316 4725 drcbiepiscopii
1371 4669 1547 4716 uncqnvxn.
1573 4651 1606 4714 c.
1620 4649 1658 4713 bl.
1673 4649 1843 4714 Cardinalis
1858 4651 2052 4732 Sacripantes
2064 4653 2117 4719 Vi-

611 4759 641 4802 v.
665 4744 714 4803 66
735 4757 806 4802 casu
828 4757 888 4819 quo
906 4739 1112 4816 congregatio
1127 4739 1257 4803 Oratorii
1279 4741 1316 4803 de
1371 4748 1453 4811 tulii.
1478 4746 1710 4826 Looo†sigilii.

572 4835 665 4911 Urbe,
688 4849 809 4896 necnon
832 4833 908 4896 aliae
928 4835 1204 4910 Congregationes,
1222 4834 1315 4898 sinta
1410 4840 1478 4917 §2
1504 4841 1720 4916 comantem,
1743 4841 1823 4904 sicut
1843 4841 1917 4905 dicti
1940 4835 2117 4924 'presbyteri

572 4927 734 5009 praedictis
753 4934 928 5006 exemptae:
953 4927 1034 4989 idern
1050 4926 1124 4988 lerri
1146 4927 1315 4991 6161166616-
1369 4935 1538 4999 saeculares
1559 4935 1648 4998 nobis
1669 4935 1801 4999 subinde
1828 4937 1941 5016 exponi
1961 4938 2116 5018 lecerunt,

571 5024 685 5086 1111111111
713 5025 751 5086 111
779 5019 1198 5099 001811811101111111111,
1226 5022 1316 5084 1111113
1370 5029 1427 5107 1661
1450 5029 1672 5092 resolutionem
1704 5030 1881 5094 huiusmodi
1908 5047 1970 5111 qno
1995 5033 2116 5096 firmius

570 5117 760 5198 praesbyteri
777 5133 794 5178 a
809 5115 987 5180 laudatione
1009 5115 1156 5194 usquead
1171 5133 1315 5195 praesens
1368 5125 1512 5186 subsistat
1540 5132 1571 5186 66
1591 5131 1735 5187 servetur·
1755 5124 1911 5201 exactius,
1934 5128 2115 5206 apostolicae

570 5210 743 5274 8116111116
757 5209 1042 5290 66111111111111111111
1057 5209 1313 5287 116111111611011
1369 5219 1614 5281 confirmationis
1636 5225 1758 5280 nostrae
1785 5220 1956 5298 patrocinio
1978 5235 2114 5284 commu·

571 5314 632 5368 tam
654 5320 694 5367 ex
715 5305 839 5384 proprio
862 5305 1065 5382 patrimonio,
1088 5323 1178 5384 quam
1201 5325 1240 5370 ex
1262 5308 1313 5370 bo
1369 5311 1429 5374 6161
1441 5327 1639 5391 summopere
1653 5311 1840 5388 desiderent,
1853 5311 1914 5376 Nos
1926 5314 2025 5390 igitur
2035 5315 2115 5393 ipsos

569 5402 617 5463 nis
638 5399 755 5463 relictis
776 5400 808 5460 in
824 5414 991 5462 commune
1007 5399 1265 5479 Congregationi3
1282 5410 1313 5463 66
1368 5415 1558 5485 exponentes
1578 5406 1759 5485 specialibus
1777 5406 1935 5470 favoribus
1956 5415 1987 5470 et
2009 5409 2114 5486 gratiis

569 5510 606 5556 ex
636 5491 858 5556 emolumentis
885 5493 1030 5556 ecclesiae
1058 5494 1227 5573 hospitalis,
1256 5510 1312 5573 pro
1367 5501 1511 5578 prosequi
1522 5499 2005 5580 volenteseteorumsingulares
2016 5517 2116 5582 perso

567 5587 740 5663 funeribus,
763 5587 863 5649 missis
884 5585 1132 5665 capellaniarum,
1145 5587 1314 5650 confrater·
1367 5607 1447 5653 nasa
1462 5593 1621 5672 quibusvis
1635 5595 1976 5670 excommunicationis,
1986 5612 2113 5676 suspen·
2128 5606 2130 5610 “

568 5681 715 5757 nitatum,
738 5688 768 5742 66
790 5697 827 5742 ex
849 5680 916 5741 aliis
937 5681 1052 5742 6666161
1366 5685 1461 5747 sionis
1472 5695 1503 5749 66
1519 5687 1674 5751 interdicti
1685 5688 1813 5767 aliisque
1825 5688 2035 5751 ecclesiasticis
2044 5707 2112 5754 sen-

607 5792 650 5836 vr.
674 5776 722 5837 66
744 5773 906 5837 destinatio
928 5774 1135 5852 procuratoris
1152 5789 1208 5854 pro
1228 5773 1312 5835 curia
1368 5780 1485 5856 tentiis,
1501 5783 1639 5843 censuris
1655 5789 1685 5844 et
1696 5781 1802 5861 poenis
1817 5799 1832 5843 a
1848 5783 1916 5844 inre
1937 5783 1987 5845 661
2008 5783 2112 5846 abbo

568 5869 693 5944 Matriti,
717 5875 769 5930 666
791 5867 917 5944 Romae,
941 5867 1006 5929 deri
1029 5885 1045 5929 a
1066 5868 1312 5946 congregatione
1367 5875 1453 5936 mine
1481 5875 1589 5953 quavis
1618 5876 1774 5938 occasione
1795 5875 1846 5937 vel
1867 5891 1955 5938 cansa
1985 5876 2065 5954 latis,
2087 5879 2111 5940 si

568 5963 688 6041 debeat,
710 5977 781 6024 eum
803 5961 984 6024 interventu
1003 5961 1242 6042 archiepiscopi,
1258 5963 1314 6023 sit·
1366 5967 1479 6045 quibus
1495 5969 1726 6047 quomodolibet
1741 5969 1905 6032 innodatae
1916 5971 2067 6049 existunt,
2076 5971 2110 6035 ad
