4838 6982
76 551 136 606 An.
154 555 189 610 C.
210 554 280 607 1755

63 700 293 810 ffssssieffiffnl'ffl'.
310 692 489 759 huiusmodi
511 695 561 758 lex
583 697 727 758 omnibus
748 695 869 772 cognita
893 696 945 757 fiat
966 703 1057 773 atque

63 807 187 872 aamqnp
207 811 235 855 ιιι
257 813 292 856 ο-
310 798 479 868 perspecta,
502 795 599 870 utque
623 790 766 869 deinceps
791 790 966 853 executioni
988 788 1057 850 dili-

63 861 293 964 ffssssgtssllss⁰20ffg
312 883 436 959 gentius
452 884 626 948 mandetur.
649 885 758 947 blerito
774 899 909 961 namque
923 881 1057 944 dubitari

63 969 293 1070 ffiffifflaffssll·
311 988 423 1059 potest,
446 981 641 1059 quaestiones
664 998 679 1040 a
701 979 893 1041 missionario
919 975 1057 1038 Balserae

311 1073 490 1152 propositas,
504 1090 541 1136 ex
554 1073 750 1150 ignoratione
760 1074 966 1144 decretorum,
979 1083 1057 1146 quae

311 1167 494 1246 iampridem
505 1167 585 1230 edita
595 1175 679 1243 sunt,
689 1182 896 1246 promanasse.
907 1163 966 1228 Sed
981 1178 1057 1240 quo·

312 1263 397 1324 niam
425 1279 463 1325 ex
489 1263 556 1325 aliis
583 1262 692 1325 multis
719 1271 810 1340 atque
841 1257 1056 1338 frequentibus

311 1355 434 1419 indiciis
454 1356 648 1428 coniicimus,
665 1355 873 1416 missionerios
894 1353 1005 1415 latinos
1026 1351 1058 1412 in

312 1449 341 1511 id
363 1465 469 1511 curam
491 1457 522 1512 et
543 1449 743 1527 cogitationes
769 1449 942 1522 intendere,
965 1453 1000 1507 nt
1023 1447 1055 1507 in

312 1543 530 1605 convertendis
545 1543 751 1607 Orientalibus
762 1557 779 1604 a
789 1541 957 1604 schismate·
967 1549 998 1614 et
1008 1557 1055 1602 er-

311 1651 380 1698 rore
409 1637 445 1699 ad
474 1637 627 1700 unitatem
652 1643 850 1714 sanctamque
876 1635 1056 1699 catholicam

311 1729 509 1806 religionem,
522 1730 705 1793 orientalem
722 1729 818 1790 ritum
833 1728 871 1790 de
885 1729 986 1790 medio
1002 1728 1059 1789 tol·

312 1821 390 1897 lant,
411 1829 464 1884 aut
485 1823 595 1884 saltem
617 1823 811 1896 labefactent,
830 1822 1056 1899 catholicusque

311 1915 477 1978 orientales
493 1918 528 1979 ad
547 1915 680 1978 latinum
695 1917 791 1977 ritum
807 1915 1055 1994 amplectendum

312 2009 462 2085 alliciant,
495 2011 640 2073 nonalia
664 2011 788 2088 quidem
811 2010 849 2070 cle
876 2026 974 2084 causa,
998 2010 1056 2072 nisi

310 2105 414 2166 studio
434 2104 594 2182 religionis
615 2103 855 2182 amplificandae,
872 2111 990 2181 etopus
1006 2103 1059 2164 bo-

313 2215 401 2274 num,
420 2200 544 2278 Deoque
566 2205 688 2276 gratum
711 2198 873 2276 operandi3
898 2197 965 2258 ideo
986 2212 1058 2260 con·

311 2301 496 2354 sentaneum
520 2293 697 2371 putavimus
725 2292 887 2372 (quoniam
915 2293 1056 2352 animum

312 2385 348 2447 ad
369 2385 567 2448 scribendum
589 2384 779 2464 appulimus)
801 2387 856 2447 hac
878 2391 981 2447 nostra
1004 2400 1059 2446 eu·

313 2478 425 2557 cyclica
446 2478 572 2557 epistola
594 2479 730 2555 brevius,
754 2495 815 2557 quo
842 2477 908 2538 fleri
931 2477 1056 2555 poterit,

312 2591 346 2637 ea
368 2573 470 2635 omnia
481 2571 655 2650 complecti,
671 2589 749 2651 quae
764 2572 848 2634 iuxta
870 2571 964 2633 huius
980 2571 1059 2648 hpo-

311 2666 436 2731 stolicae
447 2666 534 2729 Sedis
554 2667 741 2729 sententiam
756 2682 813 2744 pro
828 2681 936 2728 norma
952 2665 1057 2726 haberi

274 2816 282 2842 ,
312 2761 444 2832 dehent,
467 2761 588 2839 quoties
612 2760 783 2824 Orientales
811 2759 847 2820 ad
878 2759 1057 2822 catholicam

312 2855 498 2931 religionem
513 2862 754 2929 convertuntur,
771 2870 911 2932 quaeque
932 2869 1059 2915 servan-

312 2949 444 3011 desunt
468 2962 539 3009 curu
565 2947 773 3011 Orientalibus
804 2947 975 3022 catholiciS,
1004 2946 1057 3024 qui

266 3039 268 3044 '
312 3048 480 3102 versantur
507 3042 539 3101 in
561 3040 646 3113 locis,
673 3039 726 3102 uhi
754 3047 806 3102 aut
827 3040 908 3102 nulli
939 3041 1058 3116 degunt

314 3133 417 3196 Latini
439 3139 491 3195 aut
513 3133 614 3195 Latini
629 3132 770 3196 catholici
785 3133 878 3195 simul
900 3148 971 3194 cnm
986 3132 1059 3210 ipsis

313 3227 519 3292 Orientalibus
540 3227 698 3290 catholicis
718 3235 963 3290 commorantur.

115 3333 294 3378 homanorum
353 3321 423 3400 §5-
453 3322 532 3384 Sane
564 3322 726 3383 historiam
757 3321 989 3384 ecclesiasticam
1018 3338 1057 3383 ne

75 3385 233 3484 frssfflffiguffi
246 3385 295 3486 {2¹2
314 3416 439 3496 quidem
462 3416 581 3495 primis,
598 3423 632 3477 ut
647 3415 746 3489 aiunt,
764 3414 850 3476 labiis
865 3415 1001 3492 attigisse
1015 3415 1058 3477 di·

77 3493 296 3593 {lfffloss‘lffilss
314 3509 429 3572 cendus
451 3517 542 3585 esset,
565 3509 618 3587 qui
640 3508 799 3584 ignoraret
823 3517 977 3586 quantum
999 3509 1059 3570 ela·

78 3599 186 3646 aurum.
313 3603 492 3664 horaverint
514 3601 643 3663 Romani
666 3601 846 3676 Pontifices,
870 3610 904 3663 ut
925 3603 1058 3664 orienta-

314 3697 357 3758 les
379 3697 415 3758 ad
436 3696 589 3758 unitatem
610 3697 797 3757 adducerent
817 3703 883 3773 post
898 3694 1058 3757 funestum

313 3788 444 3850 schisma
466 3788 577 3862 Photii‚
594 3787 659 3865 qui,
676 3795 814 3864 tempore
835 3787 958 3850 Summi
980 3789 1059 3850 Pon-

313 3881 405 3942 tificis
426 3880 530 3944 Sancti
551 3880 665 3942 Nicolai
689 3880 726 3954 l.,
746 3881 1059 3959 Constantinopolita-

315 3990 385 4035 nam
409 3975 532 4049 Sedem,
554 3973 681 4052 depulso
697 3975 828 4052 pervim
845 3974 955 4036 Sancto
970 3974 1060 4050 lgna·

313 4069 357 4130 tio
388 4068 560 4130 Patriarcha
591 4067 747 4143 legitimo,
781 4061 903 4129 invasit.
929 4068 1058 4131 Sanctus

314 4161 377 4222 Leo
398 4161 450 4223 tx.
474 4162 688 4239 praedecessor
709 4167 815 4222 noster
836 4161 966 4237 Legatos
987 4177 1058 4224 suos

315 4254 613 4332 Constantinopolim
627 4254 722 4328 misit,
731 4261 767 4314 ut
779 4254 953 4316 huiusmodi
966 4254 1058 4316 schis-

315 4363 375 4422 ma,
391 4348 473 4425 quod
494 4363 549 4426 per
563 4347 624 4408 duo
645 4347 768 4409 circiter
788 4348 907 4409 saecula
921 4347 1058 4425 sopitum

314 4441 441 4504 Michael
464 4440 641 4504 Gerularius
663 4443 942 4518 redintegraverat,
966 4442 1059 4504 extir-

314 4542 416 4614 paret;
438 4535 490 4598 sed
513 4534 596 4598 illius
624 4544 752 4597 conatus
780 4536 812 4595 in
834 4535 960 4597 irritum
982 4535 1059 4596 ceci-

314 4631 438 4692 derunt.
462 4628 605 4690 Urbanus
627 4629 738 4690 deinde
752 4629 788 4690 ll.
805 4627 933 4690 Graecos
955 4629 990 4690 ad
1006 4627 1059 4688 Ba·

314 4738 407 4786 reuse
437 4723 609 4785 Concilium
642 4722 803 4798 invitavit;
828 4724 880 4784 sed
909 4722 1057 4798 exiguum

313 4815 453 4878 fructum
485 4823 668 4878 consecutus
696 4825 753 4889 est,
776 4816 895 4876 tametsi
928 4816 1059 4880 Sanctus

315 4909 480 4971 Anselmus
505 4909 736 4971 Cantuariensis
765 4909 906 4987 Archiep.
931 4925 1059 4971 omnem

314 5017 421 5064 curam
442 5002 640 5080 impenderit,
667 5010 702 5063 ut
722 5001 802 5080 ipsos
828 5003 979 5064 Ecclesiae
1000 5004 1058 5064 Ro·

316 5111 423 5157 manae
444 5095 632 5171 conciliaret,
646 5097 781 5175 ipsisque
796 5111 927 5171 errores,
944 5097 975 5156 in
992 5097 1058 5174 qui·

316 5188 371 5250 hus
402 5189 621 5266 versabantur,
654 5191 810 5251 doctrinae
834 5207 907 5253 suae
940 5192 1059 5252 lumine

315 5282 501 5361 patefecerit.
525 5283 560 5343 ln
581 5282 783 5359 lugdunensi
806 5285 954 5358 Concilio,
977 5284 1057 5365 quod

316 5376 427 5437 Beatus
447 5375 613 5451 Gregorius
634 5377 673 5438 Χ.
696 5386 849 5452 coegerat,
865 5379 991 5439 illirhael
1006 5377 1058 5439 Pa·

316 5468 471 5545 laeologus
502 5470 669 5547 imperator
700 5478 732 5530 et
763 5471 863 5547 graeci
900 5471 1057 5550 Episcopi,

316 5562 470 5624 unitatem
485 5561 638 5623 Romanae
656 5563 809 5625 Ecclesiae
823 5565 955 5642 amplexi
971 5573 1057 5642 sunt;

316 5670 428 5716 verum
450 5655 574 5716 mutatis
596 5655 706 5717 animis
727 5656 763 5718 ab
784 5657 835 5718 illa
861 5673 986 5718 rursum
1008 5660 1060 5720 de-

315 5748 487 5810 sciverunt.
518 5749 553 5809 ln
580 5748 719 5811 Concilio
745 5760 849 5812 autem
880 5752 1058 5813 Florentino

316 5843 374 5902 suh
396 5841 535 5918 Eugenio
546 5841 598 5904 IV.
612 5841 743 5904 Summo
758 5844 917 5919 Pontifice,
930 5846 964 5906 ad
978 5847 1057 5923 quod

317 5935 445 5996 loannes
476 5934 673 6012 Palaeologus
702 5943 733 5996 et
757 5935 865 6016 loseph
886 5939 1058 6000 Patriarcha

941 571 1138 620 euhemerus
1161 574 1223 620 XIV.

1777 557 1837 622 599
1886 549 1985 606 Aac.
2006 550 2075 606 avec

1115 695 1407 775 Constantinopolis,
1422 713 1493 760 cum
1514 696 1641 760 caeteris
1656 695 1856 760 orientalibus

1114 791 1281 869 Episcopis,
1304 799 1526 866 convenerant,
1553 791 1628 852 unio
1650 796 1763 852 statuta
1784 788 1854 864 fuit,

1112 885 1855 964 etuniuscuiusquesubscriptionibusacceptata3

1112 981 1283 1058 eodemque
1304 980 1336 1041 in
1359 980 1508 1052 Concilio,
1530 982 1739 1042 Armenornm
1761 987 1792 1040 et
1814 979 1857 1040 la-

1112 1073 1284 1136 cobitarum
1310 1072 1455 1136 ecclesiae
1478 1073 1513 1134 ad
1535 1073 1744 1135 obedientiam
1770 1071 1856 1135 Sedis

1114 1169 1305 1246 hpostolicae
1341 1168 1522 1245 redierunt3
1553 1167 1664 1231 deinde
1698 1166 1857 1242 Eugenius

1112 1263 1253 1325 Pontifex
1275 1262 1431 1344 Florentia
1452 1263 1583 1324 Romam
1611 1259 1777 1338 profectus,
1800 1260 1857 1322 Le-

1113 1365 1197 1433 gatos
1219 1357 1312 1418 etiam
1334 1357 1426 1434 Regis
1452 1355 1641 1433 Aethiopum
1669 1355 1801 1432 excepit,
1824 1371 1858 1417 ac

1113 1450 1217 1529 Syros,
1232 1449 1397 1515 Chaldaeos
1419 1458 1449 1512 et
1471 1449 1634 1512 Maronitas
1655 1451 1691 1512 ad
1713 1449 1859 1511 obedien·

1113 1545 1186 1606 tiam
1198 1544 1354 1607 Romanae
1369 1543 1454 1608 Sedis
1469 1543 1599 1619 redegit.
1624 1541 1682 1605 Sed
1698 1543 1856 1620 qnoniam,

1113 1639 1158 1700 uti
1186 1637 1303 1715 legitur
1329 1637 1363 1699 in
1386 1633 1554 1713 Evangelio
1586 1635 1688 1698 Sancti
1714 1635 1858 1698 Matthaei

1113 1747 1180 1809 cop.
1200 1733 1254 1804 13,
1267 1745 1384 1804 semen,
1398 1731 1478 1809 quod
1493 1729 1602 1792 cecidit
1617 1745 1710 1806 super
1724 1735 1856 1807 petram,

1114 1825 1237 1888 nullum
1252 1826 1340 1887 affert
1355 1824 1504 1898 fructum,
1521 1823 1591 1901 quia
1607 1837 1670 1884 uon
1686 1821 1789 1895 habet,
1805 1821 1858 1883 ubi

1113 1919 1248 1982 radicem
1269 1920 1395 1996 defigat:
1421 1913 1462 1979 Hi
1476 1921 1565 1987 suut,
1582 1917 1638 1994 qui
1652 1931 1725 1977 cum
1740 1915 1858 1994 gaudio

1113 2013 1299 2090 suscipiunt
1321 2012 1474 2074 contiuuo
1489 2008 1619 2072 verdum
1642 2008 1709 2081 Dei,
1725 2025 1787 2070 nou
1803 2007 1859 2071 hu-

1114 2106 1186 2173 heut
1208 2113 1316 2168 uautorn
1338 2107 1373 2166 lu
1394 2121 1425 2164 se
1453 2103 1612 2173 redicem·
1638 2105 1729 2185 furtu
1750 2107 1859 2164 autem

1115 2198 1379 2262 tribulationem
1401 2196 1620 2275 persecutione
1641 2203 1771 2273 propter
1792 2211 1869 2256 uer-¹

1113 2291 1197 2364 hum,
1223 2293 1376 2354 contiuuo
1397 2290 1685 2354 scuradulizuutur:
1715 2289 1859 2350 ideo-vix

1113 2384 1859 2464 MarcusarchiepiscopusEphesinus,tamquam

1114 2497 1213 2544 novus
1236 2481 1373 2554 Photius,
1396 2479 1547 2540 unionem
1573 2476 1750 2540 convellere
1775 2475 1861 2537 adni-

1114 2591 1172 2638 xus
1193 2581 1251 2648 est,
1274 2580 1305 2635 et
1327 2574 1473 2635 adversus
1500 2571 1594 2648 ipsam
1623 2569 1723 2647 coepit
1751 2583 1859 2630 vocem

1113 2668 1273 2743 extollere,
1290 2667 1394 2728 statim
1416 2665 1517 2727 omnis
1539 2670 1659 2742 optatus
1674 2661 1794 2725 fructus
1808 2661 1860 2722 de·

1113 2762 1214 2842 periit.

1153 2857 1171 2931 §
1199 2856 1228 2918 d.
1263 2855 1420 2916 Praeterea
1457 2851 1675 2915 ecclesiasticae
1710 2851 1857 2914 historiae
1904 2860 2090 2906 xnunronseu·

1878 2912 1961 2959 rande
1992 2924 2090 2969 semper

1114 2951 1259 3027 ignarum
1282 2965 1315 3010 se
1337 2947 1492 3024 proderet,
1505 2947 1557 3024 qui
1580 2945 1694 3024 pariter
1711 2946 1857 3020 nesciret,
1877 2965 2092 3022 contumaces-

1114 3046 1155 3106 ita
1187 3059 1260 3106 cum
1292 3040 1495 3104 orientalibus
1527 3039 1677 3102 unionem
1704 3047 1858 3117 peractam
1877 3021 2091 3121 Bssssfifffflbflff

1115 3139 1329 3214 firmatumque
1351 3135 1456 3208 fuisse,
1470 3141 1503 3196 ut
1525 3133 1635 3209 dogma
1658 3132 1859 3210 processionis
1877 3127 2091 3229 &fflssssssitifpfgl

1114 3229 1248 3309 Spiritus
1269 3229 1373 3292 Sancti
1388 3245 1403 3288 a
1418 3227 1507 3289 Patre
1528 3234 1559 3288 et
1572 3226 1650 3289 Filio
1671 3227 1858 3304 reciperent,
1878 3245 1929 3281 sus.

1114 3335 1208 3405 atque
1228 3323 1302 3385 adeo
1329 3322 1441 3384 licitam
1468 3320 1562 3382 fuisse
1589 3319 1789 3381 admitterent
1810 3318 1860 3381 ad·

1114 3421 1262 3483 ditionem
1285 3415 1369 3478 vocis
1392 3413 1535 3492 Filioque
1561 3411 1708 3494 Symbolo
1729 3411 1858 3486 factam3

1115 3521 1149 3576 ut
1169 3525 1281 3591 panem
1305 3524 1369 3571 non
1390 3509 1495 3570 minus
1517 3507 1749 3580 fermentatum,
1766 3519 1860 3584 quarn

1114 3621 1269 3682 azymum,
1282 3603 1465 3666 sacramenti
1476 3601 1686 3664 Eucharistiae
1698 3599 1859 3662 materiam

1115 3717 1180 3763 esse
1200 3699 1392 3772 faterentur3
1416 3703 1450 3757 ut
1471 3695 1581 3770 dogma
1610 3693 1791 3773 purgatorii,
1814 3691 1859 3755 vi-

1113 3793 1209 3854 sionis
1230 3791 1399 3864 beatificae,
1415 3805 1449 3850 ac
1463 3789 1615 3866 primatus
1637 3785 1767 3848 Romani
1782 3786 1861 3848 Pon·

1115 3871 1204 3950 tifici's
1226 3885 1506 3963 amplecterentur3
1531 3897 1593 3943 uno
1609 3879 1717 3954 verbo,
1733 3895 1860 3941 omnem

1113 3997 1218 4042 curam
1235 3979 1375 4040 collatam
1387 3976 1492 4050 fuisse,
1509 3981 1544 4035 ut
1559 3989 1680 4036 errores
1692 3973 1858 4036 catholicae

1114 4073 1184 4136 fidei
1206 4072 1325 4134 adversi
1347 4070 1577 4143 evellerentur3
1601 4083 1762 4145 nunquam
1784 4082 1859 4128 vero

1114 4168 1143 4229 id
1166 4175 1268 4229 actum
1298 4181 1375 4238 esse,
1398 4170 1433 4225 nt
1454 4161 1623 4224 venerabili
1650 4159 1793 4222 orientali
1819 4160 1860 4220 ri·

1114 4259 1159 4321 tui
1191 4259 1417 4322 detrimentum
1448 4255 1548 4316 ullum
1581 4253 1761 4316 inferretur.
1800 4251 1859 4316 Sed

1113 4359 1307 4433 praesentem
1339 4367 1463 4430 quoque
1488 4347 1639 4411 Ecclesiae
1665 4346 1859 4424 disciplinam

1115 4464 1223 4528 persus
1246 4448 1412 4523 ignoraret,
1430 4443 1480 4506 cui
1500 4442 1573 4504 satis
1589 4441 1781 4517 exploratum
1796 4454 1858 4500 non

1115 4549 1205 4614 esset,
1229 4541 1379 4602 Romanos
1401 4537 1583 4609 Pontifices,
1607 4536 1659 4614 qui
1683 4533 1859 4596 infelicibus

1115 4633 1353 4712 praeteritorum
1382 4638 1561 4708 temporum
1586 4627 1775 4690 successibus
1802 4626 1859 4688 mi-

1116 4727 1200 4789 nime
1222 4725 1374 4799 deterriti,
1398 4725 1435 4785 de
1456 4722 1640 4785 reducendis
1654 4722 1689 4783 ad
1705 4721 1858 4782 unitatem

1115 4821 1235 4882 Graecis
1257 4833 1379 4896 semper
1399 4817 1588 4892 cogitarunt,
1602 4815 1742 4876 eamdem
1764 4812 1857 4888 viam,

1114 4929 1206 4991 quam
1229 4910 1319 4990 paulo
1341 4918 1412 4971 ante
1435 4909 1648 4983 indicavimus,
1670 4923 1791 4984 semper
1812 4907 1861 4968 in-

1115 5006 1229 5068 stitisse
1260 5011 1291 5066 et
1319 5003 1418 5072 adhuc
1440 5001 1594 5076 insistere,
1621 5001 1701 5064 sicut
1722 5017 1760 5062 ex
1782 5001 1859 5079 ipso·

1114 5114 1186 5161 rum
1215 5108 1281 5160 tum
1303 5097 1391 5160 dictis
1420 5103 1487 5157 tum
1509 5095 1593 5157 factis
1614 5094 1777 5157 manifeste
1797 5093 1861 5156 col-

1115 5192 1232 5270 ligitur.

1155 5287 1173 5360 ἓ
1196 5285 1223 5346 7.
1248 5284 1417 5346 Undecimo
1438 5281 1558 5344 saeculo
1585 5281 1758 5344 nonnullae
1780 5281 1859 5344 Con·
1929 5296 2090 5360 praectarum

1114 5377 1325 5456 stantinopoli,
1342 5375 1544 5438 Alexandriae
1557 5383 1588 5436 et
1604 5376 1634 5436 in
1654 5374 1858 5452 patriarchatu
1878 5350 2091 5451 ἑᾟὲξῃιξῗξῖῗζῖ

1115 5470 1367 5548 ierosolymitano
1379 5468 1802 5546 reperiebanturLatinorum
1816 5483 1861 5529 ec·
1878 5463 1955 5504 etum.

1115 5564 1234 5638 clesiae,
1255 5563 1287 5624 in
1310 5562 1421 5641 quibus
1441 5561 1554 5622 latinus
1575 5561 1652 5623 ritus
1666 5561 1858 5636 servabatur,

1115 5657 1375 5737 quemadmodum
1397 5655 1512 5717 Romae
1534 5671 1598 5717 non
1620 5653 1748 5716 deerant
1769 5654 1860 5717 Grae·

1115 5767 1223 5815 corum
1246 5750 1368 5828 templa,
1392 5750 1423 5810 in
1452 5750 1563 5828 quihus
1583 5748 1640 5827 ipsi
1666 5762 1775 5824 graeco
1796 5748 1860 5810 ritu

1114 5861 1198 5906 sacra
1220 5859 1349 5906 munera
1371 5842 1597 5921 persolvebant.
1622 5840 1749 5904 lllichael
1764 5841 1859 5904 Ceru-

1115 5939 1219 6013 larius,
1243 5937 1356 6015 impius
1376 5935 1548 5997 schismatis
1570 5936 1769 6010 instaurator,
1793 5935 1861 5996 lati-
