4856 6984
295 545 348 597 An.
364 549 394 599 0.
416 546 483 598 1752

322 1160 394 1214 Quod
410 1160 441 1206 ad
457 1173 496 1206 er·

283 1219 367 1260 rantes
378 1215 497 1261 reducen-

282 1266 328 1311 dos
344 1267 495 1323 praestitum

282 1319 350 1374 fuit,
382 1320 495 1377 idipsum

282 1373 316 1418 ad
330 1375 451 1419 uumntes
463 1385 497 1420 re·

285 1427 421 1474 timendos
442 1427 494 1473 fleri

284 1482 374 1536 potest.

534 547 592 609 tet

514 691 567 746 aut
581 684 732 748 eiuraturi
748 687 861 761 forent,
874 686 1034 762 concessit,
1048 694 1082 751 ut
1093 687 1172 748 bona
1184 701 1261 765 quae

513 779 721 856 possidebant,
744 781 891 856 retinere,
908 797 941 842 ac
956 783 993 844 de
1016 781 1088 855 illis,
1112 787 1261 858 tauquam

514 874 664 935 derebus
693 875 772 948 suis,
801 875 964 953 disponere
995 875 1092 938 libere
1120 881 1259 952 possent3

514 980 684 1044 omnesque
705 975 862 1046 praeterea
883 968 1002 1030 fructus
1018 985 1055 1030 err
1076 967 1150 1048 ipsis
1171 974 1260 1030 antea

514 1069 673 1136 perceptos
695 1060 755 1121 illis
774 1060 972 1123 condonavit.

554 1149 644 1223 §²9-
670 1150 767 1213 Allata
793 1153 867 1214 haec
896 1153 1036 1232 exempla
1061 1159 1168 1216 nostro
1188 1167 1262 1213 sane

514 1243 597 1305 casui
620 1260 675 1322 per
701 1245 806 1308 omnia
833 1263 1029 1325 nequaquam
1055 1246 1167 1308 similia
1196 1261 1261 1307 esse

515 1337 748 1415 cognoscimus3
772 1339 814 1401 ihi
836 1340 920 1402 enim
936 1339 1084 1416 agebatur
1106 1340 1144 1400 de
1166 1339 1262 1418 impe·

515 1430 655 1492 dimento
678 1434 869 1496 removendo
892 1433 1020 1509 abillis,
1043 1434 1096 1512 qui
1119 1433 1149 1496 S.
1170 1433 1206 1494 ll.
1224 1433 1259 1493 E.

516 1525 674 1600 gremium
687 1527 807 1604 ingredi
819 1528 1001 1606 cupiebant3
1015 1528 1064 1588 hic
1079 1537 1182 1590 autem
1198 1544 1261 1588 ser·

514 1633 567 1680 mo
589 1628 635 1681 est
657 1621 694 1682 de
717 1621 906 1696 hominibus,
923 1621 975 1698 qui
998 1629 1174 1683 nostrarum
1197 1637 1263 1699 par-

517 1715 597 1777 tium
619 1721 705 1790 sunt,
728 1717 843 1793 quique
871 1714 1036 1778 christiana
1059 1722 1088 1776 ct
1115 1713 1262 1776 catholica

515 1808 705 1886 professione
727 1817 903 1870 censentur.
930 1807 1152 1870 terumnmen
1171 1806 1263 1866 ratio-

517 1903 563 1962 nis
586 1902 826 1966 fundamentum
849 1901 930 1963 idem
957 1901 1089 1963 omnino
1110 1901 1142 1962 in
1164 1899 1261 1960 allatis

515 1995 678 2074 exemplis,
701 2011 734 2057 ac
756 1996 789 2056 in
812 2004 914 2057 nostra
943 1995 1013 2056 facti
1038 1995 1150 2073 specie,
1174 1993 1261 2054 nohis

515 2105 581 2149 esse
604 2088 744 2163 videtur·;
768 2095 802 2150 ut
828 2088 945 2150 scilicet
974 2103 1117 2167 suprema
1144 2094 1261 2164 aposto-

516 2182 572 2244 lica
595 2183 760 2244 arroteritae
790 2182 959 2244 adhihenda
979 2183 1019 2243 sit
1042 2183 1073 2243 in
1104 2181 1260 2258 gravibus,

517 2275 645 2352 publicis
666 2292 699 2336 ac
723 2275 908 2352 urgentibus
930 2276 1059 2349 casibuS,
1076 2275 1186 2353 quibus
1208 2289 1263 2354 per

515 2369 687 2430 ordinariae
703 2369 894 2430 auctoritatis
910 2385 1001 2430 usum
1016 2370 1088 2430 satis
1109 2369 1262 2447 provideri

517 2462 636 2540 nequit.
669 2463 727 2523 Eos
757 2479 844 2537 vero,
867 2462 920 2540 qni
953 2461 1115 2524 recedendi
1137 2478 1153 2522 a
1175 2461 1263 2522 nobis

516 2554 689 2616 tentatione
709 2554 866 2617 sollicitari
899 2563 1036 2632 possent,
1063 2573 1078 2614 a
1105 2554 1261 2632 praecipiti

515 2664 597 2722 casu,
630 2657 782 2725 quantum
805 2646 847 2708 fas
877 2655 939 2722 est,
966 2647 1128 2722 remorari,
1150 2648 1177 2708 si
1198 2663 1262 2709 non

516 2741 598 2804 idem
620 2750 678 2816 est,
707 2759 739 2804 ac
767 2741 849 2803 riam
877 2747 1017 2803 sternere
1045 2740 1123 2815 illis,
1152 2741 1207 2818 qui
1227 2741 1262 2802 ad

557 2979 586 3036 (l)
602 2982 639 3024 ldx
653 2983 716 3037 Reg.
732 2983 788 3026 vat.
800 2993 839 3039 ep.
849 2985 908 3028 Ben.
920 2985 982 3028 xlv.
994 2993 1035 3028 an.
1047 2993 1111 3038 xlv„
1121 2996 1144 3040 p.
1155 2986 1203 3039 281,
1213 2986 1261 3039 287,

515 3046 695 3102 depromimus
710 3051 848 3104 sequentes
862 3048 957 3096 literas
971 3049 1075 3106 quihus,
1085 3061 1126 3096 an.
1138 3061 1261 3096 nnccnrv.

515 3113 617 3159 clerum
636 3113 791 3160 universum
807 3115 923 3162 Goritiae
937 3116 969 3161 de
982 3116 1224 3174 archiepiscopatus
1239 3129 1263 3162 e-

515 3179 631 3226 rectione
644 3181 787 3227 certiorem
801 3181 869 3228 facit.

515 3316 619 3358 Dilectts
640 3317 702 3368 fillis
719 3320 859 3368 praelatas,
878 3321 1072 3370 sanatoribus,
1087 3321 1259 3372 prestantem,

554 3383 667 3434 atraque
681 3387 825 3438 utre-aseae
838 3389 902 3429 cleri
918 3391 1066 3431 saecularis
1084 3391 1108 3432 ct
1127 3391 1262 3439 reputaris

554 3451 668 3494 civitatis
681 3455 706 3494 et
720 3455 842 3496 dioecesis
858 3455 981 3502 (soractae,

705 3589 898 3634 annumeres
913 3590 993 3632 ΡΑΡΑ
1007 3591 1069 3634 xlv.

807 3723 898 3767 Diteett
911 3727 968 3778 fittt,

601 3795 755 3836 salutemet
768 3797 943 3846 apostoticam
962 3797 1174 3840 benedictionem.

554 3930 640 3986 vobis,
649 3929 737 3975 dilecti
745 3929 872 3987 tilii,prae
880 3930 992 3978 caeteris
1003 3931 1088 3988 magis
1097 3934 1262 3988 compertum

514 3999 732 4055 exploratumque
747 4009 804 4043 esse
818 3997 903 4053 debet,
918 4001 1007 4056 quota
1019 3999 1093 4044 nobis
1104 3997 1219 4055 suscepti
1229 3999 1264 4044 lu·

515 4065 603 4120 hores,
625 4071 689 4122 quot
710 4065 840 4113 toleratae
857 4065 1011 4121 angustiae,
1032 4076 1099 4122 quae
1120 4065 1194 4111 obita
1214 4063 1264 4109 dis·

514 4132 628 4178 erimina
641 4132 750 4188 fuerint,
767 4135 797 4177 ut
812 4133 927 4188 tandem,
947 4132 1114 4180 benedicente
1133 4133 1263 4178 honorum

514 4199 633 4246 omnium
648 4197 776 4256 largitore
791 4203 849 4256 Dee,
865 4203 892 4245 et
906 4201 1064 4246 charissima
1078 4200 1105 4246 in
1121 4200 1226 4246 christo
1236 4199 1264 4244 n-

515 4266 550 4312 lla
564 4269 656 4312 nostra
670 4266 753 4313 Maria
773 4267 898 4313 Therasia
917 4267 1058 4313 Bohemlae
1072 4269 1099 4314 et
1114 4265 1263 4325 Hungarlae

515 4332 616 4388 Regina
637 4333 739 4380 illustri
752 4334 780 4379 in
794 4335 993 4391 Imperatrieem
1015 4335 1099 4382 electa
1112 4335 1263 4392 apostolicis

516 4401 614 4448 nostris
627 4402 746 4449 consiliis
759 4402 907 4460 studiisque
920 4404 1122 4459 obsecundante,
1137 4403 1264 4462 archiepi-

516 4471 652 4526 scopatum
667 4469 784 4515 (loritiae
799 4470 832 4515 ab
846 4469 962 4516 extincto
982 4471 1167 4528 patriarchatu
1188 4473 1264 4529 squi-

515 4537 592 4582 leien.
609 4538 649 4582 tot
668 4535 851 4582 confusionum
872 4537 1097 4594 dissidiorumque
1117 4537 1209 4584 fomite
1223 4549 1264 4595 pe-

516 4603 589 4650 nitus
604 4605 756 4660 separatum
771 4615 787 4649 a
801 4603 981 4650 fundamentis
995 4605 1160 4662 erigeremus
1170 4609 1197 4650 et
1206 4617 1264 4652 con·

516 4669 697 4716 stitueremus.
712 4673 763 4714 Nec
776 4669 829 4717 alia
843 4681 906 4716 sane
921 4671 1033 4728 ratione,
1043 4683 1122 4729 quam
1133 4675 1163 4717 ut
1173 4683 1264 4729 oppor-

516 4739 611 4782 tunum
626 4740 653 4782 et
667 4737 786 4783 salutare
806 4737 839 4782 ad
860 4740 997 4784 aeternam
1017 4739 1170 4785 animarum
1192 4737 1264 4784 Chri·

516 4803 672 4849 stiddelium
686 4803 800 4850 istarum
815 4804 932 4860 partium
946 4805 1062 4852 salutem
1078 4805 1183 4851 facilius
1197 4815 1264 4850 com-

515 4871 661 4928 parandam
682 4869 829 4916 remedium
850 4871 1071 4930 commodumque
1091 4872 1263 4926 afferremns;

516 4937 585 4983 sicut
598 4937 704 4984 axeliis
718 4935 869 4995 apostolicis
884 4937 983 4984 nostris
998 4939 1047 4984 sub
1061 4939 1169 4996 plumbo
1178 4939 1264 4996 pridie

517 5015 600 5051 nonas
620 5004 680 5050 iulii
695 5015 764 5051 anno
784 5005 978 5051 incarnationis
994 5005 1144 5052 Dominieae
1158 5017 1263 5052 nascar.

516 5071 645 5129 expeditis
665 5071 753 5117 literis
773 5071 878 5128 plenius
893 5072 925 5118 de
946 5072 1068 5118 omnihus
1090 5073 1203 5118 constat.
1220 5075 1266 5118 Ea-

516 5139 623 5196 propter
635 5139 790 5195 praecipuas
805 5137 943 5196 apostolici
957 5138 1102 5184 ministerii
1112 5138 1198 5185 nostri
1208 5150 1267 5196 par·

517 5210 556 5252 tes
577 5217 634 5250 esse
655 5207 819 5262 reputamus,
835 5208 867 5251 ut
880 5203 984 5261 maiori,
1001 5217 1080 5262 quem
1102 5208 1189 5262 antea,
1204 5217 1264 5251 curn

517 5271 695 5318 sollicitudine
709 5283 740 5317 ac
753 5271 892 5328 vigilantia
906 5271 1100 5328 adlaboremus,
1111 5283 1163 5318 nou
1178 5273 1265 5318 solum

516 5338 606 5385 omnia
620 5341 647 5384 et
661 5338 767 5395 singula
781 5349 797 5386 a
812 5339 887 5384 nobis
901 5350 949 5396 pro
963 5339 1074 5398 perenni
1088 5339 1206 5385 eiusdem
1225 5351 1266 5386 ar-

516 5405 725 5462 chiepiscopatus
749 5404 895 5451 stabilitate
918 5407 986 5461 acta,
1007 5408 1091 5462 gesta,
1112 5417 1142 5451 ae
1163 5407 1265 5452 statuta

517 5475 590 5519 serta
608 5475 729 5528 tectaque
749 5471 895 5523 custodirez
916 5472 1105 5517 verumetiam
1121 5482 1187 5518 nova
1202 5483 1266 5516 sem-

518 5550 563 5595 per
573 5550 620 5596 pro
630 5537 693 5584 dicti
703 5538 945 5596 archiepiscopatus
955 5537 1082 5594 utilitate,
1089 5539 1267 5595 decore,trau·

517 5605 652 5662 quillitatc
668 5609 693 5650 et
712 5603 883 5661 increment0,
905 5605 990 5663 quoad
1010 5605 1085 5651 nobis
1104 5605 1158 5651 vita
1177 5617 1266 5663 super-

517 5674 571 5718 stes
585 5672 645 5728 erit,
662 5670 821 5729 apostolleae
842 5671 1022 5729 providentiae
1044 5673 1266 5730 auctoritatisque

517 5739 675 5786 documenta
690 5739 765 5786 iuxta
779 5749 867 5785 sacros
881 5749 994 5785 canones
1007 5740 1033 5784 et
1042 5738 1199 5796 apostolicas
1209 5750 1268 5785 con·

518 5803 670 5851 stitutiones
694 5805 803 5850 minime
826 5805 973 5852 desiderari
994 5806 1022 5850 in
1044 5805 1077 5852 iis
1098 5806 1265 5864 praesertim,

517 5883 586 5929 quae
599 5875 700 5918 rectam
719 5872 887 5930 debitamque
904 5875 1137 5919 sacramentorum
1157 5873 1267 5920 admini-

518 5937 688 5994 strationem,
711 5939 916 5996 animarumque
939 5949 1033 5986 curam
1055 5939 1208 5997 respiciunt.
1232 5943 1267 5986 Ac

1040 569 1102 614 lbll.
1127 568 1218 613 ΡΟΝΤ.
1242 567 1282 611 bs
1304 567 1333 610 P.
1357 567 1386 612 F.
1410 567 1492 611 PARS
1514 565 1535 610 l.

1316 701 1372 747 nos
1393 685 1537 748 accedere
1566 683 1711 764 cupiunt,
1741 698 1804 746 non
1830 680 1968 743 multum
1989 694 2062 741 sane

1314 777 1351 839 ab
1372 793 1408 838 eo
1429 777 1654 840 differrenobis
1675 776 1809 840 videtur.
1834 774 1913 836 Haec
1933 772 2063 834 habeha-

1316 886 1384 932 mus
1407 870 1460 932 tibi
1480 871 1698 947 significanda:
1721 869 1854 948 tibique,
1873 865 1984 928 dilecte
2004 865 2060 940 fili,

1314 963 1509 1042 apostolicam
1525 963 1773 1026 benedictionem
1795 960 2006 1038 impertimur.

1355 1057 1468 1118 fletum
1497 1057 1626 1130 Romae,
1656 1054 1735 1134 apud
1762 1054 1792 1118 S}
1817 1053 1943 1117 Mariam
1972 1051 2062 1114 Maio-

1316 1165 1381 1214 rem
1397 1151 1454 1213 sub
1476 1150 1592 1213 annulo
1611 1149 1784 1224 Piscatoris,
1800 1148 1851 1210 die
1875 1163 1942 1210 ιιιιι.
1959 1147 2060 1208 martii

1317 1261 1471 1321 unocurt,
1496 1243 1692 1325 pontificatus
1714 1241 1812 1304 nostri
1828 1256 1909 1303 anno
1931 1257 1989 1301 sn.

1571 1403 1811 1414 -...-.—.--

1613 1525 1766 1589 CXXXV.

1318 1713 1491 1791 Sappresso
1507 1713 1705 1791 Aquileiensi
1723 1712 1958 1792 patriarchatu
1973 1719 2003 1774 et
2018 1712 2065 1771 ot-

1357 1807 1490 1868 corteto
1512 1807 1698 1884 apostolico,
1723 1807 1823 1885 erigit
1847 1803 2065 1882 artetropotfto·

1356 1915 1432 1961 nom
1453 1899 1616 1962 eeclesiam
1640 1900 1850 1963 floritiensem
1873 1896 1928 1977 (l).

1447 2067 1692 2139 BENEDlGTUS
1715 2067 1935 2140 [aracaeus

1503 2259 1612 2314 seruus
1633 2262 1788 2316 serrarum
1815 2245 1878 2326 liei,

1437 2366 1474 2433 ad
1495 2372 1669 2451 perpetuam
1692 2369 1736 2435 rei
1762 2368 1943 2436 memorien.

1359 2557 1574 2620 Sacrosanclee
1595 2559 1758 2620 militantis
1780 2559 1932 2620 Ecclesiae
1954 2557 2066 2634 guber-

1318 2651 1436 2727 nacula,
1453 2667 1532 2728 quae
1546 2653 1685 2730 copiosus
1700 2653 1732 2713 in
1749 2652 1958 2714 misericordia
1973 2652 2064 2725 Deus,

1319 2753 1349 2804 et
1372 2743 1403 2804 in
1425 2744 1544 2805 cunctis
1576 2745 1639 2806 suis
1671 2743 1822 2821 gloriosus
1852 2745 2007 2824 operibus,
2031 2743 2067 2804 ad

1317 2983 1435 3040 primum
1453 2984 1568 3042 quidem,
1584 2985 1644 3040 etsi,
1659 2985 1740 3041 vobis,
1755 2984 1845 3030 dilecti
1859 2985 1918 3040 tllii,
1932 2995 1949 3030 a
1963 2984 2067 3030 Triden-

1317 3049 1373 3096 tina
1391 3052 1502 3107 synodo,
1520 3063 1582 3097 sess.
1597 3053 1633 3108 2³,
1647 3063 1702 3109 cap.
1719 3054 1752 3108 15,
1770 3054 1801 3098 de
1816 3052 2012 3100 Reformatione
2027 3053 2067 3098 de·

1316 3119 1419 3162 eretum
1434 3120 1485 3174 est3
1500 3117 1568 3164 illud
1588 3127 1680 3164 tamen
1695 3119 1768 3164 vehis
1781 3119 1809 3164 in
1824 3119 1980 3165 memoriam
1995 3129 2067 3164 rere-

1317 3193 1378 3228 eare
1398 3185 1529 3240 tenemur,
1551 3185 1679 3230 nimirum
1700 3186 1805 3232 nullum
1826 3186 1989 3232 sacerdotem
2012 3185 2067 3230 eise

1317 3249 1481 3295 saecularem
1496 3251 1551 3296 sire
1561 3253 1711 3308 regularem
1723 3252 1796 3298 nullo
1806 3255 1882 3310 pacto
1892 3264 1967 3310 posse
1979 3255 2067 3298 Sacra·

1318 3319 1437 3361 mentum
1458 3317 1638 3364 poenitentiae
1658 3319 1796 3376 quibusvis
1814 3321 1996 3366 saecularibus
2010 3333 2067 3378 per-

1318 3383 1388 3430 sonis
1403 3383 1485 3430 etiam
1502 3386 1683 3432 sacerdotibus
1703 3387 1868 3443 ministrare,
1882 3388 1935 3434 nisi
1949 3389 1990 3434 vel
2004 3390 2066 3434 actu

1318 3451 1448 3506 parochus
1461 3453 1488 3496 et
1502 3451 1623 3510 legitime
1632 3453 1793 3500 constitutus
1804 3455 1848 3511 sit,
1857 3455 1898 3500 vel
1906 3454 1934 3500 iu
1946 3455 2066 3502 examine

1317 3529 1364 3574 per
1379 3518 1548 3565 ordinarium
1564 3521 1726 3578 antistitem,
1741 3522 1769 3568 in
1783 3522 1859 3568 euius
1879 3522 1992 3568 dioecesi
2007 3523 2067 3568 flde-

1317 3584 1384 3630 lium
1405 3586 1580 3634 confessiones
1600 3589 1694 3634 andire
1715 3589 1800 3645 debet,
1815 3591 1894 3646 aptus
1908 3593 1936 3635 et
1956 3590 2066 3636 idoneus

1317 3653 1351 3698 ad
1365 3653 1426 3700 illas
1439 3655 1605 3712 excipiendas
1619 3659 1741 3714 repertus
1750 3658 1964 3714 approbaturque
1973 3656 2065 3712 fuerit;

1318 3734 1377 3768 cum
1393 3727 1558 3784 amplissima
1572 3727 1743 3786 derogatione
1754 3727 1955 3785 privilegiorum
1970 3729 1996 3772 et
2010 3738 2067 3772 eon-

1318 3793 1467 3839 suetudinis
1487 3795 1677 3852 cuiuscumque
1699 3795 1780 3840 etiam
1797 3795 2018 3842 immemorabilis
2032 3795 2067 3840 ci-

1317 3861 1376 3906 dem
1391 3862 1496 3908 deereto
1516 3863 1720 3909 contrariorum.
1737 3866 1765 3908 ln
1781 3863 1934 3910 huiusmodi
1949 3875 2012 3910 sane
2026 3865 2067 3910 de·

1316 3931 1389 3974 creto
1403 3929 1458 3975 sive
1472 3929 1643 3987 dispositione
1652 3931 1858 3988 comprehensae
1867 3931 2066 3989 intelliguntur,

1316 4007 1347 4042 ae
1357 3999 1427 4053 sunt,
1437 4008 1528 4042 omues
1542 4001 1569 4042 et
1583 3996 1704 4054 singulae
1718 3999 1884 4054 regularium
1899 3997 2018 4044 virorum
2033 3999 2068 4044 fa-

1317 4061 1406 4109 miliae
1419 4062 1540 4121 quamvis
1554 4065 1661 4122 speciali
1675 4077 1706 4112 ac
1720 4064 1911 4122 specialissima
1932 4066 2066 4112 mentione

1317 4132 1422 4190 dignae,
1443 4133 1666 4190 quemadmodum
1685 4133 1797 4179 afelieis
1817 4133 2008 4180 recordationis
2023 4137 2069 4180 Ur·

1316 4200 1385 4246 bano
1404 4204 1473 4258 Papa
1494 4204 1557 4246 Vlll.
1573 4202 1773 4258 praedecessore
1794 4204 1886 4248 nostro
1900 4200 1927 4245 in
1944 4213 1993 4247 sua
2009 4213 2067 4258 apo-

1318 4267 1411 4313 stolica
1431 4267 1621 4314 constitutione
1637 4271 1677 4317 92,
1700 4279 1767 4324 quae
1788 4267 1893 4324 incipit:
1917 4272 1985 4314 onan
1998 4273 2068 4313 sicta

1318 4340 1485 4388 occeptmas:
1507 4338 1640 4380 statutum
1661 4336 1762 4392 pariter
1783 4335 1906 4391 habetur,
1921 4336 2068 4393 quemlibet

1318 4403 1482 4450 sacerdotem
1504 4402 1557 4448 sive
1578 4403 1742 4448 saecularem
1761 4403 1816 4448 sive
1841 4403 1993 4460 regularem
2015 4415 2067 4449 non

2093 541 2191 594 Aac
2213 541 2286 592 1752

2112 2573 2286 2617 Prooemium-

1318 4481 1393 4527 posse
1404 4481 1496 4515 euram
1506 4469 1659 4516 animarum
1670 4469 1725 4515 sire
1735 4481 1795 4515 cum
1805 4474 1932 4528 perpetuo
1943 4470 1998 4516 sive
2007 4482 2066 4516 cum
2111 4479 2113 4483 ’
2157 4491 2161 4500 ·

1317 4537 1350 4582 ad
1364 4539 1470 4594 tempus
1483 4535 1564 4582 titulo
1578 4547 1671 4593 gerere
1686 4539 1712 4582 et
1727 4549 1857 4594 exercere,
1868 4537 1919 4584 nisi
1933 4538 2068 4596 priusfue

1318 4604 1355 4650 rit
1369 4605 1402 4652 ab
1417 4603 1557 4650 ordinarie
1571 4604 1698 4650 antistite
1708 4606 1877 4662 approbatus,
1889 4605 2025 4663 eidemque
2034 4606 2068 4654 ab

1318 4670 1375 4728 ipso
1390 4671 1516 4716 antistite
1530 4671 1672 4717 commissa
1686 4671 1838 4718 animarum
1853 4683 1933 4726 cura3
1948 4684 2008 4718 curn
2022 4673 2069 4718 hu·
2125 4667 2126 4672 ’

1318 4737 1432 4784 iusmodi
1447 4739 1523 4783 ectus
1537 4737 1570 4782 ad
1584 4740 1743 4794 potestatem
1753 4737 1927 4795 episcopalem
1939 4739 2068 4796 privative

1318 4805 1465 4863 pertineat;
1481 4805 1551 4850 sicut
1565 4815 1616 4850 non
1631 4807 1717 4850 solum
1732 4805 1859 4864 incapite
1876 4809 1943 4851 Caum
1953 4811 2025 4856 actm,
2038 4811 2070 4852 de

1319 4877 1399 4928 eptem
1409 4876 1600 4920 archidiaconi,
1613 4875 1747 4919 statutum
1760 4873 1874 4929 legitur:
1890 4873 1919 4918 lu
1932 4885 1984 4930 quo
1997 4885 2071 4932 aper·

1319 4941 1354 4986 tis
1367 4941 1453 4986 literis
1474 4939 1624 4985 contrariae
1645 4939 1831 4985 consuetudini
1850 4939 2009 4997 derogatum
2030 4952 2071 4985 ve

1318 5018 1379 5068 rum
1389 5007 1471 5053 etiam
1482 5007 1509 5051 in
1519 5007 1604 5063 capite
1615 5009 1648 5062 ll,
1659 5015 1720 5052 sess.
1730 5009 1764 5064 25,
1775 5007 1807 5052 de
1816 5007 1994 5064 Regularibus
2002 5007 2071 5052 eius

1318 5073 1378 5119 dem
1399 5073 1546 5120 Tridentini
1570 5073 1687 5119 concilii.
1713 5074 1838 5124 Quamvis
1859 5077 1950 5120 autem
1972 5074 1999 5118 in
2021 5075 2070 5120 hoe

1318 5152 1372 5197 cap.
1385 5142 1409 5185 ll
1424 5141 1561 5188 contraria
1571 5141 1746 5198 Regularium
1757 5141 1898 5198 privilegia
1909 5141 2018 5186 minime
2028 5141 2071 5187 ab·

1320 5211 1461 5265 rogantum
1477 5209 1575 5263 tamen,
1590 5217 1650 5253 cum
1666 5208 1693 5253 in
1708 5217 1761 5265 cap.
1778 5207 1970 5254 ultimodictae
1980 5205 2070 5252 sessio·

1319 5273 1360 5320 nis
1374 5275 1402 5318 25
1421 5275 1453 5320 de
1466 5275 1645 5330 Regularihus
1666 5275 1820 5320 eorumdem
1841 5275 2007 5331 regularium
2022 5275 2071 5320 hac

1320 5340 1345 5386 in
1366 5351 1395 5385 re
1416 5341 1563 5398 privilegiis
1582 5343 1739 5398 derogetur,
1760 5341 1915 5388 huiusmodi
1933 5341 2071 5398 derogatio

1319 5407 1517 5463 comprehendit
1532 5407 1613 5453 etiem
1628 5407 1755 5466 quidquid
1769 5407 1796 5452 in
1812 5408 1868 5465 ipso
1882 5408 1967 5466 capite
1979 5411 2001 5451 ll
2018 5410 2070 5454 sta-

1320 5476 1409 5519 tutum
1424 5476 1464 5519 est
1479 5473 1553 5520 iuxta
1568 5474 1787 5520 constitutionem
1804 5473 1959 5519 recolendae
1974 5484 2070 5519 memo

1319 5539 1375 5586 riae
1390 5539 1536 5586 innocentii
1550 5543 1594 5585 ΡΡ.
1611 5544 1675 5586 xlll.
1691 5541 1784 5586 itidem
1802 5540 2012 5598 praedecessoris
2027 5551 2070 5586 no

1319 5607 1469 5661 acriculus
1487 5607 1597 5652 initium
1617 5610 1670 5652 est:
1686 5611 1828 5660 spostottet
1840 5611 1991 5656 Merentertt,
2008 5618 2024 5652 a
2038 5605 2071 5651 fe
2159 5613 2160 5618 ’

1319 5673 1376 5718 licis
1386 5673 1487 5731 pariter
1497 5673 1688 5719 reeordationis
1698 5673 1837 5719 Benedieto
1847 5676 1892 5718 PP.
1903 5675 1977 5728 xlm,
1988 5673 2070 5720 etiam

1319 5741 1519 5796 praedecessore
1533 5743 1625 5786 nostro
1638 5740 1666 5784 in
1681 5751 1730 5785 sua
1743 5739 1942 5795 constitutione,
1957 5751 2024 5796 quae
2035 5738 2071 5784 iu·

1319 5806 1398 5864 cipit:
1414 5811 1447 5852 ln
1461 5817 1600 5860 sarpremo,
1612 5806 1805 5852 confirmatam.
1817 5807 1888 5857 Quod
1898 5817 1914 5851 a
1924 5805 1998 5851 nobis
2008 5817 2071 5863 quo

1320 5885 1371 5931 que
1385 5873 1412 5919 in
1427 5873 1617 5920 constitutione
1633 5877 1732 5928 nostra,
1747 5873 1824 5919 ouius
1838 5872 1999 5930 principium
2013 5876 2069 5919 est:

1321 5945 1502 5995 Apoeteltcum
1516 5943 1706 5989 ministerum,
1728 5950 1776 5998 pro
1798 5938 1968 5986 missionibus
1987 5937 2074 5995 angli·
