4764 6972
898 577 1094 626 beneolentis
1116 577 1180 626 xlv.

264 694 435 756 saeculares
456 712 551 774 quam
572 697 731 774 regulares
745 697 955 761 ecclesiasticis
977 695 1013 758 li·

264 787 328 852 bris
349 788 381 850 in
401 797 669 854 sacramentorum
688 791 966 868 administratione,
983 798 1013 854 et

264 882 363 946 blissis
389 882 567 963 divinisque
598 885 706 948 officiis
736 884 927 946 celebrandis
953 885 1011 959 uti,

263 973 325 1037 nisi
347 975 396 1050 iis,
418 976 472 1054 qui
487 992 543 1056 per
559 978 840 1056 congregationem
854 995 871 1038 a
886 978 917 1041 S.
935 977 1013 1040 Sede

262 1068 437 1146 apostolica
458 1070 669 1134 emendationi
684 1071 838 1135 librorum
852 1072 1013 1132 buinsmo-

263 1160 295 1224 di
324 1163 502 1241 deputatam
535 1166 663 1228 correcti
696 1167 839 1246 typisque
871 1165 1013 1245 impressi

262 1256 393 1322 luerint.

75 1360 243 1464 .2‘,·,¹²'2„{,'2,⁰j
305 1367 374 1413 xxx.
399 1353 440 1416 lta
463 1361 569 1418 autem
590 1355 720 1418 Graecos
748 1371 803 1417 seu
825 1355 1013 1418 elnonenses

74 1466 242 1522 inepiscopis
261 1461 296 1506 ιιι
312 1462 369 1508 suo
384 1445 460 1523 ritu,
473 1456 509 1511 ut
519 1447 705 1526 praefertur,
722 1463 1014 1528 permaneregrae-

70 1529 241 1624 tradedi

68 1633 143 1686 ddunt.

261 1555 376 1617 casque
398 1542 589 1604 ceremonias
613 1544 769 1606 custodire
789 1543 1011 1621 permittimus,

261 1640 299 1694 ut
307 1633 477 1698 latinorum
490 1637 726 1716 Episcoporum,
739 1639 917 1717 inquorum
933 1636 1015 1700 dioe-

259 1727 326 1790 cesi
346 1729 476 1806 degunt,
489 1730 695 1794 iurisdictioux
716 1731 847 1794 subiecti
868 1746 1011 1794 censean-

261 1827 329 1884 tur.
361 1823 468 1902 ltaque
495 1825 602 1888 Graeci
632 1842 688 1888 seu
716 1826 905 1889 Albanenses
934 1826 1013 1888 ritus

260 1917 379 1992 graeci,
396 1923 457 1978 tam
479 1917 675 1982 ecclesiastici
689 1919 902 1997 etregulares,
919 1934 1013 1998 quam

260 2008 545 2091 uictimaeque
560 2013 660 2076 Sicilia
682 2013 733 2076 vel
747 2013 814 2076 aliis
829 2011 931 2074 ltaliae
944 2028 1013 2091 par-

260 2101 347 2166 tibus
361 2103 536 2185 lnsulisque
551 2107 759 2172 adiacentibus
774 2115 1011 2180 commorantes,

259 2213 337 2258 cum
358 2213 430 2260 suos
451 2199 628 2264 Ordinarios
643 2217 766 2279 graecos
782 2217 845 2265 non
867 2201 1011 2274 babeant,

259 2291 544 2356 nonobstantibus
571 2294 819 2374 quibuscumque
845 2294 1013 2371 exemptio-

258 2384 369 2460 nibus,
392 2385 521 2466 aliisque
532 2388 705 2466 privilegiis
725 2388 814 2451 dictis
827 2388 948 2450 Graecis
963 2403 1012 2449 eo-

259 2493 400 2557 rumque
414 2481 568 2557 praelatis,
585 2482 768 2556 rectoribus,
790 2479 960 2556 abbatibus,
982 2488 1013 2542 et

259 2571 333 2634 aliis
356 2581 418 2636 tam
440 2575 471 2639 S.
495 2576 598 2638 Basilii
620 2583 650 2638 et
673 2576 799 2638 alterius
821 2575 942 2640 Ordinis
964 2592 1012 2636 re·

259 2666 437 2744 gularibus,
453 2669 507 2746 qui
529 2669 679 2748 privatam
695 2669 792 2732 vitam
807 2667 937 2743 ducunt,
955 2685 1012 2731 nec

259 2759 297 2820 in
321 2762 597 2838 congregationem
611 2769 685 2825 sunt
700 2762 826 2836 redacti,
843 2777 936 2841 quam
949 2777 1013 2823 sae-

259 2853 421 2916 cularibus
442 2871 476 2916 ac
497 2855 590 2916 etiam
613 2855 695 2918 laicis
710 2857 848 2934 personis
863 2871 1013 2935 quocum-

258 2962 328 3024 que
349 2947 476 3008 uomine
498 2949 695 3028 nuncupatis
718 2966 774 3029 per
794 2949 845 3012 lel.
863 2967 923 3013 rec.
937 2950 1013 3012 Leo·

259 3055 341 3102 uem
362 3040 415 3116 x,
438 3041 567 3104 Paulum
595 3043 659 3115 lll.,
686 3043 801 3107 lulium
830 3045 925 3107 etiam
947 3043 1012 3118 lll.,

259 3139 296 3194 et
319 3133 394 3196 alios
414 3133 517 3198 forsan
539 3137 692 3200 Romanos
721 3138 887 3200 Pontifices
906 3145 938 3199 et
961 3136 1014 3201 Se-

258 3225 339 3289 dem
361 3229 566 3306 Apostolicam
587 3231 620 3292 in
642 3248 759 3308 genere
786 3231 837 3293 vel
859 3232 891 3294 in
912 3231 1014 3310 specie

260 3325 416 3386 bactenus
438 3323 601 3400 concessis,
623 3340 657 3387 ac
678 3327 771 3388 etiam
793 3325 911 3387 iteratis
940 3323 1016 3386 rici-

259 3415 325 3478 bus
345 3417 517 3495 approbatis
539 3427 570 3480 et
592 3419 745 3480 innovatis
768 3419 809 3482 ita
836 3419 939 3482 latinis
961 3419 1014 3484 Or·

259 3510 396 3572 dinariis
427 3512 584 3588 locorum,
613 3529 692 3592 quae
720 3513 877 3589 habitant,
900 3513 1013 3576 debent

259 3617 333 3663 esse
365 3604 513 3680 subiecti,
541 3614 576 3668 ut
603 3606 661 3686 ipsi
690 3607 831 3670 locorum
861 3607 1014 3671 Ordinarii

258 3713 478 3776 quascumque
499 3700 682 3762 eorumdem
703 3699 889 3762 Graecorum
911 3709 942 3763 et
963 3699 1014 3762 bl·

257 3789 453 3852 barensium
468 3791 618 3868 ecclesias,
633 3794 830 3867 monasteria,
846 3794 1012 3873 prioratus,

259 3891 298 3946 et
319 3883 376 3946 alia
397 3885 446 3964 pia
466 3886 541 3960 loca,
558 3893 621 3948 tam
642 3886 790 3950 secularia
805 3905 898 3966 quam
912 3888 1013 3951 cuius·

259 3978 314 4040 vis
336 3979 458 4043 Ordinis
479 3981 644 4057 regularia,
657 3997 829 4061 eorumque
850 3981 1011 4060 praelatos,

259 4072 387 4136 etiamsi
417 4075 592 4154 episcopali,
617 4075 864 4155 archiepiscopali
896 4092 929 4138 ac
949 4093 1013 4137 ma·

261 4165 325 4227 ioci
347 4168 498 4243 dignitate
525 4169 755 4247 praelnlgeant,
779 4185 901 4232 necnon
925 4171 1013 4232 abba·

262 4264 326 4333 tes,
340 4269 487 4336 rectores,
500 4261 660 4326 ministros
670 4271 702 4325 et
712 4263 835 4341 quasvis
850 4263 922 4324 alias
934 4262 1013 4324 eius-

261 4353 339 4415 dem
361 4355 496 4416 nationis
522 4372 666 4433 personas
687 4356 721 4418 in
747 4358 811 4419 suis
838 4356 1013 4420 civitatibus

261 4453 299 4508 et
320 4447 509 4512 dioecesibus
536 4451 754 4526 consistentia,
783 4452 905 4529 quoties
936 4467 1013 4529 opus

261 4540 372 4618 luerit,
395 4542 532 4618 visitare,
548 4560 581 4606 ao
596 4545 629 4605 in
646 4544 706 4606 illis
716 4561 804 4607 suam
825 4544 1011 4607 ordinariam

263 4635 525 4714 iurisdictionem,
541 4639 729 4718 plenamque
750 4647 781 4701 et
803 4638 1012 4700 omnimodam

261 4731 483 4794 auctoritatem
505 4734 538 4795 in
560 4733 607 4807 iis,
638 4750 716 4812 quae
737 4733 791 4796 Dei
813 4732 944 4808 cultum,
967 4749 1013 4794 sa-

262 4835 496 4889 cramentorum
518 4827 831 4902 administrationem,
843 4843 879 4894 ac.
897 4826 1014 4889 anima-

263 4935 339 4982 rum
360 4920 504 4995 salutem,
525 4921 752 4998 haeresumque
773 4921 1012 4998 extirpationem

263 5021 472 5090 concernunt,
485 5029 630 5077 exercere
651 5020 683 5076 et
704 5014 791 5092 sequi
813 5012 911 5076 libere
931 5021 961 5074 et
977 5012 1013 5073 li-

263 5107 328 5170 cite
348 5107 488 5185 raleant;
516 5109 642 5187 reliquis
664 5109 802 5188 ipsorum
823 5108 1012 5170 Graecorum

265 5208 298 5263 et
311 5201 537 5264 tumnensium
552 5202 584 5264 n
599 5175 917 5266 cxvxnoleteoxanus
932 5201 1011 5263 atus-

265 5309 329 5372 que
349 5295 459 5357 ritibus
479 5312 495 5356 a
518 5295 597 5358 Sede
628 5295 798 5375 Apostolicd
825 5295 1011 5375 approbatis,

266 5404 389 5450 necnon
410 5388 581 5466 privilegiis
603 5397 633 5452 et
655 5389 761 5466 gratiis
772 5386 945 5467 apostolicis
966 5388 1014 5450 in-

266 5482 354 5545 tactis
382 5483 631 5546 remanentibus:
659 5498 717 5544 nec
738 5483 810 5562 ipsis
838 5482 960 5546 Graecis
981 5489 1012 5544 et

266 5575 492 5640 libanensibus
512 5575 642 5650 clericis,
664 5574 715 5637 vel
740 5575 833 5651 laicis,
862 5591 1012 5638 eorumve

265 5670 419 5749 praelatis,
442 5670 589 5744 ecclesiis,
612 5669 778 5744 coenobiis,
792 5675 844 5731 aut
866 5669 933 5730 aliis
954 5669 1012 5748 piis

267 5762 340 5825 locis
361 5763 454 5826 dictas
482 5764 694 5842 exemptiones
718 5779 773 5826 seu
794 5763 956 5842 privilegia
978 5763 1010 5824 in

266 5856 370 5935 aliquo
389 5857 568 5934 sudragari3
590 5859 642 5920 sed
664 5856 732 5919 illos
754 5871 874 5931 omnes,
897 5862 928 5918 et
949 5855 1011 5918 sin·

267 5950 356 6028 gulos
376 5949 532 6027 locorum,
559 5951 592 6014 in
618 5951 730 6030 quibus
758 5963 877 6012 moram
891 5979 895 5986 =
911 5957 1010 6014 traxe·

1756 563 1792 626 71
1845 563 1899 618 An.
1913 565 1943 619 O.
1965 564 2033 616 1742

1070 696 1145 770 rint,
1168 696 1402 764 Ordinariorum
1424 698 1604 774 visitationi,
1617 699 1813 774 correctioni,

1069 790 1236 868 punitioni,
1260 792 1466 858 iurisdictioni
1480 801 1513 856 et
1527 791 1724 856 omnimodae
1745 810 1816 855 auc·

1071 883 1187 946 toritati
1208 885 1239 948 in
1263 887 1437 964 praemissis
1457 888 1593 962 subesse,
1611 887 1733 966 illisque
1749 896 1814 949 tan-

1069 992 1162 1054 quam
1183 979 1393 1056 superioribus
1406 980 1470 1042 suis
1484 996 1674 1059 suarumque
1695 979 1815 1042 anima-

1070 1084 1139 1132 rum
1162 1071 1333 1148 pastoribus
1354 1072 1518 1136 humiliter
1539 1073 1671 1136 obedire.

1109 1178 1163 1224 xx.
1187 1164 1245 1226 Ubi
1265 1181 1340 1228 xero
1361 1166 1422 1228 duo
1443 1174 1546 1228 essent
1569 1167 1711 1246 Episcopi
1732 1167 1812 1230 eius·
1859 1188 1905 1252 uox
1921 1188 1972 1236 ouo
1990 1189 2046 1245 ιρι-

1070 1257 1141 1320 dem
1169 1258 1228 1322 loci
1248 1277 1263 1319 a
1286 1260 1317 1323 S.
1342 1261 1420 1324 Sede
1451 1260 1625 1339 Apostolicd
1656 1261 1811 1340 deputati,
1832 1244 2045 1353 flffiffifeffil

1070 1368 1152 1414 unus
1175 1351 1304 1429 latinus,
1327 1354 1406 1416 alter
1427 1370 1572 1433 graecus,
1600 1355 1813 1434 (quemadmo-
1832 1360 1923 1405 ⁸⁰⁰l¹¹⁸
1947 1350 2044 1396 ΝΜ

1069 1447 1144 1508 dum
1171 1445 1204 1508 iu
1236 1446 1392 1510 Calabriae
1423 1449 1561 1527 partibus
1587 1458 1618 1511 et
1648 1449 1680 1511 in
1712 1449 1813 1513 Sicilia
1832 1405 2045 1520 ἒῗεξιοῗεὲἷᾞίιὲιῗ

1069 1538 1144 1600 olim
1166 1537 1260 1601 luisse
1287 1539 1508 1618 perhibentur,
1531 1549 1564 1605 et
1585 1543 1722 1604 nuncin
1746 1545 1812 1622 qui·
1831 1511 2044 1611 ἷῗέιῗὲιιῖᾞίωὲιῖἶ

1069 1632 1197 1696 busdam
1219 1633 1360 1696 Graeciae
1382 1635 1492 1698 insulis
1513 1637 1669 1717 existunt)
1691 1637 1813 1716 Episco·
1833 1629 1887 1664 ‘²¹¹¹
1904 1617 2003 1664 'mm'

1069 1743 1126 1806 pus
1157 1726 1271 1788 latinus
1302 1725 1339 1788 de
1370 1729 1511 1808 personis
1541 1730 1752 1793 ecclesiasticis
1784 1740 1814 1793 et

1069 1819 1275 1883 saecularibus
1307 1823 1440 1900 graecis,
1468 1840 1502 1886 ac
1532 1822 1569 1885 de
1601 1822 1815 1888 iurisdictione

1070 1914 1211 1992 Episcopi
1233 1917 1334 1992 graeci
1355 1917 1405 1978 vel
1428 1917 1494 1978 aliis
1515 1918 1765 1998 quibuscumque
1779 1922 1815 1984 ad

1070 2007 1254 2086 Episcopum
1276 2024 1420 2086 graecum
1432 2010 1664 2089 quomodolibet
1677 2022 1815 2092 spectan-

1069 2102 1163 2179 tibus,
1196 2104 1377 2168 nullatenus
1401 2121 1434 2167 se
1455 2105 1666 2168 intromittere
1692 2125 1815 2187 praesu-

1069 2206 1149 2274 mat;
1171 2199 1223 2260 sed
1248 2199 1414 2278 Episcopus
1436 2196 1552 2263 latin'us
1572 2200 1753 2277 latinorum,
1777 2204 1815 2266 E·

1069 2293 1209 2371 piscopus
1224 2307 1299 2352 vero
1315 2307 1441 2369 graecus
1457 2308 1639 2370 graecorum
1654 2296 1816 2360 dumtaxat

1068 2400 1188 2457 curam,
1211 2384 1355 2461 regimen
1376 2393 1407 2446 et
1428 2385 1674 2449 iurisdictionem
1696 2405 1816 2468 respec-

1070 2478 1132 2540 tive
1155 2478 1298 2554 babeant,
1319 2487 1350 2540 et
1371 2486 1545 2542 exerceant.
1568 2481 1600 2544 ld
1623 2480 1703 2559 quod
1719 2481 1757 2544 de
1776 2483 1816 2544 E-

1068 2571 1198 2650 piscopis
1220 2573 1403 2653 graecispro
1425 2573 1620 2636 ordinatione
1640 2574 1816 2653 italo-grae-

1068 2681 1188 2739 corum,
1210 2664 1326 2727 Romae
1347 2665 1397 2729 vel
1419 2667 1451 2728 in
1474 2667 1611 2730 Calabria
1631 2683 1687 2746 per
1701 2668 1815 2734 Sedem

1069 2757 1287 2836 Apostolicam,
1310 2767 1450 2839 utsupra
1466 2760 1613 2834 diximus,
1625 2763 1813 2838 constitutis,

1069 2851 1201 2912 minime
1233 2851 1475 2928 intelligendum
1506 2869 1574 2916 esse
1604 2854 1812 2918 declaramus:

1068 2960 1140 3006 cum
1161 2944 1183 3004 ii
1205 2942 1400 3007 facultatibus
1421 2945 1656 3010 Ordinariorum
1677 2955 1813 3024 careant,

1069 3051 1126 3098 nec
1148 3052 1337 3116 quemquam
1360 3054 1398 3098 ex
1422 3037 1471 3114 iis,
1494 3039 1546 3118 qui
1570 3055 1633 3102 non
1654 3050 1727 3103 sunt
1748 3041 1814 3103 alu-

1070 3129 1136 3191 mni
1159 3131 1290 3208 Collegii
1312 3131 1498 3194 Graecorum
1513 3131 1639 3209 Romae,
1662 3142 1692 3196 et
1714 3135 1814 3198 Colle·

1069 3224 1112 3302 gii
1143 3223 1414 3302 italo-graecorum
1445 3242 1500 3287 seu
1527 3226 1752 3290 Albanensium
1779 3231 1813 3293 in

1070 3317 1219 3394 Calabria,
1243 3317 1278 3377 ad
1300 3319 1432 3396 primam
1456 3326 1617 3382 tonsuram
1638 3329 1692 3384 aut
1713 3323 1814 3386 ullum

1069 3411 1211 3472 ordinem
1232 3412 1298 3473 sive
1315 3413 1470 3474 minorem
1490 3413 1557 3475 sive
1575 3415 1737 3492 maiorem,
1754 3417 1814 3480 nisi

1069 3518 1141 3565 cum
1163 3505 1345 3566 dimissoriis
1366 3505 1414 3568 sui
1434 3505 1600 3582 Ordinarii,
1628 3523 1814 3586 promovere

1069 3597 1202 3658 valeant.

1109 3707 1177 3752 xxx.
1203 3693 1236 3754 ln
1257 3693 1393 3755 Oioecesi
1414 3694 1467 3756 ubi
1482 3693 1585 3758 Latini
1600 3703 1632 3758 et
1646 3697 1752 3760 Graeci
1767 3698 1815 3760 in·
1859 3729 1997 3786 g„„0„„,
2010 3732 2046 3778 xa-

1070 3785 1226 3862 babitant,
1256 3793 1287 3848 et
1313 3786 1415 3849 solum
1447 3788 1719 3870 Arcbiepiscopum
1747 3792 1813 3854 sive
1832 3783 2045 3831 ¹¹¹¹l⁵⁰³¹⁶²⁰³⁰·

1069 3878 1254 3959 Episcopum
1287 3880 1418 3942 latinum
1450 3881 1648 3946 Ordinarium
1678 3839 2044 3960 h,1„„,‚⁵v³,{,f',l³,⁶,⁰⁰,‘,l¹,l

1069 3971 1168 4034 dictus
1189 3971 1444 4052 brcbiepiscopus
1463 3974 1531 4036 sive
1552 3975 1720 4054 Episcopus
1734 3977 1813 4040 circa
1831 3955 1894 4043 ῗέιῗέ
1908 3944 2044 4046 ηἰῗιῗῗιέιῖ

1069 4067 1193 4142 negotia
1215 4073 1246 4128 et
1267 4083 1370 4128 causas
1381 4066 1536 4128 dictorum
1556 4067 1745 4132 Graecorum
1761 4069 1812 4133 Vi·
1831 4052 1893 4098 ‘¹⁰¹¹'
1907 4051 2020 4108 ⁶⁰⁹⁰oe‘·

1068 4161 1186 4220 carium
1209 4175 1355 4237 graecum
1377 4160 1449 4238 ipsis
1471 4160 1591 4222 Graecis
1612 4171 1748 4239 gratum,
1762 4165 1812 4226 rel

1069 4251 1148 4330 ipsos
1169 4253 1298 4316 Graecos
1319 4254 1498 4330 eligendum
1520 4255 1582 4333 (ex
1602 4273 1663 4334 quo
1686 4272 1812 4335 graecus

1069 4346 1117 4406 vir
1139 4346 1251 4409 melius
1272 4362 1397 4424 graecos
1418 4362 1520 4408 mores
1541 4348 1641 4423 novit,
1657 4366 1749 4428 quam
1770 4350 1812 4411 la-

1069 4439 1171 4522 tinus)
1203 4441 1343 4520 ipsorum
1373 4439 1527 4518 stipendio
1552 4447 1583 4502 et
1609 4441 1718 4504 salario
1738 4445 1811 4506 reti-

1069 4539 1209 4600 nendum
1230 4537 1375 4616 deputet;
1398 4543 1429 4597 et
1451 4535 1483 4596 in
1505 4537 1603 4598 causis
1634 4537 1811 4616 appellatio-

1069 4630 1115 4692 nis
1137 4632 1171 4692 ad
1193 4629 1543 4709 Metropolitanum,qui
1564 4629 1666 4691 lorsan
1683 4646 1812 4707 graecus

1068 4739 1131 4784 non
1153 4731 1244 4798 esset,
1267 4723 1367 4784 dictus
1392 4721 1646 4800 Metropolitanus
1667 4723 1812 4787 similiter

1067 4817 1100 4878 in
1123 4817 1210 4878 dictis
1231 4816 1330 4879 causis
1351 4816 1484 4878 iudicem
1503 4831 1650 4890 graecum
1664 4815 1812 4896 deputare

1069 4918 1221 4972 teneatur.

1107 5022 1187 5067 xxxx.
1211 5005 1426 5069 Ordinationes
1454 5007 1582 5068 demum
1614 5012 1644 5068 et
1670 5007 1811 5070 instituta
1855 5037 1888 5080 n,
1904 5036 2041 5082 monartio-

1067 5099 1220 5177 regularia
1243 5099 1296 5162 SS.
1311 5099 1437 5162 Petrum
1459 5100 1496 5162 de
1517 5100 1581 5161 vita
1602 5109 1632 5162 et
1652 5102 1811 5164 statutio
1828 5091 2042 5196 ssssssfssfflssl

1067 5198 1239 5256 naonorum
1261 5195 1297 5256 ab
1318 5193 1476 5256 abbatibus
1497 5201 1529 5255 et
1549 5195 1708 5257 monacbis
1723 5211 1810 5272 grae·
1828 5196 1899 5242 ‘⁰¹1⁸-

1067 5287 1120 5362 cis,
1136 5288 1189 5365 qui
1204 5287 1237 5348 in
1253 5287 1337 5349 ltalia
1352 5290 1383 5350 et
1398 5287 1510 5350 lnsulis
1524 5287 1733 5351 adiacentibus
1748 5289 1811 5367 pri-

1067 5385 1163 5446 vatim
1184 5385 1314 5461 degunt,
1338 5399 1395 5446 nec
1416 5383 1556 5462 regulam
1585 5384 1810 5446 monachorum

1067 5478 1189 5542 Ordinis
1221 5478 1251 5542 S.
1277 5477 1379 5538 Basilii
1404 5477 1437 5538 in
1465 5477 1740 5554 congregationem
1761 5493 1810 5539 re·

1067 5572 1234 5635 ductorum
1262 5580 1337 5634 suut
1364 5569 1504 5648 professi,
1537 5572 1740 5650 praecipimus
1763 5571 1810 5634 in·

1067 5665 1231 5728 violabiter
1242 5664 1414 5740 obseruari3
1437 5678 1552 5741 eosque
1566 5678 1686 5738 omnes,
1703 5671 1734 5725 et
1747 5664 1811 5727 sin·

1067 5759 1156 5838 gulos
1171 5758 1375 5828 iurisdictioni
1390 5755 1626 5820 Ordinariorum
1640 5757 1810 5820 latinorum

1066 5853 1260 5928 subiicimus,
1290 5853 1472 5914 mandantes
1500 5851 1638 5929 insuper,
1662 5859 1696 5913 ut
1718 5868 1811 5930 quae-

1066 5963 1202 6028 cumque
1222 5961 1315 6026 supra
1329 5946 1408 6009 circa
1422 5945 1543 6010 rituum
1561 5960 1743 6024 graecorum
1758 5947 1809 6008 ob-
