4744 6976
325 563 379 620 An.
393 566 424 621 0.
445 565 514 621 1745
563 565 622 632 214

544 706 708 785 Episcopos
729 711 759 768 et
780 706 863 769 viros
888 704 1106 768 ecclesiasticos
1127 703 1287 781 Hispanos

543 801 711 879 sapientiae
732 816 765 861 33
781 787 902 878 pietatis
916 798 1006 861 13333
1020 797 1171 874 insignes,
1188 797 1289 877 quiin

543 894 685 971 Hispania
706 895 835 970 degunt,
859 893 891 955 in
913 893 993 955 hauc
1017 892 1197 972 opinionem
1218 906 1289 952 con·

544 987 652 1048 venire
674 1002 792 1062 omnes,
818 1002 881 1049 non
904 985 995 1049 modo
1013 986 1091 1048 utile
1111 985 1165 1047 sed
1186 1000 1289 1047 neces-

543 1079 660 1143 sarium
680 1096 757 1155 esse,
779 1080 912 1158 populis,
935 1096 1012 1159 quos
1040 1087 1129 1142 antea
1151 1079 1290 1141 nomina·

544 1173 660 1249 vimus,
682 1174 807 1249 elargiri
828 1173 987 1236 licentiam
1007 1183 1039 1236 et
1054 1174 1242 1246 facultatem,
1256 1180 1290 1236 ut

544 1283 609 1330 non
628 1267 730 1328 solurn
746 1267 929 1346 quibusdam
944 1267 1082 1346 partibus
1096 1266 1289 1340 animalium,

544 1361 598 1424 sed
618 1359 763 1421 omnibus
778 1359 874 1422 libere
889 1361 925 1422 ad
940 1375 1080 1421 mensam
1096 1366 1226 1423 utantur
1236 1374 1291 1436 per

532 1453 694 1516 ‚sabbatha
715 1453 884 1532 simplicia,
908 1460 939 1515 31
959 1453 984 1514 31
999 1468 1196 1532 nequaquam
1210 1451 1240 1513 id
1256 1451 1292 1512 li-

544 1555 621 1623 ceat,
644 1547 721 1611 illud
742 1548 914 1611 necessario
936 1551 1095 1628 consequi,
1112 1555 1146 1611 ut
1165 1548 1222 1620 illi,
1237 1547 1291 1626 qui

543 1642 644 1703 Deum
665 1641 788 1716 timent,
805 1640 838 1702 in
855 1642 1004 1703 maximas
1018 1642 1175 1718 angustias
1189 1657 1223 1702 ac
1237 1641 1291 1702 du·

544 1733 673 1795 31313133
700 1732 902 1808 3333333133,
924 1734 1037 1796 3331331
1058 1749 1145 1809 vero,
1167 1733 1219 1811 qui
1242 1749 1289 1810 pa·

543 1844 617 1890 rum
638 1829 676 1890 de
697 1827 849 1890 Ecclesiae
880 1828 1040 1907 disciplina
1060 1827 1184 1890 solliciti
1205 1834 1290 1901 sunt,

545 1921 642 2000 ipsam
663 1921 855 2000 apertissime
876 1928 968 2000 atque
989 1921 1140 1984 iniuriose
1154 1929 1291 1983 contem·

545 2023 642 2091 nant3
679 2030 748 2076 rem
782 2015 877 2076 etiam
911 2015 1091 2078 universam
1128 2014 1292 2094 praeclaris

544 2109 697 2185 theologis
718 2108 879 2186 doctisque
906 2108 983 2170 viris
1011 2108 1059 2171 hic
1080 2110 1196 2171 Romae
1223 2124 1291 2170 exa-

543 2203 723 2264 minandam
745 2203 977 2282 proposuimus3
1001 2220 1120 2283 nosque
1135 2204 1191 2282 ipsi
1206 2221 1292 2266 accu-

543 2303 611 2357 rato
631 2297 733 2358 studio
755 2296 986 2376 perpendimus.

583 2389 602 2463 ἓ
623 2388 652 2449 3.
675 2389 719 2450 Ac
740 2389 877 2466 primum
898 2391 932 2453 in
953 2401 1094 2454 mentem
1109 2392 1197 2454 venit
1211 2392 1290 2454 inte·

545 2497 633 2558 gram
654 2481 874 2545 abstinentiam
895 2501 909 2544 a
929 2485 1072 2547 carnibus
1086 2485 1223 2548 indicere
1237 2501 1292 2564 per

544 2577 608 2639 dies
631 2575 787 2650 sabbathi,
809 2579 1074 2654 quemadmodum
1089 2585 1135 2640 tot
1149 2579 1224 2640 aliae
1240 2595 1292 2640 na·

543 2671 644 2731 tiones
665 2677 696 2732 et
717 2669 804 2748 plura
835 2685 959 2749 quoque
989 2671 1205 2751 Hispaniarum
1227 2671 1291 2734 loca

544 2761 642 2826 lacere
664 2779 774 2840 magna
805 2765 958 2840 religione
985 2771 1228 2828 consueverunt.
1253 2766 1292 2826 llt

544 2873 600 2919 nos
622 2857 809 2932 (omittimus
839 2858 889 2919 hic
910 2874 1084 2934 recensere,
1107 2858 1291 2937 qualiscum-

314 3015 343 3050 ex
361 2952 527 3053 responaens
545 2965 604 3029 que
626 2951 678 3026 sit,
700 2951 826 3014 illorum
848 2950 1040 3029 opinionem,
1057 2952 1110 3029 qui
1125 2952 1292 3016 11333333-

313 3016 528 3124 gn‘ssl'cacoii'ce's
544 3044 745 3106 suetudinem
775 3044 885 3108 edendi
913 3053 1082 3124 postremas
1110 3046 1291 3109 animalium

313 3123 384 3159 ⁸¹⁰⁰⁰
399 3113 503 3162 mum·
545 3143 646 3216 partes
668 3143 736 3198 tum
756 3136 889 3214 caepisse
917 3137 1122 3214 arbitrantur,
1145 3155 1216 3202 curn
1238 3138 1288 3200 iel.

544 3248 605 3294 rec.
629 3231 782 3293 Adrianus
804 3231 825 3293 l.
857 3231 978 3308 Egilam
1006 3235 1107 3296 Toleti
1135 3235 1293 3314 archiepi-

544 3340 673 3402 scopum
688 3325 892 3386 vehementer
907 3325 1093 3404 obiurgavit,
1110 3345 1147 3390 eo
1161 3331 1241 3408 quod
1258 3331 1290 3391 in

544 3417 689 3496 Hispania
703 3433 809 3480 carnes
824 3427 1056 3498 apponerentur
1070 3421 1119 3483 die
1135 3423 1289 3496 sabbathi,

544 3511 684 3573 sicutiin
695 3509 818 3574 Graecia
830 3512 897 3573 fieri
908 3512 1137 3591 solebat).·Nos,
1151 3515 1289 3593 inquam,

545 3605 681 3681 permoti
707 3605 848 3681 exemplo
874 3605 979 3668 Sancti
1000 3607 1091 3682 Greg.
1116 3607 1293 3686 11113333-

545 3697 710 3759 decessoris
731 3696 838 3759 itidem
860 3698 970 3774 nostri,
993 3700 1047 3776 qui
1067 3701 1169 3779 potius
1188 3702 1291 3762 admo-

545 3804 636 3866 nens,
658 3805 752 3868 quam
773 3792 975 3870 praecipiens,
997 3792 1137 3856 hortatus
1151 3798 1197 3854 est
1212 3793 1292 3857 chri·

545 3883 670 3958 stianos,
693 3891 729 3945 ut
750 3884 892 3948 sabbathi
914 3885 1023 3948 diebus
1038 3903 1054 3948 3
1069 3887 1212 3949 carnibus
1227 3887 1292 3948 abs·

544 3975 695 4052 timerent,
712 3977 772 4038 nisi
792 3977 872 4040 forte
886 3977 1027 4040 solemne
1040 3980 1163 4059 aliquod
1177 3981 1291 4044 lestum

544 4069 654 4132 iisdem
675 4071 783 4133 diebus
795 4071 1023 4150 celebraretur3
1040 4073 1162 4136 adducti
1175 4075 1293 4152 pariter

546 4165 689 4245 exemplo
704 4164 809 4226 lunoc.
826 4165 875 4244 111.
894 4167 1134 4245 praedecessoris
1148 4169 1292 4233 similiter

546 4258 656 4334 nostri,
670 4259 723 4337 qui
739 4259 867 4321 huiusce
881 4260 1114 4323 consuetudinis
1124 4263 1292 4340 plurimam

545 4352 699 4413 rationem
720 4352 841 4427 habuit3
859 4353 985 4430 insuper
999 4356 1208 4430 expendentes
1223 4357 1291 4418 doo-

484 4505 488 4514 ,
546 4445 660 4506 trinam
682 4443 783 4507 Sancti
805 4445 968 4522 Antonini,
991 4447 1185 4527 aliorumque
1206 4467 1292 4529 prae-

545 4539 698 4601 stantium
719 4539 947 4614 theologorum,
970 4539 1038 4602 illos
1059 4557 1172 4620 nempe
1186 4543 1292 4606 lethali

473 4690 474 4693 ,
546 4631 654 4709 331333
674 4632 823 4694 obnoxios
843 4647 922 4708 esse,
938 4634 991 4711 qui
1007 4633 1055 4697 313
1070 4634 1213 4698 sabbathi
1228 4636 1294 4698 abs-

547 4738 609 4801 que
639 4724 776 4800 legitima
807 4741 896 4786 causa
930 4733 1097 4790 vescantur
1130 4730 1290 4806 carnibus,

547 4817 583 4878 itt
611 4816 653 4877 iis
681 4815 775 4888 locis,
809 4814 865 4879 udi
896 4821 1092 4882 consuetudo
1123 4824 1291 4886 contrariu

548 4909 669 4989 sumit,-
697 4916 853 4988 postremo
885 4911 963 4974 illud
983 4913 1086 4975 animo
1107 4916 1290 4992 cogitantes,

548 5019 612 5064 non
632 5001 734 5064 solum
756 5003 788 5066 13
809 5003 964 5082 Hispania,
980 5007 1034 5070 sed
1055 5007 1149 5070 etiam
1171 5009 1203 5071 13
1224 5010 1293 5088 331-

546 5096 675 5159 busdam
701 5096 816 5158 Galliae
843 5097 1049 5175 dioecesibus,
1078 5103 1177 5162 veteri
1204 5102 1293 5164 insti-

546 5195 627 5264 tuto,
652 5190 753 5251 carnis
781 5206 870 5254 esum
897 5192 1038 5269 permitti
1061 5193 1094 5255 in
1120 5193 1290 5273 Sabbathis,

547 5296 626 5361 quae
648 5283 731 5346 inter
752 5283 835 5347 diem
864 5285 1001 5348 natalem
1026 5286 1165 5363 Domini,
1192 5307 1225 5352 33
1249 5290 1292 5351 le·

546 5384 631 5440 stum
651 5377 876 5441 Puriilcatiouis
897 5378 1147 5458 inte1·iiciuntur;
1172 5381 1229 5458 his,
1246 5383 1293 5445 in-

547 5487 663 5550 quam,
697 5473 795 5536 causis
829 5471 985 5552 perducti,
1023 5473 1160 5552 primum
1193 5477 1291 5538 consi·

547 5564 637 5641 lium,
660 5567 740 5644 quod
769 5566 802 5628 iu
823 5574 963 5629 mentem
987 5577 1126 5642 venerat,
1153 5567 1292 5647 deposui-

547 5675 629 5734 mus,
653 5658 734 5720 lacili
758 5661 931 5724 coniectura
955 5661 1176 5741 perspicientes
1196 5664 1292 5724 maxi-

548 5766 631 5812 mam
661 5751 888 5831 difficultatem,
921 5771 1000 5833 3333
1030 5754 1134 5817 131333
1166 5763 1243 5833 3331,
1266 5758 1292 5818 31

547 5845 806 5906 consuetudinem
825 5846 1030 5910 diuturnitate
1054 5848 1199 5926 temporis
1221 5865 1294 5912 con-

549 5933 703 6000 tinuatam
729 5938 947 6020 abnegaremus
968 5941 1006 6003 113
1027 5941 1158 6021 3333113,
1181 5943 1293 6025 quibus

1061 582 1126 630 tun.
1151 576 1242 628 PONT·
1266 575 1307 625 bn
1327 575 1357 624 P·
1381 575 1410 625 F.
1435 573 1517 625 PARS
1538 578 1561 624 l·

2122 559 2187 615 An.
2205 559 2241 612 G.
2268 555 2342 609 1745

1347 699 1438 764 edere
1459 699 1830 780 postremas-animalium
1851 707 1952 780 partes
1966 699 2092 778 permit·

1347 797 1435 859 ntur.
1808 789 1810 796 ’

1387 892 1405 965 5
1427 887 1455 951 la.
1480 891 1550 952 Post
1570 891 1629 954 hoc
1650 891 1825 967 consilium,
1841 891 1923 955 aliud
1939 889 2029 954 nobis
2043 906 2092 952 oc·
2123 894 2364 960 oimcutcassee

1346 983 1456 1059 currit,
1480 1000 1593 1063 nempe
1614 991 1755 1048 veterem
1776 985 2034 1048 consuetudinem
2055 983 2092 1044 ab
2110 949 2354 1070 ζῇῗὲἒαέιῃιῗῖεἶιῗ

1345 1093 1392 1152 33,
1406 1095 1484 1158 3333
1498 1079 1655 1142 recentior
1666 1084 1723 1153 est,
1735 1093 1909 1155 secernere,
1921 1079 1997 1152 sive,
2010 1079 2093 1157 qnod
2110 1065 2176 1109 ΜΘ·

1347 1173 1430 1234 idem
1451 1169 1655 1253 prorsusssest,
1677 1172 1780 1234 solum
1804 1171 1969 1248 indulgere
1989 1179 2024 1234 ut
2046 1172 2093 1233 in·

1348 1268 1459 1330 testina
1480 1274 1513 1328 et
1540 1273 1642 1344 partes
1672 1273 1830 1329 extremae
1855 1266 2038 1328 animalium
2058 1268 2093 1328 in

1348 1375 1487 1423 mensam
1508 1361 1687 1435 3113333133,
1703 1361 1750 1422 311
1770 1359 1961 1423 3333331333
1975 1361 2094 1421 iamdu-

1348 1456 1422 1518 dum
1452 1455 1566 1529 tenuit,
1589 1460 1619 1514 at
1650 1453 1745 1517 simul
1776 1453 1957 1516 auctoritate
1989 1459 2093 1515 nostra

1348 1548 1567 1626 praescribere,
1583 1564 1623 1610 ue
1644 1547 1782 1626 reliquae
1796 1554 1897 1625 partes
1912 1546 2092 1609 animalium

1347 1642 1380 1702 in
1402 1641 1506 1703 cibum
1536 1648 1718 1718 sumantur;
1750 1641 1803 1704 sed
1829 1642 1902 1704 huic
1921 1641 2093 1702 sententiae

1348 1750 1537 1813 magnopere
1557 1736 1762 1798 adversantur
1783 1752 1828 1810 ea,
1851 1751 1930 1814 quae
1950 1733 2093 1812 superius

1347 1830 1671 1904 commemoravimus,
1698 1844 1811 1908 nempe
1837 1828 2008 1891 dubietates
2027 1843 2094 1889 mo-

1349 1923 1479 2001 lestique
1499 1924 1637 2002 scrupuli
1658 1922 1798 1986 fidelium
1820 1938 1859 1984 ex
1873 1938 1935 1984 una
1949 1927 2047 2000 parte,
2063 1927 2094 1983 et

1348 2033 1386 2080 ex
1413 2017 1507 2079 altera
1538 2024 1734 2096 contemptus
1762 2016 1978 2088 abstinentiae,
2000 2029 2094 2093 quam

1347 2111 1435 2174 133113
1464 2111 1663 2187 negligerent
1690 2111 1748 2186 illi,
1772 2112 1826 2190 qui
1853 2110 1960 2174 divino
1981 2110 2093 2171 timore

1348 2221 1456 2285 parum
1476 2204 1649 2267 ducuntur:
1666 2221 1745 2282 quae
1761 2220 1832 2266 curn
1848 2205 1888 2266 ita
1903 2220 1936 2266 se
1948 2202 2093 2278 habeant,

1346 2300 1448 2362 solum
1468 2306 1629 2376 supererat
1649 2297 1827 2360 lacultatem
1848 2297 1968 2374 largiri,
1985 2298 2093 2360 31313-

1348 2393 1405 2455 bus
1423 2391 1570 2468 simplicis
1585 2387 1741 2465 Sabbathi,
1757 2405 1821 2452 non
1836 2406 1912 2452 vero
1927 2390 2094 2468 quadrage-

1346 2485 1453 2561 simae,
1476 2501 1581 2547 carnes
1602 2484 1716 2564 absque
1741 2483 1807 2546 ullo
1829 2483 2006 2547 discrimine
2027 2499 2096 2562 per·

1348 2580 1529 2643 mittantur:
1552 2577 1705 2656 siquidem
1727 2578 1785 2640 hoc
1805 2585 1891 2656 pacto
1911 2578 1990 2640 ratio
2003 2577 2095 2640 habe·

1347 2681 1400 2736 133
1421 2674 1576 2735 humanae
1602 2671 1777 2748 tragilitatis
1798 2687 1832 2732 ac
1852 2672 2029 2750 tenuitatis;
2052 2671 2095 2751 pii

1348 2766 1454 2828 333133
1475 2766 1512 2828 ab
1533 2765 1620 2829 omni
1640 2764 1850 2828 sollicitudine
1870 2773 2021 2845 metuque
2035 2767 2094 2828 eri·

1347 2859 1494 2938 piuntur3
1517 2877 1550 2923 ac
1571 2865 1727 2939 postremo
1741 2856 1885 2936 plurimis
1899 2860 2048 2923 scandalis
2065 2877 2094 2922 a·

1349 2951 1430 3014 ditus
1453 2953 1684 3016 intercluditur.

1388 3047 1456 3122 §5-
1479 3047 1543 3122 Qua
1563 3047 1601 3108 de
1621 3063 1720 3120 33333,
1743 3061 1862 3108 morem
1882 3054 2027 3124 gerentes
2042 3063 2095 3110 vo·
2121 3065 2238 3114 arenaria
2251 3065 2337 3130 inaur-

1348 3140 1461 3202 luntati
1483 3140 1621 3202 eiusdem
1642 3138 1776 3217 Philippi
1797 3139 1878 3216 regis
1894 3140 2047 3216 catholici,
2064 3148 2095 3203 et
2113 3123 2336 3222 g,i,i,9fffi,³,¹⁰,{','3

1348 3233 1591 3296 obsecundantes
1618 3232 1798 3294 vehementi
1824 3233 1925 3294 studio
1946 3240 1991 3297 tot
2013 3227 2197 3296 3133-111111·

1349 3341 1431 3400 rum,
1454 3323 1507 3402 qui
1527 3324 1560 3385 in
1582 3323 1726 3400 Hispania
1746 3325 2016 3389 commendatione
2030 3327 2095 3406 pie·

1350 3421 1418 3480 tatis
1439 3417 1609 3491 excellunt,
1631 3416 1819 3480 fraternitati
1842 3426 1911 3482 tuae
1933 3437 1989 3499 per
2008 3437 2096 3500 prae-

1348 3519 1451 3572 sentes
1473 3509 1697 3572 committimus
1719 3519 1749 3571 et
1771 3513 1965 3588 mandamus,
1983 3523 2019 3576 ut
2039 3529 2095 3578 no-

1348 3611 1412 3666 stro
1433 3603 1561 3665 nomine
1575 3595 1750 3680 ¹nostraque
1771 3604 1935 3682 apostolica
1962 3607 2095 3670 auctori·

1349 3702 1410 3757 tate
1440 3695 1601 3778 permittas
1623 3702 1654 3758 et
1675 3693 1848 3772 indulgeas,
1879 3705 1915 3759 ut
1935 3698 1969 3760 in
1989 3703 2096 3777 regnis
2142 3744 2154 3770 .

1348 3788 1508 3865 Castellae,
1521 3789 1667 3865 Legionis
1681 3796 1773 3867 atque
1784 3789 1952 3866 indiarum,
1966 3806 2021 3872 per
2032 3793 2095 3855 dies

1348 3883 1492 3946 Sabbathi
1512 3882 1639 3962 (quibus
1659 3889 1763 3944 tamen
1787 3899 1890 3962 neque
1910 3883 2096 3948 abstinentia

1347 3982 1493 4038 consueta
1514 3976 1775 4054 quadragesimae,
1792 3993 1895 4055 neque
1915 3979 1999 4042 aliud
2019 3980 2096 4042 ieiu-

1349 4069 1438 4132 nium
1465 4067 1666 4148 praecipitur)
1694 4069 1885 4146 quibuslibet
1912 4072 2095 4135 animalium

1348 4162 1485 4242 partibus
1507 4160 1612 4223 lideles
1635 4170 1814 4238 vescentum
1838 4177 1906 4224 eam
1927 4180 2003 4227 vero
2024 4180 2097 4226 con·

1349 4255 1499 4318 ditionem
1527 4253 1698 4329 adjicimus,
1721 4268 1837 4332 nempe
1856 4255 1882 4316 si
1903 4259 2094 4321 cousuetudo

1349 4346 1526 4412 huiusmodi
1547 4353 1716 4426 postremas
1737 4347 1920 4412 animalium
1942 4357 2042 4428 partes
2064 4367 2095 4412 3
2149 4366 2326 4430 Ι3333133133
2363 4423 2364 4428 1

1348 4439 1441 4502 denar
1455 4439 1562 4500 crenus
1580 4438 1725 4501 saluatur
1743 4439 1923 4504 taunucum
1937 4441 1970 4503 m
1985 4442 2094 4506 usnam
2112 4419 2237 4468 ²i¹⁰⁶²³t
2363 4449 2364 4452 ‘

1349 4533 1453 4610 reguis
1474 4531 1654 4608 invaluerit,
1677 4539 1707 4594 et
1728 4549 1743 4592 a
1766 4534 1897 4596 veritate
1916 4535 2016 4598 aliena
2037 4537 2096 4598 mi·

1350 4627 1435 4688 nime
1454 4626 1518 4688 sint
1539 4624 1674 4702 pericula
1700 4625 1788 4687 nobis
1809 4628 1957 4705 exposita,
1980 4637 2011 4691 et
2031 4631 2095 4708 1333

1348 4727 1432 4782 33313
1452 4720 1614 4782 33333333
1635 4721 1812 4793 videantur,
1827 4721 1853 4782 si
1867 4723 2010 4786 carnium
2025 4737 2095 4788 esus

1349 4814 1385 4875 ad
1406 4820 1505 4875 certas
1525 4813 1709 4876 animalium
1730 4820 1832 4891 333133
1852 4814 1955 4878 solum
1976 4815 2095 4894 rediga·

1350 4912 1409 4966 tur.
1433 4905 1554 4968 interea
1575 4905 1773 4983 apostolicam
1793 4906 2042 4972 benedictionem
2055 4909 2095 4970 ti-

1349 4999 1390 5074 bi,
1414 4997 1599 5062 venerabilis
1626 4997 1731 5074 133133,
1759 5007 1956 5078 peramanter
1980 5003 2096 5081 imper-

1350 5093 1457 5155 timur.

1387 5187 1501 5248 Datum
1528 5186 1661 5261 Romae,
1687 5187 1768 5264 apud
1792 5185 1823 5250 s.
1848 5186 1976 5250 blaciam
2005 5188 2096 5250 11313-

1348 5295 1427 5354 rem,
1449 5280 1507 5342 sub
1527 5279 1645 5342 annulo
1668 5279 1904 5356 piscatorisdie
1919 5297 2013 5343 xxur.
2031 5281 2092 5343 ian.

1349 5387 1524 5451 3333333,
1545 5373 1741 5453 pontificatus
1762 5375 1861 5436 nostri
1880 5391 1963 5438 anno
1984 5389 2012 5438 v.
2091 5357 2105 5380 ’

1603 5623 1842 5640 Q
