4708 6978
870 565 1067 612 nnnnntovds
1091 565 1152 610 xlv.

240 689 318 766 legia
340 696 407 769 post
423 690 595 754 Concilium
607 688 828 752 Tridentinum
843 701 982 750 concessa

239 785 367 861 luerint,
389 786 531 864 quamvis
552 785 687 864 praelato
705 783 907 848 Clementiae
928 781 983 842 De-

238 887 322 942 creto
335 879 504 958 posteriora
515 895 579 942 non
594 879 673 955 sint,
696 875 864 940 dummodo
881 885 983 938 tamen

238 972 355 1034 directe
375 989 517 1036 concessa
539 973 633 1034 luisse
662 978 800 1044 constet,
823 981 886 1031 non
910 985 984 1030 vero

238 1067 270 1127 in
291 1067 605 1130 communicationem
617 1065 852 1145 privilegiorum
868 1062 906 1123 tle
921 1077 984 1124 uno

238 1163 271 1224 in
305 1162 400 1224 alium
436 1161 583 1225 Ordinem
619 1161 754 1222 derivata
786 1163 981 1232 asserantur3

238 1254 499 1332 quemadmodum
531 1255 596 1334 ipse
628 1251 825 1315 innocentius
855 1252 888 1314 in
920 1251 983 1313 suis

237 1347 411 1426 apostolicis
433 1347 542 1421 literis,
565 1345 785 1424 incipientibus
809 1343 984 1422 Apostoliei

239 1441 427 1514 asinistcrii,
451 1442 500 1504 die
522 1457 598 1502 unx.
614 1440 685 1501 maii
701 1441 777 1502 anni
798 1456 980 1504 uoccuxur.

238 1536 326 1611 datis,
348 1553 382 1598 ac
403 1535 515 1599 deinde
536 1536 725 1598 confirmatis
747 1545 898 1597 asanctae
919 1551 983 1596 me·

236 1630 353 1691 moriae
375 1629 607 1708 praedecessore
623 1630 738 1707 pariter
760 1637 864 1690 nostro
886 1629 983 1690 Bene·

237 1724 319 1785 dicto
340 1724 417 1801 Papa
431 1724 507 1787 xttt.
532 1723 669 1802 peculias
683 1723 799 1784 similes
822 1723 924 1785 literas
934 1723 983 1786 da·

238 1825 283 1877 tas
302 1817 352 1879 die
372 1834 463 1881 xxrvv.
484 1817 668 1895 septembris
690 1819 761 1880 anni
785 1833 982 1892 uncorum,

236 1925 371 1988 quarum
397 1913 523 1976 initium
551 1923 598 1976 est
625 1915 663 1978 ln
690 1930 850 1991 supreme,
879 1921 983 1992 aperte

76 2010 173 2058 carticula
187 2010 219 2064 ta
236 2007 413 2082 declaravit,
437 2009 485 2070 bis
507 2010 624 2072 verbis:
652 2009 779 2083 Quoties
794 2025 867 2088 erpo
882 2007 985 2087 Repu·

59 2079 89 2114 -p
101 2067 216 2110 literarum.

237 2099 322 2162 iures
344 2102 385 2164 ud
409 2101 543 2165 Ordines
564 2110 661 2164 erunt
683 2102 896 2180 praeconandi,
920 2117 984 2162 scr-

236 2199 333 2254 retur
365 2194 493 2256 amitino
526 2193 695 2255 Decretum
720 2193 983 2274 Conprepatiouis

239 2286 469 2350 Cerdiaelinm
501 2287 639 2350 donent-t
672 2287 856 2350 Tridentini
883 2290 983 2350 luter·-

235 2389 365 2457 prelum
387 2398 406 2442 u
428 2379 693 2458 piaememoriae
723 2380 879 2442 Clemente
904 2382 981 2444 l'lll.

235 2472 473 2550 praedecessore
494 2473 591 2536 etiarn
618 2481 728 2534 nostro
759 2474 982 2550 confirmatum

236 2566 288 2627 die
309 2581 360 2626 xv.
379 2567 495 2628 martii
511 2583 666 2637 nouom,
689 2565 983 2644 puteacensem

236 2660 430 2739 Episcopum
446 2661 674 2722 Dioecesunum
697 2658 810 2722 literas
832 2657 984 2722 Dimisso·

237 2755 306 2817 rius
327 2770 386 2832 pre
409 2755 588 2816 eorumdem
611 2753 760 2817 ordinum
785 2752 983 2831 susceptione

235 2865 255 2908 u
277 2848 348 2908 suis
368 2846 589 2925 superioribus
604 2863 667 2908 esse
682 2847 876 2927 dirigendus,
894 2863 983 2924 pruc-

238 2945 384 3018 terpuum
398 2941 432 3002 in
450 2958 538 3012 casu,
555 2957 613 3016 pue
633 2940 843 3002 Dioeeesnnus
858 2959 877 3002 n
893 2940 984 3001 Dice-

238 3037 300 3097 cesi
323 3032 456 3105 abesset,
486 3034 532 3094 cel
564 3033 786 3096 ordinationes
814 3051 877 3094 novt
905 3041 980 3094 esset

237 3128 426 3200 debiturus,
450 3145 510 3206 qno
531 3128 630 3190 etiam
652 3145 728 3190 casu
751 3128 786 3189 iu
808 3127 914 3188 literis
937 3127 982 3188 di-

236 3223 398 3285 missoriis
420 3223 461 3284 ud
483 3221 586 3284 alium
609 3219 798 3298 Episcopum
821 3220 982 3300 diripiendi

235 3334 386 3395 cupressu
407 3316 478 3394 fieri
500 3313 608 3378 debeat
629 3314 748 3375 mentio
769 3313 817 3373 cel
838 3315 873 3376 de
893 3330 983 3392 prec-

236 3413 325 3474 dicte
347 3410 496 3489 Episcopi
519 3405 869 3484 dioecesaniultsentin
885 3406 932 3467 cel
948 3407 984 3467 dc

236 3508 306 3570 ullu
328 3507 396 3569 eliu
419 3521 529 3577 ceusu,
544 3502 689 3564 uidelicet
706 3502 788 3580 quod
809 3501 982 3565 ordinatio-

236 3621 290 3666 nes
312 3619 375 3663 nea
397 3602 442 3663 sit
471 3598 664 3662 lvobitnrus:
692 3597 833 3674 perceptis
863 3605 981 3670 tumeat,

236 3698 339 3776 quoad
360 3696 538 3774 praedicte,
551 3690 757 3772 regularibus
772 3692 852 3763 illis,
869 3691 982 3772 quibus

235 3808 292 3868 per
312 3789 448 3867 speciale
461 3788 701 3867 pricilepinnce
717 3787 981 3864 SedeApaslolicu

235 3890 306 3964 post
331 3883 512 3946 Concilium
540 3882 765 3944 Tridentinum
787 3883 891 3961 puerit
912 3899 982 3944 cort-

236 3993 368 4050 cessnm,
387 3985 424 4038 ut
445 3995 464 4038 a
487 3973 625 4053 quolibet
647 3975 803 4037 culltoiico
827 3976 984 4038 ,lattistitc

236 4073 364 4134 ordines
387 4070 547 4148 suscipere
575 4070 709 4147 possint,
736 4085 911 4148 superque
935 4070 983 4130 in-

235 4165 327 4230 dallo
349 4163 433 4228 utttt
448 4180 503 4242 per
517 4168 696 4242 prementes
711 4163 864 4225 innoourc
881 4163 984 4226 inteu-

237 4259 354 4322 dimus.

74 4363 218 4418 inaurasse
278 4355 384 4428 Porro,
400 4353 425 4414 si
440 4352 533 4432 aliqui
556 4351 679 4428 vigilias
700 4351 880 4430 laboresque
900 4367 982 4425 snos,

59 4423 87 4455 llra
103 4427 124 4458 dl
142 4415 163 4476 ‚¹⁰

59 4474 163 4514 tmonoba

59 4523 219 4580 tntalnnrpre

60 4573 129 4620 'nune

165 4429 219 4516 ΕΙ’Ῐέἷ
237 4463 300 4509 non
314 4455 375 4508 tarn
399 4447 430 4507 in
453 4445 638 4508 extricandis
652 4444 817 4506 inutilibus
832 4443 983 4522 quaestio

237 4541 340 4615 nibus,
363 4537 414 4600 vel
442 4539 522 4600 torte
551 4539 582 4599 in
609 4537 701 4599 rebus
727 4535 862 4614 profanis
890 4545 921 4597 et
948 4537 985 4598 ab

237 4632 438 4696 ecclesiastica
460 4629 648 4710 professione
663 4629 773 4692 alienis
793 4628 983 4692 addiscendis

235 4733 469 4800 consumerent,
482 4739 575 4802 quarn
599 4725 630 4784 in
647 4723 749 4785 studio
769 4737 925 4784 sacrarum
941 4721 984 4782 le-

235 4835 323 4897 gum,
345 4817 459 4896 quibus
480 4817 679 4880 ecclesiastica
705 4815 863 4892 disciplina
886 4814 983 4876 conti·

236 4919 342 4986 netur,
366 4911 488 4974 utiliter
508 4910 708 4985 collocarent;
732 4926 776 4983 ac,
793 4909 853 4970 nisi
874 4907 983 4985 aliqui-

236 5005 292 5070 bus
313 5005 479 5067 arbitrium
494 5021 549 5084 pro
564 5005 643 5080 lege,
661 5001 863 5082 praeiudicata
878 5001 982 5079 opinio

237 5116 291 5176 pro
313 5099 446 5172 ratione,
469 5105 560 5176 atque
583 5098 615 5158 in
637 5097 744 5172 legum
765 5097 859 5157 etiarn
881 5094 983 5157 claris·

237 5193 387 5254 simarum
409 5190 765 5270 interpretatiunculas
786 5189 898 5267 cuique
912 5205 983 5252 sen-

238 5303 288 5348 sus
309 5301 366 5364 pro
394 5285 575 5347 auctoritate
596 5292 692 5360 esset3
715 5299 772 5345 nec
798 5282 872 5343 olim
894 5282 982 5344 nobis

237 5379 267 5440 in
290 5389 398 5441 nostro
417 5377 606 5440 Bononiensi
625 5377 884 5456 archiepiscopatu
907 5377 982 5436 resi-

237 5471 381 5534 dentibus
402 5471 600 5548 contigisset,
625 5479 657 5534 nt
686 5469 836 5546 regutaris
857 5469 981 5548 qnidam

238 5581 275 5626 eu
295 5583 330 5628 ea
353 5566 429 5636 urbe
452 5573 579 5643 repente
606 5563 773 5641 digressus,
801 5562 909 5640 suique
931 5578 982 5624 su-

238 5658 365 5736 perioris
395 5657 580 5720 dimissorias
606 5660 642 5721 ad
672 5657 857 5737 Episcopum
887 5656 981 5717 siniti-

238 5769 323 5815 mum
345 5753 498 5825 deterens,
524 5753 645 5815 tametsi
668 5751 857 5830 nullopacto
873 5751 981 5813 docere

238 5856 347 5924 posset,
370 5857 426 5908 nos
447 5846 633 5908 clericorum
660 5845 889 5909 ordinationem
918 5860 981 5905 non

238 5942 405 6017 babituros,
434 5957 555 6004 sacrum
580 5941 810 6019 presbyteratus
837 5939 979 6001 ordinem

1707 539 1765 602 dil

1039 685 1220 763 susciperet,
1237 683 1384 762 nullaque
1406 683 1565 746 interiecta
1587 697 1670 743 mora
1687 680 1785 742 Bono·

1041 780 1124 842 niam
1136 781 1170 842 ad
1187 780 1325 858 primurn
1340 778 1525 840 sacrificinm
1540 793 1603 838 non
1618 775 1685 837 sine
1699 789 1784 853 porn-

1039 889 1077 951 pa
1099 871 1290 936 offerendum
1312 878 1533 934 reverteretur.
1561 870 1656 944 Quam
1678 877 1784 930 tarnen

1040 966 1265 1028 intolerandam
1281 965 1436 1027 audaciam
1454 981 1508 1025 nos
1522 964 1557 1025 ad
1569 963 1784 1025 canonicarum

1039 1062 1236 1123 sanctionum
1258 1061 1394 1136 rigorem
1417 1058 1553 1135 exigere,
1566 1065 1658 1136 atque
1679 1057 1784 1130 etiarn,

1041 1163 1160 1218 servata
1182 1154 1325 1234 pastorali
1348 1151 1605 1226 mansuetudine,
1629 1151 1785 1214 vindicare

1040 1267 1104 1314 non
1126 1248 1403 1328 praetermisimus,
1427 1255 1462 1308 ut
1483 1246 1588 1308 videre
1604 1254 1649 1308 est
1671 1247 1703 1307 in
1725 1245 1786 1306 llo·

1041 1346 1108 1408 nito
1130 1342 1274 1406 Pastorali
1294 1341 1411 1404 anobis
1434 1348 1508 1402 tnnc
1522 1341 1604 1403 edito
1627 1339 1713 1401 inter
1729 1339 1786 1400 iut-

1038 1457 1136 1519 press.
1165 1437 1275 1500 Mersit.
1302 1440 1335 1507 3,
1359 1433 1426 1498 Lib.
1452 1436 1503 1496 11.
1536 1433 1644 1512 Neque
1666 1451 1784 1508 rursus,

1040 1551 1078 1597 eu
1099 1551 1160 1613 quo
1183 1536 1217 1596 acl
1240 1532 1426 1596 universalis
1454 1531 1605 1594 Ecclesiae
1630 1530 1783 1607 regimen,

1040 1631 1101 1692 lieo
1122 1631 1164 1692 sic
1187 1631 1382 1708 disponente,
1406 1628 1552 1706 assumpti
1568 1628 1696 1701 luimus,
1719 1626 1786 1704 plu·

1040 1727 1121 1789 riom
1135 1725 1356 1804 Episcoporum
1372 1723 1504 1785 lratrnm
1519 1731 1697 1784 nostrorum
1712 1738 1786 1800 qne·

1040 1822 1120 1885 relae
1143 1822 1177 1882 ad
1200 1819 1403 1899 apostolatum
1417 1826 1560 1880 nostrum
1582 1818 1697 1879 delatae
1712 1815 1785 1880 luis-

1039 1925 1123 1992 sent;
1147 1917 1200 1994 qui
1218 1914 1380 1986 nimirum,
1394 1929 1457 1974 non
1473 1912 1541 1974 sine
1553 1927 1666 1988 magno
1688 1911 1784 1973 animi

1040 2011 1137 2074 nostri
1166 2009 1289 2082 dolore,
1319 2008 1397 2084 apud
1421 2023 1476 2068 nos
1503 2005 1698 2084 expostulare
1721 2021 1784 2067 non

1039 2106 1198 2179 desinunt,
1222 2120 1237 2162 a
1259 2102 1400 2181 pluribus
1424 2117 1515 2178 saepe
1537 2099 1730 2176 regularibus
1752 2099 1784 2160 in

1039 2213 1148 2262 eorum
1172 2197 1360 2259 dioecesibus
1374 2189 1546 2274 'respective
1566 2191 1787 2256 commoranti-

1040 2294 1096 2354 bns
1118 2289 1424 2369 sinriliaperpetrari,
1438 2289 1469 2350 in
1485 2295 1625 2366 spretum
1646 2286 1786 2348 ecclesia-

1039 2387 1186 2450 sticarum
1208 2387 1327 2462 legum,
1344 2391 1436 2460 atque
1457 2381 1633 2460 poenalium
1655 2380 1784 2443 sanctio-

1040 2497 1129 2555 num,
1153 2478 1265 2557 quibus
1288 2478 1353 2554 ipso
1374 2475 1452 2536 iacto
1476 2475 1714 2550 adstringuntur
1734 2472 1785 2550 (si-

1040 2574 1166 2654 quidem
1189 2574 1221 2633 in
1251 2569 1461 2645 authographo
1489 2585 1579 2646 supra
1601 2567 1690 2629 relati
1719 2566 1787 2630 Gle-

1040 2667 1172 2729 nrentini
1185 2663 1304 2726 decreti
1319 2662 1464 2724 distincte
1485 2661 1600 2737 legitur
1616 2661 1786 2734 incurrct;

1040 2777 1103 2822 non
1125 2766 1241 2831 autern,
1264 2756 1344 2836 qnod
1367 2755 1441 2816 lalso
1463 2770 1623 2817 nonnemo
1643 2755 1784 2830 asseruit,

1041 2849 1237 2929 incantent),
1261 2851 1333 2912 dunt
1356 2850 1472 2912 scilicet
1500 2849 1673 2926 superiores
1694 2865 1786 2926 regu-

1040 2949 1134 3020 lares,
1157 2945 1209 3024 qui
1231 2944 1361 3005 subditis
1386 2944 1450 3004 suis
1471 2957 1534 3005 nen
1558 2941 1592 3003 ad
1620 2944 1786 3020 praescrip-

1041 3050 1107 3104 tum
1140 3039 1278 3102 eiusdem
1311 3035 1425 3098 decreti
1457 3036 1645 3098 dimissorias
1682 3034 1785 3098 literas

1040 3135 1226 3205 concedunt,
1248 3147 1377 3192 snorum
1400 3129 1633 3199 obtuleramus
1654 3130 1786 3207 dignita-

1041 3237 1121 3301 tum,
1145 3233 1175 3287 et
1196 3223 1279 3286 vocis
1300 3223 1416 3285 activae
1435 3231 1526 3299 atque
1548 3223 1682 3298 passivae
1697 3224 1786 3285 amis-

1038 3317 1323 3390 sioncmultantur,
1333 3315 1466 3376 ordinati
1481 3316 1785 3393 vero,suspensionis

1039 3429 1181 3494 poenam,
1198 3417 1291 3489 atque
1312 3409 1417 3483 etiarn,
1430 3408 1454 3468 si
1471 3408 1502 3469 in
1518 3415 1658 3485 suscepto
1679 3409 1786 3471 ordine

1039 3507 1300 3580 ministraverint,
1318 3503 1580 3579 irregularitatem
1602 3501 1784 3579 incurrunt,

1039 3619 1072 3665 ac
1092 3601 1224 3678 denique
1247 3598 1419 3673 antistites,
1436 3597 1487 3675 qui
1511 3597 1584 3675 ipsis
1598 3611 1708 3658 manus
1731 3596 1787 3658 im-

1039 3703 1175 3775 ponunt,
1191 3709 1254 3756 non
1270 3692 1357 3755 facile
1372 3693 1527 3769 euogtunt
1542 3693 1701 3754 canonicas
1716 3709 1786 3771 poe·

1040 3808 1094 3853 nas
1122 3793 1268 3854 adversus
1294 3807 1345 3852 eos
1374 3791 1559 3868 propositas,
1589 3789 1643 3866 qni
1671 3787 1786 3850 alienos

1039 3883 1785 3962 subditosabsqnesulltcientibusdimissoriisor-

1039 3981 1147 4041 clinare
1168 3986 1383 4057 praesumunt.
1407 3978 1463 4052 Qui
1486 3977 1578 4038 etiam
1600 3977 1786 4054 plerumque

1040 4074 1126 4152 culpa
1149 4089 1212 4134 non
1242 4079 1351 4134 vacant
1373 4072 1405 4132 in
1426 4086 1474 4144 ee,
1498 4071 1598 4147 quod,
1628 4087 1724 4148 quum
1747 4087 1784 4131 eu

1041 4185 1096 4229 usu
1123 4181 1227 4227 rerunt
1251 4163 1427 4240 intelligere
1453 4164 1587 4242 possint,
1611 4163 1785 4240 complures

1040 4261 1197 4337 regulares
1212 4275 1275 4321 non
1290 4258 1346 4320 alia
1370 4259 1406 4320 de
1421 4273 1520 4332 causat,
1544 4257 1667 4335 proprio
1689 4257 1785 4320 domi-

1040 4354 1109 4417 cilio
1132 4353 1252 4426 relicto,
1265 4353 1325 4414 iter
1346 4351 1494 4429 arripere,
1511 4367 1602 4429 quam
1620 4357 1653 4412 ut
1669 4367 1701 4411 se
1714 4351 1786 4412 sub-

1040 4447 1152 4508 ducant
1173 4443 1309 4506 examini
1332 4443 1471 4521 Episcopi
1493 4443 1682 4515 Dioecesani,
1699 4443 1785 4504 cuius

1039 4539 1093 4599 luc
1115 4538 1146 4598 in
1171 4554 1204 4598 re
1226 4536 1472 4599 iurisdictionem
1488 4543 1540 4598 aut
1555 4536 1690 4598 ninnium
1704 4537 1785 4613 rigo-

1041 4645 1108 4692 rem
1138 4630 1396 4708 perborrescnnt,
1424 4630 1584 4708 aliumque
1604 4629 1783 4706 inveniunt,

1039 4724 1105 4801 qui,
1119 4723 1169 4784 vel
1187 4722 1273 4785 nullo
1291 4724 1340 4784 vel
1355 4725 1519 4786 admodum
1538 4723 1598 4785 levi
1618 4724 1785 4802 praemisso

1039 4816 1194 4890 examine,
1221 4816 1344 4885 ordines
1373 4816 1445 4894 ipsis
1474 4817 1687 4895 impertiatur3
1711 4833 1785 4896 quo·

1040 4911 1097 4972 ties
1118 4909 1296 4972 huiusmodi
1308 4909 1453 4971 facilitate
1468 4926 1539 4986 erga
1556 4911 1623 4971 illos
1638 4919 1783 4988 utuntur,

1039 5005 1130 5066 toties
1158 5003 1303 5065 adversus
1331 5003 1559 5065 consultissima
1586 5004 1785 5067 Tridentinae

1039 5097 1154 5175 Synodi
1188 5096 1306 5158 decreta
1335 5095 1532 5174 delinquunt.
1562 5097 1602 5157 Ea
1628 5097 1783 5174 siquidem

1038 5207 1111 5254 sess.
1134 5192 1195 5260 23,
1225 5205 1293 5267 cup.
1319 5190 1370 5263 12,
1403 5189 1440 5250 de
1468 5188 1718 5268 Reforntatione,
1741 5191 1784 5252 sic

1037 5284 1161 5346 statuit:
1186 5281 1362 5364 Repulnres
1384 5299 1515 5361 paceque,
1531 5299 1586 5342 nec
1608 5282 1643 5342 in
1665 5283 1784 5344 relictori

1038 5382 1154 5448 astute,
1183 5393 1239 5438 trec
1260 5375 1330 5437 sinc
1359 5376 1509 5456 diligenti
1541 5375 1688 5453 Episcopi
1710 5393 1784 5438 enct-

1037 5471 1134 5541 rnine,
1149 5471 1353 5543 ordinentur,
1378 5469 1558 5548 pricilepiis
1581 5468 1784 5547 puibctscum-

1038 5579 1095 5641 pue
1116 5564 1219 5641 puoud
1241 5563 1298 5624 bec
1318 5561 1447 5640 penitus
1470 5564 1620 5624 enclesis.

1077 5657 1138 5718 Nos
1164 5665 1269 5719 autem
1301 5663 1445 5720 consueta
1479 5655 1565 5718 Sedis
1595 5656 1783 5735 Apostolicae

1037 5750 1202 5814 clementia
1214 5751 1259 5812 uti
1282 5750 1433 5824 volentes,
1447 5750 1580 5812 libenter
1594 5751 1783 5813 abstinemus

1036 5863 1051 5904 a
1074 5843 1270 5926 designandis
1286 5843 1547 5906 autnominandis
1570 5844 1626 5906 boc
1648 5843 1713 5904 loco
1735 5859 1783 5904 re-

1037 5938 1215 6014 gularibus,
1239 5937 1276 5999 de
1301 5953 1435 6016 qnorum
1463 5936 1638 6000 excessibus
1666 5937 1698 5998 in
1725 5937 1782 5998 lucc

1801 537 1870 589 ,Am
1885 538 1916 589 (l.
1938 536 2006 590 1747

1831 2861 2017 2916 Poenae,qnas

1805 2912 2016 2974 inobedientes

1805 2971 1949 3012 incurrunt
