4820 6980
359 557 413 614 tn.
427 561 459 617 c.
480 559 546 616 uasa
600 553 657 624 782

617 692 743 756 »Nulli
771 707 847 768 ergo
874 685 1040 753 bominum
1061 687 1149 750 liceat
1171 685 1251 747 hanc
1272 698 1323 761 pa·

578 787 683 864 ginam
704 791 827 849 nostrae
856 779 1082 853 declarationis,
1105 777 1321 850 damnationis,

576 877 725 952 mandati,
747 873 965 955 prohibitionis
986 879 1017 934 et
1031 869 1261 934 interdictionis
1276 869 1322 931 in-

576 969 726 1046 fringere,
748 967 799 1030 vel
819 968 848 1030 ei
869 984 946 1029 ausu
968 964 1133 1028 temerario
1154 963 1318 1026 contraire.

577 1062 609 1126 Si
624 1064 693 1141 quis
708 1069 813 1124 autem
824 1061 882 1122 boc
900 1066 1051 1123 attentare
1067 1058 1320 1137 praesumpserit,

576 1154 825 1232 indignationem
849 1150 1074 1232 omnipotentis
1101 1149 1173 1224 Dei,
1197 1163 1231 1210 ac
1252 1147 1322 1209 bea-

577 1253 680 1308 torum
701 1245 785 1308 Petri
800 1256 831 1308 et
845 1245 943 1320 Pauli,
956 1243 1174 1324 apostolorum
1194 1241 1273 1316 elus,
1289 1255 1321 1302 se

574 1340 700 1401 noverit
721 1339 932 1400 incursurum.

614 1432 757 1494 »batum
768 1431 894 1506 Romae,
905 1428 985 1507 apud
997 1428 1026 1492 S.
1038 1428 1165 1492 blaciam
1174 1427 1321 1490 Maiorem

566 1523 888 1608 ,anuolncaruationls
905 1523 1077 1586 dominicae
1092 1536 1318 1585 unccxuuvur.

573 1625 683 1696 quarto
705 1617 851 1680 kalendas
875 1615 961 1691 maii,
994 1615 1191 1694 pontificatus
1220 1611 1319 1676 nostri

573 1725 656 1774 auno
680 1725 781 1773 viru.»

341 1899 457 1998 tiorisun
470 1911 554 2001 ii⁸⁰¹i'
613 1901 632 1976 ς
652 1899 682 1960 2.
699 1897 780 1960 Cum
795 1904 913 1971 autem,
928 1895 1007 1958 sicut
1021 1895 1206 1973 accepimus,
1223 1891 1320 1972 aliqui

340 1963 553 2054 cansffiiiuffnui
573 1990 701 2065 luerint,
724 1991 778 2068 qui
799 2004 947 2064 asserere,
961 2004 993 2050 ac
1008 1987 1104 2064 vulgo
1127 1987 1238 2048 iactare
1254 2001 1318 2048 uon

339 2059 555 2162 fflssffifflf'
572 2082 802 2156 dubitaverint,
841 2081 953 2143 dictam
986 2079 1318 2144 excommunicationis

571 2190 703 2253 poenam
725 2191 740 2234 a
762 2173 994 2252 praedecessore
1023 2181 1148 2247 nostro,
1171 2181 1206 2234 ut
1231 2187 1318 2250 prae·

570 2267 682 2343 lertur,
695 2268 873 2346 impositam
884 2283 947 2328 uon
959 2265 1091 2346 amplius
1103 2265 1235 2340 adicere,
1248 2279 1317 2342 pro

570 2369 675 2440 pterea
697 2362 778 2440 quod
801 2362 864 2438 ipsa
887 2359 1077 2437 praeinserta
1098 2358 1278 2420 constitutio
1300 2375 1316 2418 a

570 2453 659 2516 nobis
685 2454 866 2516 confirmata
895 2467 959 2514 uon
986 2451 1097 2528 luerit,
1125 2451 1212 2528 quasi
1239 2467 1316 2512 vero

570 2562 626 2626 pro
647 2547 885 2626 apostolicarum
905 2545 1166 2607 constitutionum
1194 2561 1210 2604 a
1230 2559 1317 2623 prae-

569 2642 727 2704 decessore
748 2639 902 2702 editarum
924 2638 1136 2712 subsistentia,
1158 2636 1316 2700 Pontificis

567 2733 752 2794 successoris
762 2747 905 2810 expressa
918 2730 1113 2794 confirmatio
1125 2730 1314 2808 requiratur;

260 2851 269 2870 ·
351 2830 492 2878 conatuum
507 2833 551 2880 aa·
608 2825 627 2900 ἓ
648 2825 676 2886 3.
702 2825 846 2903 Cumque
867 2825 960 2886 etiam
982 2841 998 2884 a
1019 2823 1182 2886 nonnullis
1204 2823 1261 2900 piis
1282 2839 1316 2885 ac

337 2885 550 2986 {ffimp‘ffssffi}
569 2918 667 2980 Deum
689 2918 873 2981 timentibus
901 2917 978 2978 viris
999 2915 1088 2978 nobis
1116 2915 1314 2977 insinuatum

336 2987 513 3039 ⁰⁰¹¹fl¹¹²¹⁸¹¹⁶¹·
567 3010 673 3086 luerit,
696 3010 731 3072 ad
753 3011 856 3073 omnia
877 3008 1138 3072 calumniantium
1158 3007 1314 3070 subterlu-

568 3105 615 3180 gia
636 3103 773 3166 tollenda
795 3101 1072 3179 declarandamque
1097 3099 1193 3162 animi
1216 3099 1313 3162 nostri

566 3213 638 3260 curn
660 3194 799 3260 eiusdem
820 3193 1062 3273 praedecessoris
1083 3201 1191 3256 mente
1212 3208 1246 3255 ac
1260 3208 1314 3253 vo-

566 3290 686 3354 luntate
712 3288 983 3363 uniformitatem,
1006 3301 1194 3364 magnopere
1221 3303 1314 3364 eupe-

566 3383 653 3444 dieus
674 3379 752 3456 lore,
769 3389 804 3443 ut
818 3379 958 3443 eiusdem
979 3355 1219 3459 praedeceffls
1239 3395 1312 3441 son-

565 3474 723 3536 stitutioni
754 3489 872 3536 novum
905 3473 1153 3536 confirmationis
1188 3478 1311 3534 nostrae

564 3565 750 3642 sullragium
771 3565 1028 3642 adiungeremus:

361 3667 497 3722 Perspicua
508 3678 546 3716 ar·
605 3659 624 3732 ἓ
645 3659 674 3720 ll.
699 3655 772 3733 Nos,
789 3656 861 3719 libel
882 3656 1055 3736 hucusque,
1071 3660 1147 3721 ditm
1168 3658 1310 3737 pluribus

332 3722 547 3822 fflrffi'i'c‘a'a‘ab‘ii‘i
565 3749 827 3813 Christilldelibus
841 3751 879 3813 de
896 3749 1016 3811 violatis
1034 3751 1176 3813 eiusdem
1196 3753 1312 3813 cousti-

332 3834 378 3924 l’ff
397 3825 545 3928 fflffl'ffi
566 3843 692 3905 tutionis
720 3842 842 3918 legibus
862 3855 937 3904 vere
960 3844 1189 3920 poenitentibus
1215 3852 1309 3923 atque

332 3939 507 3981 ⁰⁸⁰⁸¹¹¹⁸l¹¹¹¹¹·
564 3935 760 4010 dolentibus,
791 3951 924 4014 sequea
949 3935 1103 3998 damnatis
1132 3936 1308 4000 huiusmodi

562 4029 760 4092 societatibus
781 4045 835 4090 seu
856 4028 1085 4092 conventiculis
1106 4031 1236 4092 omnino
1261 4045 1308 4092 re·

562 4137 714 4196 cessuros,
737 4129 768 4184 et
789 4135 950 4199 nunquam
972 4122 1004 4182 in
1020 4129 1178 4199 posterum
1192 4125 1229 4185 ad
1243 4123 1308 4184 illas

563 4221 594 4278 et
616 4214 666 4275 illa
693 4213 848 4276 redituros
874 4229 914 4274 ιιι
942 4213 1047 4274 auimo
1075 4215 1306 4290 profitentibus,

562 4307 788 4369 absolutionem
810 4306 848 4367 ab
869 4305 992 4368 incursa
1013 4307 1307 4370 excommunicatio·

562 4416 614 4475 ne,
638 4407 705 4462 tum
726 4409 815 4462 antea
836 4415 936 4478 saepe,
960 4407 1027 4460 tum
1050 4400 1184 4460 manime
1205 4400 1306 4479 elapso

562 4492 688 4556 iubilaei
718 4509 801 4556 aiano
833 4493 970 4570 benigne
996 4494 1224 4570 concessimus;
1250 4510 1305 4556 scu

561 4588 636 4650 dum
658 4586 836 4649 lacultalem
858 4585 1105 4666 poenitentiariis
1119 4601 1135 4646 a
1150 4587 1240 4649 uobis
1255 4588 1307 4648 de·

561 4678 1306 4758 putatiscommunicavimus‚uthuiusmodipoe-

561 4771 744 4846 nitentibus,
758 4769 811 4849 qui
832 4772 869 4832 ad
890 4770 968 4849 ipsos
989 4770 1207 4848 conlugereut,
1223 4787 1306 4833 eam·

559 4863 632 4926 dem
651 4863 878 4926 absolutionem
893 4871 999 4926 nostro
1014 4865 1144 4925 nomine
1158 4871 1189 4926 el
1203 4871 1306 4926 aucto-

560 4957 650 5020 ritate
661 4955 815 5036 impertiri
826 4956 977 5032 valerent;
990 4960 1066 5019 dum
1080 4957 1175 5018 etiam
1185 4955 1304 5018 solicito

560 5050 739 5128 vigilantiae
761 5049 864 5111 studio
885 5051 1000 5113 instare
1017 5064 1081 5111 nou
1096 5049 1303 5128 praetermisi·

560 5161 641 5222 mus,
662 5151 696 5206 ut
717 5159 733 5204 a
753 5142 1003 5220 competentibus
1024 5139 1177 5204 iudicibus
1198 5149 1229 5203 et
1250 5143 1304 5204 tri·

559 5238 736 5313 buualibus,
752 5236 899 5297 adversus
913 5231 1053 5296 eiusdem
1072 5233 1304 5298 constitutionis

559 5331 722 5392 violatores
743 5344 799 5408 pro
826 5326 931 5389 delicti
952 5341 1098 5388 mensura
1122 5327 1305 5404 procedere·

560 5431 623 5498 tur,
645 5423 726 5500 quod
748 5429 779 5483 ιι
793 5423 830 5482 ab
845 5420 891 5481 eis
903 5421 1002 5499 reipsa
1016 5435 1106 5498 saepe
1120 5422 1301 5499 praestitum

1100 565 1166 616 tun.
1190 563 1281 614 PONT.
1305 559 1346 610 bn
1366 559 1397 610 Ρ.
1419 559 1449 612 P·
1472 563 1555 614 PARS
1576 565 1598 614 l.

1896 9 2393 180 ‘m-

2154 547 2249 614 tuo.
2271 555 2336 614 ιιιιι

1380 699 1459 761 rem,
1482 693 1518 748 ut
1538 686 1724 765 praefertur,
1747 688 1909 769 impositae
1929 693 2072 768 vigorem
2093 699 2125 754 ιι

1379 777 1623 858 subsistentiam,
1652 782 1724 844 satis
1745 791 1852 861 aperte
1879 783 1989 847 iulerri
2012 784 2127 847 debue-

1379 878 1466 948 rant,
1489 873 1596 952 siquae
1616 884 1722 937 autem
1736 877 1889 938 contraria
1905 877 1943 940 do
1957 876 2046 938 nobis
2060 878 2125 956 api·

1380 965 1433 1024 nio
1458 964 1727 1043 circumferretur,
1756 983 1812 1030 nos
1833 983 1902 1030 eam
1929 968 2031 1031 securi
2052 985 2126 1030 cou-

1380 1062 1522 1119 temnere
1552 1073 1729 1136 possemus,
1764 1075 1949 1138 cumamque
1984 1069 2124 1124 nostram

1378 1146 1459 1210 iusto
1478 1148 1533 1212 Dei
1555 1153 1778 1230 omnipotentis
1800 1151 1912 1216 iudicio
1933 1151 2124 1231 relinquere,

1377 1255 1413 1302 ea
1435 1246 1527 1304 verba
1549 1251 1751 1322 usurpantes,
1774 1260 1853 1322 quae
1873 1244 1950 1306 olim
1973 1245 2057 1306 iuter
2077 1261 2123 1306 sa-

1377 1349 1443 1396 cras
1458 1335 1593 1398 actiones
1604 1338 1745 1400 recitatas
1759 1336 1854 1400 luisse
1866 1343 2004 1400 constatz
2027 1337 2124 1400 Prae·

1377 1435 1442 1500 stu,
1465 1444 1670 1506 quaesumus,
1688 1432 1830 1504 Domine,
1848 1439 1887 1496 ιιι
1901 1432 2058 1495 mentium
2075 1447 2122 1494 re-

1376 1519 1550 1596 probarum
1578 1539 1634 1584 uos
1665 1540 1730 1585 non
1756 1539 1905 1588 curemus
1927 1522 2120 1604 obloquium,

1376 1613 1429 1676 sed
1453 1613 1560 1677 eaden
1589 1618 1755 1695 pravitate
1782 1617 1909 1681 calcula
1937 1633 2121 1692 emeramus,

1377 1713 1415 1768 ul
1437 1723 1493 1770 nec
1509 1708 1627 1770 terreri
1641 1726 1697 1772 uos
1713 1709 1966 1774 lacerationibus
1976 1711 2121 1790 patiaris

1376 1799 1524 1874 iniustis,
1548 1817 1604 1862 nec
1625 1803 1779 1881 captiosis
1798 1801 2047 1868 adulationibus
2062 1805 2121 1866 irn-

1375 1892 1507 1969 plicuri,
1521 1895 1575 1957 sed
1590 1896 1699 1972 polius
1720 1913 1831 1960 cuore
1845 1897 1926 1975 duod
1944 1887 2119 1975 'praecipis

1376 1991 1410 2046 ιιι
1430 1987 1523 2049 babet
1548 1989 1712 2068 antiquum
1741 1988 1878 2065 missale,
1901 1985 1983 2068 quod
2008 1989 2039 2054 S.
2062 1991 2121 2054 Ge·

1375 2078 1449 2140 tasio
1477 2079 1701 2158 praedecessori
1729 2089 1836 2144 nostro
1862 2083 2029 2158 tribuitur,
2050 2092 2119 2145 eta

1374 2173 1545 2235 venerabili
1565 2189 1656 2236 servo
1677 2173 1731 2236 [lei
1752 2175 1879 2253 loseplro
1904 2175 1995 2236 Maria
2016 2175 2119 2238 (lardi-

1374 2265 1436 2328 nall
1458 2265 1622 2330 Thomasio
1643 2268 1763 2330 editum
1784 2267 1844 2330 luit
1865 2267 1898 2328 in
1920 2266 2019 2342 llissa,
2039 2283 2119 2346 quae

1374 2357 1569 2421 inscribitur:
1597 2360 1719 2423 Contra
1740 2357 1947 2438 obloquentes.
2139 2363 2144 2370 '

1412 2451 1481 2526 §b
1507 2451 1553 2514 tle
1574 2459 1680 2516 lamen
1708 2453 1823 2532 aliquid
1845 2469 1900 2532 per
1921 2469 1978 2516 nos
2003 2453 2117 2532 impro·
2171 2465 2341 2534 ιιιιιιιοιιιιιιιι

1372 2543 1442 2604 uide
1466 2547 1718 2620 praetermissum
1732 2547 1791 2610 dici
1809 2547 1936 2622 valeret,
1953 2562 2014 2626 quo
2027 2545 2115 2609 lacile
2134 2521 2342 2624 Pfflnffi'ffl

1372 2649 1531 2712 possemus
1545 2637 1745 2701 mendacibus
1759 2638 1924 2702 calumniis
1938 2638 2115 2701 lomentum
2134 2627 2340 2738 335¹&ng

1371 2729 1521 2804 adimere,
1543 2737 1635 2809 atque
1656 2748 1689 2792 os
1708 2731 1882 2806 obstruere,
1905 2731 2009 2795 audito
2031 2731 2116 2810 prius
2133 2737 2229 2781 uuus.

1371 2823 1599 2886 nonnullorum
1610 2823 1837 2887 venerabilium
1850 2823 1983 2887 lratrum
1997 2831 2117 2886 nostro-
2192 2845 2200 2860 ·

1371 2932 1442 2978 rum
1466 2915 1496 2980 S.
1516 2917 1552 2979 ll.
1570 2917 1605 2979 E.
1630 2915 1842 2980 cardinalium
1862 2917 2010 2994 consilio,
2034 2933 2117 2980 eam·

1370 3011 1440 3072 dem
1467 3011 1707 3088 praedecessoris
1734 3011 1833 3072 nostri
1857 3011 2115 3074 constitutionem

1371 3103 1599 3181 praesentibus,
1623 3110 1658 3165 ut
1684 3118 1788 3181 supra,
1810 3103 1848 3164 de
1869 3103 1967 3164 verbo
1987 3103 2024 3164 ad
2046 3118 2115 3164 ver-

1370 3195 1445 3259 bum
1478 3197 1643 3270 insertam,
1667 3195 1698 3258 iu
1727 3194 1825 3257 lorma
1855 3195 2013 3273 specilica,
2035 3209 2114 3271 quae

1369 3289 1512 3352 omnium
1534 3287 1722 3366 amplissima
1743 3295 1774 3350 ιι
1795 3287 2001 3350 efficacissima
2022 3287 2115 3350 habe·

1370 3388 1432 3458 tur,
1446 3382 1633 3444 confirmare
1646 3381 1856 3457 decrevimus;
1880 3387 1972 3458 prout
1993 3397 2061 3442 ιιιιι
2075 3395 2113 3442 ιιι

1368 3485 1450 3538 certa
1479 3475 1619 3550 scientia,
1648 3482 1679 3537 ιι
1710 3474 1893 3553 apostolicae
1922 3474 2113 3536 auctoritatis

1368 3577 1492 3631 nostrae
1522 3567 1728 3646 plenitudine,
1757 3567 1940 3628 earumdem
1969 3581 2112 3645 praesen-

1367 3663 1447 3723 tium
1470 3661 1631 3723 literarum
1654 3667 1763 3722 tenore
1784 3659 1816 3721 in
1837 3660 1983 3724 omnibus
2004 3668 2036 3722 et
2058 3675 2113 3738 per

1366 3755 1482 3830 amula,
1498 3753 1626 3832 perinde
1640 3769 1673 3815 ac
1693 3753 1719 3814 si
1741 3754 1855 3816 nostris
1872 3762 1960 3815 motu
1974 3753 2109 3832 proprio,

1365 3849 1559 3922 auctoritate,
1574 3862 1608 3908 ac
1630 3845 1758 3908 nomine
1779 3847 1917 3924 primum
1938 3846 2021 3910 edita
2034 3845 2111 3909 luis·

1364 3949 1422 4017 set,
1444 3941 1681 4015 confirmamus,
1710 3939 1903 4014 roboramus,
1926 3945 1958 4002 ιι
1980 3941 2109 4003 innova-

1365 4051 1446 4110 mus,
1469 4052 1503 4096 ac
1523 4042 1703 4114 perpetuam
1726 4033 1792 4094 vim
1813 4041 1844 4094 et
1865 4033 2030 4104 efficaciam
2057 4036 2109 4096 ba·

1365 4129 1438 4190 bere
1459 4129 1617 4202 volumus,
1639 4135 1671 4190 ιι
1692 4127 1900 4190 decernimus.

1403 4223 1472 4298 §6-
1496 4221 1591 4284 Porro
1618 4222 1701 4282 inter
1733 4221 1927 4298 gravissimas
1956 4222 2107 4300 praelatae
2156 4240 2254 4288 caum
2270 4243 2327 4289 aaa

1364 4315 1581 4394 prohibitionis
1595 4320 1626 4375 et
1640 4313 1845 4376 damnationis
1859 4331 1962 4376 causas
1976 4316 2009 4378 in
2021 4332 2107 4395 prae·
2125 4293 2327 4396 flfflffluiss

1364 4411 1478 4470 inserta
1499 4406 1723 4470 constitutione
1743 4407 1940 4484 enunciatas,
1963 4425 2024 4470 uua
2047 4419 2104 4487 est,
2124 4456 2324 4503 monumenta

1361 4501 1444 4580 quod
1467 4501 1499 4561 in
1518 4499 1695 4562 huiusmodi
1715 4499 1912 4562 societatibus
1926 4509 1957 4562 et
1970 4518 2106 4565 couveu·
2123 4507 2257 4564 spamus.

1362 4594 1481 4668 siculis,
1511 4593 1736 4669 cuiuscumque
1766 4592 1926 4670 religionis
1953 4611 1986 4657 ac
2006 4605 2106 4659 sectae

1361 4687 1503 4751 bamines
1524 4685 1659 4748 invicem
1681 4685 1914 4762 consociantur;
1937 4703 1996 4764 qua
2018 4703 2056 4749 ιιι
2070 4703 2105 4752 ιι

1360 4781 1432 4842 satis
1453 4787 1546 4857 patet,
1572 4793 1666 4858 quam
1687 4793 1799 4854 magua
1826 4778 1982 4856 pernicies
2003 4781 2106 4842 catbo·

1361 4872 1437 4936 licae
1458 4873 1619 4950 religionis
1640 4871 1767 4951 puritati
1788 4871 1896 4933 inlerri
1918 4873 2029 4934 valeat.
2052 4874 2104 4937 at-

1362 4973 1425 5026 tera
1446 4973 1492 5026 est
1512 4971 1633 5026 arctum
1653 4972 1685 5025 ιι
1706 4962 1894 5044 impervium
1909 4965 2020 5028 secreti
2042 4965 2105 5030 loe-

1359 5057 1429 5132 dus,
1444 5073 1506 5136 quo
1517 5057 1712 5120 occultantur
1733 5071 1766 5117 ea
1783 5072 1863 5134 quae
1876 5057 1909 5118 iu
1924 5057 2104 5123 huiusmodi

1359 5150 1586 5215 conventiculis
1602 5151 1699 5225 bunta
1715 5149 1827 5228 quibus
1843 5149 1972 5229 proinde
1986 5169 2020 5214 ea
2033 5169 2103 5216 seu-

1360 5245 1457 5308 tentia
1472 5245 1583 5307 merito
1604 5243 1701 5320 aptari
1716 5249 1826 5322 potest,
1843 5259 1937 5321 quam
1952 5245 2102 5310 Caecilius

1359 5335 1472 5398 Natalis
1494 5337 1574 5414 apud
1603 5333 1774 5397 llinucium
1799 5334 1934 5398 Felicem
1956 5337 1990 5398 ln
2014 5353 2103 5400 causa

1358 5429 1492 5491 nimium
1513 5427 1635 5488 diversa
1656 5427 1799 5506 protulit:
1822 5425 1963 5491 Honesta
1980 5445 2103 5507 semper

557 5515 634 5594 luit3
656 5530 720 5577 non
735 5514 862 5592 quidem
885 5513 1052 5591 probabilia
1065 5516 1234 5590 dumtaxat,
1248 5513 1301 5576 sed
1355 5517 1483 5598 publico
1494 5519 1649 5600 pandent,
1660 5521 1778 5584 scelera
1792 5527 1914 5584 semela
1928 5527 2017 5584 suut.
2028 5523 2104 5585 ‘ler-

557 5610 650 5688 plane
671 5608 827 5671 evidentia
855 5615 886 5670 et
914 5606 1085 5669 indubitata
1116 5617 1302 5684 argumenta

557 5702 747 5778 dederimus,
770 5716 809 5763 ιιι
830 5701 942 5780 quibus
963 5699 1060 5761 animi
1078 5701 1178 5762 nostri
1192 5717 1301 5764 sensus

557 5817 591 5862 ac
612 5801 699 5862 llrrna
714 5810 746 5863 et
759 5799 925 5864 deliberata
946 5799 1089 5861 voluntas
1109 5801 1208 5878 quoad
1230 5815 1301 5862 cen-

557 5907 648 5956 surae
668 5909 724 5974 per
745 5893 863 5958 dictum
874 5892 1070 5956 Clementem
1091 5892 1302 5970 praedecesso

1356 5614 1399 5674 tia
1419 5621 1466 5676 est
1487 5613 1704 5676 iusiurandum
1724 5630 1785 5692 quo
1806 5629 1840 5676 se
1861 5614 2037 5677 buiusmodi
2055 5607 2103 5677 se·

1356 5715 1440 5770 creto
1462 5705 1684 5769 inviolabiliter
1704 5707 1856 5769 seruando
1884 5707 2100 5785 adstringuut3

1356 5801 1442 5877 quasi
1463 5799 1552 5862 liceat
1573 5799 1677 5873 alicui,
1699 5798 1865 5862 cuiuslibet
1885 5799 2101 5878 promissionis

1355 5902 1408 5956 aut
1429 5891 1597 5956 iuramenti
1618 5891 1749 5954 obtentu
1768 5907 1802 5954 se
1823 5892 1917 5967 tueri,
1933 5893 2101 5971 quominus

2125 4399 2193 4446 modi
2226 4401 2326 4450 sociatu
2388 4439 2389 4442 ,
