4744 6976
866 562 1063 610 beneolentis
1083 559 1149 608 xiv.
1237 562 1240 568 '

275 669 458 756 nemorum,
485 687 582 759 otene
601 683 639 745 in
659 681 701 744 iis
723 681 906 744 ecercendis
928 681 980 744 lio-

274 794 348 842 rnm
369 774 596 839 iurisdictione·
616 791 680 836 esse
699 773 857 840 subiectos
878 775 933 858 (l).

367 958 611 1029 oemeototos
634 959 850 1030 eetsooetts

389 1115 392 1122 ’
421 1140 530 1192 serras
551 1140 707 1192 serrorum
731 1124 794 1204 liei,

361 1245 398 1314 ad
420 1250 592 1331 perpetuam
614 1245 658 1314 rei
681 1245 859 1314 memoriam.

86 1449 218 1515 stimans
274 1438 422 1514 Quamvis
448 1439 485 1502 ad
513 1439 762 1502 confirmandum
779 1435 982 1502 ecclesiastici

63 1511 218 1618 iiiiiiiffi
233 1531 397 1609 regiminis
417 1531 581 1609 ordinem,
603 1533 757 1612 superiori
783 1532 981 1611 pontificatus

30 1687 32 1720 ᾖ
62 1613 217 1728 ffiiffiffiiss
234 1626 332 1688 nostri
353 1641 447 1701 anno,
470 1625 615 1689 videlicet
636 1634 743 1690 octavo
764 1625 833 1689 idus
853 1640 981 1688 nouem·

30 1753 31 1776 2
62 1733 108 1770 osu
232 1719 299 1782 bris
319 1735 508 1796 nocerim,
530 1719 707 1801 apostolicas
728 1720 832 1783 literas
852 1718 983 1782 edideri-

233 1829 315 1886 mus,
338 1830 472 1892 quarum
494 1815 620 1878 initium
636 1822 698 1877 est:
717 1811 915 1885 dirimendis,
931 1816 981 1876 et-

233 1922 291 1984 pnc
311 1907 509 1972 asserendis:
525 1907 558 1971 in
572 1907 685 1986 quibos
699 1923 763 1969 non
778 1907 869 1969 modo
883 1921 981 1968 sacro-

231 2005 353 2062 sanctae
385 2000 589 2066 Tridentinae
619 1999 734 2080 Synodi
765 1999 913 2074 decretis,
947 2015 980 2060 ac

230 2094 503 2171 praedecessorum
518 2103 662 2159 nostrum
676 2096 889 2158 Romanorum
903 2093 981 2154 Pon·

230 2187 352 2250 tilicum
373 2191 649 2254 constitutionibus
666 2191 875 2262 inhaerentes,
891 2187 982 2249 ioris-

230 2281 399 2346 dictionem
422 2282 646 2362 Episcoporum
667 2284 701 2344 in
722 2298 830 2345 omnes
846 2289 876 2343 et
891 2295 980 2358 quos·

230 2389 369 2454 cumque
389 2363 559 2452 regutires,
582 2377 759 2439 animarum
784 2390 891 2438 curam
912 2389 980 2453 per-

229 2483 383 2532 sonarum
401 2469 605 2532 saecularium
629 2477 810 2532 exercentes
830 2467 981 2532 constabi-

230 2559 378 2640 livimus,
394 2577 507 2626 rerum
521 2562 626 2639 etiam,
640 2562 752 2626 iudicia
766 2568 932 2640 sequentes
947 2561 979 2622 in

230 2655 441 2736 peculiaribus
451 2657 670 2720 controversiis
685 2656 802 2736 prolata
817 2655 980 2733 aCongre-

231 2748 408 2826 gationibus
439 2751 636 2828 generalibus
666 2746 891 2813 venerabilium
922 2749 977 2810 lra-

231 2851 318 2905 trum
340 2852 521 2908 nostrorum
543 2845 672 2909 Sanctae
698 2845 852 2907 Romanae
878 2842 982 2906 Eccle-

229 2939 292 3001 siae
314 2938 524 3003 cardinalium
547 2939 760 3003 ecclesiasticis
781 2938 981 3002 discutiendis

231 3033 368 3109 negotiis
398 3031 580 3096 auctoritate
611 3032 773 3112 apostolica
794 3031 981 3111 praeposito·

229 3141 315 3202 rum,
338 3131 439 3188 certos
459 3133 491 3189 et
511 3141 665 3204 congruos
686 3125 800 3187 limites
821 3124 982 3187 constitui·

231 3233 315 3295 mus,
338 3218 452 3296 quibos
473 3227 543 3282 tum
564 3219 742 3299 episcopalis
760 3218 925 3281 auctoritas
946 3217 979 3280 in

230 3311 463 3390 praedictorum
493 3312 687 3389 regularium
715 3312 866 3387 ecclesias,
889 3319 981 3391 atque

231 3419 390 3484 personas,
413 3413 483 3468 tum
504 3407 720 3488 exemptiones
745 3407 779 3469 in
801 3405 980 3469 huiusmodi

231 3515 341 3561 rerum
364 3514 479 3576 genere
493 3501 530 3563 ab
545 3500 619 3579 ipsis
633 3499 828 3578 regularibus
839 3503 981 3577 praeten-

231 3607 293 3668 sae,
317 3599 349 3656 et
368 3592 512 3672 pluribus
533 3595 567 3656 in
581 3593 701 3658 casibus
715 3593 833 3657 eisdem
848 3593 979 3670 debitae,

64 3685 167 3786 affin
174 3697 215 3786 ρξ-
231 3685 490 3750 continerentur:
514 3685 568 3748 has
589 3692 693 3749 tamen
708 3687 819 3750 alteras
833 3687 898 3766 pari
913 3702 983 3748 auc

64 3803 103 3840 aa
123 3794 216 3859 tantan
232 3779 360 3843 toritate
370 3778 474 3843 literas
488 3781 620 3843 adiicere
634 3779 865 3859 compellimur,
877 3787 912 3842 ot
927 3780 982 3842 hac

30 3863 31 3874 ’
64 3849 214 3957 wacon
232 3871 296 3950 ipsa
319 3873 352 3934 in
373 3888 408 3936 re
425 3871 646 3953 parochialium
661 3873 755 3935 etiam
769 3871 979 3948 ecclesiarum,

30 3975 31 3982 ’
233 3981 314 4045 quae
335 3966 368 4028 in
389 3967 546 4030 indiarum
566 3968 748 4044 regionibus
763 3973 848 4042 sunt,
863 3965 981 4044 optimo

233 4064 399 4142 regimini,
433 4071 526 4144 atquc
557 4063 677 4127 utiliori
702 4063 979 4139 administrationi,

232 4164 389 4237 quantum
409 4174 481 4221 cum
500 4157 632 4220 Domino
646 4172 822 4236 possumus,
836 4155 981 4219 similiter

233 4250 443 4314 consulamus.

83 4347 169 4392 ranan
180 4356 217 4392 ω·
273 4343 982 4426 §l.Sane,ubicumqueanimarumcuraper-

65 4400 217 4447 maainamm

65 4458 216 4514 extractus,
234 4455 384 4502 sonarum
403 4439 610 4504 saecularium
630 4441 748 4502 adnexa
768 4441 808 4502 sit
828 4445 981 4499 monaste·

64 4509 218 4607 imi-³3&
234 4532 288 4595 riis
309 4549 366 4596 seu
384 4533 525 4596 domibus
547 4533 740 4610 regularium
761 4533 902 4595 uirorum
916 4530 982 4592 sive

30 4671 31 4722 3
64 4615 218 4715 fffflssjssgffl
235 4627 418 4703 mulierum,
450 4627 641 4706 quicumque
669 4625 848 4689 huiusmodi
875 4628 982 4687 curam

30 4735 31 4754 ³
65 4719 200 4770 occultares,
234 4725 388 4796 exerceat,
410 4721 476 4783 sire
497 4721 522 4783 is
542 4719 695 4799 regularis
721 4721 787 4781 sire
818 4718 981 4781 saecularis

233 4813 376 4876 sacerdos
395 4813 517 4892 crisim,
539 4815 572 4878 in
594 4815 653 4890 his,
672 4829 750 4892 quae
771 4813 929 4892 pertinent
945 4810 981 4873 ad

234 4906 333 4986 ipsam
353 4916 519 4971 curamet
539 4909 576 4970 ad
597 4907 868 4972 sacramentorum
886 4905 1001 4968 admi·-¹

233 4999 463 5078 nistrationem,
487 5001 628 5082 Episcopi
651 5000 821 5063 dioecesani
842 4997 982 5062 iurisdic-

233 5095 325 5172 tioni,
348 5095 519 5159 visitationi
539 5102 570 5158 et
591 5095 774 5158 correctioni
790 5094 916 5157 subesse
931 5093 982 5155 de·

234 5189 302 5268 bet;
326 5190 392 5270 ipso
412 5189 542 5254 iubente
564 5187 654 5252 Sacro
676 5189 858 5251 tridentino
874 5187 981 5251 Conci-

234 5284 275 5347 lio
297 5300 371 5346 sess.
392 5286 452 5355 25,
475 5298 542 5365 cap.
555 5283 608 5356 11,
625 5283 661 5345 dc
675 5280 902 5362 Regnlcribns,
926 5295 981 5360 per

234 5379 311 5444 baec
332 5349 439 5442 Μαι
473 5381 511 5444 In
534 5377 738 5441 monasteriis
758 5393 814 5438 sen
836 5371 980 5437 domibus

235 5475 384 5536 uirorum
411 5490 467 5536 sen
492 5473 667 5535 mulierum
697 5467 812 5550 quibos
834 5467 981 5530 imminet

236 5569 425 5633 animarem
436 5583 516 5631 curo
525 5581 736 5646 personarum
747 5558 978 5634 soecnlnrinn,

235 5671 366 5743 praeter
386 5679 449 5734 eos,
473 5678 551 5742 onoc
572 5664 652 5723 sent
673 5659 710 5722 de
727 5658 858 5721 iiiornne
873 5673 980 5719 nono·

235 5757 411 5820 cleriorum
430 5771 487 5818 sen
509 5754 650 5818 locorum
670 5751 813 5835 familie,
829 5766 981 5830 personae

277 5973 308 6031 (ι)
322 5976 360 6018 nx
374 5931 473 6019 abaci.
491 5969 628 6018 namnet.

342 6093 393 6142 lar.
408 6095 481 6142 ient.
496 6093 527 6142 de
538 6100 613 6154 arcp.
628 6091 690 6141 Fide
704 6092 787 6142 Partis
801 6093 820 6140 1.
835 6091 889 6141 vol.
906 6093 948 6140 111.

1703 536 1761 601 217
1810 534 1864 592 An.
1877 486 1909 591 0..
1929 531 1998 589 1745

1036 687 1104 748 ton
1126 679 1290 761 regulares
1312 693 1406 759 onom
1420 677 1601 742 saeculares
1617 673 1781 737 bninsmo-

1036 775 1069 837 di
1094 791 1207 837 curam
1235 777 1415 836 emarcentes
1442 769 1570 835 subsint
1599 768 1782 832 immediate

1036 869 1071 931 in
1093 855 1154 941 iis,
1169 885 1250 950 puae
1270 868 1312 931 od
1333 868 1453 930 dictum
1480 879 1591 928 caron
1613 869 1644 925 et
1667 862 1781 926 Socra·

1035 971 1215 1026 mentorum
1246 959 1564 1025 administrationem
1595 957 1778 1038 pertinent,

1036 1055 1276 1128 iurisdictioni,
1309 1054 1494 1118 visitationi
1525 1057 1557 1114 et
1589 1047 1781 1112 correctioni

1037 1149 1196 1229 Episcopi,
1222 1150 1257 1211 in
1279 1151 1373 1212 anius
1395 1147 1526 1211 dioecesi
1539 1151 1618 1208 sant
1632 1143 1780 1207 site.Cu·
1824 1157 1904 1204 namo
1919 1155 2010 1216 oocu-

1036 1245 1083 1306 ius
1105 1245 1197 1308 etiam
1220 1242 1350 1307 concilii
1366 1242 1560 1323 prouidentia
1575 1240 1706 1304 ulterius
1721 1243 1779 1299 sta·
1798 1209 2012 1310 ἱζῗέἒέἓξξξῖ

1035 1344 1139 1401 tutum
1161 1346 1218 1414 est,
1241 1346 1276 1402 ut
1304 1353 1397 1400 nemo
1418 1338 1454 1400 ad
1476 1335 1650 1398 animarum
1673 1345 1779 1396 curam
1797 1315 2010 1428 gffssssgngfflaffi?

1035 1433 1069 1495 in
1090 1432 1251 1512 praedictis
1281 1431 1428 1506 ecclesiis,
1457 1431 1551 1494 etiam
1580 1429 1616 1492 ad
1645 1434 1778 1505 tempus,
1798 1424 1948 1524 fflssffiim
1965 1427 2011 1471 Οτ-

1035 1526 1100 1588 sive
1121 1523 1330 1587 amoribiliter
1351 1526 1386 1589 ad
1408 1531 1534 1599 nutum,
1562 1521 1778 1596 exercendam,
1893 1511 1899 1525 '

1036 1620 1215 1684 admittatur
1234 1619 1285 1682 rel
1306 1620 1484 1697 deputetur,
1499 1618 1613 1695 absque
1628 1629 1781 1678 consensu

1036 1713 1188 1794 Episcopi,
1211 1721 1243 1776 et
1263 1712 1332 1775 sine
1352 1712 1496 1774 examine
1517 1725 1620 1773 coram
1635 1709 1712 1786 ipso,
1728 1705 1780 1768 vel

1036 1823 1139 1870 coram
1169 1806 1264 1886 ipsius
1288 1805 1418 1881 Vicario,
1443 1810 1533 1867 antea
1559 1802 1716 1878 laciendo;
1738 1803 1782 1865 sic

1036 1901 1121 1963 enim
1142 1901 1299 1964 decrerit:
1326 1901 1389 1964 Nec
1410 1896 1456 1962 ibi
1486 1897 1589 1976 ottoni
1619 1895 1781 1959 etiamad

1037 2003 1155 2059 nntnn
1186 1994 1368 2060 omonibilcs
1401 1995 1615 2074 deputentnr,
1648 1990 1714 2054 nisi
1745 1990 1781 2053 de

1035 2091 1173 2153 eiusdem
1189 2105 1353 2162 consenso,
1370 2105 1408 2153 cc
1421 2088 1549 2168 proeoio
1564 2087 1711 2150 eonomine
1724 2100 1781 2164 per

1035 2200 1107 2246 enm
1122 2189 1188 2246 *nnc
1209 2184 1278 2246 eins
1302 2183 1473 2254 Vicoriem,
1496 2179 1654 2262 [ociando.

1075 2277 1136 2354 §2
1152 2277 1304 2356 Equidem
1316 2277 1386 2338 alias
1397 2277 1504 2338 beatae
1513 2271 1683 2338 memoriae
1694 2289 1780 2352 prae·
1852 2293 1877 2340 s.
1898 2292 1959 2338 rius
1983 2293 2010 2338 v.

1035 2371 1185 2434 decessori
1216 2378 1322 2433 nostro
1349 2377 1453 2432 sancto
1481 2369 1534 2432 Pio
1563 2370 1658 2447 Papae
1681 2367 1717 2431 V.
1742 2383 1780 2430 ex
1798 2356 2012 2456 {inimffilifflg

1035 2471 1123 2544 parte
1143 2465 1241 2526 clarae
1262 2464 1430 2526 memoriae
1459 2463 1589 2541 Philippi
1616 2462 1651 2524 ll.
1675 2462 1781 2540 Hispa·
1798 2453 1882 2500 ⁰²⁰⁸ss
1892 2451 2011 2508 indulsit,

1799 2504 2011 2564 utilegularesin

1036 2558 1158 2621 niarom
1190 2558 1273 2636 regis
1303 2558 1444 2620 catholici
1472 2557 1622 2636 exposito,
1644 2555 1725 2636 quod
1746 2555 1780 2615 in
1798 2560 1879 2660 {gegis
1890 2561 2012 2660 ffiggismo

1035 2652 1170 2731 partibus
1201 2651 1359 2715 indiarum
1387 2651 1478 2716 liaris
1506 2651 1629 2727 Oceani,
1654 2655 1781 2728 propter
1799 2667 1932 2732 cantaras
1963 2639 2013 2712 rar?

1035 2745 1243 2809 deficientiam
1263 2747 1528 2826 presbyterorum,
1550 2745 1648 2808 officia
1667 2751 1698 2807 et
1712 2758 1780 2806 mu·
1799 2721 2012 2832 E},¹{},⁵,„⁰⁰{,³,3¹}

1035 2841 1086 2902 nia
1106 2838 1290 2919 parochialia
1311 2857 1327 2902 a
1342 2841 1492 2918 religiosis
1508 2840 1584 2903 viris
1598 2840 1780 2903 exerceban-
1799 2833 1864 2876 ³⁰¹¹t·

1036 2940 1099 3007 tur,
1115 2931 1180 3010 qui,
1193 2947 1306 3009 magno
1320 2931 1620 3008 animarumlructu,
1632 2930 1782 2993 indorum

1036 3025 1253 3102 con-versiones
1265 3027 1499 3105 promovebant,
1512 3034 1554 3104 et,
1567 3025 1782 3090 Ecclesiae&-

1035 3111 1201 3182 eramenta*
1224 3119 1342 3182 eisdem
1372 3119 1616 3184 administrando
1645 3137 1678 3184 ac
1706 3121 1783 3184 Ver-

1036 3214 1111 3275 bum
1138 3213 1193 3276 ltei
1220 3213 1422 3292 praedicando
1443 3222 1474 3278 et
1495 3213 1688 3294 explicando,
1711 3214 1782 3278 reli-

1036 3305 1121 3383 gioni
1141 3323 1174 3368 ac
1194 3306 1300 3385 pietati
1322 3305 1434 3370 utilem
1464 3307 1615 3371 navabant
1635 3324 1780 3387 operam3

1035 3400 1118 3464 idem
1149 3399 1220 3462 Pius
1250 3401 1474 3482 praedecessor,
1506 3402 1782 3481 supplicationibus

1034 3509 1128 3572 super
1146 3497 1206 3556 hoc
1226 3509 1265 3556 ea
1285 3499 1372 3573 parte
1392 3495 1466 3558 dicti
1480 3495 1614 3575 Philippi
1627 3496 1709 3573 regis
1724 3496 1782 3558 hu·

1035 3587 1154 3650 militer
1174 3587 1232 3650 sibi
1261 3591 1409 3668 porrectis
1437 3591 1614 3667 inclinatus,
1636 3605 1780 3670 persnas

1035 3681 1140 3780 litpras
1154 3681 1337 3762 incipientes
1352 3683 1479 3761 Enponi
1492 3681 1593 3757 nobis,
1606 3685 1689 3746 datas
1702 3682 1782 3762 apud

1036 3777 1186 3842 Sanctum
1206 3775 1336 3840 Petrum
1356 3776 1413 3839 sub
1430 3777 1548 3841 annulo
1562 3778 1719 3857 piscatoris
1733 3776 1781 3840 die

1035 3885 1123 3933 xxiv.
1145 3870 1251 3933 martii
1283 3886 1364 3932 anno
1394 3887 1551 3948 notarri,
1584 3871 1729 3936 omnibus
1751 3878 1782 3934 et

1035 3968 1167 4045 singulis
1198 3967 1360 4045 religiosis,
1388 3981 1660 4046 quorumcumque
1687 3966 1782 4028 etiam

1035 4061 1279 4125 mendicantium
1292 4060 1454 4137 Ordinam,
1471 4061 1503 4122 in
1518 4059 1607 4123 dictis
1621 4059 1782 4122 indiarum

1036 4155 1185 4236 partibus,
1207 4155 1240 4218 in
1263 4154 1446 4218 eorumdem
1463 4152 1614 4218 ordinum
1629 4159 1782 4216 monaste·

1036 4250 1101 4326 riis,
1117 4249 1168 4312 vel
1184 4249 1223 4312 de
1237 4265 1367 4312 suorum
1380 4249 1578 4328 superiorum
1592 4246 1715 4310 licentia
1730 4262 1783 4310 ex-

1036 4350 1083 4406 tra
1104 4341 1154 4404 illa
1170 4341 1444 4418 commorantibus,
1461 4350 1496 4405 ut
1511 4343 1543 4404 in
1559 4341 1632 4406 locis
1646 4339 1783 4420 ipsarum

1036 4436 1173 4514 partium
1184 4436 1229 4498 eis
1244 4437 1281 4500 de
1296 4435 1390 4499 simili
1405 4435 1529 4499 licentia
1544 4435 1717 4513 assignatis,
1731 4433 1783 4494 rel

1036 4529 1240 4606 assignandis,
1263 4529 1400 4594 officium
1427 4530 1563 4609 parochi,
1586 4527 1783 4592 matrimonia

1036 4623 1218 4687 celebrando
1240 4631 1270 4688 et
1291 4624 1492 4688 ecclesiastica
1513 4622 1711 4688 Sacramenta
1725 4619 1785 4684 mi-

1037 4720 1215 4797 nistrando,
1247 4727 1341 4799 prout
1372 4729 1501 4785 eatenus
1531 4721 1782 4790 consueverunt,

1035 4813 1219 4896 (dummodo
1240 4815 1297 4893 ipsi
1319 4815 1351 4877 in
1380 4815 1509 4897 reliquis
1537 4812 1677 4878 eiusdem
1703 4812 1783 4875 Con-

1036 4908 1099 4971 cilii
1114 4908 1289 4972 Tridentini
1304 4907 1437 4971 sormam
1451 4907 1675 4986 observarent),
1697 4921 1783 4968 exer·

1037 5017 1116 5077 cere,
1132 5008 1164 5063 et
1179 5000 1319 5065 Verbum
1333 5003 1400 5080 Dei,
1416 5009 1569 5081 qnatenus
1583 5002 1733 5065 Indorum
1746 4998 1784 5061 il-

1036 5093 1137 5158 larnm
1147 5097 1282 5174 partium
1297 5095 1409 5159 idioma
1424 5095 1649 5173 intelligerent,
1663 5096 1699 5159 de
1714 5109 1783 5156 suo·

1037 5203 1110 5250 rum
1129 5190 1328 5269 superiorum
1355 5190 1490 5264 licentia,
1519 5189 1552 5252 in
1572 5204 1684 5252 eorum
1705 5188 1783 5267 capi·

1037 5282 1110 5344 tulis
1131 5284 1372 5362 provincialibus
1394 5285 1531 5361 obtenta,
1553 5285 1728 5364 praedicare
1749 5299 1782 5344 ac

1036 5375 1242 5440 confessiones
1273 5377 1390 5454 andire,
1420 5377 1516 5441 libere
1544 5385 1576 5440 et
1597 5377 1679 5440 licite
1701 5375 1783 5438 vale-

1036 5477 1118 5546 rent,
1140 5471 1258 5534 seclusa
1278 5471 1374 5534 etiam
1391 5471 1624 5536 Ordinariorum
1643 5472 1782 5534 locorum

1036 5564 1170 5639 licentia,
1192 5580 1247 5643 per
1269 5565 1342 5628 haec
1362 5581 1504 5644 expressa
1518 5565 1625 5628 rerba:
1646 5564 1781 5629 Ordine·

1036 5657 1161 5720 riorum
1182 5659 1334 5730 iocorum,
1351 5662 1382 5720 ct
1401 5659 1543 5724 oliorum
1558 5674 1781 5738 quoramcun-

1036 5767 1094 5829 que
1114 5749 1245 5814 licentio
1266 5751 1399 5816 minine
1420 5752 1588 5832 requisito,
1604 5751 1784 5816 facultatem
