4732 7014
332 541 430 595 ιιι.
453 542 519 594 ιιιι
568 508 610 616 {32

332 1529 360 1572 lit
373 1535 386 1570 a
398 1527 470 1570 cone.
482 1527 531 1571 Tri·

319 1580 387 1624 deut.
404 1589 531 1626 commen-

318 1632 387 1678 date.

361 5082 422 5126 iden
442 5093 527 5127 recur-

312 5140 376 5182 runt
390 5137 422 5180 ad
443 5146 466 5179 s.
483 5135 526 5182 Se-

314 5191 378 5235 dem.

551 687 637 749 dium
659 681 906 765 promovendum
923 683 1103 760 prodessent
1118 679 1296 742 huiusmodi

550 789 656 842 coetus
677 787 708 840 et
736 777 861 854 synodi,
889 776 961 838 satis
991 792 1146 854 superque
1177 777 1296 854 experi-

551 881 658 935 mento
674 869 885 947 comprobavit
901 869 962 946 ipsa
977 869 1153 947 antiquitas.
1172 869 1240 944 Orto
1252 887 1297 930 sa-

551 983 591 1028 ne
606 981 645 1026 eto
662 963 772 1034 causti,
786 964 888 1040 inquit
904 963 935 1024 S.
953 962 1068 1039 Martyr
1082 969 1114 1034 et
1129 963 1295 1041 Episcopus

551 1059 735 1138 Cyprianus,
752 1057 929 1118 accessorio
950 1055 1036 1132 avpud
1051 1071 1107 1116 bos
1121 1056 1170 1134 fit,
1188 1061 1226 1118 ιιι
1242 1073 1297 1134 per

550 1153 696 1232 singulos
717 1167 817 1212 ornos
839 1151 978 1210 seniores
1000 1167 1037 1212 uc
1062 1151 1238 1226 praepositi
1260 1151 1296 1211 iu

551 1261 654 1307 uultur
686 1245 911 1305 concertamus
943 1243 983 1304 od
1016 1242 1210 1318 disponendo
1242 1259 1294 1312 eo,

551 1355 629 1416 qttoe
652 1354 748 1400 ertrde
779 1343 909 1398 uestrae
935 1337 1100 1398 corumisse
1129 1343 1220 1406 serat,
1244 1343 1294 1406 ut,

550 1431 578 1492 si
600 1447 679 1508 quae
701 1430 851 1508 grateiord
874 1435 965 1498 suat,
979 1428 1139 1488 calamitati
1163 1429 1295 1490 coasilio

551 1526 753 1604 dirigantur.
772 1522 941 1602 Eapropter
956 1521 1139 1583 'tridentina
1154 1519 1296 1598 Synodus

551 1617 715 1696 praecepit,
733 1623 767 1677 ut
788 1615 917 1677 concilia
936 1613 1061 1694 quidem
1084 1613 1294 1692 provincialia,

549 1710 647 1772 sicubi
666 1710 774 1770 omissa
791 1708 933 1783 luissent,
948 1725 1002 1785 pro
1018 1705 1215 1770 moderandis
1230 1722 1297 1767 mo·

550 1805 653 1878 ribus,
676 1801 868 1878 corrigendis
896 1802 1087 1874 excessibus,
1114 1807 1295 1862 controver-

548 1898 600 1958 siis
622 1895 854 1972 componendis,
878 1893 1007 1972 aliisque
1029 1910 1065 1955 ex
1093 1894 1186 1955 sacris
1207 1909 1295 1956 eano-

550 1991 642 2052 nibus
664 1987 830 2066 permissio,
853 1986 991 2064 quolibet
1013 1985 1122 2047 saltem
1145 1986 1294 2061 triennio;

549 2084 745 2144 dioecesanae
760 2097 833 2141 vero
855 2078 964 2158 synodi
979 2079 1145 2158 quotannis
1168 2093 1296 2140 renova·

549 2183 669 2238 rentur.

345 2285 529 2330 uarorruarum
588 2269 658 2344 52.
682 2267 747 2328 Etsi
775 2276 879 2328 autem
908 2281 1002 2326 veun.
1028 2265 1137 2326 iratres
1165 2264 1295 2343 Patriur·

317 2335 530 2436 {ifflseffiwffgssl
549 2363 640 2438 eltae,
670 2359 911 2436 archiepiscopi,
936 2359 1075 2436 Episcopi
1104 2358 1217 2434 aliique
1240 2373 1294 2434 pro

316 2443 404 2542 ῧιίιιιιιθιιιι
443 2444 529 2490 ustio-

550 2465 690 2533 tempore
706 2453 873 2515 existentes
895 2451 1028 2528 inclytae
1044 2451 1178 2511 nationis
1200 2450 1295 2511 lllaro·

550 2549 700 2621 nitarum,
724 2531 801 2624 q'uae
823 2544 860 2604 ab
882 2544 944 2621 ipsa
965 2544 1018 2605 sud
1048 2543 1170 2619 origine
1191 2543 1296 2603 ortbo·

548 2645 656 2704 doxam
686 2640 855 2701 Romanam
890 2637 982 2698 iidem
1013 2635 1147 2714 proiessa
1173 2651 1297 2712 semper

548 2736 695 2796 intactam
710 2732 748 2792 ab
763 2730 951 2804 infidelibus,
967 2729 1138 2804 haereticis,
1151 2730 1297 2790 scbisma-

549 2827 614 2888 ticis
638 2826 775 2902 undique
803 2821 1102 2884 circumsedentibus
1129 2821 1295 2896 custodire,

547 2929 640 2998 atque
663 2918 856 2996 apostolicae
879 2916 949 2978 lmic
971 2915 1003 2977 S.
1028 2915 1096 2977 Sedi
1125 2915 1296 2976 arctissime

547 3014 713 3076 adbaerere
728 3011 892 3087 debitique
904 3008 1075 3070 obedientid
1090 3009 1217 3086 obsequi
1231 3017 1295 3069 stu·

547 3107 615 3169 duit
636 3123 668 3167 ac
690 3105 802 3182 pergit,
825 3112 929 3164 coetus
945 3110 976 3162 et
990 3101 1121 3178 synodos
1143 3102 1295 3162 eiusmodi

549 3198 646 3260 veluti
669 3198 701 3258 iu
730 3197 863 3273 speciem
891 3195 973 3255 inter
993 3211 1026 3254 se
1047 3195 1203 3256 celebrare
1231 3209 1294 3256 non

547 3292 736 3363 destiterint,
751 3303 914 3366 nunquam
932 3295 1034 3348 tamen
1050 3287 1128 3363 apud
1145 3287 1214 3347 illos
1227 3303 1295 3364 pro·

548 3383 680 3446 vincrale
700 3399 754 3444 seu
778 3383 873 3442 totius
895 3380 1029 3442 nationis
1053 3380 1221 3442 concilium
1243 3380 1294 3440 lra-

548 3479 648 3541 bitum
670 3475 763 3536 itxisse
784 3481 912 3536 constat.
941 3472 1006 3547 Quo
1031 3470 1145 3534 laetum
1168 3473 1226 3534 luit
1248 3480 1294 3548 ut,

547 3588 618 3633 euru
635 3567 786 3630 uouuulla
800 3566 834 3626 ad
851 3565 1043 3642 disciplinam
1060 3565 1293 3628 ecelesiasticam

549 3663 743 3743 potissimum
769 3658 938 3738 spectantia
964 3659 1080 3720 sensim
1102 3675 1118 3718 a
1139 3659 1294 3736 primaeva

549 3756 746 3819 institutione
757 3771 790 3814 ac
804 3751 967 3830 splendore
982 3751 1137 3812 declinare
1153 3752 1295 3813 videreu-

550 3860 611 3924 tur,
634 3849 670 3910 ad
693 3846 799 3908 eadem
812 3843 991 3908 sustinenda
1007 3846 1236 3923 reparandaque
1251 3861 1294 3904 as-

547 3945 634 4007 sidue
655 3958 711 4020 per
733 3939 1018 4015 congregationum
1042 3954 1137 3999 veun.
1162 3936 1292 3998 fratrum

549 4045 726 4099 nostrorum
748 4033 779 4096 S.
800 4033 835 4094 R.
859 4033 893 4093 E.
919 4031 1129 4094 cardinalium
1153 4038 1220 4092 tum
1243 4047 1293 4106 ge-

548 4131 660 4192 neralis
681 4129 827 4190 adversus
842 4125 1028 4186 lraereticam
1044 4125 1228 4201 pravitatem
1244 4124 1292 4186 lu·

548 4221 734 4300 quisltionis,
759 4227 825 4280 tum
847 4217 1063 4295 Propagautlae
1088 4215 1158 4275 fidei
1173 4215 1292 4276 decreta

547 4331 640 4392 super
667 4312 831 4391 propositis
856 4309 956 4372 dubiis
976 4316 1009 4369 et
1030 4309 1144 4369 exortis
1172 4316 1296 4370 coutro-

548 4405 656 4469 versiis
677 4406 768 4478 edita,
791 4411 944 4481 quantum
966 4401 1033 4462 fieri
1056 4401 1168 4477 potuit,
1185 4417 1294 4462 consu-

548 4499 674 4560 leretur.
699 4499 781 4572 Quae
795 4505 879 4558 certe
893 4494 1087 4573 providentia
1112 4493 1293 4555 iamdudum

549 4592 621 4653 inita
644 4599 828 4665 asservata,
851 4590 908 4650 etsi
935 4589 1162 4665 quodammodo
1183 4585 1293 4647 saluta-

547 4685 602 4756 ris,
626 4682 704 4744 baud
735 4689 839 4742 tamen
865 4681 937 4741 satis
959 4680 1023 4740 visa
1050 4679 1109 4741 luit
1134 4679 1293 4740 modernis

548 4792 642 4838 venu.
667 4774 813 4836 iratribus
843 4774 968 4852 loseplro
991 4773 1080 4834 Petro
1103 4771 1294 4833 Patrlarcbae

548 4869 740 4932 Antiocheno
755 4867 929 4944 ceterisque
946 4864 1189 4943 archiepiscopis
1208 4865 1245 4924 et'
1255 4863 1292 4924 Ε-

548 4963 675 5041 piscopis
697 4962 834 5022 eiusdem
857 4961 991 5022 nationis
1007 4959 1241 5031 Maronitarum,
1258 4963 1293 5016 ut

547 5064 691 5117 votorum
714 5069 843 5115 suorum
863 5062 1020 5131 corrrpotes
1042 5053 1165 5112 iterent.
1182 5049 1293 5123 Quam-

547 5148 654 5210 obrem
676 5164 730 5225 per
757 5146 909 5225 supplices
939 5145 1053 5220 literas,
1083 5145 1206 5206 eximiis
1230 5141 1292 5201 sin·

547 5242 663 5320 gularis
685 5257 756 5317 erga
784 5239 990 5318 apostolicam
1021 5240 1100 5299 banc
1123 5239 1152 5302 S.
1181 5240 1291 5303 Sedem

547 5334 741 5397 reverentiae
763 5342 792 5394 et
819 5330 1012 5394 obedientiae
1045 5333 1126 5394 tratis
1155 5333 1292 5410 insigues

548 5429 663 5490 iterum
684 5438 744 5504 atq.
778 5427 893 5486 iterum
915 5426 1008 5500 datas,
1039 5442 1102 5486 uon
1130 5428 1219 5488 modo
1242 5427 1293 5489 ab·

547 5539 619 5583 usus
639 5520 755 5581 sensim
788 5519 930 5598 irreptos,
953 5535 986 5579 ac
1008 5519 1233 5580 controversias
1261 5528 1291 5583 et

547 5614 742 5676 contusiones
756 5628 863 5690 pacem
878 5612 1063 5690 plerumque
1078 5613 1291 5674 interturban-

548 5715 592 5770 tes
607 5723 623 5768 e
638 5707 739 5770 medlo
761 5706 908 5767 tollendas
927 5705 1156 5781 significabant3
1179 5721 1290 5768 verum

546 5800 646 5862 enixis
667 5801 761 5860 etiam
775 5799 917 5877 precibus
933 5798 1057 5860 tandem
1079 5798 1289 5877 postularunt,

453 5925 456 5932 ·
547 5902 581 5958 ιιι
609 5894 644 5955 ad
671 5892 890 5970 gravissimum
920 5890 1098 5954 huiusmodi
1128 5891 1289 5967 negotium

1075 565 1138 610 lt'u.
1164 563 1254 608 PONT.
1278 561 1317 605 DE
1339 563 1367 606 P.
1393 562 1421 608 F·
1448 566 1529 610 PARS
1551 565 1572 609 l.

2131 539 2184 592 Au.
2201 541 2236 591 C.
2264 538 2335 588 1741

1353 700 1425 746 cum
1446 685 1587 746 eiusdem
1609 684 1743 747 nationis
1756 717 1757 720 =
1771 685 1881 746 decore
1903 691 1996 762 atque
2016 685 2101 747 utili-

1353 785 1414 840 tate
1435 777 1676 852 condolendum,
1698 777 1841 854 adlegare
1862 777 2043 854 dignaretur
2061 779 2102 840 Α·

1352 871 1496 950 postolica
1522 870 1615 932 Sedes
1636 871 1786 932 dilectum
1814 869 1914 932 tilium
1936 871 2097 949 losepbum

1353 964 1530 1029 Simoulum
1560 967 1764 1026 dssemanum
1799 963 1937 1024 eiusdem
1965 963 2099 1026 nationis
2120 957 2352 1069 1,¹{²„¹'„⁶,},¹¹¹¹1{,⁸3J

1353 1059 1470 1132 virum,
1494 1057 1613 1136 primae
1640 1057 1673 1118 iu
1699 1056 1889 1118 liibliotbecal
1917 1057 2021 1118 nostra
2047 1058 2101 1118 lla-
2119 1069 2312 1112 assemanum.

1354 1151 1450 1214 tieaui
1483 1151 1637 1214 custodiae
1672 1149 1883 1228 praelectum,
1916 1151 2099 1214 canonicum

1352 1243 1497 1305 Basilicae
1520 1244 1670 1321 Principis
1698 1243 1917 1322 Apostolorum
1939 1245 1977 1305 de
2005 1245 2099 1322 Urbe,

1352 1338 1538 1413 magistrum
1553 1338 1585 1399 ιιι
1601 1337 1733 1415 utrique
1754 1337 1912 1413 signatura
1934 1337 2039 1400 nostri
2054 1356 2101 1402 re-

1354 1428 1587 1504 ferendarium,
1617 1430 1790 1508 praelatura
1822 1433 2047 1508 domesticum,
2071 1442 2101 1496 et

1352 1522 1500 1584 intimum
1522 1523 1749 1586 cubicularium
1764 1529 1918 1598 nostrum,
1935 1540 2029 1603 quem
2047 1526 2101 1587 tri-

1353 1615 1436 1692 ginta
1451 1615 1516 1677 iere
1530 1616 1568 1677 ab
1582 1617 1652 1678 binc
1670 1616 1760 1678 annis
1774 1616 1863 1678 uobis
1882 1625 1993 1680 notum
2009 1627 2041 1680 et
2055 1636 2102 1682 ac·

1352 1715 1487 1786 ceptum,
1497 1715 1566 1770 tum
1578 1694 1703 1786 prop'ter
1715 1710 1859 1788 obsequia
1871 1727 1923 1773 sua
1937 1711 1968 1772 in
1981 1728 2101 1773 earum·

1352 1802 1423 1862 dem
1444 1801 1732 1876 congregationum
1755 1803 1969 1880 inquisitionis
1985 1811 2015 1866 et
2031 1805 2101 1866 Pro-

1351 1893 1506 1970 pagandae
1528 1893 1611 1956 Fidei
1628 1895 1761 1970 negotiis
1778 1894 1940 1957 nationum
1962 1896 2101 1960 Orienta-

1353 1985 1429 2047 lium
1452 1985 1652 2063 expediendis
1674 1987 1870 2049 laudabiliter
1891 1989 2046 2065 praestita,
2069 1998 2101 2051 et

1354 2086 1397 2140 tot
1420 2077 1600 2152 volumina,
1623 2081 1659 2140 de
1686 2079 1892 2142 Orientalibus
1920 2081 2099 2158 praesertim

1352 2171 1482 2250 aliisque
1503 2172 1607 2246 rebus,
1631 2172 1691 2233 iam
1709 2173 1787 2250 typis
1803 2173 1894 2248 edita,
1918 2172 2044 2251 plurimi
2061 2173 2101 2234 ia·

1352 2281 1461 2326 cimus.
1604 2285 1608 2294 ·

1392 2359 1411 2433 ἓ
1431 2358 1460 2420 3.
1484 2358 1590 2436 ltaque
1605 2358 1657 2420 iel.
1674 2361 1793 2422 record.
1811 2359 1956 2422 Clemens
1968 2361 2097 2424 Puxtt.
2146 2361 2269 2406 cremans
2290 2364 2343 2406 ΧΠ·

1351 2452 1565 2529 praedecessor
1586 2459 1692 2514 noster
1713 2469 1750 2513 ex
1772 2453 1912 2515 eiusdem
1924 2453 2102 2530 congrega.
2119 2419 2224 2460 ²¹¹⁰¹¹¹‘·

1335 2543 1444 2604 ¹tionis
1467 2544 1681 2622 Propagandae
1696 2545 1781 2608 Fidei
1803 2545 1930 2608 consilio
1951 2546 2100 2625 supplica·

1353 2637 1487 2699 tionibus
1522 2639 1700 2700 huiusmodi
1737 2639 1903 2700 inclinatus
1941 2638 2098 2702 laudatum

1352 2729 1516 2808 losepbum
1539 2718 1729 2804 Simonium,
1754 2738 1821 2792 tum
1843 2731 1905 2793 suis
1924 2733 2099 2814 apostolicis

1351 2823 1384 2884 iu
1406 2823 1500 2884 simili
1522 2822 1621 2884 lormi
1637 2824 1744 2884 Brevis
1761 2825 1869 2900 literis,
1887 2832 1954 2886 tum
1977 2825 2099 2887 decretu

1352 2924 1382 2978 et
1410 2915 1616 2978 instructione
1646 2932 1740 2994 super
1772 2916 1932 2979 nonnullis
1964 2917 2099 2979 articulis

1351 3008 1499 3086 peculiari
1521 3007 1743 3069 reformatione
1757 3009 1859 3086 dignis
1874 3009 1995 3085 habitis,
2013 3019 2043 3072 et
2057 3009 2099 3071 la-

1352 3101 1464 3164 cultate
1494 3103 1648 3177 synodum
1677 3101 1898 3178 provincialem
1919 3119 1974 3165 seu
2005 3103 2098 3165 totius

1352 3194 1497 3268 nationis,
1520 3193 1544 3254 si
1568 3210 1644 3271 opus
1672 3193 1795 3268 luisset,
1819 3198 2029 3272 congregandi
2050 3197 2098 3258 in-

1351 3295 1518 3362 structum,
1541 3287 1682 3363 ablegare
1710 3287 1855 3363 diguatus
1878 3288 1946 3350 luit.
1972 3290 2025 3352 llio
2046 3308 2098 3352 au·
2189 3299 2334 3362 abrogatas

1353 3389 1415 3442 tem
1436 3381 1590 3457 supremis
1614 3381 1752 3443 eiusdem
1781 3381 1950 3443 Clementis
1972 3383 2096 3460 praede·
2116 3355 2334 3461 {liglggl‘p‘g‘yff

1350 3474 1478 3534 cessoris
1501 3473 1646 3548 iussibus,
1663 3473 1696 3534 eal
1718 3489 1777 3550 qua
1799 3474 1934 3548 decebat,
1952 3475 2096 3538 obedien·
2115 3462 2329 3560 ζῇἓζῶξῖξῗξξᾞ

1353 3568 1392 3628 ιιι
1403 3567 1630 3644 obtemperans,
1647 3565 1807 3629 Orientem
1823 3568 1994 3629 contendit.
2013 3569 2096 3631 Post·
2116 3566 2181 3611 ⁰⁶⁰³
2198 3549 2328 3612 adoretur.

1351 3675 1442 3737 quum
1464 3658 1500 3720 ad
1522 3659 1675 3720 Libanum
1704 3658 1841 3721 Mentem
1869 3662 2004 3735 accessit,
2027 3679 2096 3741 apo-

1350 3752 1456 3814 stoliea
1478 3753 1629 3826 mandata,
1660 3753 1782 3814 decreta
1805 3761 1834 3814 et
1858 3753 2093 3817 instructionem

1350 3845 1447 3908 dietae
1470 3845 1726 3920 Congregationis
1749 3845 1781 3907 in
1803 3846 1974 3923 apostolicis
1999 3846 2096 3909 literis

1351 3946 1382 3998 et
1403 3938 1545 4011 decretis,
1569 3946 1603 3998 ut
1625 3939 1848 4015 praemittitur,
1872 3946 2029 4013 contenta,
2046 3941 2095 4000 iis·

1350 4035 1419 4093 dem
1432 4031 1558 4108 losepbo
1569 4031 1660 4092 Petro
1672 4031 1861 4092 Patriarchae
1873 4031 2001 4110 aliisque
2008 4033 2097 4096 Prae

1350 4123 1468 4186 sulibus
1484 4123 1642 4185 Maronitis
1654 4124 1806 4201 exposuit.
1823 4124 1939 4198 Quibus
1950 4126 2096 4189 omnibus

1350 4233 1422 4279 cum
1449 4218 1650 4279 veneratione
1679 4218 1868 4296 apostolicae
1896 4219 1967 4282 Sedi
1995 4221 2095 4282 debitat

1348 4309 1484 4387 exceptis
1507 4309 1666 4387 lectisque,
1695 4311 1835 4372 unanimi
1865 4328 2016 4375 consensu
2038 4321 2098 4376 sta-

1350 4410 1456 4464 tutum
1477 4401 1546 4476 luit,
1570 4409 1605 4464 ut
1632 4401 1774 4480 Synodus
1801 4403 1979 4467 huiusmodi
2005 4406 2096 4468 nabe·

1349 4503 1447 4568 retur,
1472 4495 1503 4556 in
1526 4511 1584 4572 qua
1606 4510 1670 4556 uon
1693 4495 1793 4556 solum
1822 4497 2031 4560 recitarentur
2052 4507 2095 4561 at·

1348 4604 1409 4666 que
1430 4589 1619 4650 observanda
1648 4599 1902 4666 proponerentur
1924 4593 2045 4654 decreta
2066 4601 2097 4655 et

1350 4682 1559 4744 ordinationes
1580 4679 1679 4742 dictae
1708 4682 1965 4759 congregationis
1986 4685 2095 4763 Propa-

1349 4775 1466 4850 gandae
1486 4774 1589 4850 Fidei3
1612 4776 1829 4836 verumetiam
1851 4775 1907 4835 alia
1929 4778 2051 4838 aletreta
2066 4787 2096 4840 et

1349 4881 1493 4940 canones,
1516 4865 1542 4926 si
1563 4866 1666 4944 aliquo
1692 4874 1778 4943 pacto
1800 4866 1829 4927 id
1852 4868 1887 4928 ad
1915 4867 2096 4930 ecclesiasti-

1348 4974 1415 5020 cam
1431 4957 1625 5035 disciplinam
1641 4974 1713 5020 cum
1729 4960 1868 5022 eiusdem
1884 4961 2017 5021 nationis
2032 4961 2096 5022 lau-

1349 5053 1386 5113 de
1407 5051 1639 5112 reformandam
1661 5051 1938 5131 illustrandamque
1960 5069 2095 5116 necessa-

1349 5143 1431 5204 rium
1445 5151 1538 5220 atque
1552 5152 1763 5222 opportunum
1775 5143 1881 5206 luisset
1893 5146 2007 5222 visum,
2024 5163 2094 5208 con·

1348 5236 1508 5298 darentur.

1388 5331 1407 5404 ἓ
1428 5329 1457 5392 ix.
1482 5330 1603 5391 interea
1619 5331 1710 5392 variis
1727 5331 1954 5410 prolusionibus
1976 5340 2008 5394 et
2022 5350 2094 5395 con·
2125 5341 2221 5403 „Locus
2238 5345 2321 5389 court·

1349 5423 1505 5498 gressibus
1526 5431 1598 5484 ante
1613 5425 1755 5502 peractis,
1769 5423 1912 5502 Synodus
1934 5425 2095 5488 huiusmo-
2113 5394 2150 5492 ιιι
2161 5399 2323 5496 θειοβθέιῖῗιιῖῗ

1348 5517 1389 5590 di,
1411 5532 1490 5592 quae
1513 5517 1573 5578 iam
1588 5517 1703 5578 indicta
1725 5516 1836 5592 iuerat,
1849 5519 1880 5579 in
1896 5519 2022 5580 eeclesiis
2037 5518 2095 5580 sub
2114 5501 2217 5549 araneas.

1348 5609 1544 5670 invocatione
1567 5610 1599 5670 B.
1615 5609 1651 5671 V.
1670 5609 1780 5672 illariae
1796 5611 2014 5674 immaculatae
2028 5628 2093 5673 mo·

1348 5704 1473 5764 uasterii
1496 5707 1533 5765 de
1553 5703 1656 5764 Loaisa
1679 5703 1862 5766 dilectorum
1874 5705 2013 5768 filiorum
2028 5721 2093 5766 mo·

1347 5797 1517 5858 naclrorum
1540 5797 1570 5858 S.
1586 5797 1713 5857 Antonii
1736 5797 1993 5874 congregationis
2009 5800 2093 5861 lion-

1351 5889 1386 5950 tis
1408 5889 1515 5953 Libani
1538 5893 1569 5953 ιιι
1587 5890 1745 5970 provincia
1757 5889 1980 5954 Chesroanensi
1996 5893 2092 5954 Ptroc-
