4798 6978
362 545 415 603 An.
430 550 460 602 6.
481 542 550 600 1766
598 536 657 606 cta
1096 513 1158 606 tua.
1183 558 1272 606 nour.
1297 557 1337 604 ns
1359 559 1387 604 r.
1411 557 1440 606 6.
1465 559 1547 606 rans
1569 557 1589 603 1.
2144 543 2194 600 Aa.
2207 551 2235 601 c.
2253 557 2308 612 1766

579 682 623 745 ria
644 686 747 744 tamen
769 681 950 743 sacramenti
973 680 1099 742 materia
1121 687 1194 742 sunt
1215 679 1319 740 oleum
1375 677 1484 740 clasiae
1499 678 1640 754 Graecae,
1653 680 1684 740 in
1706 696 1765 758 qua
1787 677 1930 742 videlicet
1945 677 2055 740 Oleum
2071 676 2116 738 in-

579 787 610 842 et
631 779 812 851 balsamum,
828 775 951 855 quibus,
966 774 1135 837 secundum
1157 774 1320 852 antiquum
1377 771 1549 847 firmorum,
1566 789 1630 836 non
1645 773 1746 835 solnm
1761 772 1798 834 ab
1813 773 1971 852 Episcopo,
1987 781 2020 834 ut
2036 773 2114 850 apud

560 927 561 930 ,
580 871 732 934 Ecclesiae
742 868 905 933 Orientalis
917 883 1047 941 marem,
1059 867 1134 928 aliae
1147 873 1320 928 aromatum
1376 864 1517 940 Latinos,
1541 867 1593 928 sed
1619 866 1713 928 etiarn
1733 881 1750 928 a
1770 866 1907 945 simplice
1937 866 2115 945 presbytero

578 965 693 1043 species
715 972 798 1025 recte
825 961 1050 1036 admiscentur,
1073 961 1098 1022 si
1130 961 1213 1023 iuxta
1235 975 1322 1037 prae·
1376 956 1857 1038 benedicitur,etsacramentum
1873 960 2038 1022 Extremae
2053 957 2116 1020 Un-

578 1058 729 1135 scriptum
750 1057 860 1118 adsint.
879 1054 996 1118 Verum
1010 1055 1035 1116 si
1051 1069 1158 1116 earum
1173 1051 1320 1131 quaedam
1375 1052 1485 1115 ationis
1507 1068 1570 1116 non
1592 1053 1629 1114 ab
1650 1070 1714 1116 uno
1736 1059 1858 1117 tantum
1879 1053 1929 1114 sed
1945 1071 1961 1114 a
1976 1053 2116 1132 pluribus

579 1151 680 1213 desint
701 1149 880 1230 (dummodo
902 1149 1012 1211 oleunr
1027 1154 1057 1210 et
1079 1147 1248 1211 balsamum
1270 1145 1320 1207 ad·
1374 1145 1468 1208 simul
1489 1148 1696 1210 sacerdotibus
1720 1147 1934 1224 ministratur;
1957 1163 2057 1226 quum
2079 1149 2116 1210 de

580 1246 657 1324 sint)
679 1252 821 1324 tanquam
845 1260 908 1307 non
930 1243 1098 1306 necessaria
1120 1243 1154 1303 ad
1166 1239 1321 1307 666666-
1374 1239 1420 1302 bis
1441 1242 1586 1306 omnibus
1607 1243 1695 1322 plura
1717 1244 1934 1308 tradiderimus
1955 1246 1987 1308 in
2009 1249 2117 1305 nostro

578 1341 618 1404 tis
638 1341 813 1415 materiam,
830 1339 891 1401 rite
912 1338 1041 1400 omnino
1061 1344 1202 1398 sanctum
1217 1333 1320 1397 Cirris-
1376 1343 1505 1399 tractatu
1517 1339 1553 1401 de
1568 1337 1692 1416 866666
1706 1339 1908 1417 Dc'aeceaoard,
1927 1344 2041 1405 occisa.
2054 1344 2113 1419 cd,

579 1453 627 1498 nra
649 1435 853 1498 conficitur.»
1374 1429 1428 1494 til.
1453 1438 1486 1506 8,
1511 1451 1530 1495 6
1557 1449 1624 1510 666.
1652 1439 1668 1498 1
1693 1437 1733 1499 66
1761 1441 1819 1498 tat.
1843 1453 1911 1514 666.
1935 1443 1968 1501 8.
1998 1438 2056 1501 Sed
2080 1439 2117 1501 ad

365 1532 440 1578 varra
455 1532 560 1578 nomana
617 1529 705 1604 §lb
731 1528 965 1591 Sacramentum
988 1525 1054 1599 boc,
1071 1524 1151 1602 quad
1173 1519 1320 1582 aLatinis
1374 1526 1588 1590 illustrandam
1611 1531 1825 1592 tantummodo
1839 1532 1973 1609 priorem
1995 1539 2116 1610 partem

348 1585 442 1684 budh?
457 1585 560 1686 {adlidi}
581 1623 736 1684 Eactreato
762 1619 872 1684 Ursatio
895 1618 1019 1693 dicitur,
1032 1619 1139 1679 eodem
1161 1615 1251 1694 plane
1266 1630 1320 1675 na·
1374 1619 1502 1683 huiusce
1525 1623 1608 1683 tertii
1624 1623 1744 1697 Manili,
1757 1625 1814 1686 boc
1829 1625 2018 1700 adiiciamus
2034 1623 2116 1703 qnod

348 1692 496 1802 ἓῆῗξξῖῗω
515 1694 559 1740 ‘¹⁰'
578 1715 663 1778 mine
678 1732 693 1776 a
708 1711 1025 1790 Graecisappellatum
1041 1709 1198 1786 legiturin
1211 1707 1319 1771 Gonci-
1373 1728 1471 1790 quum
1492 1725 1524 1774 et
1545 1714 1618 1775 olim
1640 1715 1698 1777 sub
1724 1716 1848 1778 Urbano
1877 1715 1951 1778 Vlll.
1975 1723 2006 1778 et
2027 1731 2118 1794 supe·

577 1808 619 1870 lio
634 1807 771 1885 generali
791 1805 992 1883 Lugdunensi
1007 1803 1320 1879 secundo,en0rien·
1374 1805 1506 1867 rioribus
1527 1808 1724 1884 pontificatus
1745 1810 1843 1871 nostri
1864 1811 1952 1872 annis
1966 1809 2118 1888 discepta-

577 1902 616 1964 tis
637 1913 667 1964 et
688 1900 859 1964 Occidentis
887 1898 1076 1978 praesulibus
1107 1907 1209 1962 coacto
1237 1916 1318 1962 anno
1374 1906 1440 1960 turn
1468 1899 1520 1962 diu
1548 1899 1654 1976 luerit,
1683 1919 1759 1964 ana
1788 1917 1897 1980 graeco
1925 1905 2118 1982 Euclaologio

529 2045 531 2050 .
577 1995 701 2058 Domini
722 2009 896 2068 uacasse,
919 1992 1006 2055 cuius
1027 1994 1100 2054 Acta
1121 1991 1271 2068 leguntur
1285 1992 1317 2053 in
1373 1992 1502 2054 delenda
1534 2001 1636 2056 essent
1667 1998 1815 2073 quaedam
1845 1997 1948 2074 rerba,
1970 2014 2049 2077 quae
2071 1998 2120 2058 in·

577 2087 759 2156 collectione
790 2086 950 2160 llarduini,
977 2090 1051 2146 tam.
1080 2082 1111 2156 7,
1139 2100 1211 2162 666.
1235 2085 1317 2155 695,
1373 2102 1470 2150 nuere
1486 2087 1645 2162 videntur,
1661 2088 1781 2151 licitum
1797 2091 2118 2154 essehocsacramen-

577 2197 673 2260 quum
695 2179 811 2242 scilicet
832 2179 934 2240 Latini
963 2177 1056 2240 simul
1078 2184 1111 2240 et
1131 2176 1236 2239 Graeci
1258 2177 1319 2238 lar·
1374 2185 1442 2241 tum
1463 2179 1557 2241 etiam
1579 2179 1844 2244 benevalentibus
1866 2184 2059 2260 ministrare;
2085 2183 2117 2244 in

577 2274 679 2335 mulae
701 2273 770 2335 fidei
792 2271 1007 2335 communibus
1028 2270 1192 2332 sententiis
1213 2269 1320 2348 proba·
1373 2288 1516 2334 consessu
1544 2273 1648 2335 babila
1670 2274 1721 2336 die
1743 2291 1790 2336 ιιι.
1823 2273 2007 2352 septembris
2034 2277 2118 2338 corti

578 2375 625 2429 tae
638 2366 896 2442 subscripserunt.
923 2363 1039 2426 tticitur
1059 2363 1153 2425 etlam
1168 2380 1183 2423 a
1199 2362 1318 2424 Graecis
1373 2379 1559 2427 nnuuxcvn.
1576 2365 1741 2428 delinitum
1756 2367 1827 2442 luit,
1843 2367 2016 2446 deindeque
2030 2387 2045 2430 a
2062 2387 2120 2432 no-

575 2467 802 2522 sacramentum
824 2457 899 2531 boc,
921 2456 1032 2520 61666
1053 2464 1265 2518 consecratum
1287 2464 1318 2517 et
1373 2457 1418 2518 bis
1440 2457 1618 2536 probatum,
1642 2466 1677 2520 nt
1698 2459 1777 2520 nilril
1799 2459 1830 2521 in
1858 2468 1946 2522 textu
1968 2461 2117 2524 immuta-

576 2553 796 2616 sanctilicatam
826 2549 966 2628 precibus
994 2547 1198 2622 sacerdotum,
1227 2555 1319 2627 atque
1373 2557 1477 2627 retur3
1499 2551 1550 2612 scd
1566 2567 1645 2630 quae
1666 2552 1835 2614 necessario
1849 2554 1997 2614 servanda
2013 2563 2116 2630 erant,
2365 2565 2366 2602 l

575 2646 789 2726 perlectio'seu
804 2642 1028 2706 consummatio
1048 2643 1230 2704 sacramenti
1245 2642 1318 2703 Poe·
1372 2645 1596 2706 adnotarentur
1618 2645 1649 2704 in
1681 2644 1810 2720 Manito,
1832 2647 1911 2724 quod
1942 2646 2032 2708 initio
2053 2647 2119 2710 En·

576 2739 737 2801 nitentiae.
760 2736 795 2799 ln
819 2735 1007 2812 Enchologio
1029 2734 1128 2797 Goarii
1150 2752 1220 2814 pop.
1237 2734 1314 2804 346,
1372 2737 1503 2813 ahalogii
1519 2744 1776 2816 praeponeretur;
1799 2739 1828 2800 id
1844 2741 1923 2816 quod
1938 2746 1984 2801 est
1999 2739 2117 2804 lactum

576 2847 664 2894 pam.
681 2829 739 2903 42,
756 2836 785 2892 et
800 2845 872 2909 666.
889 2826 963 2900 349,
982 2841 1071 2890 666.
1089 2829 1121 2899 1,
1137 2829 1317 2890 nominatur
1371 2845 1426 2908 per
1439 2831 1530 2890 rerba
1541 2831 1683 2908 superius
1694 2831 2117 2910 exscriptamonendograe-

577 2923 791 2988 Eoolaelocort:
819 2923 961 3002 idemque
988 2937 1105 2983 nomen
1126 2937 1141 2980 a
1163 2921 1317 3000 scriptori·
1372 2939 1421 2984 cos
1441 2925 1622 2998 sacerdotes,
1639 2938 1679 2984 ne
1699 2932 1927 2986 sacramentum
1949 2925 2117 2986 Extremae

576 3019 632 3082 bus
652 3017 802 3096 sequioris
823 3015 889 3078 aovi
914 3022 1096 3092 usurpatum
1118 3014 1248 3088 legitur,
1271 3012 1317 3075 uti
1372 3016 1533 3078 Unctionis
1553 3015 1733 3080 ministrent
1755 3016 1834 3078 bene
1855 3017 2040 3093 valentibus
2060 3017 2116 3080 sed
2365 3073 2366 3110 ,

576 3113 682 3174 videre
712 3115 757 3172 est
785 3108 864 3189 apud
896 3106 1064 3184 Georgium
1096 3107 1317 3185 Pacbymerem
1371 3110 1577 3172 iisdumtaxat
1587 3109 1640 3186 qui
1655 3109 1741 3185 gravi
1754 3109 1861 3170 morbo
1876 3109 2024 3172 laborant.
2040 3111 2117 3172 Por·-
2365 3125 2366 3202 l

577 3201 631 3268 tab.
655 3207 677 3266 6
699 3203 822 3266 Hister.
845 3201 998 3272 Polemi„
1015 3215 1083 3278 666.
1102 3200 1157 3271 32,
1181 3201 1318 3262 ubiPos-
1370 3219 1406 3264 ro
1427 3201 1505 3264 nibil
1526 3217 1652 3264 necesse
1673 3201 1776 3264 visum
1797 3212 1843 3264 est
1867 3203 2046 3280 Eueholagii
2070 3211 2116 3266 te-
2148 3226 2305 3288 rusasnarps
2365 3215 2366 3276 i

575 3298 662 3359 sinus
683 3295 765 3357 idem
789 3311 912 3374 qnoque
936 3294 1066 3369 notarit,
1091 3291 1144 3356 tab.
1169 3295 1187 3354 1
1217 3294 1315 3366 ctos„
1372 3304 1460 3358 ntum
1486 3295 1535 3357 hic
1559 3302 1697 3371 mutare;
1725 3303 1886 3374 propterea
1907 3295 2005 3373 quod,
2028 3296 2114 3360 illius
2133 3281 2309 3379 fflffi'ffiffll',
2365 3305 2366 3330 ³

575 3403 647 3469 666.
674 3387 748 3460 386,
773 3385 852 3464 6666
873 3384 1047 3448 Gabrielem
1069 3385 1316 3465 Philadelphium
1371 3389 1473 3451 verbis
1494 3389 1699 3466 undequaque
1714 3388 1881 3465 perpensis,
1898 3389 2048 3468 apparuit,
2066 3405 2116 3451 re·
2133 3369 2251 3484 gptagseia
2276 3391 2310 3432 'r

576 3481 612 3544 de
636 3481 840 3544 Sacramenta
863 3476 1047 3549 Euclteloet',
1073 3482 1104 3539 et
1127 3486 1200 3539 tarn.
1225 3481 1316 3542 Acta·
1370 3490 1455 3544 ctum
1477 3481 1536 3542 illis
1556 3495 1682 3542 sensum
1697 3495 1863 3558 sanamque
1884 3481 2114 3560 interpretatio·
2192 3475 2197 3484 '

576 3591 649 3638 ram
665 3573 822 3636 Ecclesiae
839 3570 1027 3644 0666666666,
1041 3585 1113 3651 666.
1130 3571 1205 3631 338.
1229 3572 1316 3634 Prae
1371 3591 1444 3637 nem
1467 3573 1561 3637 tribui
1582 3588 1679 3650 posse.
1702 3571 1809 3651 Neque
1830 3573 1916 3635 enim
1930 3574 1973 3636 ibi
1987 3575 2114 3652 dicitnr,

576 3677 658 3730 terea
679 3664 999 3744 nonnunquam,licet
1019 3665 1199 3739 nereidem
1220 3681 1316 3728 sacra·
1371 3676 1404 3732 ut
1426 3677 1653 3730 sacramentum
1679 3666 1876 3730 ministretur
1897 3667 1934 3729 iis
1959 3669 2012 3747 qui
2033 3669 2116 3732 6666

576 3768 718 3824 mentum
739 3778 754 3821 a
776 3759 897 3822 Graecis
918 3766 1133 3836 nuncupatum
1155 3760 1316 3822 invenitur
1371 3763 1487 3837 valent,
1509 3776 1565 3822 scu
1587 3765 1622 3822 ut
1642 3760 1664 3821 ii
1686 3777 1809 3838 quoque
1830 3761 2035 3838 inungantur,
2057 3765 2113 3840 qui

576 3853 848 3934 Heptcpapodcm,
866 3853 1126 3932 quemadmodum
1147 3852 1263 3929 legitur
1283 3855 1315 3916 in
1370 3857 1406 3919 ad
1431 3855 1590 3917 ecclesiam
1610 3869 1643 3916 se
1670 3853 1855 3932 conserunt,
1877 3854 1906 3916 id
1934 3857 2014 3933 quod
2044 3873 2114 3935 per·

575 3947 697 4028 Synodo
712 3945 1047 4024 constantinopolitana
1064 3945 1123 4007 sub
1143 3946 1316 4010 Patriarcha
1370 3947 1530 4010 commode
1549 3946 1686 4023 intelligi
1698 3952 1798 4024 potest
1818 3948 1855 4009 de
1877 3948 1913 4010 iis
1928 3949 2033 4025 etiam,
2046 3951 2113 4028 qui,

575 4044 689 4106 Ioanne
702 4041 797 4102 llecco
813 4039 914 4101 habita
928 4055 977 4101 66.
992 4039 1115 4101 Domini
1127 4055 1312 4102 nccsnxvrr.
1370 4041 1440 4104 licet
1461 4041 1547 4117 gravi
1562 4039 1669 4101 morbo
1683 4038 1794 4114 allecti,
1807 4049 1935 4118 possunt
1955 4042 2116 4104 nibilomi-

576 4135 610 4197 a'ra
626 4131 714 4196 dictd
728 4132 917 4196 Collectioac
931 4132 1109 4206 Hardoa'oa',
1123 4136 1146 4193 t.
1160 4131 1191 4205 7,
1203 4149 1233 4212 p.
1247 4131 1317 4195 758
1370 4150 1428 4196 nus
1449 4133 1486 4196 ad
1508 4131 1665 4194 ecclesiam
1677 4131 1726 4192 vel
1741 4132 1868 4210 pedibus
1879 4133 1942 4194 suis
1956 4136 2114 4211 accedere,

575 4229 613 4302 B,
637 4228 689 4290 ubi
710 4227 794 4289 idem
822 4225 1005 4301 patriarcha,
1027 4226 1217 4304 amplectens
1245 4244 1316 4290 con·
1370 4227 1420 4288 vel
1448 4226 1578 4287 aliorum
1608 4239 1666 4303 ape
1686 4224 1816 4286 delerri:
1847 4225 1963 4305 ibique,
1986 4235 2020 4290 ut
2042 4245 2115 4308 pro-

574 4323 739 4384 fessionem
753 4320 824 4382 srdei
839 4319 872 4381 in
886 4318 1089 4396 Lugdunensi
1107 4319 1243 4383 doncllto
1256 4329 1314 4384 sta·
1370 4321 1453 4399 priae
1480 4318 1637 4382 devotioni
1664 4319 1760 4394 magis
1780 4318 1980 4396 satisfaciant,
2004 4321 2114 4410 Extre3

575 4421 685 4489 tutam,
708 4415 749 4474 ita
769 4413 806 4476 ad
826 4411 1001 4476 Romanum
1027 4413 1208 4474 Pontificem
1230 4415 1315 4476 laan-
1369 4427 1436 4474 666
1448 4412 1608 4474 tinctionis
1625 4419 1853 4472 sacramentum
1867 4411 1926 4472 sibi
1941 4413 2114 4476 ministrari

574 4525 647 4572 nem
668 4507 751 4583 XX,
779 4507 898 4569 dictum
923 4505 1019 4582 xxi,
1046 4506 1166 4568 scribit:
1198 4507 1314 4570 6666·
1369 4505 1542 4583 postulant,
1563 4506 1735 4566 cuiusmodi
1749 4504 1890 4582 exempla
1912 4506 1943 4566 in
1959 4505 2021 4586 ipsd
2035 4523 2112 4584 quo-

573 4618 657 4666 mom
683 4601 864 4664 66666666
886 4601 983 4662 etium
1006 4599 1177 4677 recipimus
1198 4601 1314 4666 simili·
1368 4615 1429 4679 que
1450 4598 1634 4662 Occidentali
1661 4596 1794 4660 Ecclesia
1822 4611 1885 4660 non
1912 4598 2042 4675 desunt,
2064 4601 2111 4664 uti

574 4706 624 4760 ter
646 4711 717 4760 cum
738 4692 815 4758 alita
835 4692 1058 4765 6666666666,
1081 4707 1159 4772 qaae
1181 4702 1210 4756 et
1226 4711 1245 4758 6
1261 4712 1314 4758 66-
1369 4693 1474 4755 videre
1496 4692 1567 4754 licet
1587 4693 1664 4772 apud
1679 4689 1828 4766 blartene,
1844 4691 1879 4754 de
1893 4693 2037 4772 antiquis
2052 4695 2111 4757 Ec·

573 4787 619 4855 dis
641 4786 798 4854 celebrato
819 4787 1082 4868 depropopodom
1110 4787 1312 4863 comisator,
1370 4785 1481 4849 clasiae
1502 4783 1634 4858 ritibus,
1657 4783 1713 4849 lib.
1729 4783 1762 4856 2,
1780 4799 1847 4862 666.
1865 4784 1900 4858 7,
1916 4793 1981 4849 ort.
1994 4785 2028 4860 2,
2041 4788 2109 4850 67

572 4886 650 4948 idest
661 4883 796 4946 cilicium
810 4891 928 4962 septem
941 4879 1212 4957 sacerdotum,hoc
1226 4883 1314 4964 quip·
1367 4885 1399 4942 et
1421 4883 1456 4952 8,
1469 4889 1499 4944 et
1514 4895 1607 4959 penes
1628 4879 1838 4942 itabillonium
1860 4879 1896 4941 s'a
1908 4882 2111 4961 praefatione

572 4995 610 5060 66
631 4979 723 5042 6666
743 4995 757 5039 6
779 4974 900 5040 Graecis
921 4983 1147 5038 sacramentum
1162 4975 1239 5040 illud
1255 4979 1314 5039 nri·
1368 4971 1584 5036 adsaecutam
1595 4971 1748 5049 primum,
1765 4972 1900 5036 666666
1918 4972 2108 5037 Sanctarum

572 5075 731 5136 nistratur.
1366 5065 1495 5128 Orda'rta's
1517 5063 1762 5141 Beascds'cts'ac',§
1783 5062 1813 5140 9,
1837 5081 1925 5128 oum.
1946 5065 2024 5130 161.
2365 5129 2366 5142 ,

375 5195 504 5247 mun,
522 5199 553 5266 d,
612 5164 699 5244 §td
723 5163 784 5269 Nos¹
814 5165 861 5268 bic
888 5162 967 5268 nibil
998 5164 1135 5269 dicemus
1162 5165 1312 5229 detrudas
1406 5159 1496 5236 547.
1521 5160 1720 5265 Gobaerentia
1740 5171 1814 5222 sunt
1835 5177 1905 5223 cum
1928 5163 1983 5224 bac
2010 5162 2109 5242 prima
2163 5190 2263 5238 suasae.
2279 5197 2311 5232 a·
2365 5147 2366 5170 i

343 5249 499 5301 consueram.
510 5255 554 5301 ⁸¹¹·
571 5261 754 5322 sacramenti
775 5267 1000 5322 institutionaa
1017 5257 1137 5321 Gbrrsto
1158 5257 1246 5335 iacta,
1260 5267 1313 5322 aut
1367 5267 1451 5335 parte
1465 5262 1546 5317 tertu
1558 5253 1665 5316 61666
1678 5254 1739 5316 666
1750 5253 1823 5316 6666
1834 5271 1912 5335 quae
1923 5257 2108 5320 advertenda
2126 5256 2176 5304 ⁹³¹
2206 5249 2311 5292 ⁰¹l¹⁰¹¹²²⁶

341 5306 499 5410 giam*
518 5309 554 5355 Μ’
572 5355 609 5418 66
630 5353 714 5417 illius
733 5352 863 5430 ellectu3
886 5351 963 5415 nibil
984 5352 1022 5415 de
1043 5352 1163 5430 legibus
1184 5353 1262 5417 circa
1276 5354 1313 5416 il·
1366 5349 1719 5428 subrisimusl’rimum,
1735 5353 1816 5429 quod
1831 5351 1971 5429 quamvis
1985 5349 2107 5415 Graecis
2125 5297 2311 5409 sslffif'flgsssslffg,

573 5449 631 5512 lius
652 5449 914 5512 ministrationem
941 5446 1111 5523 servandis,
1133 5456 1167 5510 ut
1197 5449 1312 5512 scilicet
1366 5443 1479 5506 diserto
1501 5445 1635 5507 vetitum
1649 5445 1744 5507 luerit
1768 5443 1933 5506 Extremae
1947 5443 2108 5507 Unctionis
2125 5411 2257 5466 agrotans.

570 5544 642 5605 salis
663 5542 804 5606 lidelibus
826 5543 964 5619 graviter·
985 5543 1224 5619 aegrotantibus,
1247 5559 1311 5605 nan
1365 5546 1592 5600 sacramentum
1617 5540 1684 5600 aliis
1709 5538 1861 5614 conferre,
1891 5548 2107 5620 praeterquam

570 5645 673 5700 autem
702 5638 782 5699 bene
807 5653 840 5698 se
872 5635 1071 5712 habentibus,
1098 5636 1309 5713 ministretur,
1365 5634 1499 5710 aegrotis
1521 5643 1552 5696 et
1572 5635 1698 5712 quidem
1713 5636 1798 5710 gravi
1819 5635 1927 5696 morbo
1943 5635 2107 5698 laboranti·

571 5747 673 5810 neque
695 5731 1232 5810 66666666666666666666166,
1249 5748 1310 5810 quo
1366 5727 1437 5805 bus3
1460 5729 1568 5790 iisdem
1590 5728 1792 5792 nibilominus
1817 5729 2019 5792 interdictum
2041 5747 2105 5794 non

570 5841 662 5902 aegea·
684 5826 744 5886 iam
769 5839 841 5888 suae
868 5825 981 5887 mentis
1008 5839 1131 5904 compos
1163 5840 1226 5886 non
1247 5833 1310 5905 est;
1364 5836 1423 5902 est,
1446 5829 1612 5906 quominus
1633 5825 1700 5888 oleo
1722 5825 1878 5904 lampadis,
1901 5828 1984 5904 quod
2005 5829 2041 5891 ad
2061 5847 2105 5892 sa·
2202 5855 2206 5894 ι

571 5921 650 5982 nihil
671 5931 827 6002 praeterea
852 5921 890 5982 de
911 5921 1095 5998 quibusdam
1121 5921 1233 5982 ritibus
1256 5921 1311 5982 Ec·
1365 5923 1479 5984 nandas
1501 5921 1697 5984 inllrmitutes
1718 5921 1751 5983 in
1775 5921 1900 5983 ecclesia
1920 5933 2104 6004 asservatur,
