4798 6978
306 535 311 546 -
340 505 395 561 nn.
410 511 439 560 o.
461 501 530 559 saar
579 498 639 567 obi
751 483 753 488 ’

359 3935 469 3984 'tollitur
483 3935 559 3982 aliter

348 3989 559 4101 iiiissssiadrimq'fl}
577 4019 706 4093 censeri,
727 4025 819 4096 atque
842 4017 881 4078 ita
902 4033 956 4098 per
971 4031 1182 4094 quoscumque
1204 4015 1320 4078 iudices

349 4097 464 4146 facultas.

366 4967 566 5034 berogaliocon·

356 5030 497 5070 tractorum.

560 643 746 719 nistrarunt,
768 642 805 704 de
827 639 1005 706 huiusmodi
1033 641 1233 705 tribunalium
1256 641 1304 702 in·

1078 519 1144 568 littt-
1167 519 1257 568 PON'l'.
1282 517 1323 566 DE
1344 521 1374 566 P·
1398 517 1427 568 p,
1451 521 1533 570 PARS
1554 521 1575 570 l.

1360 641 1505 704 omnibus
1526 649 1556 704 et
1574 641 1718 719 singulis,
1734 642 1876 706 etiamad
1891 643 2101 722 praesentium

561 738 721 814 dulgentia
735 736 808 798 satis
828 737 962 812 edoctos,
975 737 1025 797 rix
1043 751 1192 819 umquam
1213 734 1303 795 omit·
1360 733 1523 798 literarum
1544 745 1721 800 nostrarum
1736 737 1893 812 ellectum,
1910 736 2024 800 iterum
2040 740 2103 818 ple-

561 842 639 908 tere,
661 833 738 910 quin
758 831 862 892 statim
885 839 976 908 atque
997 829 1169 892 carceribus
1187 827 1304 891 detenti

561 933 592 989 et
606 940 709 988 coram
725 923 825 986 iudice
839 924 997 986 constituti
1012 923 1141 998 luerint,
1156 921 1304 984 delictum

560 1036 652 1082 suum
675 1019 789 1081 diserte
811 1017 1029 1092 confiteantur,
1053 1017 1088 1077 ad
1110 1019 1168 1078 boe
1189 1021 1224 1076 ut
1246 1021 1306 1076 tra-

561 1113 710 1176 ditionem
727 1111 794 1172 loro
808 1110 965 1185 saeculari,
982 1117 1222 1187 extremumque
1236 1123 1306 1186 snp-

1362 828 1489 890 nissime
1511 829 1711 906 derogamus,
1743 831 1915 909 ceterisque
1942 833 2103 896 contrariis

1362 921 1619 999 quibuscumque.

1402 1014 1421 1089 g
1441 1013 1470 1074 9.
1495 1012 1579 1075 Nulli
1595 1030 1670 1092 ergo
1684 1016 1849 1079 hominum
1864 1017 2106 1098 liceatpaginam
2156 1027 2243 1077 mietio
2254 1046 2294 1090 re-

1362 1107 1441 1170 bane
1455 1115 1635 1170 nostrorum
1650 1111 1858 1185 decretorum,
1873 1121 2062 1176 statutorum
2077 1123 2107 1178 et
2124 1081 2193 1126 ⁰²¹¹*

562 1208 688 1287 plicium
700 1205 811 1268 exinde
826 1221 1016 1284 consequens
1031 1204 1177 1280 evadant3
1194 1217 1306 1282 quum·
1362 1201 1599 1278 derogationum
1625 1203 1808 1280 intringere,
1824 1205 1874 1268 vel
1901 1207 1929 1268 ei
1958 1223 2035 1270 ausu
2064 1219 2109 1272 te·

562 1318 623 1381 que
649 1302 706 1364 bac
726 1302 847 1363 ratione
868 1301 966 1379 reipsa
989 1299 1123 1372 eveniat,
1137 1304 1171 1360 ut
1192 1297 1245 1359 vix
1261 1296 1307 1359 ul-

563 1395 611 1457 lus
625 1395 665 1457 sit
679 1411 718 1456 ex
733 1393 909 1470 huiusmodi
924 1393 1065 1454 criminis
1086 1392 1158 1466 reis,
1174 1385 1307 1470 quimo-

563 1489 755 1551 derationem
776 1503 892 1566 poenae
913 1487 945 1548 in
958 1485 1099 1564 praelatis
1114 1483 1309 1547 constitutio·

564 1583 657 1652 nibus,
671 1588 801 1643 statutae
814 1597 876 1643 non
890 1581 1038 1655 obtineat,
1050 1595 1149 1658 eoque
1160 1577 1309 1639 beneficio

564 1674 697 1750 truatur,
715 1683 759 1750 ut,
776 1689 873 1753 quum
887 1673 1035 1736 saeculari
1056 1672 1135 1748 loro,
1151 1681 1308 1748 tamquam

566 1769 687 1847 capitali
717 1767 828 1830 iudicio
854 1768 1015 1830 damnatus
1037 1772 1068 1828 et
1095 1763 1205 1827 mortis
1226 1779 1309 1837 reus,

567 1861 734 1925 tradendus
755 1859 873 1935 inisset,
901 1871 1050 1940 perpetuo
1071 1860 1175 1938 potins
1196 1855 1310 1920 carceri

567 1963 620 2017 aut
642 1954 821 2018 triremibus
842 1953 1050 2033 mancipetur;

339 2053 551 2166 pmffilnuffl
608 2047 676 2124 §ti
701 2048 814 2110 idcirco
836 2063 893 2109 nos
913 2047 1117 2125 perniciosam
1133 2043 1311 2106 huiusmodi

339 2175 395 2210 rum
426 2168 551 2226 pampus
569 2141 688 2220 praxim
709 2139 747 2204 de
767 2142 869 2203 medio
885 2141 994 2203 tollere
1008 2141 1113 2215 eoacti,
1135 2146 1222 2202 motu
1244 2153 1314 2216 pro-

338 2216 552 2332 scissitans

339 2325 480 2425 tillium
508 2333 551 2367 '⁰'

569 2237 648 2313 prio,
670 2243 702 2298 et
723 2251 761 2297 ex
782 2242 865 2298 certa
885 2235 1011 2297 scientia
1027 2251 1060 2296 ac
1074 2235 1111 2296 de
1131 2232 1313 2311 apostolieae

568 2333 726 2413 potestatis
756 2329 962 2410 plenitudine,
992 2345 1046 2408 per
1070 2328 1150 2390 banc
1175 2335 1313 2390 nostram

568 2435 718 2507 perpetuo
739 2425 904 2487 valituram
929 2423 1184 2485 constitutionem
1210 2423 1314 2484 decer·

569 2523 675 2584 nimus
703 2529 793 2600 atque
821 2521 997 2594 statuimur,
1021 2520 1052 2582 in
1074 2529 1246 2598 posterum,
1268 2518 1314 2579 vi·

570 2615 681 2677 delicet
701 2621 769 2694 post
784 2623 846 2675 tres
862 2628 984 2675 menses
995 2629 1010 2672 a
1023 2614 1090 2675 data
1102 2613 1313 2690 praesentium

570 2708 731 2770 literarum
753 2708 985 2785 computandos,
1009 2705 1088 2768 rrulli
1110 2706 1313 2784 ampliusele·

570 2801 632 2861 rico
650 2801 715 2863 sive
733 2799 808 2860 laico
828 2799 991 2877 saepedicti
1012 2798 1151 2860 criminis
1172 2814 1225 2860 reo
1245 2813 1315 2876 pro·

571 2895 700 2957 meritae
721 2909 837 2973 poenae
861 2893 1103 2955 minorationem
1125 2892 1221 2954 ullam
1243 2907 1316 2953 con·

571 2991 638 3052 cedi
660 2989 783 3062 debere,
809 2987 873 3048 sive
896 3001 993 3066 posse,
1016 2987 1135 3049 intuitu
1156 2995 1315 3066 promptae

572 3089 756 3164 apertaeque
766 3079 978 3157 confessionis,
987 3098 1047 3161 qna
1058 3081 1208 3143 delictum
1222 3094 1315 3142 suum

575 3177 605 3238 in
627 3176 866 3239 circumstantiis
877 3177 1019 3254 superius
1033 3176 1207 3238 enuntiatis
1223 3173 1315 3236 iudici

572 3270 667 3333 lassus
687 3269 797 3346 luerit3
819 3268 884 3344 sed,
898 3283 933 3329 ea
948 3285 1013 3331 non
1034 3271 1185 3344 obstante,
1208 3283 1316 3330 omnes

573 3371 604 3425 et
618 3363 758 3440 singulos
773 3363 805 3423 in
817 3363 1072 3440 praecedentibus
1087 3358 1318 3424 constitutioni-

572 3457 630 3519 bus
651 3457 707 3519 bac
728 3458 820 3518 dere
841 3455 931 3517 editis
952 3455 1204 3533 comprehensos,
1233 3471 1248 3514 a
1271 3453 1317 3514 iu-

574 3551 640 3614 dice
661 3559 867 3630 competente,
884 3550 916 3612 in
933 3550 1050 3612 casibus
1065 3550 1178 3612 ibidem
1195 3565 1318 3628 expres-

574 3645 626 3720 sis,
649 3645 770 3724 praevia
792 3644 884 3706 etiam
907 3645 1141 3720 degradatione,
1165 3653 1318 3723 quatenus

575 3757 652 3820 opus
681 3739 735 3814 sit,
765 3739 928 3800 tradendos
955 3738 1083 3800 omnino
1108 3736 1173 3799 tore
1195 3746 1225 3801 et
1253 3753 1319 3800 esse

574 3832 699 3896 brachio
713 3830 870 3906 saeculari,
886 3831 1006 3909 capitali
1019 3846 1118 3909 poena
1132 3831 1316 3908 puniendos.

616 3928 635 4002 ἓ
656 3925 684 3988 7.
709 3923 821 4002 Sioque
844 3931 875 3984 et
890 3939 953 3985 non
977 3923 1067 3985 aliter
1088 3923 1120 3985 in
1146 3923 1319 4002 praemissis

575 4111 747 4176 ordinarios
760 4119 792 4172 et
806 4111 972 4186 delegatos,
986 4109 1082 4171 etiam
1097 4109 1128 4172 S.
1146 4110 1181 4171 ll.
1197 4109 1230 4170 Ε.
1250 4111 1321 4172 Gar-

577 4206 706 4280 dinales,
729 4210 911 4281 nostrosque
936 4213 967 4266 et
988 4204 1092 4282 Apost.
1117 4203 1203 4266 Sedis
1227 4204 1320 4266 etiam

578 4303 615 4364 de
636 4299 733 4361 latere
753 4298 880 4374 legatos,
902 4315 955 4360 seu
979 4296 1124 4371 Nuntios,
1147 4305 1178 4358 et
1200 4298 1231 4358 in
1253 4298 1321 4376 qui·

577 4395 769 4471 bustumque
795 4391 1002 4452 tribunalibus
1022 4398 1053 4451 et
1083 4391 1204 4465 ciliciis,
1227 4391 1321 4453 eliam

579 4486 718 4564 specifica
740 4485 899 4546 mentione
920 4483 1033 4560 dignis,
1055 4483 1172 4546 sublata
1194 4484 1321 4546 cuilibet

581 4579 670 4640 aliter
691 4577 843 4639 iudicandi
866 4585 896 4638 et
918 4576 1144 4654 interpretandi
1167 4577 1321 4653 laenitate,

581 4669 855 4746 iudicari,desmiri
867 4677 897 4732 et
912 4676 979 4749 post
990 4670 1109 4748 lapsum
1126 4672 1220 4733 trium
1237 4687 1324 4733 men-

581 4766 675 4840 sium,
692 4773 843 4842 utsupra,
857 4763 890 4824 ad
905 4765 1118 4825 executionem
1133 4772 1163 4826 et
1179 4765 1323 4827 ellectum

582 4860 710 4922 omnino
732 4857 858 4937 perduci
878 4857 999 4920 debere.

622 4954 641 5028 5
662 4951 691 5013 B.
715 4945 788 5013 Non
804 4952 999 5015 obstantibus
1019 4953 1179 5014 contrariis
1199 4954 1324 5032 quibus·

583 5048 630 5110 uis
652 5046 846 5124 generalibus
861 5045 911 5106 vel
932 5045 1110 5124 specialibus
1131 5049 1325 5110 constitutio·

584 5141 687 5218 nibus,
710 5139 954 5202 ordinationibus
969 5147 999 5201 et
1020 5141 1165 5218 decretis;
1189 5156 1324 5204 necnon

583 5234 736 5296 dictorum
760 5232 964 5294 tribunalium
985 5242 1016 5294 et
1032 5233 1203 5296 officiorum
1226 5237 1324 5313 praxi,

583 5328 674 5406 stylo,
695 5328 829 5401 statutio,
853 5326 958 5389 usibus
979 5337 1010 5388 et
1030 5329 1324 5403 consuetudinibus,

584 5424 676 5483 etiam
700 5419 1010 5496 immemorabilibus3
1034 5436 1236 5499 personarum
1251 5439 1327 5500 quo-

585 5531 657 5593 que,
670 5513 808 5578 locorum
823 5523 854 5577 ct
864 5515 1021 5588 ordinum,
1034 5515 1325 5590 congregationum,

585 5607 778 5679 societatum,
789 5607 1005 5669 institutorum
1022 5615 1053 5668 et
1070 5607 1254 5670 militiarum
1266 5610 1329 5686 pri·

586 5700 719 5778 vilegiis,
750 5701 1000 5779 exemptionibus
1021 5707 1052 5761 et
1065 5700 1219 5777 indultis,
1249 5717 1328 5779 quae

586 5794 777 5871 supradictae
806 5794 917 5872 prioris
948 5794 1178 5856 constitutionis
1204 5802 1328 5856 nostrae

502 5921 505 5928 ·
587 5884 763 5948 executioni
775 5885 969 5946 decrevimus
981 5901 1044 5946 non
1060 5884 1193 5946 obstare:
1217 5886 1328 5963 quibus

1364 1294 1498 1355 meraris
1519 1295 1683 1358 contraire.
1713 1296 1744 1360 Si
1766 1299 1835 1376 quis
1856 1307 1959 1362 autem
1986 1299 2046 1362 hoc
2065 1309 2109 1363 at

1365 1391 1484 1448 tentare
1507 1390 1758 1468 praesumpserit,
1786 1391 2031 1468 indignationem
2054 1394 2109 1456 liei

1365 1479 1599 1558 omnipotentis,
1623 1499 1657 1544 ae
1679 1483 1839 1545 beatorum
1860 1482 1942 1546 Petri
1965 1497 1995 1548 et
2010 1485 2108 1562 Pauli,

1365 1571 1583 1651 Apostolorum
1604 1575 1682 1650 eius,
1697 1591 1730 1636 se
1751 1577 1875 1638 noverit
1895 1577 2108 1642 incursurum.

1406 1665 1518 1728 Datum
1533 1667 1659 1742 Romae,
1672 1668 1752 1746 apud
1768 1669 1797 1734 S.
1810 1670 1935 1732 llariam
1950 1673 2109 1748 blaiorem,

1366 1775 1449 1820 anuo
1479 1760 1700 1824 incarnationis
1731 1763 1903 1827 dominicae
1930 1781 2109 1842 undenum,

1367 1861 1476 1930 quarto
1499 1869 1595 1915 nonas
1615 1855 1753 1932 augusti,
1786 1857 1982 1934 pontillcatus
2011 1861 2112 1921 nostri

1367 1961 1449 2007 anno
1475 1962 1551 2008 xvir.

1625 2134 1861 2146 -—--—...

1695 2326 1797 2390 CXCI.

1370 2507 1499 2573 Loodot
1514 2511 1682 2573 moooelsos
1699 2515 2006 2582 Graeco-Melebitos
2023 2473 2127 2583 ordi-¹

1410 2603 1461 2664 oio
1484 2605 1515 2666 S.
1540 2603 1659 2667 Basilii
1682 2605 1797 2686 Conpr.
1818 2609 1848 2670 S.
1863 2611 1992 2674 loconis
2005 2613 2117 2690 Bapti-

1410 2697 1537 2758 sloede
1568 2697 1680 2760 Sooiro
1702 2700 1736 2759 io
1764 2700 1871 2777 Sprio,
1897 2705 1978 2781 quod
2004 2706 2114 2768 Goost.

1410 2789 1630 2852 bemandatam
1658 2800 1809 2868 pareant,
1837 2797 1977 2875 poetique
1998 2799 2118 2861 coesti-

1413 2883 1554 2944 tutiooes
1575 2900 1651 2946 suos
1675 2885 1705 2946 S.
1721 2885 1751 2948 S.
1770 2887 1997 2965 approbationi
2011 2889 2117 2954 sobie-

1412 2974 1536 3048 ceriot;
1558 2976 1710 3039 moniales
1726 2979 1761 3041 io
1775 2997 1871 3043 soom
1892 2985 2117 3060 patrocinium

1411 3068 1548 3146 rescipit
1570 3068 1609 3134 ob
1631 3071 1919 3155 ipsis-dirigendos
1940 3083 2000 3138 etc.

1373 3254 1497 3324 llileetis
1519 3257 1592 3325 tiliis
1619 3257 1732 3342 lgoatio
1762 3261 1880 3330 flerbua
1902 3263 2003 3331 abbati
2025 3282 2117 3349 geoa-

1413 3351 1476 3429 rali,
1500 3355 1557 3419 nee¹
1569 3367 1627 3419 ooo
1642 3352 1800 3422 abbatibus
1815 3359 1847 3422 et
1857 3357 2012 3424 monacbis
2024 3357 2119 3426 Gree-

1414 3443 1626 3512 cis-llelcltitis
1642 3446 1753 3514 ordinis
1768 3445 1802 3513 8.
1817 3447 1919 3516 Basilii
1936 3449 1975 3516 tl.
1990 3467 2119 3536 congre-

1414 3539 1544 3622 gationis
1567 3540 1622 3607 sut
1645 3541 1741 3608 insse.
1767 3539 1800 3607 S.
1826 3542 1944 3612 loannis
1960 3543 2118 3629 Baptistae

1415 3632 1450 3700 de
1474 3631 1582 3702 Soaire
1606 3635 1633 3701 io
1658 3633 1751 3720 spira,

1533 3820 1775 3892 attentatus
1805 3824 1872 3906 ΡΡ.1
1889 3825 1959 3893 xlv.

1648 4010 1755 4078 bilecti
1777 4011 1846 4092 litii,

1408 4101 1536 4170 salutem
1558 4109 1591 4171 et
1610 4105 1807 4188 apostolicam
1834 4107 2084 4178 benedictionem.

1417 4293 1485 4356 Non
1502 4311 1663 4374 possumus
1677 4297 1749 4358 satis
1760 4299 1838 4378 aptis
1853 4301 1957 4362 verbis
1968 4302 2123 4380 explicare

1379 4389 1539 4465 ingentem
1551 4387 1699 4452 laetitiam
1710 4407 1779 4468 qua,
1791 4409 1950 4472 supremas
1961 4403 2123 4473 pastorum

1379 4481 1528 4560 Principis
1553 4480 1621 4544 lesu
1650 4483 1764 4546 Christi
1792 4486 1875 4548 vices
1901 4487 1932 4549 in
1959 4489 2050 4551 terris
2071 4506 2123 4567 ge·

1378 4583 1499 4651 rentes,
1528 4576 1611 4638 inter
1640 4579 1818 4653 gravissima
1844 4583 2029 4646 sacrosancti
2053 4599 2124 4663 apo-

1378 4670 1506 4732 stolatus
1527 4688 1615 4732 curas
1629 4678 1660 4732 et
1674 4671 1886 4736 solicitudines
1900 4691 1966 4736 sese
1986 4677 2124 4755 undique

1379 4772 1562 4841 aggerentes
1584 4764 1812 4842 perfundimur,
1825 4783 1896 4828 cum
1918 4769 2060 4831 audimus
2074 4786 2121 4847 ea,

1379 4874 1457 4936 quae
1471 4875 1486 4917 a
1502 4858 1589 4919 nobis
1612 4859 1744 4920 maxima
1765 4876 1834 4922 cum
1857 4861 2064 4938 providentia,
2078 4881 2124 4925 sa·

1380 4951 1472 5013 lutari
1487 4951 1615 5012 consilio
1631 4959 1662 5012 et
1674 4954 1794 5014 matura
1815 4952 2037 5018 deliberatione
2051 4956 2124 5018 alias

1380 5043 1414 5104 ad
1438 5042 1614 5121 regularem
1626 5047 1811 5108 monasticae
1832 5045 2006 5126 disciplinae
2021 5049 2126 5111 obser·

1383 5137 1517 5198 vantiam
1538 5137 1603 5198 sive
1619 5137 1821 5200 inducendam
1835 5141 1902 5205 sive
1912 5143 2124 5219 adaugendam

1381 5238 1555 5308 opportune
1570 5232 1690 5294 decreta
1706 5239 1736 5293 et
1752 5234 1937 5312 praescripta
1959 5245 2046 5312 sunt,
2062 5235 2124 5296 sin-

1381 5325 1449 5388 cera
1469 5340 1541 5386 cum
1562 5325 1738 5387 obedientia
1759 5335 1896 5406 suscepta
1914 5328 2005 5389 alacri
2019 5329 2125 5391 animo

1381 5419 1543 5496 debitaque
1573 5418 1745 5496 apostolicis
1774 5420 2049 5482 constitutionibus
2073 5437 2126 5484 re·

1383 5512 1540 5573 uenatione
1555 5509 1679 5573 sedulae
1696 5511 1873 5574 executioni
1888 5511 1952 5574 dari
1968 5521 1998 5575 et
2010 5515 2142 5576 studio.

1382 5603 1500 5664 sissima
1521 5604 1690 5666 observari.
1722 5605 1890 5683 Eapropter
1916 5607 2126 5684 maximopere

1383 5696 1485 5758 laetati
1510 5713 1618 5759 sumus
1640 5697 1758 5760 dilectis
1785 5698 1857 5759 filiis
1878 5698 1985 5760 abbate
2013 5698 2127 5761 loanne

1383 5789 1503 5852 Naocasi
1525 5798 1554 5850 et
1576 5792 1726 5853 monacho
1742 5791 1858 5853 Thema
1874 5792 2025 5870 Gbeobagi
2047 5794 2127 5854 eius·

1383 5885 1454 5946 dem
1482 5883 1603 5946 Ordinis
1633 5884 1729 5946 vestri
1756 5899 1899 5962 expresse
1927 5885 2069 5963 protessis
2090 5885 2127 5948 ad

2128 504 2176 560 An.
2187 511 2213 563 c.
2231 516 2281 569 liii
