4732 7014
285 541 339 596 Διι.
353 541 382 594 d.
405 541 471 594 1741
525 539 562 602 fss

503 675 599 754 tiquis
620 672 737 750 regulis
765 670 964 748 legibusque,
990 668 1056 729 sire
1077 664 1247 728 obliteratis

1021 547 1085 596 ibn.
1109 547 1200 592 PONT·
1225 547 1265 592 be
1286 548 1314 592 P·
1339 547 1368 592 F·
1392 547 1474 592 PARS
1496 547 1517 590 l.

1305 663 1403 726 tuales
1424 680 1516 742 quam
1539 661 1722 742 temporales
1743 659 1979 739 respicientibus
1993 657 2051 720 sci·

503 770 569 832 sive
591 766 774 840 immutatis,
790 779 888 828 novae
902 762 1021 824 additae
1036 766 1066 824 et
1080 760 1248 840 praescrip·
1304 757 1440 820 scitando
1462 758 1690 820 accuratissime
1711 755 1916 832 investigetis.

505 870 565 926 tae.

545 958 564 1032 ἓ
585 958 614 1020 3.
638 957 739 1033 hique
760 954 834 1016 haec
862 951 990 1030 quidem
1011 951 1049 1013 de
1077 946 1250 1012 seminariis

506 1049 715 1128 collegiisque,
748 1047 922 1125 dequibus
950 1061 1023 1108 cura
1054 1050 1100 1106 est
1130 1049 1174 1104 tot
1204 1041 1251 1101 in-

506 1145 645 1224 signibus
672 1142 759 1218 viris,
782 1140 839 1203 sub
861 1139 933 1218 ipsis
953 1138 1075 1202 Summi
1095 1134 1251 1198 Pontificis

508 1239 619 1304 oculis:
643 1252 721 1316 quae
742 1251 818 1298 vero
839 1233 1027 1296 conficienda
1051 1237 1126 1293 sunt
1147 1230 1184 1292 de
1206 1239 1253 1288 se-

508 1331 647 1396 minariis
668 1315 963 1406 collegiisque'hinc
990 1333 1052 1388 tam
1079 1324 1173 1398 longe
1194 1321 1254 1384 dis·

508 1427 585 1500 sitis,
599 1423 815 1501 unusquisque
826 1420 981 1499 sapienter
992 1416 1155 1496 expendat.
1167 1411 1253 1490 Quod

510 1527 653 1583 nostrum
681 1525 739 1591 est,
761 1515 903 1594 quamvis
925 1529 965 1574 ne
990 1512 1166 1574 dubitamus
1187 1507 1256 1586 qui-

510 1615 592 1689 dem,
609 1612 778 1690 quidquam
795 1609 844 1672 vel
865 1607 1035 1670 minimum
1056 1605 1088 1666 in
1111 1603 1178 1665 iisa
1194 1600 1255 1680 pri-

510 1709 561 1770 ma
581 1705 778 1770 institutione
798 1701 973 1774 decessisse,
997 1708 1111 1773 tamen,
1134 1703 1169 1758 ut
1188 1711 1256 1758 mu·

511 1801 579 1864 neri
612 1805 719 1862 nostro
754 1793 972 1860 satisfacientes
1008 1793 1040 1856 in
1077 1805 1185 1854 earum
1219 1790 1256 1851 de

512 1895 625 1973 quibus
647 1891 794 1954 certiores
816 1888 883 1950 lieri
904 1895 1057 1964 optamus,
1075 1899 1181 1946 rerum
1203 1897 1257 1944 no·

512 1989 613 2051 titiam
638 1985 835 2056 veniremus,
868 1979 1071 2059 pecuniarum
1102 1992 1257 2039 summam

513 2079 679 2160 quotannis
701 2093 740 2138 ex
761 2074 918 2156 pontificio
939 2073 1057 2134 aerario
1080 2071 1112 2131 in
1135 2085 1259 2132 eorum-

514 2177 586 2238 dem
613 2170 854 2236 serninariorum
882 2165 1148 2246 collegiorumque
1175 2177 1257 2225 eom-

513 2267 642 2333 modum
668 2262 892 2340 corrogandam
915 2260 952 2322 ab
977 2259 1065 2320 initio
1093 2257 1258 2319 inhibitam

513 2361 683 2426 voluimus.
715 2356 881 2435 Postquam
915 2354 1012 2430 igitur
1043 2351 1146 2413 omnia
1182 2349 1259 2412 infe·

514 2457 580 2520 rius
604 2450 804 2530 significanda
830 2447 1022 2526 apertissime
1042 2445 1258 2519 constiterint,

515 2546 685 2624 unicuique
710 2557 891 2622 persuasum
917 2555 982 2602 esse
1010 2538 1169 2617 cupimus,
1192 2553 1258 2612 nos,

516 2649 552 2704 ut
579 2637 745 2702 seminaria
770 2643 800 2696 et
830 2633 959 2710 collegia
990 2631 1169 2694 huiusmodi
1197 2645 1261 2692 non

516 2733 607 2798 modo
629 2733 661 2794 in
682 2727 790 2791 eodem
805 2733 1018 2806 permaneant,
1031 2724 1083 2786 sed
1105 2725 1139 2786 in
1154 2723 1262 2786 melio·

515 2843 585 2889 rem
599 2839 724 2906 quoque
734 2829 851 2884 statum
865 2821 1087 2896 adaugeantur,
1103 2817 1190 2878 omni
1206 2831 1262 2896 ope

517 2927 610 2999 atque
631 2915 787 2997 impendio
814 2914 879 2976 fore
905 2911 1150 2986 adlaboraturos‚
1173 2909 1263 2972 dum·

517 3015 608 3077 modo
620 3012 653 3074 in
665 3010 865 3090 praecipuum
878 3004 1263 3081 sacrosanctaeReligionis

517 3105 694 3178 catholicae,
716 3118 772 3182 pro
793 3119 851 3180 qua
873 3099 1037 3180 pecuniam
1057 3113 1198 3173 omnem,
1219 3114 1264 3158 sa-

518 3215 601 3263 cram
622 3197 717 3260 etiam
743 3193 969 3273 supellectilem
991 3200 1022 3253 et
1043 3191 1139 3252 vitam
1166 3191 1263 3270 ipsam

518 3291 706 3372 profundere
738 3287 835 3367 parati
869 3302 995 3359 sumus,
1032 3284 1264 3346 incrementum

519 3400 640 3448 cessura
662 3379 925 3461 prospexerimus.
951 3377 1044 3438 Porro
1067 3377 1158 3438 huius
1185 3376 1265 3437 inhi-

518 3478 600 3542 bitae
621 3475 824 3556 pecuniarum
834 3469 1023 3550 erogationis
1045 3470 1203 3532 occasione
1218 3486 1264 3532 re·

481 3641 482 3646 1
519 3572 679 3644 scivimus,
702 3581 764 3629 non
786 3567 875 3628 aliter
895 3581 963 3630 sese
984 3565 1113 3640 gessisse
1134 3563 1186 3625 fel.
1201 3577 1262 3625 rec.

520 3661 739 3728 innocentium
759 3661 870 3737 Papam
891 3659 929 3724 X·
959 3657 1067 3720 itidem
1088 3657 1266 3734 praedeces·

520 3772 622 3820 sorem
643 3763 804 3830 nostrum;
827 3752 880 3831 qui
895 3751 1100 3830 pecuniarum
1115 3739 1265 3811 eius'modi

521 3849 805 3921 contributionem,
828 3859 930 3922 neque
956 3845 1080 3922 penitus
1107 3841 1268 3904 auferendi

522 3945 627 4015 causa,
659 3943 713 4004 sed
743 3939 873 4004 ulterius
905 3939 997 4000 etiam
1027 3937 1267 3998 seminariorum

521 4037 789 4113 collegiorumque
810 4031 945 4094 rationes
960 4031 1114 4109 quomodo
1129 4045 1196 4091 sese
1217 4029 1269 4089 ha-

522 4131 635 4194 berent
655 4126 836 4207 inquirendi
856 4123 970 4199 studio,
986 4123 1019 4184 in
1041 4122 1125 4184 abud
1143 4128 1269 4200 tempus

523 4223 686 4303 protraxit,
707 4220 807 4283 donec
827 4235 866 4280 ex
888 4218 1035 4294 legitimis
1062 4217 1267 4290 documentis,

524 4333 579 4397 per
600 4315 788 4396 peculiarem
811 4313 907 4376 trium
930 4311 1139 4374 Cardinalium
1153 4310 1190 4371 ab
1204 4310 1269 4388 ipso

524 4413 702 4489 deputatam
724 4405 1006 4483 congregationem
1028 4404 1179 4483 expensis,
1202 4405 1269 4464 doc-

525 4512 587 4578 tus,
609 4503 713 4564 omnia
739 4515 795 4578 pro
818 4499 897 4561 rotis
918 4498 997 4560 bene
1025 4495 1201 4576 procedere,
1225 4496 1270 4556 in-

525 4605 646 4674 tegram
666 4607 822 4657 summam
848 4592 972 4654 restitui
994 4591 1162 4653 mandavit.
1194 4589 1271 4652 llinc

527 4691 689 4752 neminem
710 4703 776 4750 esse
799 4685 1012 4748 existimamus
1026 4686 1079 4762 qui
1095 4699 1159 4746 non
1182 4682 1272 4744 intel·

526 4783 613 4860 ligat,
634 4796 788 4862 quaenam
810 4779 904 4842 fuerit
918 4779 1015 4840 animi
1030 4779 1127 4841 nostri
1148 4786 1273 4840 senten-

528 4879 580 4953 tia,
596 4875 749 4938 nimirum
768 4889 841 4935 vera
862 4889 903 4935 ne
917 4889 956 4934 an
971 4871 1042 4933 falsa
1064 4879 1168 4933 essent
1183 4887 1272 4950 quae-

527 4986 662 5049 cumque
683 4971 721 5032 de
742 4967 907 5047 pontificiis
928 4966 1102 5028 seminariis
1124 4965 1275 5042 collegiis-

529 5081 589 5144 que
609 5065 647 5125 ad
667 5079 722 5124 nos
744 5062 839 5124 relata
861 5061 1002 5123 fuissent.

569 5159 588 5232 5
608 5157 639 5218 d.
661 5155 831 5218 Plurimam
853 5153 950 5232 igitur
965 5155 1002 5216 de
1021 5153 1122 5216 vestra
1142 5154 1274 5230 spectata

531 5251 601 5326 fide,
623 5249 750 5329 pietate,
767 5248 944 5326 prudentia,
975 5246 1133 5322 religionis
1155 5246 1222 5308 zelo
1244 5253 1275 5307 et

530 5343 563 5406 in
578 5342 670 5405 rebus
685 5343 876 5422 Apostolicae
890 5342 983 5403 huius
998 5340 1030 5403 S.
1047 5339 1134 5402 Sedis
1148 5340 1275 5417 agendis

530 5437 713 5502 dexteritate
740 5437 882 5500 fiduciam
904 5436 937 5496 in
963 5435 1094 5496 bomine
1116 5434 1273 5508 babentes,

531 5548 596 5608 vos,
621 5546 714 5592 venn.
739 5531 859 5604 fratres,
883 5532 1054 5602 hortamur,
1070 5535 1104 5588 ut
1126 5528 1230 5588 omnia
1245 5535 1277 5588 et

530 5625 664 5701 singula,
676 5639 754 5704 quae
768 5623 964 5703 pontificium
978 5622 1119 5683 animum
1134 5629 1276 5683 nostrum

532 5718 688 5781 solicitum
710 5726 818 5780 tenent
838 5733 931 5796 super
953 5715 1197 5792 Seminariorum
1217 5715 1277 5777 col-

533 5813 751 5892 legiorumque
773 5812 1005 5891 pontificiorum
1025 5810 1059 5871 in
1074 5811 1277 5887 legationibus

533 5907 647 5971 vestris
667 5907 868 5971 existentium
889 5906 1021 5984 negotiis
1035 5922 1084 5968 res
1107 5915 1169 5967 tam
1190 5906 1279 5986 spiri·

1345 867 1368 913 ι.
1391 851 1531 914 Primum
1553 850 1677 929 quidem
1699 849 1853 924 omnium,
1869 863 1962 926 quam
1984 845 2053 910 dili-

1307 943 1488 1019 gentissime
1520 942 1662 1021 inspicite
1687 941 1901 1004 fundationem
1928 939 2053 1000 institu-

1307 1035 1488 1112 tionemque
1500 1035 1745 1112 uniuscuiusque
1759 1031 1917 1094 seminarii
1929 1039 1982 1093 aut
1992 1029 2054 1092 col-

1308 1128 1394 1204 legii,
1418 1137 1448 1189 et
1469 1143 1507 1188 an
1530 1127 1613 1204 leges
1634 1128 1753 1201 eodem,
1769 1141 1830 1204 quo
1851 1123 2054 1202 praescriptae

1309 1239 1325 1282 a
1345 1221 1496 1300 principio
1518 1220 1657 1295 fuerunt,
1679 1219 1771 1282 modo
1791 1220 1975 1281 serventurl

1351 1330 1385 1376 ιι.
1410 1313 1458 1375 Αιι
1480 1329 1535 1393 per
1558 1321 1739 1392 temporum
1766 1313 1848 1376 uices
1876 1325 1953 1389 quae
1981 1309 2055 1371 alias

1309 1406 1453 1469 salutaria
1474 1408 1537 1468 visa
1558 1424 1590 1469 ac
1612 1415 1774 1486 propterea
1795 1412 1907 1470 statuta
1926 1405 2055 1466 fuerunt

1310 1499 1450 1576 abrogari
1471 1501 1648 1577 contigerit,
1667 1508 1720 1563 aut
1740 1501 1774 1562 in
1795 1499 1968 1577 praesentia
1989 1497 2057 1560 iure

1311 1609 1345 1655 ac
1367 1593 1478 1655 merito
1499 1594 1639 1672 abrogari
1661 1596 1817 1674 oporteati

1353 1704 1401 1748 ιιι.
1425 1689 1472 1749 An
1487 1689 1523 1750 aci
1535 1688 1684 1750 maiorem
1699 1687 1865 1750 utilitatem
1876 1702 1976 1749 nouae
1986 1701 2059 1748 con-

1313 1779 1428 1842 dendae
1449 1780 1512 1842 sint
1532 1780 1636 1858 legesl
1919 1847 1922 1858 ,

1353 1877 1394 1934 iv.
1418 1875 1497 1949 Quot
1518 1876 1581 1936 sint
1602 1874 1721 1938 alumni
1742 1875 1795 1954 qui
1816 1875 1849 1937 in
1870 1889 2059 1953 unoquoque

1314 1967 1479 2029 seminario
1501 1975 1531 2029 et
1552 1969 1682 2045 collegio
1703 1970 1893 2033 educantur

1354 2078 1383 2121 v.
1408 2061 1564 2124 Numerus
1579 2061 1780 2126 alumnorum
1791 2061 1994 2142 praescriptus
2006 2078 2058 2137 ne,

1316 2171 1354 2218 an
1376 2157 1413 2218 ad
1433 2156 1642 2234 superiorum,
1670 2163 1701 2218 et
1728 2171 1873 2234 quorum,
1895 2155 2060 2219 arbitrium

1316 2250 1522 2312 imminuatur
1540 2258 1571 2311 et
1593 2253 1762 2327 augeaturl

1356 2360 1399 2404 vr.
1423 2344 1546 2405 Praeter
1557 2343 1699 2406 alumnos
1715 2345 1747 2406 in
1763 2343 1845 2407 idem
1857 2345 2061 2407 seminarium

1318 2444 1348 2500 et
1379 2436 1544 2513 collegium
1580 2437 1768 2516 recipiantur
1798 2453 1839 2500 ne
1869 2438 2061 2500 convictores

1318 2529 1371 2610 qui
1392 2545 1448 2591 suo
1469 2536 1597 2608 sumptu
1622 2529 1759 2606 alantur3
1783 2539 1814 2592 et
1834 2537 1977 2608 sumptus
1998 2530 2062 2610 ipse

1317 2629 1479 2700 sumptum
1498 2637 1554 2700 pro
1568 2621 1703 2684 alumnis
1717 2622 1962 2701 impendendum
1976 2623 2064 2685 adae-

1318 2721 1416 2795 quett

1359 2830 1414 2876 vu.
1439 2813 1546 2876 Sitne
1567 2813 1724 2876 distinctio
1739 2812 1799 2875 ulla
1821 2813 1965 2876 alumnos
1980 2813 2063 2876 inter

1319 2909 1572 2986 convictoresque
1595 2908 1693 2985 quoad
1715 2907 1839 2969 omnial

1359 3019 1429 3064 νιιι.
1453 3002 1500 3062 hn
1529 2999 1562 3063 in
1594 3000 1791 3062 admittendis
1818 3000 2064 3079 recipiendisque

1320 3095 1454 3160 alumnis
1476 3094 1653 3174 periculum
1664 3101 1695 3156 et
1709 3094 1848 3172 probatio
1870 3101 1938 3156 tum
1954 3093 2064 3156 indolis

1320 3190 1519 3268 ingeniique,
1548 3196 1618 3249 tum
1639 3185 1829 3262 indigentiae
1851 3185 1991 3249 locorum
2012 3203 2065 3266 op·

1320 3283 1538 3362 pinorumque,
1561 3288 1590 3342 et
1613 3279 1752 3358 plurium
1769 3279 2014 3355 candidatorum,
2031 3288 2065 3342 ut

1321 3375 1467 3438 meliores
1488 3373 1672 3449 seligantur,
1685 3388 1863 3448 concursus,
1886 3380 1921 3435 ut
1941 3373 2064 3448 dicitur,

1321 3470 1489 3532 habeaturl

1362 3577 1406 3622 xx.
1427 3567 1487 3635 An,
1510 3577 1581 3623 cum
1597 3561 1748 3640 pontificii
1763 3560 1883 3623 alumni
1898 3561 2068 3639 recipiendi

1322 3664 1407 3730 sunt,
1430 3655 1560 3733 quilibet
1581 3663 1734 3728 restrum,
1757 3655 2017 3733 quemadmodum
2037 3662 2068 3715 et

1323 3747 1424 3810 debita
1444 3747 1517 3809 huic
1532 3745 1562 3810 S.
1578 3745 1648 3808 Sedi
1663 3747 1858 3809 observantia
1879 3755 1910 3809 et
1932 3747 2068 3810 instituti

1324 3841 1464 3918 iurisque
1486 3840 1562 3900 ratio
1584 3841 1692 3916 exigit,
1715 3841 1828 3903 certior
1850 3841 1920 3902 fiatl

1364 3951 1395 3995 x.
1420 3938 1467 3998 hn
1489 3935 1620 4011 gratiam
1650 3933 1838 3996 familiarum
1858 3935 1915 3997 sibi
1948 3951 2069 4015 prome-

1325 4032 1415 4094 rendi
1436 4031 1539 4093 studio
1560 4031 1740 4092 earumdem
1766 4031 1934 4094 commodis
1955 4031 2067 4108 potius,

1326 4143 1418 4208 quam
1439 4127 1626 4188 orthodoxae
1637 4122 1807 4200 Religionis
1830 4124 1954 4186 utilitati
1969 4143 2001 4188 ac
2016 4141 2070 4187 ne·

1326 4221 1455 4285 cessitati
1485 4219 1647 4299 providere
1678 4219 1862 4281 adnituntur
1892 4220 2071 4282 seminario-

1326 4311 1891 4391 rumcollegiorumquesuperiores,
1914 4328 1985 4374 cum
2007 4313 2070 4375 alu·

1327 4424 1476 4473 mnorum
1499 4407 1675 4469 huiusmodi
1697 4406 1831 4484 receptio
1852 4405 1920 4468 fieri
1941 4407 2051 4468 debetf

1368 4519 1412 4566 xx.
1436 4503 1517 4578 Quae
1545 4500 1627 4575 leges
1655 4508 1821 4560 serventur
1848 4514 1921 4561 cum
1951 4499 2071 4561 alumni

1328 4605 1454 4676 propter
1475 4593 1641 4671 ingenium
1662 4608 1794 4671 pravum
1818 4592 1997 4670 malumque
2018 4593 2072 4654 eii·

1329 4690 1430 4753 ciendi
1451 4690 1544 4750 suntl

1369 4799 1426 4844 xn.
1448 4779 1664 4861 Superioribus
1686 4779 1902 4856 magistrisque
1930 4779 1966 4840 ad
1987 4795 2074 4858 prae-

1329 4877 1493 4938 sidendum
1514 4874 1753 4950 docendumque
1774 4873 1952 4934 necessariis
1967 4872 2017 4933 alii
2032 4888 2074 4933 xre

1331 4971 1363 5032 in
1384 4969 1518 5048 specium
1539 4966 1597 5029 sub
1618 4965 1709 5028 titulo
1736 4965 1887 5027 eiusmodi
1907 4965 1941 5026 in
1962 4965 2073 5026 iisdem

1330 5061 1505 5124 seminariis
1527 5059 1727 5138 collegiisque
1747 5059 1874 5120 inutiles
1895 5057 1987 5120 additi
2002 5073 2073 5120 con·

1332 5157 1497 5217 victitentf

1372 5265 1441 5310 ιιιιι.
1465 5249 1580 5325 Quibus
1602 5251 1637 5314 in
1655 5248 1764 5310 studiis
1786 5248 1968 5312 erudiantur
1984 5254 2014 5310 et
2028 5247 2075 5309 in·

1332 5343 1507 5406 formentur
1534 5341 1673 5419 alumni,
1703 5359 1737 5405 ac
1762 5343 1825 5404 sint
1846 5358 1886 5404 ne
1907 5341 1970 5417 illa,
1997 5357 2075 5420 quae

1332 5437 1367 5497 ad
1382 5437 1551 5500 haereticos
1567 5443 1598 5498 et
1616 5434 1757 5497 infideles
1771 5437 1807 5497 ad
1823 5434 2003 5497 catholicam
2018 5435 2076 5497 llo-

1335 5531 1482 5606 ligionem
1505 5531 1606 5608 potius
1627 5529 1831 5602 adducendos,
1848 5543 1942 5607 quam
1956 5530 1992 5591 ad
2008 5529 2077 5590 inu·

1335 5623 1402 5710 tiles
1431 5631 1461 5685 et
1482 5625 1549 5686 sine
1571 5621 1730 5701 disciplina
1756 5622 1953 5699 quaestiones
1975 5623 2077 5686 confe-

1334 5721 1421 5781 rantt
1987 5781 1989 5786 ,

1374 5829 1438 5876 xxv.
1462 5815 1535 5889 Quis
1556 5813 1591 5874 ad
1614 5813 1691 5874 hanc
1716 5827 1816 5890 usque
1837 5813 1931 5889 diem,
1954 5814 2023 5892 quis
2044 5813 2076 5874 in

1335 5909 1507 5986 praesentia
1523 5923 1561 5970 ex
1574 5904 1747 5968 seminariis
1765 5905 1966 5986 collegiisque
1979 5909 2078 5988 reipsa

2078 524 2134 580 An.
2155 520 2200 575 G.
2231 514 2318 568 1741
