4820 6980
352 521 542 578 inaltet
592 517 651 584 778
1094 533 1158 580 run.
1181 531 1272 578 nour.
1295 529 1335 576 nn
1357 527 1386 574 r.
1410 528 1441 574 r.
1465 529 1548 576 rans
1569 529 1592 573 r.

575 660 687 724 Sancti
708 657 824 722 Patres
845 655 887 718 ad
907 651 1052 734 effectum
1066 651 1199 729 pietatis
1221 648 1316 712 insti·

574 757 723 816 luerunt.
746 748 830 812 Talis
846 748 929 809 enim
945 744 1034 809 debet
1044 760 1110 805 esse
1123 758 1231 812 sanus,
1250 745 1316 803 tam

572 845 693 926 prauis,
711 848 777 906 tam
788 840 983 911 moderatus,
996 846 1034 901 ut
1050 855 1113 900 nou
1129 841 1234 898 totum
1244 835 1316 898 ani·

572 954 659 1000 mum
684 935 726 1000 ad
751 937 805 998 seui
833 935 944 1012 rapiat
976 930 1232 1000 oblectationem,
1263 927 1316 990 sed

571 1047 690 1102 aarum,
708 1045 787 1109 quae
805 1032 998 1096 cantantur,
1012 1024 1123 1086 semul
1137 1027 1168 1083 et
1182 1020 1315 1100 pietatis

572 1123 714 1203 affectui,
738 1121 890 1183 maiorem
912 1117 1098 1196 relinquant
1119 1113 1306 1193 portionem.

370 1225 554 1271 lustramenta
612 1217 631 1292 ἓ
654 1215 700 1278 13.
718 1216 849 1278 Demum
865 1213 964 1292 quoad
979 1209 1177 1288 symphonias
1191 1205 1315 1279 attinet,

341 1283 554 1386 fffflessi'iiffffl
573 1311 697 1373 tolerari
718 1311 878 1388 poterunt,
895 1305 948 1367 ubi
970 1319 1077 1366 earum
1099 1315 1173 1362 usus
1194 1299 1255 1360 iam
1270 1311 1316 1358 ro-

342 1384 397 1483 ffi?
412 1384 554 1495 pvfssfflssffl:
572 1410 680 1482 ceptus
701 1410 759 1475 est,
786 1399 955 1462 dummodo
983 1411 1092 1472 graves
1114 1394 1194 1468 sint,
1217 1399 1248 1454 et
1269 1405 1316 1452 ea·

341 1492 391 1536 ²¹¹¹·
572 1511 644 1558 rum
658 1493 883 1573 prolixitudine
893 1496 947 1552 ant
961 1487 1168 1551 diuturnitate
1179 1483 1316 1546 taedium

573 1597 603 1650 et
624 1587 783 1650 fastidium
804 1601 868 1648 non
897 1583 1025 1644 alteram
1047 1580 1100 1654 iis,
1124 1579 1176 1657 qui
1205 1576 1316 1638 adsunt

506 1756 508 1760 .
573 1683 604 1742 in
626 1680 731 1754 choro,
748 1677 798 1740 rel
819 1675 907 1738 altari
928 1675 960 1737 in
976 1673 1117 1753 vesperis
1131 1676 1183 1732 aut
1198 1669 1231 1731 in
1247 1668 1316 1731 hiis-

571 1776 612 1838 sis
634 1772 820 1836 inserviunt.
851 1770 895 1831 De
918 1764 1098 1830 huiusmodi
1123 1761 1317 1842 symphoniis

571 1867 634 1944 agit
663 1867 777 1932 Suarez
802 1861 857 1926 lib.
883 1863 915 1936 4,
940 1875 1008 1938 cap.
1041 1857 1094 1931 13,
1125 1871 1213 1918 num.
1250 1851 1315 1916 17.-

577 1959 661 2022 Unde
682 1960 779 2022 etiam
805 1954 1009 2034 intelliqy'tur
1034 1967 1098 2014 nau
1119 1967 1183 2012 esse
1210 1963 1265 2027 per
1284 1964 1336 2032 se*

572 2050 786 2117 damnabilem
817 2064 914 2112 usum
941 2041 1183 2108 intermittendi
1212 2043 1248 2103 iu
1270 2041 1317 2102 dt·

571 2146 656 2209 ainis
679 2145 788 2226 officiis
809 2157 922 2204 sonum
944 2152 1137 2218 aspanorum
1158 2136 1227 2198 sine
1249 2133 1316 2195 ulla

572 2247 684 2310 cautu,
700 2238 803 2300 salum
825 2249 898 2298 cum
919 2233 1083 2296 suauitate
1104 2229 1246 2291 musicae
1268 2228 1316 2288 iu-

571 2337 839 2400 strumentarum,
855 2331 894 2389 ut
915 2325 950 2405 pit
972 2323 1137 2386 interdum
1159 2320 1316 2384 immissa

572 2424 715 2495 solemni,
731 2425 778 2486 cel
793 2423 829 2484 in
849 2421 937 2482 boris
952 2418 1115 2482 canonicis
1130 2416 1219 2477 iuter
1233 2412 1317 2492 psal·

572 2535 656 2590 mas;
683 2517 759 2596 quia
783 2522 861 2578 tuuc
882 2515 937 2576 ille
965 2527 1063 2573 source
1085 2527 1149 2574 nan
1169 2516 1215 2571 est
1241 2521 1316 2584 pars

572 2610 678 2691 officii,
694 2615 726 2672 a
746 2609 783 2688 fit
804 2608 844 2672 ad
866 2607 1102 2669 solemnitatem
1123 2607 1153 2665 et
1175 2616 1316 2663 amaren-

574 2707 655 2768 tiam
677 2705 780 2782 ipsius
803 2701 907 2782 officii,
922 2708 951 2762 et
967 2699 1008 2762 ad
1024 2697 1171 2760 levandas
1192 2695 1316 2757 aramus

571 2797 725 2878 fidelium,
753 2802 791 2858 ut
818 2794 953 2876 [acilius
974 2791 1016 2855 ad
1044 2791 1239 2853 decetionem
1266 2804 1318 2850 as-

572 2897 711 2970 suraaat
734 2905 788 2952 seu
821 2889 1048 2966 disponantur.
1086 2884 1237 2960 momnis
1259 2899 1317 2945 au·

574 2991 635 3046 tem
650 2983 691 3046 ad
713 2982 808 3046 illum
822 2997 935 3044 sanum
957 2979 1042 3042 nibil
1064 2992 1134 3040 acce
1150 2979 1314 3046 cantetur,

573 3083 709 3156 oportet,
732 3083 770 3138 ut
792 3092 888 3138 sanus
909 3075 975 3150 ipse
1003 3071 1111 3153 prauis
1132 3072 1189 3142 sit,
1211 3075 1242 3132 et
1263 3083 1317 3147 ap·

378 3179 500 3228 amenus
518 3185 556 3228 ta·
575 3179 628 3236 tus
656 3171 698 3234 ad
725 3167 931 3232 concitandam
953 3166 1157 3230 devotionem.
1182 3163 1245 3226 Hoc
1265 3179 1319 3224 an·

342 3233 638 3344 3¹0⁰r¹1¹of²ei¹⁰nissssltem
659 3265 725 3326 loco
746 3259 870 3324 silentio
891 3257 1154 3338 praetereundum
1179 3272 1241 3318 non
1260 3263 1317 3329 est,

342 3341 555 3450 {Rfflnffifg
574 3376 641 3422 rem
668 3355 803 3418 maxime
829 3353 1006 3415 indecoram
1027 3364 1108 3424 esse,
1131 3355 1162 3410 et
1187 3348 1319 3410 minime

342 3403 458 3494 nranmi.
573 3441 1318 3526 ferendam,quibusdamannidiebussumptno-

573 3562 618 3608 sas
639 3547 902 3622 personantesqoe
929 3536 1139 3615 symphonias,
1172 3535 1319 3596 musicos·

573 3653 634 3717 qne
651 3642 759 3698 cantus
774 3633 806 3694 in
820 3629 913 3694 sacris
928 3628 1051 3706 templis
1065 3626 1226 3703 celebrari,
1238 3642 1318 3704 qnae

573 3729 703 3792 minime
724 3727 917 3789 conveniunt
937 3722 1029 3783 sacris
1050 3720 1218 3800 mysteriis,
1240 3735 1317 3796 qaae

572 3821 698 3884 ecclesia
720 3816 861 3880 fidelihus
883 3831 939 3894 per
959 3815 988 3877 id
1010 3823 1133 3892 tempus
1155 3811 1316 3876 recolenda

572 3913 728 3995 proponit.
746 3908 903 3974 Exclamat
917 3907 1038 3970 ardenti
1054 3906 1121 3968 zelo
1136 3915 1239 3968 motus
1253 3921 1317 3966 sae-

572 3999 1319 4087 pelaudatasblagisterGeneralisOrdinisS.Be·

573 4097 687 4162 nedicti
700 4097 731 4157 in
743 4093 897 4170 hispaniis
912 4093 947 4152 in
959 4091 1094 4154 laudato
1105 4106 1244 4152 sermone
1261 4089 1316 4162 14,

573 4193 591 4268 5
606 4189 638 4262 9,
654 4194 761 4252 contra
783 4185 937 4266 modulos,
952 4192 984 4246 et
1005 4183 1172 4246 cantilenas
1195 4183 1256 4246 heu
1271 4184 1318 4246 ni·

573 4285 673 4347 mium
695 4279 845 4342 adhibitas
866 4278 900 4339 in
920 4277 1065 4339 canendis
1090 4275 1319 4338 lamentationi·

573 4378 630 4439 bus
652 4373 799 4436 ieremiae
819 4369 1000 4447 Prophetae,
1023 4385 1101 4447 qnae
1124 4367 1162 4429 ab
1184 4367 1317 4431 Ecclesia

573 4469 714 4531 dicendas
724 4463 922 4544 praescribnn
928 4470 978 4524 tur
988 4461 1095 4523 diebus
1109 4461 1234 4523 maioris
1246 4462 1318 4524 heb·

572 4559 735 4632 domadae,
758 4557 791 4618 in
819 4555 932 4634 quibus
962 4556 1054 4617 modo
1079 4557 1200 4616 eversio
1227 4553 1318 4617 Urbis

573 4651 805 4730 hierosolymae
824 4665 880 4728 per
902 4647 1079 4722 Chaldaeos,
1096 4649 1187 4710 modo
1208 4643 1317 4709 mundi

573 4744 728 4809 excidium
750 4759 805 4821 per
827 4749 957 4821 peccata,
975 4742 1073 4826 modo·
1088 4739 1240 4803 Ecclesiae
1261 4741 1318 4801 mi-

573 4839 692 4901 litantis
705 4836 886 4898 afflictiones
907 4835 939 4897 in
961 4832 1236 4912 persecutionibus,
1253 4847 1318 4894 mo·

573 4933 611 4994 do
632 4929 849 5008 Redemptoris
877 4929 973 4990 nostri
1005 4926 1165 5002 angustiae
1192 4925 1224 4986 in
1255 4926 1318 4987 suis

573 5023 765 5103 passionibus
779 5021 991 5100 deplorantur.
1017 5018 1165 5080 Lucensis
1179 5017 1317 5093 ecclesia,

572 5117 700 5178 sedente
711 5116 742 5176 in
758 5113 921 5193 apostolica
943 5112 1086 5174 cathedra
1107 5108 1220 5172 Sancto
1234 5126 1318 5188 prae·

573 5210 731 5272 decessore
752 5215 859 5270 nostro
873 5205 926 5267 Pio
942 5203 994 5281 V.,
1017 5205 1183 5282 regebatur
1197 5203 1235 5264 ab
1250 5203 1318 5265 hle-

573 5304 690 5365 xandro
712 5299 921 5362 zelantissimo
942 5297 1163 5360 ecclesiasticae
1187 5295 1319 5374 discipli-

574 5411 632 5458 nae
651 5400 786 5474 pastore;
806 5393 860 5472 qni
876 5407 948 5454 curn
963 5390 1241 5466 animadvertisset,
1256 5387 1319 5452 die·

575 5488 630 5550 bns
657 5488 779 5548 maioris
806 5482 1033 5556 hebdomadae,
1063 5483 1319 5559 exquisitissimos

575 5580 676 5642 omnis
697 5595 810 5640 vocum
831 5579 1180 5652 instrumentorumque
1196 5577 1319 5650 generis

574 5679 741 5736 concentus
753 5671 785 5732 in
798 5670 934 5732 ecclesiis
945 5668 1012 5730 lieri
1028 5661 1236 5742 consuevisse,
1248 5683 1318 5729 cnm

574 5777 731 5824 sacrarum
752 5763 962 5837 lunationum,
978 5759 1131 5839 quasillis
1152 5760 1259 5822 diebus
1274 5775 1320 5821 ce·

575 5853 747 5931 lebrantnr,
764 5855 918 5918 moestitia
932 5853 1065 5916 minime
1078 5851 1319 5928 consentientes,

1372 646 1408 709 ad
1429 646 1497 710 iilos
1517 653 1624 708 antem
1645 644 1823 720 audiendos,
1838 644 1982 708 homines
2002 642 2118 705 utrius-

1372 754 1432 818 que
1459 755 1550 801 sexus
1578 725 1691 815 maiano
1717 737 1891 816 frequentia
1920 736 2117 816 cupidissime

1372 835 1538 910 confluere,
1560 839 1593 896 et
1615 833 1720 911 gravia
1741 833 1815 896 inde
1838 841 1958 912 peccata
1981 841 2010 894 et
2031 847 2118 894 scan-

1372 927 1437 989 dala
1458 928 1624 1004 committi,
1641 927 1836 1006 promulgata
1851 926 1963 1000 edicto,
1978 941 2030 987 eos
2043 923 2119 987 heb-

1372 1022 1499 1084 domada
1529 1029 1633 1084 sancta
1664 1029 1696 1084 et
1724 1021 1824 1084 tribus
1856 1017 2117 1097 subseqnentibus

1372 1113 1523 1177 Paschatis
1534 1114 1643 1178 diebus
1654 1113 1902 1191 heriprohibuit.
1920 1112 2000 1175 Cum
2012 1117 2117 1174 autem

1371 1207 1498 1286 quidam
1519 1210 1656 1288 exempti
1678 1208 1716 1270 ah
1740 1207 1881 1287 Episcopi
1903 1206 2118 1270 iurisdictione

1371 1316 1402 1361 se
1424 1301 1585 1380 episcopali
1607 1302 1677 1378 lege
1698 1302 1828 1364 minime
1854 1299 1954 1364 teneri
1976 1306 2117 1378 praeten-

1371 1392 1494 1468 derent,
1507 1393 1675 1472 Episcopus
1689 1409 1757 1456 rem
1771 1393 1884 1456 detulit
1897 1391 1933 1454 ad
1948 1393 2117 1458 Summum
2153 1434 2160 1448 .

1371 1486 1553 1548 Pontificem
1570 1487 1660 1549 Pium
1675 1486 1727 1562 v,
1740 1487 1793 1566 qui
1808 1487 1842 1548 in
1857 1487 1924 1548 eius
1940 1485 2033 1547 Brevi
2048 1487 2116 1548 dato
2135 1541 2152 1590 s
2171 1490 2350 1592 ppieqqgtffi

2399 1599 2400 1630 l

1371 1578 1420 1640 die
1431 1595 1474 1640 xv.
1487 1577 1591 1656 aprilis
1602 1595 1734 1641 nnnxxr.
1745 1579 1901 1658 deplorata
1912 1579 2050 1657 primum
2060 1581 2119 1640 hu·
2135 1596 2252 1645 moxona

1371 1687 1535 1734 manarum
1551 1673 1708 1734 mentium
1722 1679 1754 1734 et
1769 1672 1940 1736 carnalium
1950 1670 2117 1734 hominum

1372 1765 1530 1840 coecitate,
1546 1767 1600 1843 qui
1620 1781 1684 1828 non
1705 1766 1807 1828 solum
1829 1767 1862 1828 in
1883 1765 1991 1827 diebus
2011 1765 2117 1840 sacris,

1371 1857 1423 1920 sed
1435 1857 1630 1934 potissimum
1653 1859 1685 1922 in
1705 1859 1779 1933 illis,
1795 1859 1849 1936 qni
1870 1858 2038 1921 memoriae
2052 1873 2121 1936 pas-

1371 1951 1466 2014 sionis
1482 1949 1596 2014 Christi
1612 1953 1737 2015 Domini
1759 1951 1939 2015 recolendae
1959 1951 2119 2030 speciatim

1372 2045 1409 2106 ab
1431 2044 1565 2108 Ecclesia
1593 2045 1737 2124 assignati
1758 2052 1846 2121 sunt,
1864 2045 2034 2122 posthabita
2054 2045 2120 2122 pie-

1374 2145 1434 2200 tate
1455 2145 1485 2200 et
1506 2138 1646 2202 sincerae
1673 2139 1786 2200 mentis
1813 2139 1966 2216 puritate,
1988 2138 2120 2200 munda-

1373 2247 1485 2294 narum
1500 2231 1742 2294 oblectationum
1757 2230 1911 2294 illecebris
1926 2239 1957 2294 et
1967 2245 2119 2293 sensnum

1373 2324 1584 2404 voluptatibus
1604 2341 1637 2387 se
1658 2327 1811 2404 regendos
1832 2325 2040 2406 ferendasque
2059 2334 2121 2389 tra·

1374 2418 1469 2480 dunt:
1486 2417 1585 2492 Quod,
1603 2419 1716 2496 inquit,
1727 2434 1799 2480 cum
1811 2419 1847 2482 iu
1859 2418 2004 2482 amnibus
2015 2421 2119 2483 sacris

1375 2509 1580 2589 temporibus,
1594 2517 1665 2573 tum
1676 2512 1752 2573 ineo
1762 2513 2119 2590 praecipuecaoendum

1373 2603 1605 2682 uitandumque
1624 2609 1683 2676 est,
1699 2604 1780 2681 quod
1800 2605 1979 2668 dominicae
1999 2608 2120 2685 passio·

1373 2695 1964 2762 nismemoriaarecoleudacabeadcm
1974 2696 2119 2763 Ecclesia

1373 2793 1539 2852 statutum
1555 2792 1820 2871 assianatumque
1834 2793 1916 2872 fuit,
1933 2795 1968 2854 in
1980 2809 2040 2872 qua
2052 2794 2119 2871 ipso

1375 2889 1513 2962 tempore
1532 2884 1770 2948 macimedecet
1792 2901 1896 2950 omncs
1920 2885 2121 2967 Christifide·

1375 2977 1418 3040 les
1448 2983 1517 3042 tata
1549 2983 1652 3040 mente
1679 2978 1721 3041 ad
1747 2979 2025 3057 contemplandum
2054 2982 2119 3045 tale

1376 3075 1567 3150 tantumque
1581 3070 1799 3150 Redemptoris
1814 3072 1921 3135 nostri
1935 3072 2119 3154 beneficium

1375 3180 1554 3236 conuersas,
1583 3179 1615 3225 se
1643 3165 1728 3243 ipsas
1749 3165 1789 3228 ab
1813 3167 1898 3227 amni
1919 3168 2032 3230 cordis
2053 3186 2121 3231 scu·

1374 3273 1491 3336 susque
1525 3258 1719 3335 inmaritata
1754 3259 1910 3320 immunes
1946 3260 2120 3340 liberasque
2179 3305 2185 3316 -

1374 3355 1552 3429 praestare.
1581 3349 1687 3413 Relert
1709 3357 1776 3429 post
1804 3351 1877 3414 haec
1902 3354 2043 3430 abusum,
2067 3359 2119 3436 qni

1375 3449 1407 3508 in
1430 3444 1598 3507 Ecclesiam
1620 3444 1795 3506 Lunensem
1817 3445 1994 3524 irrepserat,
2010 3452 2119 3528 exqui-

1374 3541 1448 3601 sitos
1468 3539 1619 3616 seligendi
1647 3552 1702 3615 per
1729 3537 1952 3600 hebdomadam
1982 3552 2119 3607 sancmm

1374 3633 1625 3709 excellentesque
1646 3633 1790 3706 musicos,
1813 3637 1844 3694 et
1865 3633 2032 3710 colligendi
2054 3653 2119 3700 om-

1375 3726 1423 3785 nis
1445 3725 1568 3800 generis
1588 3723 1795 3784 instrumenta
1816 3725 1851 3785 ad
1873 3725 2028 3790 solemnes
2048 3745 2121 3794 con·

1374 3824 1484 3879 centus
1513 3814 1644 3878 musicos
1674 3813 1887 3894 celebrandam
1918 3818 2028 3896 Nacper
2055 3838 2120 3884 nan

1373 3913 1443 3972 sine
1463 3924 1577 3988 maana
1605 3908 1708 3971 animi
1734 3910 1838 3971 nostri
1861 3911 1967 3974 dolare
1995 3913 2120 3976 intelle-

1374 4005 1495 4073 cimus,
1519 4002 1555 4062 iu
1578 3999 1642 4064 ista
1671 3998 1821 4074 ciuitate,
1845 4005 1939 4066 cuius
1961 4007 2119 4086 episcopa-

1376 4100 1445 4158 tum
1467 4091 1716 4176 pericolusam
1738 4095 1902 4172 quemdam
1923 4096 2014 4162 ualde
2036 4101 2119 4163 dete·

1373 4185 1520 4251 stabilem
1535 4186 1711 4262 irrepsisse,
1727 4187 2001 4264 acquisitissimas
2017 4193 2119 4253 omnis

1373 4297 1484 4342 cacum
1513 4280 1867 4358 instrumentorumque
1893 4267 2018 4362 pencris
2049 4303 2119 4348 mu-

1373 4373 1457 4436 sicas
1486 4374 1521 4434 in
1549 4371 1690 4433 ecclesiis
1713 4387 1770 4450 per
1792 4371 2016 4439 hebdomadam
2046 4395 2121 4442 sam

1374 4470 1459 4527 ctam
1474 4461 1658 4534 adhibendi,
1675 4463 1716 4526 ad
1730 4479 1809 4541 quas
1825 4467 2057 4546 potiusquam
2077 4472 2120 4534 ad

1375 4557 1485 4620 diuina
1508 4557 1609 4638 efficia
1631 4556 1804 4630 audienda,
1833 4561 1918 4622 amni
1948 4563 2121 4641 utriusque

1373 4667 1471 4714 secus
1493 4650 1662 4712 iuuentute
1683 4665 1800 4730 niaque
1825 4652 2009 4731 frequentia
2031 4657 2120 4734 cupi·

1374 4743 1503 4806 dissimc
1531 4741 1727 4818 confluente,
1757 4742 1870 4821 arania
1900 4753 2040 4821 peccata,
2065 4765 2121 4810 nec

1374 4837 1502 4898 minora
1532 4833 1698 4904 scandala,
1728 4837 1887 4898 committi
1916 4841 2122 4916 emperantia

1375 4924 1613 5006 comprabatum
1628 4933 1685 4988 cst.
1710 4928 1843 4990 Damam
1865 4929 1966 4994 laudat
1983 4933 2120 4996 edictum
2173 4999 2178 5010 ,

1376 5019 1528 5098 Episcopi,
1544 5029 1575 5080 et
1589 5017 1720 5081 decretis
1739 5023 1922 5084 sacrosancti
1945 5023 2122 5088 Tridentini

1375 5111 1505 5174 Consilii
1526 5111 1693 5174 inhaerens
1714 5112 1857 5189 declarat,
1889 5115 1998 5178 eodem
2020 5117 2121 5180 edicto

1374 5204 1597 5283 comprehendi
1628 5211 1721 5282 atque
1746 5204 1875 5282 obligari
1903 5208 1997 5270 etiam
2026 5210 2122 5273 eccle-

1374 5297 1444 5374 sias,
1467 5313 1545 5376 quae
1566 5297 1603 5358 ab
1624 5297 1806 5360 auctoritate
1833 5299 2004 5377 ordinaria,
2027 5303 2122 5381 privi-

1374 5391 1455 5468 legio
1477 5389 1653 5467 apostolico,
1676 5390 1726 5452 vel
1748 5390 1808 5452 alio
1826 5408 2026 5472 quocumque
2040 5395 2120 5472 inre,

1375 5495 1585 5561 exemplasse
1606 5498 1672 5546 esse
1693 5487 1898 5548 contendunt.
1926 5486 1961 5549 ln
1983 5487 2121 5550 Concilio

1375 5577 1525 5652 Romano,
1549 5577 1629 5654 quod
1651 5577 1818 5639 novissime
1840 5577 1981 5641 habitum
2002 5587 2051 5641 est
2064 5595 2123 5643 an·

1376 5685 1417 5730 na
1432 5683 1610 5744 rroccxxv.,
1626 5668 1678 5731 tit.
1699 5669 1754 5740 rc,
1770 5685 1859 5732 num.
1872 5669 1904 5741 6,
1919 5670 2002 5733 varia
2014 5672 2122 5751 legun·

1376 5770 1429 5824 tur
1450 5763 1572 5824 decreta
1593 5763 1631 5824 de
1653 5779 1711 5824 usu
1739 5763 1849 5824 musici
1876 5773 1986 5826 cantus
2008 5765 2123 5828 instru-

1376 5861 1638 5934 mentorumque,
1662 5853 1694 5916 in
1722 5855 1881 5931 Adventu,
1902 5855 1938 5918 in
1959 5856 2122 5920 dominicis
