4838 6982
1 3237 3 3294 l

87 533 146 586 An.
162 534 194 590 (1,
216 535 286 586 1753

317 665 388 730 ciscl
411 665 537 730 xaverii
557 664 621 728 dies
642 665 700 728 sub
720 665 783 726 ritu
811 663 924 742 duplici
945 660 1063 742 primae

316 759 420 822 classis
441 773 510 822 cum
532 764 638 822 octava
678 775 729 820 era
753 765 833 820 atur.

86 863 237 926 ,ciauiuiai
252 875 297 922 pro
356 853 597 914 «decernentes
618 773 751 914 easlilemg
762 858 938 929 praesentes
959 848 1062 910 literas

73 917 298 1034 ζῇζᾏῖἱξξᾚξῖ
315 962 439 1026 semper
467 946 582 1020 firmas,
605 945 719 1007 validas
740 951 771 1005 et
792 943 927 1006 ellicaces
953 941 1063 1002 existe·

74 1025 190 1074 ΗΜΘ·
315 1053 348 1100 re
370 1047 402 1100 et
423 1037 500 1113 iore,
528 1053 661 1116 suosque
689 1036 844 1115 plenarios
868 1043 899 1096 et
923 1035 1064 1110 integros

314 1132 441 1197 eliectus
460 1131 565 1192 sortiri
585 1138 615 1193 et
630 1131 784 1203 obtinere,
800 1136 831 1190 et
847 1127 919 1202 illis,
935 1129 970 1190 ad
986 1143 1062 1206 quos

314 1231 429 1304 spectat
459 1231 490 1286 et
518 1241 573 1304 pro
603 1231 742 1302 tempore
772 1221 1063 1300 quomodocumque

314 1317 474 1396 spectabit,
487 1317 520 1380 in
531 1317 676 1378 omuibus
691 1323 722 1378 et
737 1332 791 1394 per
806 1313 909 1376 omnia
924 1313 1063 1392 plenissi-

316 1427 365 1474 mo
377 1411 551 1488 suffragare
563 1411 668 1488 sicque
678 1411 710 1473 in
723 1408 895 1488 praemissis
907 1423 962 1486 per
973 1423 1063 1486 quos·

316 1519 452 1583 cumque
483 1504 599 1566 iudices
631 1505 801 1568 ordinarios
832 1510 863 1566 et
891 1504 1062 1579 delegatoS,

316 1599 410 1660 eiiam
427 1614 589 1660 causarum
604 1598 707 1674 palatii
724 1597 878 1676 apostolici
896 1596 1061 1668 auditores,

318 1691 446 1754 iudicari
473 1697 504 1752 et
529 1690 653 1754 deliniri
681 1691 811 1766 debere,
834 1707 867 1752 ac
894 1690 1018 1752 irritum
1033 1693 1064 1750 et

316 1785 461 1859 inanest
484 1801 572 1848 secus
594 1799 686 1864 super
707 1785 755 1846 his
776 1802 792 1845 a
814 1799 968 1863 quoquam
990 1799 1064 1860 qua·

316 1878 362 1938 vis
384 1878 565 1940 auctoritate
579 1877 715 1939 scienter
730 1876 778 1938 vel
796 1877 976 1953 ignoranter
991 1891 1062 1938 con·

317 1969 422 2046 tigerit
443 1972 600 2034 attentari.

91 2126 96 2136 ,
119 2076 176 2122 uon
192 2073 298 2134 cisun·
356 2061 454 2126 «Non
471 2063 663 2126 obstantibus
678 2064 853 2142 praemissis
868 2081 900 2127 ac
915 2065 1063 2126 constitu·

77 2126 297 2237 mauguinus-
318 2155 454 2218 tionibus
476 2161 506 2218 et
527 2158 774 2220 ordinationibus
795 2158 980 2236 apostolicis,
997 2174 1063 2222 cae·

317 2249 452 2328 terisque
473 2251 635 2314 contrariis
657 2251 913 2330 quibuscumque.

123 2351 198 2414 rides
221 2357 297 2418 riai-
356 2343 539 2405 «Volumus
553 2353 659 2406 autem
675 2353 709 2406 ut
724 2346 905 2407 earumdem
920 2361 1062 2424 praesen·

79 2413 194 2510 {iiiam
218 2407 297 2454 Μ’
316 2436 394 2498 tium
417 2435 592 2499 litterarum
615 2441 816 2516 transumptis
830 2455 885 2500 seu
900 2440 1061 2517 exemplis,

316 2529 409 2591 etiam
425 2527 599 2607 impressis,
612 2546 708 2592 manu
729 2530 858 2592 alicuius
880 2532 992 2594 notarii
1007 2548 1064 2609 pu-

315 2621 386 2684 blici
406 2621 586 2699 subscriptis
610 2630 642 2684 et
664 2622 766 2699 sigillo
790 2639 938 2701 personae
963 2623 996 2686 in
1019 2623 1062 2685 di-

315 2716 434 2792 gnitate
466 2715 667 2777 ecclesiastica
697 2716 882 2777 constitutae
915 2717 1061 2791 munitis,

315 2807 423 2868 eadem
444 2823 569 2885 prorsus
593 2806 667 2869 fides
682 2807 715 2868 in
738 2807 850 2868 iudicio
865 2814 895 2867 et
910 2815 998 2869 extra
1013 2811 1062 2871 ad·

314 2900 468 2975 hibeatur,
482 2916 559 2978 quae
583 2900 782 2962 adhiberetur
797 2899 907 2962 iisdem
921 2917 1063 2980 praeseri·

316 2993 409 3067 tibus,
425 2993 451 3054 si
471 2992 574 3054 lorent
588 2993 744 3055 exhibitae
759 2993 808 3054 vel
829 3001 979 3058 ostensae.

355 3085 501 3146 «batum
525 3084 652 3160 Romae,
668 3085 747 3164 apud
770 3084 801 3147 S.
825 3085 951 3147 llariam
972 3086 1063 3147 llaio-

314 3194 393 3254 rem,
415 3178 473 3240 sub
495 3178 610 3240 annulo
633 3177 805 3254 Piscatoris,
835 3179 885 3241 die
912 3195 999 3240 xxiv.
1021 3179 1063 3241 lc-

315 3271 431 3333 bruerii
452 3285 665 3346 uoecsiviii,
683 3271 876 3350 pontificatus
895 3272 993 3334 nostri
1009 3289 1062 3334 an·

315 3381 356 3426 no
379 3379 479 3426 viii.»

99 3468 295 3548 arrisi-ineas
353 3457 423 3533 §3-
453 3459 570 3521 Deinde
600 3457 673 3519 alias
706 3465 824 3520 nostras
854 3459 887 3520 in
918 3459 983 3537 pari
1014 3459 1063 3521 iti-

79 3521 244 3579 ³⁰⁰⁵²⁰¹¹“³⁰'
315 3553 386 3614 dem
408 3551 507 3614 lorma
528 3550 636 3614 Brevis
663 3551 766 3613 literas
789 3551 918 3626 tenoris,
943 3552 994 3631 qui
1018 3569 1063 3614 se·

314 3644 436 3722 quitur:

319 3831 481 3894 Universae
516 3829 787 3910 christifidelibus
817 3843 998 3910 praesentes
1025 3836 1084 3898 li‘-.

356 3932 443 3988 teras
465 3925 676 4002 inspecturis,
699 3925 838 3988 salutern
861 3932 891 3988 et
912 3929 1063 4005 apostoli·

354 4034 423 4082 corn
446 4016 705 4081 benedictionem.

141 4225 297 4277 conceditur
355 4192 433 4269 «hd
455 4205 628 4284 augendam
656 4207 797 4268 fidelium
825 4207 1010 4285 religionem
1032 4217 1063 4276 et

1 4309 2 4312 =
80 4283 297 4332 christifidelibus

80 4338 248 4396 sepulchrum
272 4339 295 4384 5,
315 4301 490 4363 animarum
525 4299 654 4360 salutem
694 4300 874 4362 caelestibus
909 4302 1063 4366 Ecclesiae

80 4391 298 4437 Ff⁸¹¹⁰¹⁵⁰¹¹1³lr
317 4395 467 4458 thesauris
505 4395 552 4473 pia
587 4395 712 4457 caritate
747 4398 878 4474 intenti,
917 4399 1063 4462 omnibus

1 4479 2 4482 ,
81 4446 110 4490 rii
127 4445 297 4490 visitantibus

81 4498 159 4560 scinci
183 4500 209 4542 tn
226 4509 297 4544 auno
316 4490 481 4567 utriusque
504 4504 596 4550 seius
623 4489 874 4552 christifidelibus
896 4508 970 4554 vere
990 4507 1061 4570 pue-

82 4551 228 4612 ¹¹¹⁶¹¹¹³⁸⁰‘'
247 4551 296 4608 pic·
316 4584 489 4646 nitentibus
516 4593 547 4646 et
578 4585 722 4646 confessis
750 4603 784 4648 ac
806 4603 889 4648 sacra
915 4589 1063 4651 Commu-

83 4616 163 4650 natta.

316 4689 410 4750 nione
439 4686 580 4762 reiectis,
605 4687 659 4767 qui
686 4688 845 4750 ecclesiam
876 4687 1061 4751 clericorum

316 4782 508 4858 regularium
521 4779 680 4844 Societatis
694 4781 761 4844 lesu
779 4782 912 4845 civitatis
928 4781 1060 4856 Goauae,

315 4875 350 4937 ad
366 4890 470 4953 quam,
484 4884 519 4937 ut
534 4875 692 4949 asseritur,
705 4875 879 4937 devotionis
894 4892 981 4938 causa
998 4891 1061 4937 ma·

316 4983 397 5044 gnus
424 4967 583 5031 christiani
609 4969 726 5046 populi,
749 4974 780 5029 et
808 4969 988 5045 praesertim
1011 4985 1062 5047 pe-

317 5060 527 5136 regrinorum,
551 5061 585 5125 ht
607 5075 785 5134 concursus,
809 5061 842 5122 in
863 5076 1061 5139 quocumque

316 5154 390 5216 anni
405 5155 454 5216 die
469 5155 580 5215 devote
595 5155 803 5229 visitaverint,
816 5162 847 5216 et
858 5154 899 5216 ibi
915 5171 970 5232 pro
982 5155 1061 5217 chri·

315 5247 489 5308 stianorum
511 5247 687 5325 principum
708 5247 880 5322 concordia,
899 5250 1062 5312 haeresum

316 5339 540 5418 extirpatione,
563 5348 594 5402 et
622 5338 751 5403 Sanctae
776 5341 881 5402 llatris
910 5343 1063 5406 Ecclesiae

316 5432 503 5496 exaltatione
519 5434 582 5512 pias
597 5435 632 5496 ad
648 5435 747 5496 Deum
762 5449 867 5512 preces
882 5433 1061 5512 effuderint,

317 5526 486 5604 plenariam
512 5527 607 5588 semel
635 5530 794 5590 dumtaxat
814 5543 869 5605 per
891 5529 1062 5606 quemlibet

317 5619 1061 5697 christifidelemquolibetannolucrifaciendam

316 5713 459 5774 omnium
476 5720 671 5791 peccatorum
685 5729 816 5775 suorum
830 5712 1062 5789 indulgentiam

315 5814 346 5867 et
367 5806 584 5868 remissionem
611 5805 854 5870 misericorditer
874 5805 907 5866 in
932 5806 1063 5868 Domino

315 5899 522 5962 concedimus.

951 543 1146 588 eanublc'lt's
1170 541 1234 586 ΧΠ.

1789 523 1847 582 555
1898 519 1952 574 Au.
1967 522 1997 573 d.
2019 520 2087 572 1753

1160 659 1406 724 «Praesentibus
1429 662 1463 724 ad
1485 659 1660 738 quindecim
1681 673 1779 720 anuos
1802 664 1867 719 tan·
1897 665 2038 728 ,clausurae
2054 676 2098 722 pro

1120 757 1188 814 tuni
1211 752 1361 814 valituris.
1390 753 1543 816 Volumus
1564 759 1681 826 autem,
1702 760 1748 826 ut,
1764 751 1790 812 si
1811 766 1866 829 pro
1886 718 2099 836 iitdssseffiffiaissl

1120 846 1357 924 impetratione,
1390 847 1654 925 praesentatione,
1682 842 1866 908 admissione
1885 825 1995 873 ”mmm

1119 955 1174 1000 seu
1195 938 1403 1016 publicatione
1434 939 1644 1018 praesentium
1674 935 1790 1015 aliquid
1816 936 1866 998 vel

1120 1031 1289 1094 minimum
1312 1033 1404 1096 detur
1428 1041 1481 1095 aut
1502 1038 1611 1111 sponte
1631 1031 1769 1093 oblatum
1791 1029 1866 1092 reci·

1120 1125 1233 1203 piatur,
1257 1133 1431 1203 praesentes
1452 1126 1557 1188 nullae
1577 1127 1650 1188 sint.

1160 1221 1306 1282 «uatum
1327 1221 1454 1296 Romae,
1477 1218 1555 1298 apud
1579 1219 1609 1283 S.
1628 1219 1754 1280 Mariam
1774 1217 1865 1280 lllaio-

1120 1332 1198 1392 rem,
1220 1315 1278 1378 sub
1299 1315 1416 1376 annulo
1433 1314 1606 1390 Piscatoris,
1623 1314 1670 1376 die
1686 1327 1776 1374 xxxi.
1797 1311 1866 1374 iulii

1121 1427 1249 1472 nuccii.
1268 1408 1466 1486 pontificatus
1487 1408 1583 1470 nostri
1606 1422 1688 1470 anno
1710 1423 1786 1468 xi.»
1854 1475 1857 1480 ,

1159 1503 1232 1578 §ln
1263 1502 1422 1563 Praeterea
1454 1501 1526 1562 alias
1554 1516 1675 1580 quoque
1708 1500 1741 1562 in
1771 1498 1866 1561 simili
1912 1510 2098 1576 allocuturus

1121 1596 1230 1658 itidem
1263 1593 1361 1656 lorma
1398 1593 1505 1654 Brevis
1537 1593 1640 1656 literas
1674 1592 1791 1656 tenoris
1821 1607 1868 1654 se·
1885 1565 2047 1622 ³⁹⁰⁵¹⁰¹¹⁰²⁰·

1120 1689 1244 1767 quentis
1257 1712 1263 1748 :

1124 1873 1285 1936 Urcioersc's
1319 1873 1591 1955 Cbrdstifidelibns
1622 1879 1802 1952 praesentes
1830 1872 1869 1934 li-

1160 1974 1246 2031 teroa
1272 1969 1481 2046 inspectoris,
1504 1967 1642 2030 salutern
1663 1976 1695 2032 et
1717 1968 1868 2046 apostotl-

1159 2081 1228 2126 ccrn
1250 2063 1508 2126 benedictionem.

1159 2253 1280 2326 ccum,
1296 2251 1375 2314 sicut
1397 2252 1582 2330 accepimus,
1598 2252 1632 2312 in
1653 2251 1789 2314 ecclesiis
1808 2253 1868 2314 cle-
1928 2261 2098 2308 visitantibus

1121 2345 1253 2407 vicorum
1277 2345 1467 2420 regularium
1491 2344 1651 2407 societatis
1672 2345 1739 2407 lesu
1757 2346 1804 2424 pia
1820 2362 1868 2408 er·
1886 2325 2099 2415 ieffiffissffimfigcff

1120 2455 1155 2514 ga
1185 2433 1216 2501 S.
1240 2438 1437 2500 Franciscum
1469 2437 1651 2522 >laver-ium,
1685 2439 1866 2515 praesertim
1885 2422 2098 2521 {gssssslggssgffffi
2134 2507 2138 2520 ι

1119 2532 1151 2593 in
1175 2533 1281 2594 decem
1308 2531 1393 2592 feriis
1420 2531 1518 2592 scitis
1538 2531 1679 2596 eiusdem
1702 2532 1799 2594 sancti
1824 2531 1867 2594 ie·
1886 2529 2009 2574 honorem
2024 2529 2099 2575 8²⁰⁰·

1226 2626 1231 2635 .
1344 2623 1349 2633 .
1605 2625 1610 2634 .
1885 2582 1903 2627 ii
1918 2581 2041 2628 francisci
2054 2585 2099 2628 xa-

1119 2632 1202 2685 stum
1224 2623 1401 2685 immediate
1417 2623 1671 2701 praecedentibus
1692 2623 1743 2686 vel
1763 2624 1866 2685 subsc·
1885 2634 1946 2680 varii
1977 2635 2099 2681 conieci-

1119 2715 1297 2795 quentibus,
1314 2717 1437 2778 devotio
1454 2715 1627 2778 introducta
1648 2717 1754 2792 luerit,
1775 2725 1867 2795 prout
1885 2692 2099 2804 issiisi'nd'iffici'f

1119 2807 1156 2870 de
1178 2808 1333 2886 praesenti
1348 2809 1441 2870 etiam
1463 2807 1564 2884 viget3
1589 2825 1645 2870 nos
1659 2811 1695 2872 ad
1710 2825 1779 2872 eam
1794 2827 1867 2872 con·
1886 2798 1924 2840 ²¹³
1938 2793 2062 2852 plenaria.

1119 2899 1282 2963 fovendam
1314 2906 1345 2962 et
1373 2901 1547 2977 augendam
1575 2901 1717 2965 fidelium
1744 2902 1868 2978 religio·

1119 3009 1193 3055 nem
1214 3001 1245 3054 et
1267 2994 1443 3055 animarum
1465 2993 1599 3056 salutem
1612 2995 1796 3058 coelestibus
1812 2996 1866 3058 Ec·

1118 3087 1227 3150 clasiae
1255 3088 1406 3150 thesauris
1434 3089 1482 3166 pia
1507 3089 1632 3150 caritate
1653 3088 1778 3164 intenti,
1802 3104 1869 3150 om-

1120 3179 1211 3242 nibus
1232 3188 1264 3241 et
1284 3181 1416 3256 singulis
1432 3181 1596 3259 utriusque
1610 3197 1701 3242 serius
1717 3181 1868 3244 Christill-

1120 3273 1200 3336 libus
1228 3289 1303 3334 vere
1334 3273 1567 3352 poenitentibus
1601 3279 1633 3336 et
1660 3273 1807 3337 confessis
1835 3291 1868 3338 ac

1119 3383 1202 3429 sacra
1234 3367 1465 3429 Commuuione
1493 3366 1632 3441 reiectis,
1655 3367 1708 3445 qui
1732 3367 1866 3446 aliquam

1120 3476 1158 3522 eii
1179 3459 1314 3520 ecclesiis
1333 3458 1431 3520 dictae
1446 3459 1607 3522 societatis
1622 3459 1689 3521 lesu
1705 3459 1737 3520 in
1752 3475 1813 3521 uua
1829 3476 1868 3521 eii

1120 3552 1283 3632 praedictis
1294 3550 1380 3613 feriis
1395 3553 1488 3612 sextis
1500 3567 1555 3630 per
1566 3568 1618 3614 eos
1631 3551 1665 3612 ad
1678 3553 1725 3614 sui
1742 3551 1867 3616 libitum

1120 3644 1262 3721 eligenda
1273 3647 1385 3708 devote
1397 3645 1608 3720 visitaverint,
1621 3652 1651 3707 et
1668 3645 1710 3707 ibi
1721 3661 1775 3723 pro
1788 3645 1867 3708 chri·

1119 3737 1291 3799 stianorum
1314 3737 1491 3816 principum
1512 3738 1685 3814 concordia,
1702 3739 1865 3802 haeresum
1912 3734 1916 3742 '

1119 3831 1343 3909 extirpatione,
1372 3837 1403 3892 et
1426 3831 1554 3894 Sanctae
1580 3831 1685 3893 Matris
1714 3831 1867 3894 Ecclesiae

1119 3925 1308 3986 eialtatione
1322 3925 1385 4003 pias
1400 3925 1435 3986 ad
1452 3925 1550 3986 ileum
1565 3941 1670 4003 preces
1685 3925 1865 4002 elluderint,

1120 4021 1289 4099 plenariam
1307 4021 1451 4083 omnium
1466 4028 1661 4098 peccatorum
1676 4035 1803 4082 suorum
1818 4021 1866 4083 in-

1119 4113 1314 4190 dulgentiam
1335 4122 1367 4175 et
1387 4113 1607 4175 remissionem
1625 4113 1866 4176 misericorditer

1120 4207 1152 4267 iii
1174 4207 1305 4268 Domino
1327 4205 1533 4268 concedimus.

1159 4299 1223 4361 ‹ln
1246 4299 1375 4377 reliquis
1389 4317 1464 4363 vero
1479 4301 1564 4364 ieriis
1578 4302 1672 4364 sextis
1687 4299 1864 4363 huiusmodi
1883 4299 1995 4398 1{afflig
2003 4309 2096 4398 2?th

1119 4393 1235 4454 eisdem
1263 4393 1522 4457 christiliucltbus
1553 4411 1628 4456 vere
1652 4396 1766 4474 pariter
1793 4410 1864 4472 poe·
1883 4365 1952 4462 orici
1967 4365 2041 4451 5ειῗιηί
2060 4363 2096 4452 ⁵22

1119 4489 1293 4550 nitentibus
1322 4493 1353 4550 et
1378 4493 1526 4556 confessis
1554 4511 1586 4558 ac
1610 4513 1693 4559 sacra
1720 4498 1864 4560 Commu·
1883 4459 2096 4570 ffissssgffwffl'

1119 4586 1213 4646 irione
1227 4590 1360 4668 reiectis,
1376 4595 1511 4672 aliquam
1533 4612 1571 4657 eii
1590 4597 1753 4676 praedictis
1768 4599 1865 4661 eccle-

1117 4687 1182 4761 siis,
1205 4693 1357 4767 utsupra,
1373 4689 1582 4767 visitantibus
1598 4699 1629 4753 et
1646 4692 1761 4755 ibidem
1776 4707 1865 4753 oran·

1119 4780 1216 4855 tibus,
1239 4797 1299 4860 qua
1326 4782 1401 4846 leria
1431 4785 1657 4861 praedictarum
1679 4786 1708 4848 id
1730 4786 1863 4862 egerint,

1117 4882 1238 4951 septem
1266 4891 1364 4936 annos
1384 4883 1416 4938 et
1439 4878 1568 4942 totidem
1596 4877 1806 4956 quadragenas
1828 4879 1865 4942 de

1119 4965 1267 5030 iniunctis
1288 4969 1344 5043 eis,
1359 4985 1414 5031 seu
1434 4969 1507 5032 alias
1529 4972 1761 5048 quomodolibet
1782 4972 1866 5034 debi-

1119 5060 1169 5134 tis,
1187 5061 1386 5138 poenitentiis
1400 5061 1433 5123 in
1446 5061 1543 5124 fornia
1556 5063 1708 5128 Ecclesiae
1721 5072 1865 5128 consueta

1119 5151 1302 5216 relaxamus.

1158 5247 1405 5312 <Praesentibus
1416 5247 1451 5309 ad
1463 5253 1664 5329 septennium
1679 5259 1802 5315 tantum
1814 5269 1865 5312 va·
1884 5235 2098 5342 lfflffifflffl‘ff

1119 5340 1231 5403 lituris.
1256 5339 1407 5404 Volumus
1437 5344 1543 5419 etiam,
1569 5351 1615 5419 ut,
1637 5345 1661 5404 si
1684 5361 1740 5422 pro
1768 5345 1866 5424 impe·
1884 5342 2033 5442 {ffflssigum
2052 5351 2097 5387 va-

1119 5434 1266 5510 tratioue,
1294 5435 1554 5514 praesentatione,
1583 5438 1778 5513 admissione,
1811 5455 1866 5500 seu
1988 5429 1993 5439 ’

1120 5526 1327 5605 publicatione
1357 5529 1568 5606 praesentium
1594 5530 1710 5608 aliquid
1736 5531 1788 5592 vel
1809 5533 1867 5593 mi·

1120 5620 1243 5681 nimum
1264 5621 1356 5683 detur
1377 5627 1431 5683 aut
1452 5627 1562 5700 sponte
1581 5623 1719 5685 oblatum
1740 5624 1866 5702 recipia-

1118 5720 1183 5787 tur,
1199 5721 1378 5791 praesentes
1393 5713 1498 5776 nullae
1519 5715 1597 5792 siut;
1620 5717 1765 5794 quodque
1780 5733 1866 5795 prae·

1118 5806 1254 5868 sentium
1279 5807 1491 5884 transumptis,
1512 5823 1568 5869 seu
1588 5809 1751 5886 exemplis,
1774 5811 1865 5873 etiam

1120 5898 1295 5976 impressis,
1321 5914 1417 5962 mauu
1447 5900 1576 5964 alicuius
1607 5902 1720 5966 notarii
1749 5903 1866 5983 publici
