4708 6978
338 608 392 662 An.
407 608 437 662 d.
459 607 527 660 1747
578 603 637 667 312

558 739 589 804 S.
607 738 719 802 Sedent
740 738 825 800 iuxta
847 735 1007 816 synodum
1029 735 1201 798 Zamosciae
1223 748 1305 796 anno

558 849 699 898 noccxr.
725 830 769 912 (l)
793 830 931 894 habitam
953 828 1093 906 legitime
1114 835 1247 907 spectet,
1265 843 1305 888 ne

559 931 688 1003 interea,
712 925 860 1006 usquead
877 923 1063 986 electionem
1084 924 1157 985 novi
1179 922 1306 985 archie-

559 1023 683 1100 piscopi,
708 1021 774 1082 iura
796 1019 891 1097 Ipsius
912 1017 1066 1092 ecclesiae,
1090 1023 1143 1078 aut
1165 1015 1304 1078 ecclesia·

556 1117 649 1178 sticae
671 1112 849 1192 disciplinae
863 1111 1008 1185 ratIones,
1025 1109 1168 1188 salusque
1187 1111 1305 1172 anima-

558 1224 628 1270 rum
649 1206 875 1269 detrimentum
889 1205 1020 1283 capiant,
1038 1218 1094 1264 nos
1116 1203 1302 1282 praemissis,

556 1309 709 1381 quantum
732 1301 821 1364 nobis
842 1317 880 1362 ex
902 1300 963 1361 alto
983 1297 1174 1372 conceditur,
1193 1313 1305 1360 consu·

557 1396 620 1458 lere
641 1395 814 1473 cupientes,
837 1410 870 1456 ac
891 1391 928 1454 de
950 1408 1023 1454 ven.
1047 1390 1150 1453 iratris
1168 1390 1302 1453 Floriani

556 1489 784 1568 dr·chiepIscopi
806 1487 943 1550 Rutbeni
956 1487 1121 1549 Phocensis
1143 1487 1214 1561 tide,
1231 1500 1305 1563 pru-

556 1583 671 1657 dentii,
687 1582 823 1657 caritate,
839 1581 999 1657 vigilantii
1013 1589 1045 1643 et
1060 1579 1221 1657 religionis
1236 1579 1304 1641 zelo

556 1676 729 1754 plurimum
758 1676 790 1737 in
817 1675 948 1738 Domino
979 1674 1103 1750 confisi,
1138 1675 1303 1752 ipsumque

556 1771 735 1833 Florianum
751 1768 1024 1847 arehiepiscopum
1039 1785 1054 1829 a
1070 1766 1231 1846 quibusvis
1253 1783 1304 1828 es·

555 1862 855 1936 communicationis,
880 1861 1103 1939 suspensionis,
1133 1860 1303 1936 interdicti,

556 1957 683 2035 aliisque
703 1955 914 2018 ecclesiasticis
928 1955 1102 2030 sententiis,
1119 1953 1258 2016 censuris
1273 1959 1304 2014 et

556 2049 673 2128 poenis,
697 2065 712 2108 a
735 2048 801 2111 iure
825 2048 874 2110 vel
895 2048 932 2109 ab
953 2048 1080 2110 bomine
1098 2047 1205 2125 quavis
1220 2063 1303 2109 occa-

554 2143 643 2204 sione
664 2140 716 2203 vel
735 2158 822 2203 causa
851 2139 931 2214 latis,
954 2141 978 2202 si
1001 2141 1114 2218 quibus
1136 2139 1305 2218 quomodo-

558 2235 630 2297 libet
651 2233 818 2296 innodatus
844 2234 961 2309 existit,
984 2235 1020 2295 ad
1047 2233 1193 2295 ellectum
1215 2248 1301 2312 prae-

555 2328 693 2390 sentium
724 2334 847 2389 tantum
883 2327 1154 2405 consequendum,
1193 2325 1304 2387 barum

555 2422 635 2482 serie
650 2420 843 2482 absolventes
860 2428 890 2483 et
906 2419 1081 2482 absolutum
1097 2419 1162 2482 lore
1177 2435 1306 2482 censen-

559 2522 614 2589 tes,
638 2513 822 2576 fraternitati
851 2523 923 2576 tuae
945 2529 998 2590 per
1026 2521 1201 2590 praesentes
1223 2529 1304 2576 otm-

557 2608 711 2670 mittimus
733 2616 763 2670 et
785 2606 967 2669 mandamus
995 2615 1041 2681 ut,
1065 2606 1232 2668 eveniente
1253 2624 1304 2668 va·

556 2701 676 2764 catione
698 2700 952 2779 metropolitanae
980 2699 1124 2762 ecclesIae
1144 2699 1306 2762 liutbeno-

557 2809 639 2869 rum,
663 2795 808 2857 eumdem
830 2789 1009 2855 Florianum
1031 2792 1304 2872 ArcbIepiscopum

558 2887 590 2949 in
613 2887 915 2951 administrationem
943 2887 1087 2949 scelestae
1114 2886 1304 2962 huiusmodi,

559 2982 702 3060 usquead
714 2980 898 3043 electionem
909 2997 942 3043 ac
953 2981 1220 3043 confirmationem
1232 2980 1306 3042 novi

556 3073 769 3153 Metropolitae
797 3075 833 3136 ab
860 3075 914 3136 bac
947 3074 977 3138 S.
1016 3073 1094 3138 Sede
1123 3073 1304 3150 laciendum,

556 3169 738 3231 auctoritate
759 3168 921 3248 apostolici
942 3169 1072 3248 deputes
1084 3178 1114 3231 et
1125 3169 1305 3243 constituas,

557 3260 666 3340 illique
676 3262 976 3324 administrationem
992 3262 1169 3325 huiusmodi
1181 3264 1306 3325 deman·

557 3355 620 3432 des,
643 3361 709 3418 tum
733 3356 767 3417 in
795 3355 1006 3436 spiritualibus
1037 3365 1103 3420 tum
1133 3355 1163 3416 in
1187 3363 1304 3436 tempo·

597 3589 628 3648 (ι)
643 3589 707 3636 vide
725 3589 804 3636 Clam.
819 3591 860 3635 xt.
879 3593 967 3636 Vertis
986 3594 1146 3644 septimane,
1163 3592 1223 3636 Ben.
1238 3592 1302 3636 XIII.

556 3660 726 3712 apostolatus
740 3661 861 3712 officium,
874 3659 901 3702 et
911 3660 995 3703 Innoc.
1012 3659 1040 3702 X.
1058 3660 1130 3704 Alias
1144 3669 1161 3703 a
1174 3663 1256 3710 seticis
1266 3671 1305 3704 re-

555 3729 726 3770 cordationis.

596 3793 626 3849 (2)
642 3795 679 3837 Ex
693 3792 759 3838 Bull.
775 3791 856 3838 huius
870 3795 942 3838 Pont.
959 3791 998 3838 ed.
1014 3803 1079 3838 rom.

596 3860 627 3917 (3)
642 3860 758 3906 Primam
773 3859 909 3906 excitatis
930 3859 1017 3906 literis
1032 3873 1083 3918 ap,
1097 3873 1166 3919 quae
1179 3861 1304 3919 reprobat

554 3925 667 3973 abusum
687 3926 757 3974 inter
777 3927 907 3973 moniales
928 3929 1107 3985 Portugalliae
1122 3929 1148 3974 et
1164 3927 1303 3986 algarbiae

554 3995 696 4049 invectum,
711 3993 796 4050 quoad
815 3993 916 4039 exitum
935 3997 1011 4040 extra
1025 3994 1151 4051 claustra,
1166 3997 1257 4052 utpote
1272 3997 1303 4040 de

554 4071 584 4107 re
598 4061 754 4118 particulari
775 4063 898 4118 agentem
919 4071 971 4107 non
992 4061 1146 4116 referimus;
1162 4061 1303 4108 secundam

554 4139 617 4176 vero
637 4129 839 4176 transcribimus
853 4129 887 4175 ad
901 4128 944 4175 ius
966 4128 1116 4175 universale
1137 4129 1303 4186 regularium

554 4197 741 4253 pertinentem,
762 4197 830 4254 quod
851 4195 932 4242 etlam
952 4194 980 4240 in
1000 4195 1064 4242 locis
1086 4196 1242 4242 missionum
1264 4198 1305 4240 est

554 4264 759 4319 observandum,
782 4274 842 4309 cum
864 4263 921 4320 ipsa
943 4262 975 4307 de
998 4263 1122 4310 clausura
1147 4261 1303 4308 monialium

554 4333 626 4388 agat,
639 4331 777 4377 contirmet
792 4331 934 4376 circaeam
952 4330 1141 4376 ecclesiasticas
1156 4327 1304 4376 sanctiones

555 4401 582 4444 et
595 4399 699 4444 revocet
719 4397 945 4444 extraordinarias
966 4397 1105 4444 facultates
1120 4397 1191 4442 circa
1205 4395 1305 4453 ingres·

555 4475 614 4510 sum
629 4469 656 4510 et
673 4476 825 4522 regressum
840 4464 1003 4510 monialium.

660 4613 663 4620 ·
763 4601 956 4645 BENEDICTUS
974 4601 1018 4644 Pr.
1034 4601 1096 4645 XIV.

707 4738 743 4782 ed
753 4739 917 4790 perpetuam
930 4737 971 4778 ret
985 4735 1150 4778 memoriam.

371 4886 465 4934 pmcn
485 4895 536 4932 mo.
596 4867 718 4918 salutare
732 4869 760 4915 in
770 4868 900 4917 catholica
910 4867 1020 4914 ecclesia
1029 4865 1192 4922 institutum,
1202 4864 1236 4910 ab
1247 4865 1304 4922 ipsa

325 4939 439 4987 autolium
461 4939 536 4986 clau·
555 4937 716 4996 antiquitate
734 4939 895 4994 susceptum,
909 4945 939 4982 ac
953 4937 1029 4982 tanta
1047 4946 1107 4980 cum
1126 4931 1304 4979 sollicitudine

325 5005 387 5040 ΝΜ
401 4994 538 5054 “inierit
556 5009 582 5052 et
596 5004 724 5063 pastorali
743 5004 798 5050 zelo
817 5003 989 5059 custoditum,
1004 5004 1034 5047 ut
1054 5002 1101 5048 llos
1121 4999 1167 5047 ille
1186 4999 1305 5046 ecclesia·

326 5048 537 5096 ecolesinaeructc

325 5102 382 5157 sitii.

556 5073 617 5120 stIci
637 5071 778 5130 germinis,
796 5072 874 5117 decus
893 5073 972 5127 atque
993 5071 1179 5116 ornamentum
1200 5067 1304 5124 gratiae

556 5141 714 5200 spirltualis,
728 5141 798 5186 laeta
813 5139 921 5194 indoles,
935 5138 1022 5184 laudis
1037 5140 1063 5183 et
1074 5135 1181 5182 honoris
1191 5145 1256 5192 opus
1266 5135 1304 5180 in·

558 5217 672 5264 regrum,
686 5210 766 5264 atque
779 5206 972 5262 incorruptum,
987 5203 1032 5249 Dei
1046 5201 1135 5259 imago
1144 5203 1304 5260 respondens

556 5276 589 5320 ad
603 5272 806 5320 sanctimoniam
827 5270 939 5325 DomIni,
953 5267 1087 5316 illustrior
1108 5267 1194 5326 portic
1214 5267 1303 5324 gregis

557 5340 668 5396 christi,
687 5350 777 5385 sacrae
799 5336 927 5394 virgines,
948 5347 1070 5393 quarum,
1090 5345 1141 5392 quo
1164 5333 1304 5380 sublimior

557 5408 642 5465 gloria
656 5409 705 5462 est,
719 5405 805 5452 maior
819 5407 845 5450 et
858 5415 923 5450 cura
937 5406 986 5460 est,
997 5404 1069 5450 intra
1079 5401 1303 5448 monasteriorum

557 5478 631 5532 septa
645 5477 672 5519 et
685 5473 803 5519 claustra
818 5471 893 5529 vigili
907 5471 1070 5528 sollchtaque
1085 5469 1205 5515 custodia
1219 5479 1304 5514 serva·

557 5545 659 5594 rentur,
674 5543 730 5586 tam
750 5543 820 5596 ante,
842 5549 923 5596 quern
943 5539 1002 5595 poet
1022 5535 1191 5582 Tridentinae
1206 5535 1304 5592 synodi

556 5609 669 5663 decreta,
691 5606 803 5652 Romani
823 5605 962 5650 Pontifices
984 5604 1197 5662 praedecessores
1218 5603 1304 5650 nostri

556 5677 596 5722 tot
610 5673 785 5720 sanctissimis
800 5671 911 5730 legibus,
926 5675 952 5718 et
966 5671 1041 5717 initis
1052 5670 1210 5729 apostolicae
1221 5669 1305 5728 provi·

556 5741 659 5789 dentiae
673 5742 848 5799 caritatisque
861 5739 979 5786 consiliis
993 5740 1159 5785 communire
1172 5741 1200 5784 et
1212 5737 1304 5783 conflr-

557 5821 630 5858 mare
644 5810 812 5865 studuerunt,
827 5811 866 5864 ut,
880 5818 948 5865 quae
962 5819 989 5854 se
1000 5807 1105 5854 christo
1114 5805 1267 5862 dicaverim,
1277 5807 1304 5850 et

556 5876 695 5924 acarnali
717 5875 928 5932 concupiscentia
950 5875 1114 5930 recedentes,
1139 5877 1194 5921 tam
1216 5885 1304 5929 carne,

557 5955 636 6000 quam
658 5947 746 5988 mente
768 5945 866 5988 sebee
886 5943 1015 6000 voverint,
1033 5943 1218 5989 consumment
1238 5953 1303 6000 opus

557 6021 635 6062 suum
649 6021 747 6068 magno
759 6009 878 6068 praemio
892 6009 1063 6056 destInatum.

1085 613 1147 660 toll.
1172 611 1264 660 bour.
1288 609 1327 658 bu
1349 613 1378 658 P.
1402 609 1430 658 Ρ.
1455 609 1538 658 PARS
1560 609 1580 657 i·

1359 731 1491 810 ralibus3
1521 732 1769 809 quibuscumque
1792 729 1824 792 in
1851 727 2042 792 contrarium
2063 726 2109 788 la·

1359 825 1513 888 olentibus
1535 841 1599 888 non
1621 823 1825 886 obstantibus.

1398 920 1510 982 Datum
1537 919 1670 992 Rornae,
1696 917 1775 996 apud
1800 914 1832 978 S.
1857 915 1984 978 llariam
2012 913 2108 976 llaio-

1359 1028 1437 1087 rem,
1459 1012 1517 1074 sub
1537 1011 1656 1074 annulo
1678 1009 1849 1084 Piscatoris,
1876 1007 1925 1070 die
1946 1023 2013 1069 ιιι.
2041 1007 2105 1068 ian.

1361 1121 1562 1183 nonerunt,
1585 1104 1782 1184 pontificatus
1802 1103 1901 1165 nostri
1925 1118 2007 1165 anno
2029 1117 2084 1163 vn.

1614 1303 1854 1316 m

1639 1484 1830 1550 txxxvdl.

1361 1669 1567 1750 Confirmatis
1583 1671 1668 1733 ieris
1686 1667 1952 1750 dispositionibus
1968 1669 2004 1731 de
2019 1667 2110 1732 cicc·

1397 1781 1477 1826 suro
1505 1764 1709 1838 monialium,
1736 1764 1772 1826 de
1793 1764 1968 1842 receptione
1995 1760 2112 1824 molie-

1400 1873 1473 1919 ram
1494 1857 1531 1918 ia
1551 1857 1758 1920 monasteriis
1780 1857 1923 1936 disponit
1944 1856 2000 1936 (ἲ).
2064 1880 2072 1934 r

1448 2040 2019 2127 immmmmmmmm

1521 2134 1947 2242 mmmwmffimi

1505 2322 1772 2392 ammiates
1789 2322 1850 2392 ΡΡ.
1870 2321 1942 2390 tlt.
2036 2315 2038 2320 '

1575 2511 1894 2593 lmmmmm

1393 2604 2070 2693 smmmmmmmmmmmm

1360 3079 1557 3157 incipientes:
1584 3077 1665 3140 Cena
1678 3095 1848 3142 sacrorum
1867 3077 2048 3158 Virpionm:
2065 3077 2107 3138 al-

1360 3178 1442 3232 terae
1474 3187 1549 3232 vero
1571 3173 1621 3234 die
1641 3188 1689 3233 ιιι.
1715 3171 1830 3234 mensis
1862 3171 1992 3232 ianuarii
2025 3185 2108 3232 anno

1361 3279 1526 3326 uoccxcrr.
1551 3264 1660 3326 itidem
1682 3265 1884 3342 incipientes:
1904 3263 2058 3326 Sclotore
2072 3263 2109 3324 ia

1361 3355 1521 3419 catholico
1545 3357 1688 3421 Ecclesia
1710 3357 1906 3420 institutum
1927 3357 1987 3437 (3):
2006 3373 2039 3419 ea
2055 3373 2109 3435 op-

1400 2796 1457 2859 Pei
1477 2797 1563 2861 binas
1585 2799 1657 2861 allas
1690 2807 1810 2861 nostras
1832 2799 1864 2861 in
1887 2798 1981 2860 Simili
2010 2797 2109 2859 sol'ma
2172 2817 2247 2870 Leges
2264 2825 2328 2870 super

1360 2891 1462 2953 brevis
1484 2892 1600 2968 literas,
1623 2909 1757 2972 quarum
1779 2909 1859 2955 unae
1878 2892 2005 2971 quidem
2020 2893 2109 2953 datae
2129 2868 2328 2970 ξξῧὲῗῖξῑζξοὲζ

1360 2984 1489 3047 luerunt
1511 2986 1559 3047 die
1582 3003 1603 3046 ι.
1631 2987 1744 3048 meusIs
1759 2985 1839 3047 iunii
1855 3002 1937 3047 anno
1952 2999 2106 3047 nnccxcr.
2130 2976 2290 3024 nunciantur.
2343 2969 2344 3008 l

1397 3593 1447 3641 sl.
1467 3591 1596 3642 Quoniam
1618 3593 1718 3646 autem,
1739 3590 1790 3637 etsi
1810 3590 1933 3648 providas
1954 3588 2109 3635 huiusmodi
2148 3605 2278 3652 peram-0
2289 3604 2320 3649 pp.
2343 3593 2344 3626 l

1357 3657 1514 3715 sanctiones,
1528 3657 1792 3716 constitutionesque,
1807 3659 1830 3704 si
1844 3669 1884 3714 ea,
1898 3667 1951 3715 qua
1971 3658 2053 3712 decet,
2068 3667 2108 3702 re·
2127 3659 2170 3704 ias
2187 3657 2321 3721 disciptinae
2343 3669 2344 3714 ι

1356 3725 1458 3782 gularis
1473 3725 1627 3784 disciplinae
1641 3725 1810 3772 observantia
1823 3725 2030 3781 custodirentur,
2040 3723 2107 3771 satls
2127 3713 2162 3776 (21²
2209 3712 2323 3770 “dimili
2343 3719 2344 3776 t

1357 3803 1415 3838 esse
1429 3793 1536 3850 scimus,
1551 3796 1581 3838 ut
1596 3792 1713 3850 virgines
1728 3804 1767 3848 ea,
1781 3804 1849 3850 quae
1868 3793 1991 3839 caelestis
2005 3801 2108 3838 earum·
2126 3771 2237 3814 ‘'²⁹²⁶‘st-

1357 3859 1416 3904 dem
1430 3858 1519 3917 spousi
1534 3863 1593 3905 Iesu
1608 3858 1706 3904 christi
1723 3862 1794 3914 sunt,
1808 3858 1965 3916 cogitantes,
1980 3859 2034 3904 sint
2048 3869 2106 3904 san-

1357 3929 1415 3972 ctae
1429 3931 1456 3972 et
1469 3937 1579 3984 corpore
1599 3929 1626 3972 et
1646 3927 1758 3984 spirltu;
1778 3925 1856 3982 longa
1870 3931 1960 3972 tamen
1974 3925 2108 3984 experien-

1358 3994 1395 4040 tia
1409 3995 1503 4050 edocti,
1517 3997 1544 4040 et
1562 3995 1678 4041 assiduis
1699 3993 1892 4040 venerabiIIum
1913 3993 2027 4040 fratrum
2041 3993 2106 4040 alia·

1357 4073 1417 4107 rum
1440 4061 1612 4108 ecclesiarum
1635 4061 1793 4108 nullstitum
1819 4061 1936 4120 querelis
1959 4059 2106 4117 admoniti,

1357 4139 1495 4186 supremas
1508 4129 1668 4186 apostolicae
1686 4128 1854 4174 auctoritatis
1873 4127 2106 4186 providentiaeque

1357 4197 1445 4252 partes
1460 4196 1570 4253 requiri,
1583 4199 1613 4241 ut
1627 4195 1754 4242 abusibus
1764 4195 1969 4253 quamplurimis
1980 4205 2012 4240 ex
2022 4195 2107 4241 nimia

1357 4273 1593 4320 quorumcumque,
1613 4268 1662 4309 aut
1680 4262 1731 4308 sibi
1751 4273 1916 4320 quocumque
1937 4268 2014 4319 pacto
2035 4272 2107 4308 arro

1357 4330 1486 4386 gantiam,
1508 4333 1556 4376 aut
1577 4327 1817 4388 praetendentium,
1838 4333 1886 4375 ant
1906 4329 2106 4375 obtendentium

1357 4397 1511 4442 facultatem
1524 4397 1593 4443 alias
1608 4397 1659 4444 sibi
1668 4396 1872 4456 quomodolibet,
1882 4397 1937 4442 sire
1950 4396 2042 4452 alure,
2051 4397 2107 4442 sive

1357 4464 1390 4510 ab
1404 4463 1511 4510 homine
1522 4475 1673 4512 concessam
1684 4465 1725 4510 vel
1734 4464 1955 4510 demandaturum
1965 4474 2106 4509 munerum

1358 4531 1461 4577 ratione
1475 4531 1593 4578 debitam
1608 4543 1673 4586 esse,
1689 4533 1718 4577 ut
1732 4530 1786 4577 slve
1801 4531 1860 4589 ipsi,
1874 4531 1928 4576 eive
1938 4530 1994 4586 alii,
2003 4529 2108 4588 ingredi

1357 4599 1509 4644 clausuram
1529 4599 1696 4656 monialium,
1711 4602 1759 4644 aut
1773 4599 1845 4657 ipsae
1863 4598 1992 4644 moniales
2009 4609 2022 4644 e
2038 4598 2107 4644 clau·

1357 4666 1465 4712 suraob
1479 4677 1659 4723 quascumque
1680 4666 1762 4712 etiam
1784 4677 1836 4712 non
1858 4665 1992 4723 legitimas
2013 4676 2107 4712 causas

1358 4734 1456 4791 egredi,
1471 4736 1498 4779 et
1511 4738 1589 4780 extra
1602 4734 1755 4785 clausuram
1774 4734 1929 4780 huiusmodi
1947 4733 2107 4780 commorari

1359 4798 1468 4856 possint,
1482 4799 1617 4847 licentiam
1638 4800 1803 4856 concedendi,
1822 4799 1988 4858 indulgentia
2009 4802 2107 4846 sensim

1358 4867 1477 4924 invectis,
1493 4870 1639 4925 opportune
1654 4872 1818 4914 occurratur.

1397 4937 1445 4984 ⁵2.
1460 4935 1525 4980 Illnc
1545 4937 1594 4991 est,
1609 4936 1678 4992 quod
1698 4946 1754 4992 nos,
1773 4943 1821 4992 pro
1842 4947 1967 4992 suprema
1987 4935 2107 4982 omnium
2156 4953 2324 5008 Pompam.

1358 5000 1577 5048 Christiildelium
1599 5002 1784 5060 procuratione
1801 5002 1981 5048 imbecillitati
2000 5005 2107 5048 nostrae
2124 5009 2211 5065 firmet
2234 5005 2323 5066 praede·
2343 5009 2344 5066 j

1356 5068 1385 5114 in
1400 5069 1558 5115 universalis
1573 5070 1739 5115 orthodoxae
1753 5069 1884 5116 Ecclesiae
1899 5068 2029 5126 regimine
2043 5069 2109 5114 diri·
2126 5073 2247 5109 casseratas
2271 5070 2322 5105 cca-

1357 5135 1430 5182 nitus
1452 5134 1584 5193 imposita,
1606 5137 1785 5193 opportunum
1806 5137 1934 5182 abusibus
1953 5135 2108 5182 huiusmodi
2125 5115 2271 5162 mmmm·
2343 5181 2344 5186 ,

1359 5203 1514 5260 remedium,
1529 5205 1659 5260 quantum
1673 5215 1733 5248 curn
1748 5204 1857 5250 Domino
1872 5215 2020 5260 possumus,
2035 5203 2109 5250 adbi-

1357 5270 1419 5316 bere
1430 5273 1594 5327 satagentem
1605 5270 1765 5316 auctoritate
1774 5271 1928 5327 apostolica,
1936 5274 2027 5318 tenore
2035 5282 2109 5328 prae
2150 5273 2152 5280 '

1358 5334 1482 5392 sentium,
1496 5345 1587 5381 omnes
1602 5337 1628 5381 et
1643 5335 1762 5392 singulas
1776 5335 1979 5382 constitutiones
1989 5348 2005 5382 a
2014 5339 2109 5382 Roma-

1359 5404 1399 5448 nis
1413 5402 1584 5449 Pontificibus
1597 5401 1842 5460 praedecessoribus
1852 5403 1959 5459 nostris,
1971 5406 2027 5450 tam
2036 5407 2107 5460 ante,

1358 5481 1438 5528 quam
1453 5474 1512 5528 post
1527 5469 1636 5516 concilii
1650 5468 1799 5514 Tridentini
1815 5468 1928 5526 decreta,
1945 5481 2025 5528 super
2039 5471 2108 5516 clau-

1358 5545 1423 5583 sura
1437 5537 1595 5583 monialium
1609 5536 1694 5582 editas
1704 5546 1862 5582 renovamus
1872 5540 1899 5582 et
1908 5537 2107 5594 confirmamus,

1358 5615 1458 5651 necnon
1469 5604 1644 5662 imposterum
1654 5604 1687 5650 ab
1698 5603 1821 5649 omnibus
1831 5606 1858 5649 et
1869 5603 2031 5661 singulisne
2042 5616 2108 5663 quos

1358 5675 1467 5730 spectat,
1481 5675 1507 5717 et
1522 5671 1550 5716 in
1565 5671 1684 5716 suturam
1699 5671 1837 5728 spectabit,
1852 5671 1901 5718 sub
1912 5671 2007 5718 iisdem
2017 5672 2108 5729 poenis

1357 5737 1384 5784 in
1398 5737 1633 5784 constitutionibus
1648 5738 1801 5784 eorumdem
1817 5738 2050 5795 praedecessorum
2064 5751 2108 5785 no·

1358 5811 1477 5854 strorum
1495 5810 1676 5852 Romanorum
1697 5807 1863 5864 Pontificum,
1878 5809 1905 5852 et
1919 5807 2032 5854 decretis
2046 5811 2108 5854 con-

1358 5875 1413 5921 cilii
1428 5873 1576 5919 Tridentini
1590 5873 1704 5932 praefati
1715 5875 1855 5929 contentis,
1866 5873 2057 5920 invIolabiliter
2067 5874 2109 5920 ob

1359 5943 1500 5989 servandas
1522 5952 1578 5987 esse
1599 5940 1759 5998 statuimus,
1780 5941 1961 5999 decernimus,
1983 5940 2108 6000 praecipi-

1360 6020 1428 6068 mns‚
1444 6013 1523 6067 atque
1538 6008 1704 6055 mandamus.
