4708 6978
64 2275 133 2320 tractio
144 2273 217 2318 dicta·

49 2342 84 2376 run
101 2329 215 2373 duarum

15 2401 16 2436 t
49 2383 215 2442 praetaxatarum.

871 633 1068 680 ammonicius
1092 634 1154 678 XlV.

239 753 456 832 dignitatibus,
488 755 720 819 canonicatibus
742 762 773 818 et
802 753 984 832 praebendis

238 870 270 916 ac
291 851 450 914 beneficiis
476 851 698 926 instituendas,
725 850 830 913 eadem
853 850 985 912 auctori-

239 952 298 1008 tate
319 946 415 1006 etiam
436 952 588 1024 perpetuo
611 960 804 1007 reservamus
826 951 856 1006 et
878 960 984 1008 conce-

238 1039 356 1116 dimus3
381 1041 583 1101 decernentes
605 1039 831 1118 iuspatronatus
847 1047 878 1100 et
900 1055 986 1118 pcae-

237 1133 378 1194 sentaudi
400 1133 580 1195 huiusmodi
600 1132 705 1194 loanni
721 1140 752 1194 et
767 1147 824 1210 pro
847 1138 984 1210 tempore

238 1225 441 1288 existentibus
454 1225 589 1302 Regibus
600 1223 742 1304 praelatis
757 1239 795 1287 ex
810 1225 903 1288 meris
914 1225 986 1288 iun-

238 1318 414 1382 dationibus
435 1326 466 1379 et
487 1319 694 1382 dolationibus
709 1327 901 1398 competere3
924 1320 984 1381 illi-

238 1429 297 1491 que
318 1413 411 1474 etiam
432 1428 487 1490 per
509 1411 621 1476 Sedem
636 1411 788 1487 eamdem,
805 1413 897 1474 etiam
913 1429 985 1475 con-

237 1505 452 1581 sistorialiter,
475 1521 671 1584 quacumque
699 1505 817 1568 ratione
845 1507 985 1582 derogari

238 1617 300 1662 non
331 1597 523 1677 posse,'nec
554 1601 738 1677 derogatum
763 1601 901 1673 censeri,
924 1601 985 1660 nisi

237 1695 333 1772 ipsius
354 1694 476 1756 loannis
498 1701 529 1756 et
549 1710 606 1773 pro
630 1701 768 1773 tempore
783 1695 984 1758 existentium

238 1788 359 1864 Regum
382 1786 587 1865 praelatorum
607 1789 642 1850 ad
665 1787 694 1848 id
715 1804 879 1866 expressus
903 1804 985 1871 acce·
1017 1853 1019 1860 ,

236 1883 287 1942 dat
307 1897 468 1957 assensus,
490 1880 567 1942 etsi
589 1880 678 1942 aliter
691 1882 801 1958 quovis
823 1883 913 1944 modo
935 1883 985 1944 de·

237 1979 377 2049 rogetur,
393 1971 609 2050 derogationes
628 1972 805 2035 huiusmodi
819 1988 891 2035 cum
914 1973 985 2035 inde

236 2067 349 2128 secutis
381 2065 499 2128 nullius
528 2065 661 2141 roboris,
694 2066 843 2128 elucaciae
868 2073 898 2128 et
920 2081 984 2126 mo·

237 2159 337 2222 menti
358 2158 436 2221 lore.

276 2254 421 2328 Quartam
444 2267 518 2315 vero
540 2260 570 2314 et
591 2252 734 2331 quintam
752 2260 852 2330 partes
874 2251 984 2314 divisas

236 2346 385 2426 praelatas
400 2354 442 2422 et,
455 2355 489 2409 ut
505 2345 690 2426 praefertur,
703 2345 883 2425 praelaturis
899 2345 985 2406 Gola-

235 2441 328 2502 siensi
349 2446 381 2501 et
403 2440 584 2507 Colobaensi
606 2449 648 2514 et,
672 2447 706 2501 ut
727 2437 807 2500 inira
829 2437 984 2524 erigendis

235 2533 409 2611 respective
430 2534 597 2610 assignatas
618 2529 690 2594 cum
718 2532 844 2595 illorum
867 2546 985 2610 respec-

236 2629 300 2689 tive
324 2626 507 2702 territoriis,
537 2625 672 2704 oppidis,
696 2624 789 2700 villis,
820 2624 905 2699 locis,
928 2639 986 2685 nec

236 2736 299 2782 non
321 2719 416 2795 clero,
439 2720 554 2798 populo
568 2729 598 2781 et
612 2719 763 2798 personis,
777 2734 811 2780 ac
830 2724 983 2779 monaste-

235 2813 302 2888 riis,
332 2813 486 2886 ecclesiis,
519 2812 656 2889 collegiis
688 2819 718 2873 et
746 2813 804 2890 piis
834 2811 920 2885 locis,
951 2827 984 2872 ac

235 2905 395 2968 beneficiis
409 2905 618 2968 ecclesiasticis
641 2904 847 2966 saecularibus
861 2911 893 2965 et
907 2919 983 2982 quo-

235 2999 357 3060 rumvis
378 2998 524 3060 ordinum
551 2997 746 3074 regularibus
767 2996 804 3057 ab
828 2995 915 3058 omui
938 2996 984 3058 iu·

236 3091 428 3166 risdictione‚
450 3091 653 3167 subiectione,
669 3089 900 3170 superioritate,
919 3107 984 3152 cor·

234 3185 385 3259 rectione,
408 3185 584 3246 visitatione
606 3192 636 3246 et
658 3190 807 3264 potestate
822 3199 884 3262 pro
905 3191 983 3244 tem-

235 3293 309 3356 pore
331 3277 493 3339 existentis
505 3277 644 3356 Episcopi
659 3277 813 3339 Fluminis
835 3275 982 3350 Ianuarii,

235 3371 365 3449 eiusque
386 3371 586 3446 vicariorum,
608 3377 639 3431 et
666 3369 857 3444 officialium,
882 3385 916 3430 ac
937 3385 983 3430 so·

235 3462 357 3524 lotione
370 3479 641 3543 quorumcumque
663 3463 780 3526 iurium
795 3462 898 3524 eidem
914 3461 985 3541 Epi-

234 3572 326 3634 scopo
358 3565 388 3619 et
417 3556 536 3619 dilectis
570 3557 641 3618 siliis
673 3555 806 3635 capitulo
838 3555 983 3618 ecclesiae

236 3650 392 3713 Fluminis
423 3650 555 3712 ianuarii
578 3667 631 3729 per
659 3651 797 3724 clerum,
821 3648 982 3728 populum,

236 3761 269 3806 ac
284 3760 432 3822 personas
444 3745 674 3806 territoriorum
685 3743 869 3806 Golasiensis
881 3749 912 3803 et
924 3744 985 3806 Cu-

236 3836 386 3900 iabaensis
415 3838 593 3901 huiusmodi
623 3839 744 3901 ratione
771 3836 982 3912 subiectionis,

234 3931 470 4010 superioritatis,
495 3932 730 4008 iurisdictionis,
754 3942 806 3997 aut
835 3933 983 3998 visitatio-

235 4023 284 4084 uis
306 4023 399 4086 etiam
416 4023 563 4086 dioecesis
584 4027 755 4104 respective
775 4027 923 4104 iacienda,
941 4029 1003 4089 ita.

235 4117 317 4195 quod
341 4119 520 4180 decaetero
543 4118 696 4196 praelatus
723 4121 892 4199 Episcopus
913 4121 983 4184 vtu-

235 4211 329 4273 minis
352 4211 484 4274 ianuarii
498 4212 633 4291 aliquam
655 4213 902 4277 iurisdictionem
923 4215 982 4292 spi-

237 4306 382 4368 ritualem
395 4307 426 4367 in
443 4306 564 4385 oppida,
578 4308 740 4383 terminos,
760 4309 845 4371 villas
860 4317 891 4372 et
906 4309 982 4386 loca,

234 4415 267 4460 ac
289 4399 411 4460 clerum
427 4408 457 4461 et
472 4400 635 4478 populum,
652 4416 807 4478 personas,
830 4410 982 4465 monaste·

235 4493 290 4568 ria,
313 4492 455 4556 ecclesias
476 4503 507 4555 et
536 4494 600 4556 loca
622 4495 681 4572 pia,
704 4511 846 4558 necnon
869 4495 984 4559 beneti-

235 4585 278 4648 cia
300 4585 502 4652 ecclesiastica
525 4588 556 4650 in
579 4599 686 4668 quarta
708 4600 739 4654 et
760 4593 868 4672 quinta
890 4593 983 4672 parti-

235 4679 292 4742 bus
313 4679 421 4740 divisis
443 4687 473 4741 et
494 4680 655 4758 assignatis
677 4684 836 4762 praelatis,
863 4701 983 4763 respec-

236 4775 298 4834 tive
321 4773 485 4836 existentia
506 4790 663 4850 exercere,
683 4792 741 4839 nec
762 4779 869 4840 eadem
891 4779 982 4842 bene·

236 4868 317 4942 licia,
350 4883 429 4946 quae
461 4877 548 4930 antea
576 4869 611 4929 ad
646 4871 742 4949 ipsius
773 4872 980 4949 collationem,

236 4962 457 5040 provisionem,
480 4963 722 5042 institutionem,
741 4967 790 5028 vel
813 4967 983 5044 quamlibet

236 5054 325 5116 aliam
347 5057 583 5134 dispositionem
603 5059 812 5136 pertinebant,
829 5060 981 5138 conterre,

235 5163 288 5209 scu
309 5147 347 5210 de
369 5148 429 5210 illis
451 5151 545 5211 etiam
568 5151 742 5228 providere,
756 5160 809 5214 aut
830 5154 903 5215 alias
924 5155 983 5216 dis-

236 5257 363 5319 ponere,
387 5242 436 5304 vel
468 5243 616 5320 tructus,
633 5247 769 5308 redditus
791 5254 823 5308 et
850 5261 982 5326 proven·

238 5343 295 5410 tus,
319 5335 398 5410 iura,
422 5336 637 5414 obventiones,
655 5347 685 5400 et
700 5340 913 5403 emolumenta
928 5357 983 5420 per

237 5429 363 5510 eumin
385 5439 495 5508 quarta
521 5439 552 5493 et
573 5432 682 5510 quinta
711 5435 848 5512 partibus
876 5435 983 5498 divisis

237 5530 266 5584 et
286 5523 449 5600 assignatis
470 5523 627 5603 praelatis,
651 5526 836 5607 illarumque
863 5545 983 5608 respec-

238 5615 297 5677 tive
318 5618 474 5692 terminis,
495 5618 671 5694 territoriis,
695 5621 825 5700 oppidis,
848 5623 931 5684 villis
951 5635 982 5686 et

237 5707 306 5770 locis
328 5710 468 5788 praelatis
483 5711 597 5790 percipi
619 5713 706 5775 solita
721 5714 892 5778 decaetero
915 5733 982 5796 per-

237 5801 336 5880 cipere
358 5803 536 5867 nullatenus
557 5807 663 5884 possit,
686 5809 765 5870 dicta
787 5810 980 5887 auctoritate,

237 5909 269 5956 ac
295 5897 330 5958 de
364 5899 523 5976 potestatis
560 5899 758 5978 plenitudine
789 5903 854 5982 pari
887 5905 980 5967 etiam

237 5999 384 6068 perpetuo
406 5991 574 6056 eximimus
594 6002 626 6055 et
645 5996 780 6058 totaliter
801 5995 987 6061 liberamus·

1080 751 1210 829 illasque
1231 749 1275 812 sic
1296 755 1452 827 exemptas
1473 756 1504 811 et
1520 747 1656 811 totaliter
1678 747 1786 809 libera·
1803 757 2018 870 russssdlglraomffrssf

1804 863 1924 912 latorum.

1042 851 1096 918 tas,
1119 851 1258 922 quartam
1287 842 1431 904 videlicet
1453 841 1484 903 in
1508 855 1602 904 unam
1631 840 1785 903 Golasien-

1040 953 1106 999 sem
1127 953 1183 1015 pro
1204 953 1267 998 uno
1288 936 1457 999 Golasiensi
1478 943 1511 996 et
1531 935 1674 1014 quintam
1690 935 1722 996 in
1743 934 1786 995 ai-

1042 1037 1139 1092 teram
1172 1029 1359 1109 praelaturas
1387 1029 1506 1091 nullius
1530 1028 1675 1091 dioecesis
1697 1027 1787 1091 Cuia·

1040 1124 1185 1187 baensem
1207 1123 1428 1201 nuncupandas
1450 1140 1504 1201 pro
1529 1122 1624 1185 altero
1644 1121 1784 1201 praesby-

1042 1224 1108 1280 tero
1129 1215 1346 1291 saecularibus,
1363 1216 1412 1278 vel
1434 1215 1570 1278 cuiusvis
1591 1215 1713 1279 Ordinis
1728 1216 1787 1278 Re·

1040 1311 1197 1387 gularibus
1212 1309 1356 1372 Praelatis
1373 1308 1554 1372 Cuiabaeusi
1570 1309 1785 1388 nuncupandis

1040 1405 1072 1465 in
1095 1403 1278 1480 Theologia,
1302 1419 1355 1465 seu
1385 1403 1520 1466 Decretis
1546 1404 1712 1480 gradualis,
1735 1404 1786 1466 vel

1039 1498 1112 1558 alias
1133 1498 1259 1576 praevio
1280 1495 1436 1571 examine,
1458 1513 1513 1558 seu
1535 1495 1785 1560 iudicioOrdiua-

1041 1593 1077 1656 rii
1099 1595 1158 1668 sui,
1186 1609 1241 1656 seu
1272 1592 1427 1656 Ordiuaril
1454 1593 1529 1668 loci,
1552 1583 1584 1654 in
1616 1608 1678 1671 quo
1705 1591 1786 1670 ipsos

1041 1687 1210 1766 respective
1232 1688 1364 1750 existere
1379 1702 1434 1766 pro
1455 1694 1594 1766 ternpore
1607 1689 1785 1765 contigerit,

1040 1780 1192 1843 habilibus
1214 1788 1244 1866 et
1266 1779 1384 1843 idoneis
1399 1781 1433 1842 ad
1457 1782 1532 1844 alios
1553 1784 1727 1846 docendum
1738 1799 1788 1861 ap-

1041 1877 1185 1956 probatis,
1202 1893 1235 1938 ac
1250 1892 1304 1953 por
1319 1875 1420 1955 ipsum
1434 1874 1582 1938 loannem
1594 1883 1625 1938 et
1639 1892 1694 1954 pro
1709 1882 1787 1938 tem·

1040 1989 1115 2051 pore
1136 1972 1321 2033 existentem
1349 1970 1554 2047 Portugalliae
1575 1978 1605 2032 et
1628 1970 1787 2046 xtgarbto-

1040 2081 1111 2126 rum
1132 2065 1258 2140 Regem·
1276 2063 1432 2142 perpetuis
1458 2063 1573 2126 futuris
1596 2063 1787 2142 temporibus

1041 2159 1133 2221 etiam
1158 2163 1212 2222 bac
1226 2159 1326 2236 prima
1338 2160 1404 2219 vice
1425 2157 1533 2234 libere,
1552 2157 1667 2220 nullius
1679 2157 1714 2220 ad
1729 2159 1786 2222 boc

1041 2254 1188 2333 requisito
1217 2267 1386 2328 consensu,
1409 2253 1559 2314 etiamad
1586 2259 1708 2330 tempus
1729 2252 1785 2313 sibi

1040 2347 1224 2410 benevisum
1239 2345 1420 2424 deputandis
1435 2355 1467 2408 et
1481 2345 1716 2422 constituendis,
1732 2345 1786 2424 qui

1039 2441 1275 2520 deputationum
1289 2447 1321 2501 et
1335 2440 1593 2503 constitutionum
1608 2440 1786 2502 huiusmodi

1040 2535 1147 2612 vigore
1169 2535 1282 2612 absque
1304 2533 1361 2595 alia
1382 2533 1511 2596 Romani
1536 2533 1707 2609 Pontificis,
1730 2549 1786 2596 seu

1040 2629 1167 2708 praelati
1184 2628 1412 2707 archiepiscopi
1427 2625 1530 2690 Sancti
1543 2626 1721 2702 Salvatoris,
1733 2635 1785 2690 aut

1039 2725 1175 2788 cuiusvis
1189 2723 1315 2786 alterius
1328 2722 1564 2802 approbationis,
1577 2722 1785 2784 contirmatio-

1040 2833 1091 2894 ne,
1124 2817 1258 2891 lioentia,
1283 2815 1333 2877 vel
1360 2831 1531 2891 consensu,
1554 2832 1681 2891 curam,
1704 2817 1784 2892 regi-

1039 2926 1112 2972 men
1127 2918 1158 2972 et
1172 2909 1473 2971 administrationem
1488 2908 1671 2970 Golasiensis
1682 2915 1713 2970 et
1726 2909 1786 2972 Gu-

1039 3003 1186 3064 iabaeusis
1222 3003 1453 3064 territoriorum
1488 3001 1719 3080 praelatorum,
1752 3019 1785 3066 ac

1038 3097 1112 3158 cieri
1133 3103 1163 3158 et
1184 3095 1290 3176 populi
1313 3105 1374 3157 tam
1396 3095 1567 3171 christiani,
1593 3111 1686 3175 quam
1708 3111 1785 3173 gen·

1041 3190 1111 3267 tilis,
1134 3205 1192 3252 nec
1214 3206 1277 3252 non
1299 3189 1495 3269 oppidorum,
1512 3197 1667 3252 terrarum
1689 3199 1720 3253 et
1741 3191 1784 3254 lo·

1038 3301 1145 3346 corum
1168 3285 1199 3346 iu
1222 3287 1405 3347 eorumdem
1428 3283 1657 3346 territoriorum
1677 3283 1786 3347 limiti-

1039 3379 1106 3454 bus,
1131 3378 1272 3440 terminis
1293 3385 1324 3439 et
1346 3377 1418 3440 locis
1444 3377 1586 3457 praelatis
1614 3379 1784 3456 respective

1038 3471 1276 3536 consistentium
1302 3471 1474 3552 respective
1499 3471 1627 3547 babere,
1655 3480 1686 3534 et
1707 3471 1784 3535 inibi

1038 3567 1207 3644 respective
1228 3566 1401 3644 praedicare
1424 3571 1454 3628 et
1476 3565 1642 3644 praedicari
1671 3566 1781 3642 lacere,

1039 3659 1233 3737 gentilesque
1260 3658 1409 3738 praelatos
1436 3657 1470 3718 ad
1497 3658 1684 3721 orthodoxae
1714 3660 1784 3722 fidei

1039 3753 1157 3814 cultum
1180 3761 1361 3815 convertere
1388 3768 1552 3831 procurare
1573 3759 1605 3814 el
1626 3755 1784 3835 congersis

1040 3845 1071 3907 in
1094 3844 1199 3907 eadem
1215 3847 1275 3908 tide
1290 3845 1468 3908 ministrare
1482 3854 1514 3908 et
1527 3849 1724 3923 confirmare,
1741 3856 1784 3910 at·

1039 3955 1098 4018 que
1130 3941 1276 4018 baptismi
1308 3941 1438 4016 gratiam
1467 3948 1500 4002 et
1533 3942 1785 4005 confirmationis

1040 4033 1276 4096 Sacramentum
1299 4035 1490 4113 impendere,
1521 4043 1552 4096 et
1574 4042 1637 4097 tam
1659 4035 1720 4098 illis
1741 4037 1785 4101 sic

1038 4128 1206 4202 conversis,
1223 4143 1315 4206 quam
1337 4128 1481 4191 omnibus
1501 4129 1567 4190 aliis
1589 4129 1730 4193 fidelibus
1751 4131 1784 4193 in

1039 4221 1202 4283 territoriis
1223 4219 1412 4296 huiusmodi,
1429 4237 1600 4301 eorumque
1614 4225 1786 4302 respective

1038 4317 1167 4394 oppidis,
1185 4317 1286 4392 terris,
1304 4317 1397 4392 villis,
1412 4318 1484 4381 locis
1496 4328 1526 4382 et
1537 4319 1687 4383 limitibus
1699 4337 1785 4400 prae·

1039 4411 1107 4474 latis
1129 4426 1184 4488 pro
1205 4420 1344 4488 tempore
1365 4413 1547 4490 degentibus
1568 4422 1599 4475 et
1620 4418 1655 4478 acl
1678 4431 1712 4478 ea
1734 4417 1784 4479 de-

1039 4506 1225 4569 clinantibus
1246 4518 1436 4570 sacramenta
1457 4509 1657 4572 ecclesiastica
1678 4517 1708 4571 et
1728 4511 1786 4572 alia

1038 4601 1208 4681 spiritualia
1220 4617 1361 4677 munera,
1374 4617 1437 4664 non
1453 4611 1557 4665 tamen
1571 4619 1604 4666 ea
1618 4621 1696 4683 quae
1711 4613 1785 4668 suut

1040 4694 1157 4756 ordinis
1179 4697 1358 4759 ministrare
1371 4706 1402 4761 et
1417 4698 1624 4760 administrari
1640 4701 1731 4762 etiam
1744 4701 1785 4762 la-

1039 4804 1109 4850 cere
1130 4799 1161 4851 et
1184 4805 1358 4866 procurare.

1080 4881 1122 4943 llo
1157 4898 1370 4961 quaecumque
1404 4885 1552 4948 beneficia
1583 4888 1784 4951 ecclesiastica

1039 4976 1072 5036 in
1094 4984 1203 5054 quarta
1224 4984 1255 5038 et
1276 4979 1384 5056 quinta
1411 4980 1549 5058 partibus
1570 4982 1691 5059 divisis,
1715 4987 1785 5046 assi·

1040 5069 1153 5146 gnatis,
1176 5071 1339 5148 exemptis,
1363 5078 1395 5132 et
1416 5073 1554 5135 liberatis
1575 5075 1716 5153 praelatis
1738 5093 1786 5138 re-

1039 5163 1176 5240 spective
1197 5165 1360 5224 existentia
1376 5172 1405 5226 et
1420 5183 1498 5244 quae
1520 5174 1609 5230 antea
1630 5169 1666 5230 acl
1688 5171 1785 5248 ipsius

1039 5255 1784 5343 Episcopidluauinislanuariicoliationem,pro-

1039 5349 1206 5424 visionem,
1219 5351 1462 5428 institutionem,
1475 5369 1530 5417 seu
1541 5357 1683 5433 quamvis
1694 5356 1785 5420 aliam

1038 5441 1269 5521 dispositionem
1290 5445 1499 5523 pertinebant,
1521 5449 1693 5527 respective
1713 5467 1785 5513 con·

1039 5535 1131 5611 lerre,
1155 5544 1185 5598 et
1207 5539 1242 5599 de
1265 5533 1326 5599 illis
1347 5539 1520 5617 disponere,
1537 5556 1570 5603 ac
1586 5543 1617 5604 iu
1632 5543 1676 5604 eis
1697 5543 1786 5606 insti-

1040 5638 1143 5706 tuere3
1165 5629 1284 5706 calices,
1308 5647 1478 5711 campanas,
1502 5635 1699 5711 vestimenta,
1720 5652 1785 5699 cor·

1039 5723 1170 5801 poralia,
1199 5730 1229 5784 et
1250 5722 1307 5784 alia
1338 5733 1517 5802 paramenta
1543 5736 1575 5788 et
1602 5737 1785 5792 ornamenta

1040 5831 1216 5877 consecrare
1238 5822 1269 5877 et
1291 5816 1484 5895 benedicere,
1499 5819 1650 5898 ecclesias,
1666 5839 1785 5884 coeme-

1040 5909 1117 5969 teria
1140 5917 1170 5970 et
1192 5909 1256 5971 loca
1277 5909 1478 5974 ecclesiastica
1492 5915 1653 5990 sanguinis
1674 5916 1724 5978 vel
1738 5932 1787 5978 se-

1040 6001 1132 6062 minis
1147 6001 1308 6079 effusione,
1320 6019 1376 6064 seu
1390 6003 1463 6066 alias
1478 6005 1707 6084 quomodolibet
1722 6010 1785 6088 pol·

1707 609 1766 672 307
1817 609 1870 660 Au.
1885 610 1915 662 0.
1938 609 2006 662 1746
