4856 6984
188 885 292 932 Petilio.

146 5115 289 5160 Concessio.

975 573 1170 618 hadumarus
1194 571 1256 615 xlv.

343 696 531 752 sacramento
554 691 804 756 uonurrnattonts
820 691 972 768 collatam,
988 691 1086 767 magis
1113 688 1116 809 Ι

344 782 503 862 magisque
523 784 711 846 roborentur
731 794 762 849 et
782 787 1018 848 confirmentur.

383 875 401 950 ἓ
425 877 450 938 l.
474 878 626 953 Quoniam
647 886 750 941 autem
776 879 905 942 dilectus
927 880 1009 942 lilius
1030 881 1086 944 Ga·

343 971 426 1032 colus
453 969 633 1036 l'rancisous
654 980 670 1034 a
693 972 884 1048 hothomago
911 972 981 1037 Ord.
1008 974 1083 1037 llin.

344 1063 375 1126 S.
398 1066 549 1127 Francisci
566 1066 813 1144 capuccinorum
827 1065 923 1129 frater
943 1083 1085 1145 expresse
1112 1091 1115 1135 v

343 1157 496 1236 protessus
524 1169 554 1222 et
580 1161 778 1239 provincialis
806 1162 981 1240 provinciae
1010 1146 1114 1224 Nor-¹

342 1252 494 1328 mandiae,
517 1255 569 1332 qui
592 1255 762 1334 praefectus
785 1255 923 1317 missioni
946 1255 977 1318 in
999 1255 1085 1317 lnsu-

342 1343 378 1404 lis
399 1346 581 1408 americanis
596 1347 751 1411 carissimo
766 1349 798 1410 in
815 1349 936 1412 Christo
952 1350 1016 1412 lilio
1032 1367 1087 1412 no-

341 1446 404 1500 stro
419 1439 607 1502 Francorum
618 1441 693 1517 llegi
711 1441 964 1505 christianissimo
985 1444 1087 1506 subie-

342 1532 397 1594 ctis
418 1549 473 1611 per
494 1533 631 1597 eiusdem
648 1535 719 1599 oro.
737 1536 869 1599 iratrum
884 1537 958 1599 llio.
972 1536 1087 1614 Gapac-

341 1627 486 1690 unorum
508 1628 643 1692 alumnis
671 1631 859 1708 peragendae
885 1631 1084 1706 constitutus,
1112 1632 1115 1728 l

341 1721 376 1782 ad
399 1721 579 1784 missionem
602 1724 780 1786 huiusmodi
807 1725 991 1787 visitandam
1013 1725 1086 1788 illuc
1112 1740 1115 1836 q

342 1813 516 1891 proiectus,
545 1817 618 1880 inde
646 1833 780 1880 munere
810 1835 866 1881 suo
894 1818 1115 1881 laudabiliter·

340 1907 522 1986 perfunctus
543 1911 576 1971 in
598 1909 708 1972 Gallias
723 1911 825 1986 rediit,
839 1928 939 1990 nuper
954 1929 1009 1992 per
1022 1913 1085 1991 epi·
1112 1866 1115 1962 Ῐ

340 2002 449 2064 stolam
480 2003 664 2080 Rottronagi
687 2005 736 2066 die
758 2022 815 2066 xrr.
839 2006 953 2067 mensis
982 2008 1085 2069 martii

341 2095 480 2172 proxime
500 2087 594 2175 elapsi
621 2097 776 2160 currentis
798 2099 872 2160 anni
899 2100 934 2161 ad
960 2113 1015 2160 nos
1036 2100 1086 2161 da-

341 2195 415 2263 tam,
431 2197 523 2267 atque
537 2205 553 2248 a
571 2189 682 2254 dilecto
697 2194 811 2269 pariter
833 2193 896 2254 lilio
909 2195 1086 2256 Cherubino

341 2283 378 2344 de
398 2281 499 2346 Noves
520 2284 632 2346 laudati
646 2285 768 2348 Ordinis
790 2287 884 2351 iratre
905 2289 1012 2353 itidem
1033 2308 1085 2354 ex·

341 2391 443 2456 presse
465 2377 600 2456 prolesso
622 2381 830 2444 acdeflniture
852 2383 991 2460 generali
1005 2385 1085 2447 eius·

341 2472 412 2533 dem
443 2473 597 2534 missionis
624 2473 656 2535 in
682 2475 738 2536 hac
766 2474 844 2537 alma
871 2475 948 2538 urbe
981 2485 1083 2540 nostra

341 2575 540 2643 procuratore
562 2565 650 2628 nobis
672 2568 853 2644 exhibitam,
870 2570 909 2631 ita
932 2573 969 2636 de
990 2579 1083 2648 statu,

341 2660 517 2722 conditione
539 2667 569 2721 et
591 2660 729 2738 proiectu
751 2661 834 2724 iliius
855 2664 1008 2726 missionis
1029 2680 1084 2726 nos

341 2753 474 2827 edocuit,
496 2760 617 2815 utnon
640 2754 709 2816 leve
730 2756 888 2834 pontificio
903 2759 1007 2820 animo
1030 2775 1084 2820 no·

340 2854 420 2920 stro,
443 2855 570 2924 propter
590 2849 821 2924 persecutiones
847 2853 991 2913 adversus
1013 2852 1084 2913 alias
1111 2888 1113 2903 ,

342 2939 502 3000 missiones
524 2940 555 3001 in
579 2940 672 3016 Sinis,
696 2941 870 3018 Cocincina,
888 2944 1016 3022 aliisque
1037 2961 1084 3006 re·
1111 2906 1114 2969 ἵ

341 3033 410 3108 gnis
425 3038 455 3093 et
470 3031 639 3094 ditionibus
661 3040 760 3095 motas
777 3035 940 3113 exagitato,
956 3037 1084 3099 allatum
1111 3104 1113 3113 ,

340 3125 435 3189 luerit
448 3126 609 3202 solatium,
631 3128 781 3190 nonnulla
796 3135 956 3207 propterea
972 3137 1085 3192 statuta
1111 3132 1113 3267 ἵ

340 3229 370 3282 et
384 3220 567 3293 sanctiones,
584 3236 660 3297 quas
675 3237 728 3298 pru
745 3221 890 3283 missione
906 3223 1084 3285 americana

339 3313 491 3374 antedicta
512 3313 577 3391 ipse
598 3313 724 3376 Carolus
743 3314 924 3376 Franciscus
939 3316 1084 3394 praescri·

339 3413 451 3485 pserat,
468 3405 570 3468 eidem
585 3407 730 3484 epistolae
744 3408 904 3484 adligavit:
929 3417 1022 3487 atque
1037 3409 1085 3469 in-

338 3499 431 3562 simul
453 3501 606 3578 exposuit,
622 3499 655 3560 in
671 3503 848 3562 memoratis
870 3502 1020 3564 nimirum
1037 3503 1083 3564 in-

338 3593 414 3655 sutis
435 3593 617 3654 americanis
641 3593 772 3657 Gallicae
793 3594 902 3655 ditioni
924 3595 1081 3669 subiectis,

340 3704 404 3750 non
425 3688 526 3750 solum
548 3688 674 3751 nullum
695 3689 794 3753 adhuc
808 3693 989 3754 antistitem
1010 3710 1083 3756 con·

338 3783 484 3845 stitutum
498 3799 577 3858 esse,
594 3799 704 3845 verum
720 3785 814 3847 etiam
829 3785 955 3848 nullum
970 3789 1004 3849 ad
1021 3803 1083 3849 eas·
1109 3794 1112 3901 1

1144 687 1277 751 tionibus
1299 688 1464 752 abeodem
1486 687 1593 752 Carolo
1610 681 1770 750 Francisco
1790 698 1807 742 a
1827 680 1886 742 llo-
1907 677 1908 680 ’

1143 785 1288 861 thomago
1308 798 1400 860 super
1420 783 1479 844 hoc
1493 781 1654 844 humiliter
1675 776 1822 857 porrectis
1838 774 1885 837 in-

1142 877 1259 953 clinati,
1272 877 1436 955 ipsumque
1457 875 1603 938 Carolum
1617 872 1814 935 Franciscum
1829 885 1886 932 nec

1143 987 1206 1035 non
1227 977 1362 1032 caeteros
1382 969 1457 1032 inibi
1475 967 1682 1029 missionarios
1699 963 1885 1042 Gapucciuos

1142 1064 1343 1142 amplioribus
1369 1063 1537 1139 gratiarum
1565 1059 1720 1121 favoribus
1741 1056 1885 1136 prosequi

1143 1159 1294 1232 volentes,
1318 1172 1489 1235 eorumque
1509 1154 1683 1232 singulares
1703 1165 1848 1230 personas
1869 1165 1885 1209 a

1143 1253 1301 1332 quibusvis
1323 1242 1885 1325 excommunicationis,suspensionis

1143 1357 1173 1410 et
1186 1345 1340 1408 interdicti
1353 1344 1480 1422 aliisque
1491 1341 1700 1406 ecclesiasticis
1710 1339 1884 1413 sententiis,

1143 1435 1281 1504 'censuris
1303 1445 1333 1500 et
1359 1438 1466 1516 poenis
1487 1453 1502 1498 a
1529 1437 1597 1500 iure
1620 1435 1671 1497 vel
1699 1435 1735 1498 ab
1759 1433 1885 1494 homine

1143 1535 1247 1612 quavis
1268 1533 1424 1596 occasione
1446 1531 1496 1594 vel
1517 1545 1604 1595 causa
1626 1529 1706 1604 latis,
1729 1527 1886 1605 siquibus

1142 1627 1374 1707 quomodolibet
1397 1625 1559 1690 innodatae
1581 1620 1730 1698 existunt,
1747 1622 1783 1684 ad
1797 1621 1886 1682 eflec-

1145 1733 1210 1787 tum
1223 1723 1434 1802 praesentium
1450 1724 1608 1785 dumtaxat
1619 1717 1883 1798 consequendum,

1143 1821 1256 1880 harum
1276 1819 1356 1880 serie
1377 1817 1570 1879 absolventes
1592 1823 1623 1877 et
1644 1813 1795 1876 absolutas
1819 1812 1886 1873 lore

1141 1920 1315 1986 censentes,
1341 1911 1467 1973 attentis
1491 1908 1670 1988 praesertim
1699 1905 1885 1986 praemissis,

1112 1994 1115 2081 l
1142 2006 1322 2069 auctoritate
1343 2005 1518 2084 apostolica,
1535 2012 1642 2065 tenore
1662 2000 1883 2081 praesentium,

1142 2099 1300 2161 modernis
1322 2107 1352 2160 et
1372 2114 1427 2177 pro
1450 2108 1587 2176 tempore
1616 2095 1768 2175 praelecto
1789 2101 1820 2156 et
1841 2094 1886 2154 vi·

1142 2193 1351 2272 ce-praelecto
1367 2192 1506 2254 eiusdem
1521 2191 1675 2254 missionis
1691 2189 1887 2254 amaricans-

1142 2304 1214 2352 rum
1235 2290 1411 2351 lnsularum
1439 2287 1660 2360 existentibus,
1683 2301 1716 2348 ao
1740 2285 1885 2363 praelecti

1142 2391 1172 2445 et
1190 2381 1423 2460 vice-praelecti
1440 2379 1617 2442 huiusmodi
1632 2378 1815 2440 muneribus
1830 2379 1884 2440 du-

1142 2475 1294 2546 rantibus,
1318 2480 1352 2536 ut
1373 2481 1602 2536 sacramentum
1631 2471 1885 2535 confirmationis

1141 2585 1226 2632 sacro
1247 2567 1432 2641 chrismate,
1448 2567 1542 2629 etiam
1564 2566 1702 2645 antiquo,
1718 2566 1742 2626 si
1765 2581 1884 2627 novum

1142 2662 1248 2724 haberi
1269 2677 1333 2723 non
1354 2660 1460 2738 possit,
1473 2675 1528 2738 per
1549 2659 1734 2722 catholicum
1755 2659 1885 2721 antisti-

1142 2765 1205 2817 tem
1229 2756 1359 2831 gratiam
1379 2761 1411 2814 et
1433 2753 1687 2814 communionem
1708 2749 1794 2814 Sedis
1807 2751 1886 2831 apo-

1140 2848 1263 2910 stolicae
1289 2846 1456 2908 habentem
1483 2845 1659 2920 benedicto,
1688 2845 1833 2906 omnihus
1854 2854 1885 2907 ct

1140 2941 1272 3020 singulis
1294 2940 1434 3017 utriusqe
1458 2954 1549 3000 sexus
1572 2937 1827 3001 christifidelibus
1850 2938 1886 2998 il-

1142 3034 1241 3096 larum
1263 3035 1422 3095 dumtaxat
1450 3031 1673 3110 paroeciarum,
1696 3048 1775 3110 quae
1798 3047 1886 3108 repe·

1141 3127 1270 3188 riuntur·
1290 3127 1347 3188 sub
1368 3127 1441 3188 cura
1462 3133 1493 3186 et
1514 3125 1667 3200 regimine
1688 3125 1745 3186 FF.
1770 3113 1885 3203 Capuc'·

1140 3219 1284 3280 cinorum
1306 3219 1444 3282 eiusdem
1467 3219 1633 3294 missionis,
1650 3218 1733 3280 iuxta
1754 3216 1884 3279 llituaiis

1111 3284 1113 3359 l
1141 3311 1271 3374 llomani
1292 3313 1401 3387 ritum,
1424 3312 1521 3375 libere
1542 3318 1573 3374 et
1595 3310 1677 3373 licite
1696 3309 1885 3374 conterreat

1140 3405 1356 3467 administrare
1377 3405 1495 3482 possint
1515 3414 1546 3466 et
1567 3405 1701 3478 valeant,
1724 3405 1757 3465 ea
1781 3412 1883 3464 tamen

1141 3496 1221 3571 lege,
1233 3511 1292 3575 qua
1313 3495 1349 3556 ad
1370 3497 1482 3572 viginti
1500 3495 1658 3559 dumtaxat
1674 3511 1769 3558 annos
1789 3494 1826 3556 ab
1847 3510 1883 3555 eo

1141 3598 1291 3670 tempore,
1300 3606 1339 3651 ex
1350 3607 1410 3669 quo
1423 3597 1597 3668 praesentes
1611 3597 1730 3651 nostras
1742 3589 1773 3650 in
1786 3587 1882 3650 torma

1139 3683 1244 3746 Brevis
1261 3684 1364 3746 literas
1379 3685 1564 3762 acceperint,
1579 3683 1811 3762 computandos,
1830 3683 1883 3744 tri·

1140 3780 1264 3843 buimus
1283 3789 1314 3842 et
1333 3781 1542 3859 impertimur;
1562 3788 1607 3852 ut,
1624 3779 1648 3840 si
1671 3779 1788 3838 interea
1806 3785 1882 3837 tem-

1806 544 1865 606 509
1916 535 2104 592 xn.o.1aoa

337 3879 407 3938 dem
431 3877 544 3940 insulas
559 3887 745 3956 penetrasse,
761 3895 776 3939 a
792 3895 853 3958 quo
876 3883 1023 3960 neophyti
1038 3899 1082 3944 sa·
1109 3910 1111 3935 ι
1139 3875 1221 3953 puris
1242 3891 1357 3953 nempe
1372 3875 1483 3951 Vidlssli
1504 3863 1881 3948 assss01'11m00sslissllaliss

338 3981 532 4037 oramentum
556 3973 806 4037 confirmationis
838 3974 987 4037 hactenus
1009 3977 1083 4037 inst.
1109 3944 1111 4041 l
1139 3970 1248 4032 iisdem
1270 3969 1378 4031 insulis
1404 3968 1594 4030 amaricanis
1620 3967 1751 4028 Gallicae
1771 3968 1881 4030 (litioni

338 4069 421 4147 gniri
452 4068 628 4146 potuerint,
660 4067 744 4131 unde
771 4067 834 4129 lere
862 4084 970 4130 omnes
996 4088 1082 4134 sacro
1109 4048 1111 4113 ¹
1138 4063 1285 4125 subiectis
1316 4063 1367 4124 vel
1399 4062 1609 4125 residentiales
1642 4063 1803 4125 antistites
1831 4063 1881 4124 vel

338 4162 531 4243 Baptismatis
552 4162 671 4225 lavacro
693 4165 852 4226 dumtaxat
872 4167 979 4241 abluti,
1002 4169 1083 4231 aliis·
1109 4154 1111 4243 ζ
1140 4162 1325 4241 apostolicos
1354 4161 1490 4224 Vicarios
1519 4160 1682 4237 episcopali
1707 4161 1882 4224 charactere

338 4275 399 4337 que
429 4257 543 4319 muniti
568 4257 780 4332 sacramentis,
808 4259 890 4320 viam
917 4261 1081 4324 universae
1108 4246 1111 4299 ¹
1139 4265 1169 4319 et
1190 4255 1370 4318 auctoritate
1391 4255 1555 4331 insignitos
1576 4256 1612 4317 ab
1634 4255 1737 4318 eadem
1757 4256 1883 4333 aposto-

337 4351 436 4413 carnis
457 4351 589 4427 ingressi
618 4359 704 4424 sunt,
727 4359 757 4412 et
778 4353 921 4430 deinceps
946 4371 1080 4434 quoquc,
1108 4306 1111 4404 l
1139 4353 1194 4414 lica
1216 4353 1293 4416 Sede
1309 4351 1460 4430 deputari,
1477 4351 1634 4430 impertita
1649 4352 1826 4414 huiusmodi
1842 4353 1883 4415 la-

337 4446 397 4507 nisi
417 4444 506 4506 aliter
527 4444 686 4522 provisum
708 4443 813 4520 luerit,
837 4455 971 4510 caeteros
994 4450 1081 4512 Chri·
1109 4436 1111 4451 '
1138 4446 1234 4508 cultas
1256 4446 1341 4507 nulla
1362 4445 1413 4519 sit,
1430 4453 1460 4506 et
1482 4447 1600 4509 nullius
1622 4464 1748 4526 prorsus
1765 4450 1883 4511 roboris

335 4540 482 4602 stilldeles
502 4539 571 4600 sine
591 4539 674 4600 sacra
698 4539 943 4604 confirmatione
965 4559 1003 4604 ex
1024 4546 1081 4606 hu·
1138 4558 1171 4602 ac
1193 4541 1344 4602 momenti
1365 4541 1531 4620 habeatur,
1554 4559 1641 4605 secus
1663 4559 1748 4620 vero,
1765 4552 1828 4606 rata
1850 4562 1884 4607 ac

336 4635 436 4696 manis
447 4633 512 4694 lore
527 4648 715 4707 excessuros,
729 4648 792 4694 non
808 4635 1078 4700 estdubitandum:
1138 4634 1227 4694 firma
1259 4633 1468 4711 intelligatur,
1497 4653 1568 4698 curu
1597 4637 1645 4698 vel
1673 4637 1883 4700 residentiales

334 4735 498 4806 eapropter
517 4726 669 4806 supplices
691 4728 818 4806 insuper
829 4744 934 4806 preces
955 4730 1079 4808 addidit,
1138 4727 1311 4803 antistites,
1328 4727 1377 4789 vel
1399 4729 1564 4806 apostolici
1580 4729 1692 4792 vicarii
1707 4733 1883 4795 charactere

336 4832 370 4884 ut
392 4823 447 4884 hac
470 4823 501 4882 in
530 4829 616 4899 purte
638 4823 674 4883 de
696 4823 859 4900 apostolica
887 4824 1081 4900 benignitate
1108 4850 1110 4875 t
1138 4833 1168 4882 et
1189 4822 1371 4882 auctoritate
1386 4823 1549 4900 episcopali
1564 4824 1718 4901 insigniti,
1735 4826 1881 4902 legitimis

336 4925 366 4978 et
388 4915 587 4989 auctoritate,
611 4923 644 4976 ut
673 4913 767 4990 inira,
794 4917 957 4994 providere
983 4927 1014 4980 et
1035 4919 1081 4980 in·
1137 4915 1354 4992 canonicisque
1376 4916 1609 4994 impedimentis
1624 4918 1755 4994 detenti,
1774 4920 1882 4982 iisdem

335 5009 464 5087 dulgere
485 5010 696 5086 dignaremur.
1137 5007 1290 5086 praelecto
1306 5016 1336 5071 et
1346 5009 1581 5087 vice-praelecto
1593 5029 1647 5091 pro
1661 5017 1799 5092 tempore
1811 5031 1882 5076 con·

375 5105 444 5179 §a
468 5103 530 5165 Nos
552 5103 667 5180 itaque,
690 5121 705 5164 a
727 5105 839 5182 quibus
863 5123 1009 5184 supremo
1030 5126 1080 5187 pa·
1107 5136 1110 5209 ι
1136 5102 1297 5176 cesserint,
1320 5111 1354 5165 ut
1377 5104 1461 5165 iniis
1478 5105 1549 5166 locis
1566 5104 1737 5183 dumtaxat,
1754 5113 1788 5174 ad
1805 5129 1883 5190 quac

334 5207 453 5260 storum
477 5197 611 5275 Principi
638 5197 706 5259 lesu
736 5198 859 5261 Christo
886 5209 1011 5264 aeterno
1033 5204 1080 5264 lu·
1107 5210 1110 5325 i
1136 5196 1194 5273 ipsi
1217 5195 1380 5258 antistites
1405 5198 1492 5259 nullo
1513 5207 1652 5277 pactast
1673 5208 1814 5281 tempore
1836 5223 1881 5267 ac·

335 5288 391 5350 dici
415 5288 509 5366 ipsius
531 5288 563 5348 in
591 5289 679 5349 terris
700 5289 782 5351 vices
812 5291 992 5365 gerentibus
1013 5309 1080 5370 gra·
1107 5330 1109 5351 .
1136 5290 1245 5350 cedere
1266 5288 1437 5365 voluerint,
1460 5302 1689 5356 sacramentum
1711 5297 1881 5359 Confirma-

334 5381 458 5443 vissima
481 5382 623 5443 omniunt
644 5381 818 5444 animarum
844 5399 900 5446 suo
928 5387 1080 5461 sanguine
1138 5381 1248 5458 tionis,
1272 5397 1312 5443 ne
1335 5383 1558 5447 christifideles
1585 5386 1693 5449 eodem
1718 5389 1881 5453 destitutos

333 5476 566 5552 redemptarum
588 5475 665 5536 ratio
687 5474 842 5538 reddenda
863 5484 921 5551 est,
943 5493 1080 5540 summas

334 5576 378 5629 tot
399 5569 585 5647 populorum
598 5569 764 5645 angustias,
782 5585 945 5633 aerumnas
967 5587 999 5633 ac
1014 5577 1080 5633 tan·
1106 5528 1109 5661 ζ

334 5668 396 5722 tam
417 5661 628 5724 infelicitatem
641 5679 680 5724 ex
695 5663 798 5724 animo
814 5664 1078 5740 commiserantes,

332 5762 423 5834 atque
446 5757 569 5818 eosdem
591 5757 813 5832 missionarios,
836 5757 889 5835 qui
913 5774 1000 5819 suam
1023 5774 1079 5836 pro
1106 5810 1108 5821 .

332 5849 485 5910 lucrandis
496 5848 640 5910 iratribus
650 5849 712 5910 suis
725 5849 859 5912 animant
870 5858 1079 5930 ponunt,apo·
1106 5828 1108 5869 ¹

332 5941 447 6004 stolicis
468 5942 607 6005 laudibus
634 5945 899 6020 commendantes,
928 5944 1078 6023 supplica·
1105 5934 1108 5992 l

1136 5489 1174 5535 ex
1196 5477 1252 5538 hac
1279 5476 1342 5538 vita
1370 5477 1507 5554 migrare
1535 5480 1706 5557 contingat,
1739 5483 1881 5546 conlerre

1135 5569 1262 5644 possint.

1175 5664 1243 5736 §3-
1269 5664 1399 5743 lnsuper
1424 5665 1568 5728 omnibus
1590 5675 1620 5731 et
1641 5668 1770 5745 siugulis
1802 5671 1882 5732 eius·

1135 5760 1205 5820 dem
1225 5759 1377 5820 missionis
1392 5759 1592 5822 missionariis
1607 5763 1815 5825 sacerdotibus
1827 5765 1880 5828 Ca·

1136 5854 1272 5930 puccinis
1293 5853 1434 5916 eamdem
1449 5855 1628 5917 conterendi
1650 5867 1880 5920 sacramentum

1135 5947 1385 6009 Confirmationis
1400 5947 1528 6009 cuilibet
1539 5949 1736 6012 Christihdeli
1752 5967 1879 6013 suarum
