4798 6978
88 556 140 624 nn,
154 555 184 605 c.
208 554 281 607 xasa

309 689 514 770 hpostolicem
537 695 615 757 hana
638 693 670 758 S.
694 697 805 761 Sedem
827 699 1054 776 accedentibus,

309 787 361 866 qui
384 787 562 852 retulerunt
584 806 647 852 non
676 791 778 855 solum
799 794 904 856 amnia
933 794 1054 858 decreta

308 881 341 942 in
362 882 582 946 constitutione
604 887 706 948 nostrl
728 903 822 965 super
843 887 1055 950 ritibusilrae-

308 990 416 1037 corum
438 975 655 1040 Melchitarum
678 980 726 1041 die
748 995 835 1041 xxrv.
866 982 982 1043 mensis
1003 982 1056 1044 de-

308 1069 437 1131 cembris
459 1085 541 1133 anno
555 1087 735 1136 nnccxnrrr.
752 1075 831 1150 dati,
848 1091 926 1152 quae
947 1075 1055 1155 incipit

308 1163 546 1230 Demandatum
562 1167 698 1230 caelitus
713 1167 896 1233 humilitati
911 1178 1050 1244 nostrae,

308 1264 453 1322 contenta
474 1259 508 1320 in
533 1259 647 1322 Ordine
668 1271 839 1324 memorato
865 1272 971 1327 exacte
990 1281 1053 1326 ser·

307 1355 391 1430 vari3
413 1369 525 1416 rerum
547 1355 642 1417 etiam
663 1356 785 1432 regulas
807 1364 838 1418 et
859 1357 1053 1420 constitutio-

307 1463 364 1510 nes
386 1448 471 1510 iuxta
503 1447 623 1511 laudata
654 1450 776 1512 decreta
803 1459 947 1520 nostran
969 1451 1053 1513 vobis

306 1542 518 1618 concinnatas,
531 1549 566 1605 ut
581 1543 742 1622 apostolici
759 1545 939 1608 auctoritate
949 1546 1054 1608 nostri

307 1635 476 1714 approbare
498 1644 529 1698 et
549 1637 736 1700 confirmare
757 1639 976 1715 dignaremur,
998 1656 1053 1701 no·

307 1731 394 1794 mine
415 1749 448 1792 ac
469 1731 745 1810 supplicationibus
766 1741 797 1794 et
818 1733 866 1794 bo.
885 1749 946 1794 me.
964 1731 1053 1794 Nico-

308 1825 347 1888 lai
369 1825 469 1902 Saieg,
486 1826 562 1888 dum
583 1825 777 1888 inhumanis
798 1834 915 1904 ageret,
928 1825 1052 1888 Abbatis

307 1918 460 1995 generalis
482 1919 723 1996 praedecessoris
744 1920 803 1994 tui,
819 1926 849 1982 et
864 1920 958 1981 totius
974 1921 1052 1982 con·

307 2012 497 2089 gregatianis
520 2021 589 2074 tuae
611 2013 775 2076 humiliter
796 2015 927 2076 exorari.
951 2015 1052 2076 inter-

306 2121 341 2166 ea
362 2105 439 2167 dum
470 2106 600 2168 dilectus
624 2107 708 2168 iilius
736 2115 841 2170 noster
863 2109 1051 2170 Fortunatus

307 2197 338 2262 S.
362 2201 397 2262 li.
425 2201 461 2262 E.
486 2200 655 2264 cardinalis
678 2201 887 2263 'lamburinus
909 2217 992 2263 unus
1013 2217 1052 2262 ex

307 2293 554 2371 Gangregatione
581 2293 797 2372 Propagandae
818 2293 902 2357 Fidei
926 2309 1052 2372 praepo-

306 2389 374 2462 siti,
391 2389 426 2450 ad
441 2404 535 2465 quem
552 2389 720 2451 antedictas
735 2387 858 2464 regulas
873 2387 1051 2448 examinan-

306 2483 358 2544 das
370 2482 599 2556 remiseramus,
615 2480 817 2559 expenderet,
830 2479 969 2542 dolentes
983 2481 1051 2557 qni-

306 2576 377 2638 dem
399 2576 501 2654 ipsum
524 2575 684 2637 Nicolaum
707 2574 795 2651 Saieg
817 2575 898 2635 viam
925 2575 1051 2635 univer-

306 2685 356 2730 sae
378 2669 477 2731 carnis
498 2670 688 2746 ingressum,
712 2674 742 2730 te
764 2684 851 2742 vero,
874 2666 985 2729 dilecte
1007 2666 1051 2727 lxii

307 2763 415 2842 ignati,
433 2763 465 2824 in
487 2763 625 2825 eiusdem
648 2761 750 2824 locum
772 2770 802 2823 et
824 2777 939 2826 munus
959 2759 1052 2822 sulle-

306 2865 392 2920 ctum
414 2872 479 2918 esse
500 2857 650 2919 hbbaiem
674 2853 852 2933 generalem
882 2855 1051 2932 gaudentes

306 2950 489 3029 accepimns,
511 2950 624 3029 quippe
646 2950 700 3028 qui
714 2948 900 3028 praeclaram
923 2948 960 3010 de
981 2945 1051 3010 reli-

223 3099 227 3108 ,
307 3045 398 3121 giosis
419 3042 588 3105 virtutibus
622 3044 682 3105 tuis
714 3042 899 3104 habebamus
933 3041 1052 3119 opinio-

307 3154 399 3214 nem3
422 3138 552 3217 proinde
579 3146 704 3214 'tesum,
727 3137 838 3200 dilecte
866 3135 928 3210 lili,
959 3142 1051 3212 atque

306 3250 378 3296 eum
400 3234 462 3295 toti
485 3233 734 3311 congregatione
755 3249 792 3294 ex
814 3232 917 3292 animo
948 3237 1051 3306 gratu-

306 3327 419 3403 lamur,
442 3327 508 3388 lore
530 3328 563 3389 in
585 3327 718 3388 Domino
740 3325 829 3388 nobis
857 3324 1049 3404 pollicentes,

308 3430 342 3484 ut
365 3421 571 3497 congregatio
592 3419 771 3482 huiusmodi
793 3418 926 3496 auspicio
941 3418 1049 3481 ductu-

307 3530 368 3592 que
389 3522 442 3576 tuo
475 3530 554 3575 nora
575 3528 697 3591 semper
725 3512 891 3574 catholicae
916 3511 1049 3589 pietatis,

307 3607 473 3670 ortodoxae
494 3606 576 3680 hdei,
592 3613 624 3666 et
639 3605 790 3681 regularis
811 3603 990 3682 disciplinae
1004 3603 1051 3664 in-

306 3708 464 3764 crementa
487 3699 613 3780 assipiat
634 3708 664 3760 et
679 3698 826 3776 prolerat,
842 3698 937 3759 etiam
952 3699 1050 3776 quoad

307 3797 431 3859 dilectas
453 3796 484 3856 in
506 3796 630 3858 cbristo
645 3795 722 3856 lilius
741 3793 891 3856 moniales
912 3793 1050 3871 subpari

306 3891 414 3970 reguli
436 3890 568 3952 Domino
594 3888 796 3963 famulantes,
822 3905 897 3965 quas
925 3887 1051 3964 quidem

306 3988 364 4049 snb
385 3985 576 4065 protectione
597 3981 787 4060 Apostolicue
810 3981 900 4044 huius
915 3979 945 4042 S.
964 3981 1051 4044 Sedis
1082 4025 1083 4030 η

306 4089 337 4142 et
359 4079 496 4142 eiusdem
519 4075 776 4152 Congregationis
796 4075 833 4135 de
854 4073 1050 4153 Propagandi

306 4175 380 4237 Fide
394 4172 574 4249 recipimns3
591 4170 726 4248 ipsarum
738 4185 813 4230 vero
825 4169 966 4244 regimen
981 4177 1050 4230 turn

306 4263 467 4345 spirituale
495 4272 562 4326 tum
584 4261 754 4340 temporale
774 4263 808 4324 ad
832 4277 886 4322 vos
913 4270 1050 4338 spectare

287 4359 511 4444 decrevimus.
535 4358 629 4419 Porro
644 4372 715 4420 cum
738 4356 878 4419 laudatus
900 4352 1050 4418 Portuna-

307 4463 356 4517 tus
378 4452 547 4517 cardinalis
568 4450 752 4529 saepedictas
773 4449 905 4527 Regulus
927 4455 957 4510 et
970 4448 1050 4510 con-

306 4549 484 4611 stitutiones
500 4547 650 4609 laudasset
660 4551 691 4606 et
705 4545 910 4623 approbasset,
927 4559 1049 4606 necnon

307 4643 415 4719 dignas
436 4639 654 4714 existimasset,
677 4647 711 4701 ut
733 4654 788 4716 per
802 4638 981 4716 apostolicas
996 4652 1050 4698 no·

306 4744 384 4799 stras
404 4735 438 4796 in
459 4733 554 4795 simili
576 4732 672 4795 lorini
694 4733 802 4795 Brevis
824 4731 1049 4795 literasconiir-

307 4836 480 4902 merentur,
503 4827 726 4907 nospontilxcii
748 4827 938 4902 benignitate
952 4833 983 4888 et
997 4843 1050 4887 an·

306 4924 448 4986 ctoritate
460 4928 613 5000 praestare
625 4936 688 4983 non
700 4919 873 4981 omisimus.
888 4918 1047 4994 Ceterum,

306 5015 410 5080 dilecti
421 5015 487 5090 lxiii,
496 5013 550 5092 qui
563 5013 646 5075 inter
656 5011 852 5074 densissimas
863 5011 1048 5087 infidelium,

305 5109 533 5173 baereticorum
554 5115 585 5168 et
605 5106 869 5168 schismaticorum
893 5105 1048 5181 tenebras,

306 5220 403 5283 aeque
424 5209 517 5280 atque
537 5199 589 5261 alii
612 5197 774 5260 orthodoxi
795 5198 901 5277 populi
923 5200 1048 5277 hposto

306 5298 382 5361 liene
404 5296 475 5359 huic
507 5293 538 5358 S.
567 5294 721 5355 Romanae
753 5293 823 5357 sedi
851 5291 1048 5355 addictissimi

305 5407 377 5455 cum
392 5389 504 5468 quibus
526 5388 667 5464 regiones
682 5385 788 5463 Syriae
809 5385 956 5459 incolitis,
974 5393 1050 5448 tum-

305 5500 399 5565 qnam
412 5483 518 5546 stellae
532 5480 667 5558 fulgetis,
679 5480 809 5555 satagite
820 5488 866 5554 ut,
879 5481 959 5541 novi
968 5494 1048 5542 sem-

305 5595 360 5659 per
382 5577 450 5640 luce
477 5574 615 5648 adaucti,
638 5573 781 5635 ardentes
801 5571 880 5634 iaces
906 5572 943 5633 iis
965 5588 1050 5651 prae-

306 5672 388 5734 lerre
418 5668 578 5742 studeatis,
603 5669 656 5746 qui
685 5666 824 5728 veritatis
846 5665 954 5727 lumen
985 5681 1049 5728 non

306 5765 467 5845 aspiciunt.
498 5761 559 5823 Nos
586 5761 715 5824 interim
739 5760 879 5823 eoelestis
906 5760 1049 5838 praesidii

306 5857 473 5936 auspicem,
494 5863 527 5918 et
547 5854 692 5917 columen
713 5853 912 5932 studioseque
927 5862 1050 5915 nostrae

307 5953 344 6016 ad
364 5949 451 6012 robis
476 5949 712 6025 gratificandum
740 5945 909 6009 voluntatis
936 5947 1050 6025 pignus

941 583 1137 628 annumeras
1158 583 1221 628 xiv.

1776 572 1835 634 695
1885 571 1940 670 An.
1955 575 1984 628 0.
2007 576 2075 628 1757

1112 715 1176 764 esse
1197 703 1340 782 cupimus
1370 706 1566 784 apostolicam
1594 707 1854 784 benedictionem,

1111 812 1203 874 quarn
1225 797 1381 860 uberrima
1403 815 1474 862 cum
1491 801 1670 864 divinorum
1687 816 1855 864 munerum

1111 889 1195 967 capii
1215 890 1413 952 coniunctam
1433 891 1520 954 vobis
1532 900 1624 971 atque
1644 893 1717 972 ipsis
1739 893 1856 956 monia·

1111 981 1192 1043 libus
1212 993 1408 1062 peramanter
1429 985 1640 1063 impertimur.

1151 1076 1262 1138 Datum
1277 1077 1403 1154 Romae,
1416 1078 1493 1156 apud
1511 1079 1541 1142 S.
1556 1080 1682 1142 Mariam
1697 1080 1853 1156 Maiorem,

1110 1169 1168 1230 sub
1196 1169 1314 1232 annulo
1348 1170 1526 1248 Piscatoris,
1562 1173 1612 1235 die
1643 1189 1700 1235 xxx.
1733 1174 1855 1250 augusti

1111 1278 1286 1339 nouarum,
1309 1265 1505 1342 pontificatus
1531 1266 1630 1327 nostri
1650 1282 1733 1329 anna
1754 1283 1832 1330 xvir.

1425 1545 1541 1610 CXCII.

1108 1732 1249 1796 Damnat
1270 1739 1301 1794 et
1321 1733 1467 1811 prohibet
1490 1737 1655 1813 epistolam
1673 1740 1856 1800 maseuseri-

1147 1833 1245 1905 ptam,
1271 1843 1351 1904 qaae
1372 1827 1504 1914 directa
1529 1827 1668 1909 legitur.-
1696 1831 1856 1909 Amplissi-

1148 1921 1207 1981 mis
1229 1920 1259 1983 S.
1276 1922 1312 1984 R.
1330 1923 1365 1983 Ε.
1384 1922 1609 1998 cardinalibus,
1625 1931 1656 1985 et
1677 1923 1855 1986 clarissimis

1149 2013 1311 2090 Theologis
1327 2015 1358 2077 in
1373 2015 1455 2078 Urbe
1469 2017 1632 2079 Praeneste
1647 2021 1853 2094 congregatis,

1148 2115 1214 2184 post
1236 2123 1341 2186 pacem
1363 2109 1515 2172 Ecclesiae
1539 2110 1855 2176 callicanaerestitu-

1149 2206 1222 2275 tarn,
1251 2208 1281 2262 et
1308 2202 1490 2264 methodum
1518 2205 1698 2283 propediem
1725 2205 1854 2267 edituris

1148 2308 1202 2370 pro
1222 2293 1331 2356 studiis
1353 2295 1533 2373 peragendis
1555 2297 1592 2359 ab
1606 2296 1741 2360 alumnis
1756 2295 1854 2359 colle-

1148 2385 1188 2462 gii
1210 2387 1325 2450 Urbani
1347 2390 1384 2451 de
1410 2389 1605 2468 Propaganda
1632 2390 1707 2452 Fide
1727 2390 1762 2450 ad
1786 2391 1855 2452 hae·

1148 2480 1257 2542 reticos
1271 2481 1489 2558 profligandos,
1506 2483 1541 2543 ad
1557 2483 1688 2559 gentiles
1704 2490 1735 2544 et
1750 2483 1854 2545 atheos

1147 2574 1179 2634 in
1200 2573 1305 2636 sinum
1326 2573 1477 2636 Ecclesiae
1500 2576 1700 2638 reducendos.

1216 2755 1218 2760 ’
1277 2743 1519 2812 Bernartius
1537 2745 1596 2814 PP.
1613 2744 1683 2816 xiil.

1227 2869 1263 2935 ed
1285 2875 1456 2953 perpetuen
1480 2872 1523 2940 rei
1546 2873 1729 2942 memoriam.

1145 3047 1164 3122 ἓ
1188 3045 1213 3107 i.
1239 3047 1318 3110 cum
1339 3050 1374 3111 ad
1389 3049 1557 3114 nonnullos
1576 3066 1615 3112 ex
1629 3066 1727 3113 venn.
1751 3051 1853 3113 iratri-
1881 3067 2085 3130 norsreuxprae-

1107 3137 1163 3200 bus
1185 3141 1298 3202 nostris
1319 3141 1396 3204 Sit.
1409 3143 1442 3204 E.
1468 3145 1680 3207 cardinalibus
1702 3160 1852 3223 perrene·
1870 3117 2082 3221 ῧῇῗῃξὲοὲἰῖζῖἰ

1108 3232 1170 3294 rint
1190 3235 1331 3312 exempla
1347 3239 1554 3315 manuscripta
1569 3238 1725 3300 cuiusdam
1739 3237 1851 3316 episto·
1868 3225 2013 3335 iffi&
2019 3231 2083 3338 ‹1⁰ng

1108 3327 1163 3400 iae,
1187 3328 1234 3388 cui
1256 3330 1388 3406 praefixa
1410 3338 1456 3392 est
1478 3332 1607 3394 directio
1621 3331 1798 3394 huiusmodi
1812 3364 1850 3379 -
1869 3345 1926 3380 rum
1941 3335 2084 3398 examinis

1106 3419 1320 3498 amplissimis
1338 3422 1368 3484 S.
1386 3422 1424 3485 u.
1437 3426 1475 3488 Ε.
1494 3425 1725 3488 Cardinalibns
1740 3431 1771 3487 et
1787 3425 1851 3489 cla·
1869 3386 2083 3497 {ccccliiii
2158 3455 2160 3460 ·

1107 3512 1245 3576 cissimis
1269 3514 1419 3597 theologis
1441 3516 1475 3578 ia
1502 3517 1578 3581 llrbe
1594 3507 1765 3582 Praeneste
1779 3537 1850 3580 aaa·
1869 3494 2082 3598 ἓξὲξέῃᾞθῑὲζξρ

1106 3609 1249 3688 gregalis
1270 3616 1340 3686 past
1360 3626 1467 3688 pacem
1489 3612 1647 3675 Ecclesiae
1664 3611 1850 3676 Gallicanae
1869 3606 2031 3648 ⁰⁰⁰⁸¹¹⁰¹¹¹¹²¹·

1107 3702 1307 3774 restitutam,
1332 3711 1361 3766 et
1384 3705 1564 3766 nxethodum
1586 3706 1765 3783 propediem
1787 3705 1850 3767 edi-

1108 3796 1196 3858 laris
1217 3813 1274 3874 pro
1295 3798 1416 3860 stadiis
1437 3799 1625 3880 peragendis
1646 3798 1686 3863 ab
1708 3801 1850 3863 alumnis

1110 3889 1241 3970 Callepii
1272 3888 1390 3954 Urbani
1414 3891 1449 3952 de
1471 3892 1682 3971 Prapuaaada
1709 3895 1793 3966 riae,
1810 3895 1850 3957 ud

1108 3983 1286 4048 Haereticas
1316 3984 1551 4064 prullipaados,
1581 3987 1621 4048 ad
1653 3987 1793 4050 Gentiles
1819 3995 1849 4050 et

1108 4079 1223 4144 Atheos
1249 4078 1284 4139 in
1308 4081 1417 4140 sinum
1448 4076 1608 4140 Ecclesiae
1639 4079 1846 4154 reducendos,

1106 4190 1185 4253 quae
1205 4171 1327 4248 incipit:
1353 4173 1435 4234 llaec
1449 4177 1528 4232 snat
1543 4169 1727 4244 dedicate,
1751 4191 1784 4236 ue
1798 4177 1848 4238 de-

1105 4268 1180 4328 sinit
1201 4266 1233 4327 in
1247 4280 1282 4326 ea
1297 4265 1404 4326 verba:
1429 4268 1460 4326 et
1481 4263 1709 4342 eapladcnrlam
1725 4269 1850 4332 navita

1107 4373 1187 4433 tem,-
1208 4373 1369 4438 unumque
1391 4357 1484 4419 etiam
1499 4374 1537 4420 ex
1553 4358 1728 4422 huiusmodi
1744 4377 1850 4424 exem-

1106 4459 1163 4536 plis
1186 4453 1397 4518 transmissum
1414 4452 1506 4514 luerit
1528 4453 1564 4514 nd
1585 4453 1732 4516 dilectum
1747 4455 1847 4518 lilium

1106 4560 1250 4614 nostrum
1271 4545 1447 4609 hibericum
1469 4547 1608 4609 eiusdem
1631 4546 1661 4610 S.
1671 4547 1706 4609 R.
1719 4548 1753 4609 E.
1778 4550 1848 4612 car·

1105 4645 1239 4707 dinalem
1263 4641 1447 4704 brahintum
1463 4648 1688 4718 nuncupatum,
1705 4648 1849 4704 nostrum

1106 4741 1139 4800 in
1160 4735 1301 4800 universi
1322 4741 1419 4796 status
1433 4733 1569 4810 negociis
1584 4723 1800 4810 'secretarium
1813 4751 1848 4798 eo

1105 4830 1217 4893 scilicet
1246 4827 1386 4902 consilio,
1409 4835 1444 4889 nt
1466 4825 1581 4888 nostris
1607 4843 1732 4906 quoque
1753 4828 1849 4890 oculis

1106 4922 1233 5002 epistola
1256 4923 1317 5000 ipsa
1345 4921 1564 4994 subticeretur,
1588 4921 1616 4982 id
1638 4919 1718 4998 quod
1740 4928 1786 4982 est
1808 4920 1849 4981 la-

1105 5025 1207 5079 ctum:
1241 5030 1375 5092 cumque
1396 5010 1487 5075 allucii
1517 5014 1615 5076 nostri
1645 5022 1746 5091 partes
1774 5014 1848 5090 sint,

1106 5127 1161 5189 pro
1181 5109 1338 5171 commissi
1360 5107 1447 5168 nobis
1466 5107 1616 5168 divinitus
1636 5107 1738 5182 gregis
1753 5107 1849 5168 domi·

1105 5203 1164 5265 nisi
1198 5218 1282 5277 cura,
1309 5201 1485 5263 animarum
1518 5199 1662 5277 periculis
1687 5207 1778 5278 atque
1799 5201 1850 5262 de·

1106 5296 1278 5370 trimentis,
1302 5309 1379 5373 quae
1401 5310 1439 5355 ex
1465 5293 1616 5372 praelatae
1640 5292 1786 5371 epistolae
1808 5293 1849 5354 le-

1105 5389 1206 5452 ctione
1226 5395 1257 5451 et
1278 5405 1336 5450 usu
1359 5387 1526 5466 provenire
1549 5393 1684 5464 possent,
1706 5387 1849 5464 pastorali

1104 5481 1326 5556 sollicitudine,
1342 5491 1496 5558 quantum
1510 5495 1583 5542 oum
1598 5480 1731 5540 Domino
1745 5495 1851 5557 possu-

1106 5592 1185 5652 mus,
1208 5589 1386 5636 occurrere:
1410 5573 1521 5635 idcirco
1536 5588 1592 5634 nos
1605 5573 1710 5634 statim
1732 5571 1872 5660 aliquot

1105 5669 1189 5730 viros
1210 5669 1325 5742 doctos,
1348 5666 1538 5743 theologicae
1561 5665 1713 5728 insultatis
1733 5666 1850 5743 proles·

1104 5779 1201 5836 sores,
1212 5761 1393 5840 nulliusque
1406 5760 1501 5838 partis
1515 5760 1617 5822 studio
1628 5759 1772 5834 addictos,
1789 5758 1851 5821 ele-

1106 5857 1219 5932 gimus,
1243 5855 1342 5934 iisque
1363 5853 1569 5928 iniunximus,
1582 5861 1618 5914 ut
1638 5851 1674 5913 de
1697 5853 1849 5934 praedicta

1105 5947 1242 6027 epistola,
1271 5948 1372 6027 deque
1392 5947 1425 6008 in
1448 5962 1482 6008 ea
1502 5945 1677 6021 contentis,
1699 5945 1848 6008 indicium
