4820 6980
367 509 422 566 An.
435 511 467 566 0.
488 512 556 565 1747
607 513 665 578 730

586 649 714 728 eiusque
741 649 884 712 ecclesiae
911 648 1100 724 ministerio,
1124 649 1173 710 cui
1194 647 1226 709 in
1249 648 1330 712 ordl-

586 745 712 806 natione
739 743 909 818 adscriptus
935 741 1060 817 luisset,
1089 747 1240 820 perpetuo
1262 741 1330 802 iure

585 837 725 900 devictus
739 836 915 899 haberetur.
938 835 1084 911 Quamvis
1098 835 1233 913 denique
1248 834 1330 896 idem

587 930 716 995 Sanctus
736 929 904 1008 Gregorius
925 931 1042 1009 optime
1072 936 1185 1004 nosset,
1210 925 1330 1002 nemini

586 1026 679 1090 licere
700 1023 738 1086 ab
763 1023 939 1085 huiusmodi
969 1025 1143 1087 ministerio
1172 1022 1329 1108 ecclesiae,

587 1120 637 1184 cui
658 1117 755 1182 semel
776 1118 913 1181 addictus
935 1118 1055 1195 luisset,
1071 1121 1238 1199 discedere,
1262 1125 1330 1187 sine

586 1213 739 1292 permissu
762 1211 912 1290 Episcopi,
942 1227 1040 1291 aquo
1068 1214 1136 1292 quis
1157 1215 1329 1293 ordinatus,

587 1309 716 1385 eiusque
746 1305 895 1370 Ecclesiae
926 1305 1060 1368 servitiis
1082 1307 1113 1368 in
1136 1307 1329 1372 ordinatione

586 1399 687 1464 fuerat
698 1401 876 1478 adscriptus:
890 1401 973 1462 unde
988 1397 1021 1460 in
1033 1399 1089 1460 alia
1101 1400 1239 1478 epistola,
1252 1419 1330 1481 quae

586 1501 632 1558 est
655 1495 748 1558 XVll.
772 1490 826 1555 lib.
843 1494 876 1566 5,
895 1492 1009 1555 ladict.
1026 1493 1124 1564 xllx„
1147 1511 1245 1573 quum
1261 1511 1329 1573 age-

586 1594 634 1651 ret
655 1589 692 1652 de
713 1588 864 1650 electione
895 1586 1013 1650 loannis
1040 1587 1253 1650 trabldiaconi
1276 1589 1329 1652 Ga·

586 1681 721 1744 lanensis
742 1680 779 1742 ad
809 1680 1010 1758 episcopalem
1033 1682 1216 1744 cathedram
1240 1681 1330 1761 Syra·

587 1790 741 1850 cusanam,
765 1774 936 1848 lateralia,
961 1773 1139 1852 requirebat
1163 1781 1197 1838 ut
1219 1775 1330 1838 Leonis

587 1867 726 1946 Episcopi
755 1867 933 1931 Catanensis
957 1883 1130 1930 consensus
1151 1869 1327 1944 accederet3

587 1961 717 2040 quodsi
746 1962 872 2041 factam
894 1959 1017 2039 faerit,
1041 1962 1140 2024 etiam
1172 1963 1278 2040 frater
1299 1969 1327 2023 et

586 2053 784 2133 coepiscopus
816 2059 924 2114 noster
951 2053 1011 2114 Lea
1032 2055 1061 2115 ei
1090 2053 1257 2116 cessionem
1280 2055 1329 2132 [a-

587 2165 654 2210 cere
674 2145 807 2219 debebit,
824 2153 863 2210 at
879 2145 959 2209 liber
973 2148 1014 2211 ad
1030 2147 1246 2210 ordinandam
1260 2163 1330 2226 pas·

586 2243 630 2303 sit
658 2241 816 2312 inveniri,·
842 2243 878 2303 ad
909 2257 987 2318 quae
1011 2242 1105 2304 rerba
1133 2241 1266 2303 editores
1288 2243 1329 2304 lta

586 2336 750 2398 observant
773 2336 804 2406 in
821 2336 916 2412 notis,
937 2338 1113 2398 temerant
1129 2335 1330 2398 clericisrcae

586 2427 733 2490 ecclesiae
760 2427 901 2498 addicti,
931 2433 969 2489 at
997 2444 1036 2489 ne
1064 2445 1113 2488 eas
1141 2427 1265 2506 qaidera
1294 2427 1329 2490 in

590 2521 757 2600 Episcopas
778 2521 917 2583 allerias
939 2521 1086 2584 ecciesiae
1106 2525 1158 2604 [aa
1180 2530 1259 2586 esset
1274 2521 1330 2584 eli-

586 2631 667 2695 perc,
691 2615 758 2675 nisi
779 2613 927 2676 missione
948 2612 1088 2686 obtenta,
1112 2615 1195 2688 sive,
1219 2623 1257 2678 at
1279 2633 1330 2678 aa·

586 2711 650 2778 cat,
674 2708 821 2769 cessione.

625 2800 694 2863 Non
717 2802 820 2880 itaque
834 2800 1023 2877 dubitamus,
1040 2802 1115 2880 quin
1133 2809 1166 2864 tu
1181 2817 1252 2864 cum
1274 2803 1331 2866 Δι’-

585 2893 764 2956 cbidiacono
785 2899 839 2954 tuo
860 2895 967 2956 eadem
989 2895 1078 2972 plane
1095 2895 1213 2957 ratione
1235 2910 1329 2971 agen-

586 2988 661 3050 dum
683 2987 739 3050 tibi
761 3003 826 3048 esse
841 2988 944 3062 ducas,
957 3004 1015 3066 qua
1038 2987 1223 3066 Episcopum
1237 2985 1329 3048 Vien-

585 3096 715 3145 nensem
737 3096 809 3143 cum
826 3081 953 3143 diacono
973 3097 1029 3142 suo
1045 3081 1204 3143 Pancratio
1225 3096 1328 3157 agere,

587 3174 718 3239 Sanctus
738 3173 906 3250 Gregorius
926 3174 1061 3253 optavit;
1084 3180 1151 3236 tum
1174 3174 1244 3252 qula
1265 3175 1331 3236 anl-

587 3271 629 3331 ml
645 3267 691 3331 tui
713 3275 870 3347 perspecta
885 3269 1066 3344 magnitudo
1082 3267 1138 3330 boc
1160 3268 1248 3330 nobis
1261 3284 1329 3328 sua·

586 3365 655 3440 det3
678 3369 746 3423 tum
760 3362 829 3440 quia
852 3361 884 3422 ln
900 3377 932 3422 ea
949 3360 1087 3439 epistola,
1104 3375 1197 3438 quam
1216 3359 1328 3438 publici

588 3456 663 3518 iuris
685 3454 801 3529 iecisti,
824 3459 987 3531 postquam
1008 3453 1152 3531 praedicti
1175 3453 1330 3516 llrclridia·

587 3549 654 3611 coni
667 3549 698 3610 in
709 3547 873 3610 saecularis
888 3545 1076 3626 praesbyteri
1090 3553 1173 3608 statu
1184 3546 1330 3608 eximiam

586 3657 710 3721 operam
736 3641 955 3716 disertissime,
978 3647 1013 3702 ut
1034 3641 1113 3702 soles
1135 3641 1256 3715 omnia,
1279 3642 1331 3704 de·

588 3735 784 3809 monstrasti,
808 3735 886 3796 circa
908 3735 1003 3796 finem
1035 3735 1147 3796 deinde
1175 3734 1275 3796 addis:
1300 3741 1330 3796 te

587 3827 701 3892 babere
715 3844 841 3898 caesas,
858 3843 918 3888 car
932 3827 1021 3888 nitro
1035 3827 1124 3890 sinas
1138 3827 1279 3890 eamdem
1295 3828 1330 3888 irc

590 3923 725 3992 Castris,
748 3921 790 3984 ad
812 3935 891 3998 qaae
912 3921 1067 3990 discessit,
1091 3919 1248 3982 militare.

627 4017 732 4080 Unum
755 4022 871 4088 tamen,
888 4013 968 4089 quod
993 4014 1047 4075 tibi
1067 4014 1220 4091 praesenti
1242 4019 1330 4076 antea

587 4113 739 4186 diximus,
771 4125 857 4172 nunc
887 4108 980 4170 etlam
1009 4107 1122 4186 scripto
1154 4107 1329 4170 iterandum

588 4221 767 4282 censemus;
789 4219 852 4265 non
868 4201 985 4264 scillcet
1005 4199 1126 4262 debitae
1141 4215 1213 4276 erga
1235 4207 1265 4262 te
1280 4201 1332 4262 ob-

587 4299 759 4364 servantiae
776 4295 910 4358 delectui
932 4294 1135 4357 tribuendum
1156 4309 1233 4370 esse,
1250 4296 1330 4374 quod

587 4393 760 4472 praedictus
778 4389 1017 4452 Arcbldiaconus
1032 4395 1118 4461 tuus,
1134 4395 1206 4449 ante
1221 4388 1332 4449 disces·

588 4502 671 4561 sum,
693 4493 900 4564 opportunam
922 4480 973 4545 abs
996 4488 1026 4542 te
1048 4481 1173 4542 veniam
1200 4481 1332 4543 minime

588 4579 780 4658 requisierit3
803 4574 855 4637 sed
877 4575 981 4653 potius
1002 4574 1100 4635 metui
1121 4573 1330 4647 reuerentiali,

590 4687 683 4752 quem
714 4673 844 4743 vocant,
865 4685 897 4730 ac
924 4666 1075 4734 desiderio
1105 4667 1253 4744 propositi
1284 4669 1331 4728 sul

588 4765 688 4842 reipsa
702 4759 888 4841 exequendi,
904 4761 1048 4838 iustoque
1068 4759 1184 4833 timori,
1201 4774 1241 4820 ne
1256 4758 1332 4820 lorte

589 4856 714 4918 abelus
735 4854 940 4932 implemento
963 4859 1172 4914 revocaretur.
1200 4851 1265 4925 Qua
1285 4867 1332 4912 ra-

514 4948 518 4957 '
590 4949 675 5011 tione
696 4949 767 5010 bon.
791 4961 886 5008 mem.
915 4945 1078 5007 Ardicinus
1107 4943 1276 5007 cardinalis
1296 4944 1332 5005 de

589 5041 678 5103 Porta
700 5041 732 5103 in
754 5041 884 5119 quadam
912 5037 1039 5115 epistola
1061 5038 1096 5100 ad
1123 5037 1334 5116 praedecesso-

588 5149 657 5197 rem
672 5139 815 5196 nostrum
829 5131 1046 5194 innocentium
1063 5129 1173 5208 Papam
1190 5129 1251 5192 Vll.
1262 5146 1333 5194 con·

588 5229 712 5306 scripta,
724 5241 817 5288 suum
831 5223 947 5287 lactum
968 5231 1105 5298 excusat,
1118 5223 1198 5302 quod
1219 5223 1333 5286 scilicet

589 5321 625 5383 ad
648 5319 837 5382 eremiticam
858 5317 956 5378 vitam
978 5317 1060 5380 inter
1087 5315 1333 5380 camaldulenses

588 5411 794 5492 promendam
815 5410 959 5473 conlerre
977 5425 1011 5472 se
1027 5410 1146 5484 volens,
1169 5407 1334 5470 cardinala-

590 5515 639 5570 tus
660 5505 800 5566 babltum
823 5513 948 5579 exutus,
971 5502 1110 5566 clanculo
1130 5517 1170 5564 ex
1197 5501 1280 5563 Urbe
1302 5517 1334 5562 se

587 5598 782 5661 subduxerit.
815 5597 917 5672 Quum
938 5597 1041 5673 enim,
1064 5595 1221 5658 Pontiticis
1242 5597 1334 5658 venia

589 5699 762 5769 opportune
795 5692 938 5764 obtenta,
966 5690 1096 5751 minime
1125 5688 1333 5751 necessarium

589 5781 647 5843 sibi
670 5787 791 5861 potaret
803 5797 962 5844 assensum
979 5781 1109 5857 collegit
1125 5781 1155 5844 S.
1166 5779 1201 5842 R.
1213 5780 1248 5842 E.
1263 5780 1334 5843 Car·

590 5874 757 5954 dinalium3
780 5875 945 5939 consilium
959 5890 1035 5935 vero
1055 5888 1160 5950 suum,
1176 5889 1216 5936 ne
1239 5874 1335 5936 inter-

1105 531 1170 576 lille.
1195 531 1285 577 PONT·
1310 533 1350 576 bit
1371 532 1400 577 P·
1424 534 1453 578 E·
1479 534 1560 580 PARS
1583 536 1604 580 l.

2160 526 2211 616 bn.
2223 533 2249 586 (i.
2266 539 2319 595 titi

1387 655 1466 718 verti
1487 661 1605 731 posset,
1630 657 1801 718 necessario
1828 658 2044 725 occultandum
2066 680 2130 728 esse

1386 749 1598 825 cognovisset;
1621 748 1846 813 delatodelnde
1866 755 1902 816 ad
1925 755 2025 833 ipsum
2047 773 2132 819 mur·

1388 856 1477 904 mare
1499 857 1620 918 eorum,
1646 843 1698 920 qui
1721 843 1814 922 ipsius
1835 843 1952 908 lactum
1967 849 2132 925 repreben-

1386 935 1510 1011 debani,
1533 933 1574 997 lta
1595 937 1716 1014 scripsit
1730 937 1766 1000 ad
1781 938 1976 1016 Pontificem,
1998 941 2030 1003 in
2047 958 2133 1021 prae·

1386 1027 1475 1091 citata
1497 1029 1640 1106 epistola:
1665 1030 1746 1107 qnod
1767 1037 1888 1105 aetem,
1909 1033 2040 1095 dimissa
2063 1052 2133 1098 aar·

1387 1120 1555 1185 dinalatas
1577 1121 1713 1196 babilae,
1737 1123 1945 1188 dissimulata
1967 1133 2062 1200 aesta,
2085 1145 2132 1190 me

1388 1216 1500 1277 itineri
1523 1216 1747 1287 commiserim,
1768 1234 1832 1278 nan
1854 1219 1968 1296 opinor
1989 1227 2133 1298 propter·

1386 1327 1421 1372 ea
1446 1325 1493 1371 me
1515 1315 1625 1373 natam
1647 1309 1750 1372 allam
1773 1311 1860 1388 apnd
1881 1328 1991 1390 proces
2008 1318 2040 1374 et
2053 1328 2133 1390 pru-

1387 1404 1493 1466 denter
1524 1402 1610 1463 airas
1641 1403 1831 1465 contrahere
1860 1405 2013 1483 pateisae.
2050 1407 2152 1494 Nam,

1386 1513 1457 1561 cam
1479 1496 1601 1568 aeliam,
1627 1496 1708 1576 qaod
1730 1496 1885 1559 bactenas
1915 1500 2063 1578 feceram,
2090 1517 2134 1562 ae·

1386 1592 1602 1654 cratissimam
1617 1607 1691 1662 esse,
1709 1591 1802 1669 idqae
1823 1594 1928 1673 fratri
1942 1593 2025 1655 mibi
2045 1595 2132 1673 fidis·

1385 1685 1465 1747 simo
1481 1685 1698 1755 accaltasscm,
1716 1685 1902 1748 existimavi
1912 1687 2017 1749 satius
2032 1687 2133 1750 etiam

1388 1779 1422 1840 ia
1434 1777 1639 1840 dissimulata
1650 1775 1765 1840 babila
1778 1779 1866 1840 inter
1882 1779 2019 1858 ignotos,
2035 1797 2131 1856 qaam

1387 1886 1458 1933 cnm
1481 1887 1551 1932 aero
1574 1869 1689 1933 babitu
1712 1870 1866 1942 incedere,
1884 1879 1913 1934 et
1930 1880 2132 1950 proptereaa

1387 1980 1484 2042 poena
1504 1969 1535 2025 ct
1556 1981 1575 2026 a
1599 1963 1711 2040 calpa,
1735 1967 1766 2024 et
1787 1962 1826 2026 ab
1848 1967 1935 2026 omni
1963 1966 2031 2028 alia
2054 1971 2132 2028 nota

1385 2073 1432 2119 me
1453 2057 1628 2120 immanem
1642 2073 1706 2118 esse
1720 2057 1879 2119 existimo.
1904 2057 1982 2120 llaec
2003 2056 2133 2136 epistola

1386 2149 1520 2212 relertar
1548 2150 1669 2212 ineius
1697 2150 1760 2210 vita
1786 2149 1867 2212 edita
1888 2150 1925 2211 ab
1950 2151 2077 2229 Atticby
2100 2152 2132 2212 in

1387 2243 1481 2319 libro,
1505 2243 1555 2304 cui
1583 2242 1709 2310 titulus:
1743 2242 1836 2320 [lares
1860 2243 2017 2305 historiae
2042 2243 2131 2306 sacri

1388 2335 1519 2416 Galleqii
1543 2336 1574 2398 S.
1586 2333 1623 2396 lt.
1637 2336 1673 2396 E.
1699 2335 1937 2399 Cardiaalinm.

1427 2432 1528 2509 dique
1550 2429 1623 2491 baec
1644 2431 1680 2491 de
1701 2429 1800 2508 prima
1822 2431 2010 2507 quaestionis
2033 2437 2129 2508 parte.
2167 2443 2326 2498 neapolione
2361 2431 2362 2500 l

1386 2521 1468 2598 Quod
1492 2539 1566 2584 vero
1587 2521 1622 2582 ad
1645 2522 1773 2584 alteram
1794 2523 1921 2598 attinet,
1944 2524 1980 2585 ad
2003 2539 2132 2600 genera·
2150 2494 2324 2614 {bbdffbbbbbb
2361 2503 2362 2570 3

1388 2617 1449 2678 lem
1470 2615 1585 2678 scilicet
1600 2615 1714 2692 legem,
1731 2631 1824 2692 quam
1839 2630 1896 2694 pro
1916 2615 2071 2679 similibus
2086 2633 2134 2680 oa-
2150 2605 2299 2652 ⁰⁰¹¹⁵²¹t¹¹⁰¹¹l

1386 2710 1469 2772 sibus
1490 2727 1505 2770 a
1527 2709 1615 2771 nobis
1641 2709 1788 2772 constitui
1816 2710 1969 2787 postulas3
1995 2710 2054 2772 boc
2076 2711 2132 2773 tibi

1385 2804 1575 2880 respondere
1590 2817 1677 2880 posse
1697 2802 1896 2876 arbitramur,
1911 2803 1984 2865 satis
1998 2803 2073 2866 huic
2088 2804 2134 2864 rel

1388 2897 1418 2958 in
1441 2895 1649 2958 ecclesiasticis
1675 2894 1843 2958 canonibus
1871 2897 2031 2975 provisum
2054 2911 2131 2958 esse.

1387 2991 1420 3050 ln
1444 2989 1582 3053 Concilio
1609 2987 1759 3050 Toletano
1786 2988 1838 3052 lv.
1862 3004 1942 3052 anno
1968 3003 2129 3052 ocxxxrrr.
2176 2995 2207 3040 nc
2223 2994 2325 3041 suarim

1386 3082 1444 3146 sub
1465 3082 1577 3146 Sancto
1599 3082 1713 3144 lsidoro
1737 3082 1900 3158 celebrato,
1926 3083 2054 3146 Gonane
2075 3084 2129 3156 50,
2152 3046 2325 3146 bbmrrbbbbbb
2361 3097 2362 3104 ¹

1387 3178 1428 3238 ita
1442 3175 1575 3253 legitur:
1602 3174 1729 3245 Clerici,
1747 3177 1802 3254 qni
1818 3176 2046 3239 raanacboram
2061 3193 2133 3254 pro·
2151 3153 2323 3264 ξιὴζῇῗῗῂξέἧῇ

1386 3268 1526 3346 positam
1548 3273 1721 3346 appetant,
1744 3269 1820 3344 qaia
1846 3269 2007 3332 arctiorem
2029 3271 2133 3334 vitam
2151 3260 2260 3318 episcopi.

1386 3360 1474 3438 seq-cci
1495 3362 1644 3438 cupierat,
1669 3359 1782 3424 liberas
1805 3363 1850 3424 eis
1865 3361 1904 3425 ab
1926 3365 2081 3442 Episcopo
2096 3364 2133 3425 in

1386 3453 1592 3516 monasteriis
1608 3454 1726 3535 iarqiri
1748 3461 1872 3534 oportet
1887 3456 2062 3536 inpressas,
2077 3473 2134 3518 nec

1387 3546 1540 3609 interdici
1559 3547 1760 3625 propositam
1781 3564 1902 3622 eoram,
1922 3550 1977 3628 qni
1998 3550 2039 3613 ad
2062 3567 2134 3611 can·

1387 3640 1607 3718 templationis
1633 3639 1828 3703 desideriam
1850 3643 1991 3705 transire
2019 3645 2134 3706 aitan-

1389 3740 1454 3797 ter.
1479 3734 1595 3796 Textus
1616 3734 1748 3796 babetur
1765 3735 1801 3796 in
1817 3735 1998 3798 collectione
2022 3738 2137 3800 Conci-

1387 3827 1505 3889 liarnm
1527 3827 1704 3904 Hispaniae
1727 3827 1911 3891 cardinalis
1927 3829 1963 3891 de
1977 3830 2133 3910 Apeirre,

1393 3920 1475 3982 Tam.
1501 3919 1557 3993 lt,
1577 3936 1650 4000 pap.
1667 3919 1748 3997 487,
1772 3929 1802 3983 et
1824 3922 1958 3985 retertur
1982 3923 2077 3985 etlam
2102 3925 2134 3985 in

1387 4015 1510 4076 decreto
1521 4013 1657 4075 Gratiani
1672 4013 1749 4076 Cari.
1767 4015 1882 4078 Clerici
1896 4015 1949 4086 19,
1963 4023 2085 4096 quaest.
2101 4017 2133 4077 1.

1387 4107 1467 4182 Quin
1490 4107 1587 4168 immo
1602 4106 1637 4167 in
1653 4107 1757 4170 eadem
1773 4125 1873 4171 caasa
1889 4109 1942 4179 19,
1956 4115 2076 4188 quaest.
2097 4113 2131 4182 2,

1391 4200 1467 4263 Can.
1492 4197 1646 4269 alienam,
1663 4209 1823 4279 postquam
1845 4201 1952 4279 regula
1963 4203 2057 4281 posita
2072 4213 2145 4276 est,¹

1387 4293 1467 4370 quod
1490 4292 1620 4354 clericus
1640 4291 1754 4370 absque
1769 4295 1920 4370 permissu
1942 4295 2082 4375 Episcopi
2097 4297 2135 4359 ab

1388 4384 1513 4448 ecclesia
1533 4401 1588 4446 sua
1617 4385 1783 4460 discedere,
1805 4391 1836 4447 et
1857 4386 1984 4450 alterius
2003 4389 2134 4451 servitio

1387 4493 1421 4539 se
1441 4477 1611 4553 adiungere
1638 4479 1765 4556 nequit3
1788 4478 1967 4541 huiusmodi
1993 4483 2134 4560 exceptio

1388 4569 1597 4648 subnectitur:
1621 4569 1674 4630 sed
1700 4567 1960 4634 subaudiendam
1985 4575 2135 4642 astrici

1389 4662 1429 4726 ad
1444 4663 1644 4740 propositam
1658 4662 1800 4724 melioris
1815 4664 1903 4726 vitae
1925 4666 2068 4728 transire
2082 4685 2133 4728 aa·

1389 4755 1507 4826 inerim·
1531 4762 1608 4817 tarta
1631 4757 1715 4817 caim
1731 4754 1868 4818 liberam
1889 4763 1936 4820 est
1953 4757 2133 4831 illicitam

1391 4849 1543 4927 Episcopo
1564 4849 1817 4922 contradicente,
1829 4853 2062 4914 monasteriam
2084 4855 2134 4914 in·

1389 4943 1489 5022 predi.
1515 4942 1684 5004 Concordat
1706 4943 1813 5006 Canon
1833 4946 1977 5022 sequenti
1999 4946 2066 5008 loco
2087 4963 2135 5008 re·

1391 5037 1480 5108 latus,
1503 5035 1556 5114 qui
1577 5035 1685 5115 incipit
1701 5033 1791 5098 Deae
1811 5042 1909 5109 sant,·
1931 5037 1963 5098 in
1991 5055 2054 5117 quo
2074 5039 2135 5102 dis·

1390 5129 1498 5192 tinctio
1520 5129 1553 5190 dt
1574 5129 1657 5190 inter
1682 5129 1784 5206 legem
1806 5129 1960 5208 publicani
1981 5139 2012 5193 et
2034 5130 2135 5209 priva-

1389 5228 1512 5298 tameat
1527 5222 1636 5301 posito,
1652 5223 1732 5300 quod
1748 5220 1866 5301 publica
1881 5223 2006 5301 quidem
2018 5224 2069 5286 lex
2083 5241 2134 5287 ve·

1391 5313 1590 5378 tatclericum
1601 5314 1639 5375 ab
1649 5329 1710 5376 una
1720 5315 1855 5377 adaliam
1866 5318 2025 5379 ecclesiam
2037 5327 2133 5381 trans·

1389 5409 1435 5471 ire
1456 5407 1523 5471 sine
1545 5423 1670 5470 assensu
1691 5408 1807 5486 proprii
1830 5408 1989 5488 Episcopi3
2015 5411 2133 5489 privata

1391 5517 1463 5562 vero
1484 5500 1547 5576 lex,
1564 5515 1642 5578 quae
1662 5499 1813 5563 instinctu
1828 5502 1932 5566 Sancti
1953 5499 2087 5582 Spiritus
2102 5505 2131 5566 ln

1389 5596 1480 5656 corde
1494 5592 1651 5668 scribitur,
1663 5602 1695 5656 et
1710 5594 1830 5671 dignior
1850 5603 1896 5657 est
1911 5595 1980 5673 lege
2001 5597 2131 5675 publica,
2146 5595 2148 5600 ’

1391 5702 1587 5766 nequaquam
1599 5687 1627 5749 id
1640 5687 1799 5765 probibet;
1811 5703 1849 5748 ex
1858 5688 2036 5751 huiusmodi
2049 5690 2131 5768 prin·

1391 5780 1469 5860 cipio
1494 5781 1653 5856 arguitur,
1680 5779 1773 5842 licere
1794 5779 1906 5842 clerico
1935 5780 2131 5857 beneficiato,

1390 5872 1483 5936 etiam
1504 5873 1734 5938 contradicente
1759 5872 1924 5952 Episcopo,
1946 5873 2131 5936 beneficium
