4744 6976
321 562 420 619 Aac.
442 566 512 619 1745
561 568 621 631 246

542 708 686 772 sumendi
709 723 826 772 nomen
847 715 879 772 et
901 709 1029 771 titulum
1050 706 1288 787 archiepiscopi,

543 799 662 862 etiamsi
675 799 802 878 pallium
813 802 881 879 quis
896 817 960 864 non
976 801 1100 864 habeat:
1125 801 1286 878 gubernia:

543 894 757 971 indulgentiae
778 895 951 957 ordinariae
963 900 994 956 et
1009 893 1286 956 extraordinariae:

544 987 663 1050 indulta
684 988 849 1050 emittendi
870 987 1095 1066 professionem
1115 994 1188 1049 ante
1208 1001 1289 1048 com-

542 1080 663 1159 pletum
684 1096 804 1142 annum
819 1080 1008 1143 novitiatus:
1033 1077 1196 1142 emittendi
1212 1079 1289 1157 pari-

545 1181 591 1235 ter
612 1171 836 1251 professionem
862 1173 894 1234 in
923 1177 1080 1234 conventu
1113 1187 1176 1234 non
1199 1170 1291 1232 desti-

544 1273 631 1328 nato:
657 1266 764 1329 utendi
786 1266 953 1330 birettino:
977 1283 1042 1330 non
1072 1266 1235 1329 incedendi
1259 1266 1290 1328 ln

544 1359 663 1434 habitu,
684 1359 805 1422 ratione
837 1359 1036 1436 pensionum,
1060 1360 1145 1422 iuxta
1177 1360 1290 1422 consti-

546 1452 700 1514 tutionem
722 1452 800 1516 Sixti
823 1451 879 1528 v.,
897 1453 933 1514 ad
950 1453 1141 1515 triennium:
1166 1452 1290 1529 imposi-

545 1545 644 1608 tiones
664 1561 759 1624 super
779 1545 1006 1608 ecclesiasticis:
1030 1547 1197 1608 cruciatae:
1222 1561 1292 1623 pro-

544 1641 719 1717 rogationes
740 1642 943 1720 pensionum:
968 1641 1181 1719 exemptiones
1202 1657 1217 1700 a
1239 1656 1291 1700 ve-

544 1733 722 1810 ctigalibus:
747 1734 994 1812 processionibus
1017 1741 1047 1794 31
1069 1734 1232 1796 oneribus:
1257 1733 1292 1794 li·

544 1831 663 1889 cantiae
690 1827 886 1904 ingrediendi
916 1829 1102 1890 monasteria
1124 1835 1155 1889 ct
1181 1843 1292 1906 perno-

544 1921 646 1982 ctandi
668 1920 700 1980 in
722 1921 780 1982 eis:
805 1918 930 1982 creandi
951 1936 1081 1995 census,
1104 1935 1218 1998 eosque
1240 1935 1293 1981 ex-

546 2011 727 2088 tinguendi:
752 2013 997 2091 permutationes
1021 2013 1194 2088 honorum,
1228 2028 1290 2074 non

545 2111 649 2167 tamen
670 2121 764 2184 super
784 2107 910 2167 materia
932 2106 1103 2168 beneficiali
1125 2105 1175 2168 vel
1197 2106 1292 2168 eccle-

544 2197 676 2260 siastica:
695 2198 814 2260 indulta
829 2189 965 2276 capiendi
984 2199 1210 2277 possessionem
1225 2207 1292 2277 post

544 2291 695 2368 signatam
713 2290 970 2370 supplicationem
985 2298 1016 2353 et
1034 2299 1107 2354 ante
1123 2291 1292 2369 expeditio·

545 2383 874 2458 nemllterarum,tam
886 2400 943 2462 pro
954 2384 1122 2463 Episcopis,
1132 2400 1226 2462 quam
1237 2401 1292 2464 pro

545 2492 743 2554 quocumque
765 2477 914 2538 beneficio
936 2477 1157 2551 ecclesiastico,
1181 2478 1216 2540 ad
1238 2493 1291 2538 sex

546 2583 681 2630 menses:
707 2569 896 2647 percipiendi
920 2569 1040 2630 fructus
1062 2569 1094 2630 in
1109 2569 1247 2630 absentia
1262 2577 1292 2630 et

546 2677 608 2722 non
630 2661 809 2724 residendo:
834 2662 1042 2739 permanendi
1070 2670 1157 2723 extra
1178 2670 1294 2723 statum

545 2753 801 2816 ecclesiasticum:
827 2753 958 2815 habendi
981 2753 1294 2834 feraestram,]cancel-

546 2845 590 2907 los
611 2852 643 2906 et
669 2845 793 2906 ianuam
815 2845 849 2906 in
878 2845 1008 2924 publicis
1039 2845 1188 2908 ecclesiis:
1216 2846 1292 2907 reci-

546 2937 649 3015 piendi
672 2953 790 2999 sacram
819 2938 1085 3000 communionem
1107 2939 1139 2999 in
1165 2938 1293 3015 privatis

546 3029 655 3091 domus
676 3029 835 3090 oratoriis:
870 3030 1027 3092 retinendi
1053 3039 1084 3092 et
1111 3030 1235 3106 legendi
1258 3031 1294 3091 li·

547 3121 617 3182 bros
637 3121 823 3198 prohibitos:
854 3122 1019 3185 exercendi
1047 3138 1142 3201 opera
1169 3123 1293 3185 servilia

546 3213 654 3276 diebus
676 3213 808 3276 festivis:
837 3214 1012 3276 celebrandi
1035 3215 1067 3278 in
1090 3215 1155 3276 loco
1184 3215 1293 3294 patrati

546 3293 665 3370 3111313
690 3307 854 3370 incensam
877 3307 908 3368 an
932 3307 1039 3370 nauata
1062 3307 1170 3383 1311111,
1193 3310 1228 3370 :a
1250 3307 1295 3368 31-

546 3401 664 3463 fectum
685 3399 845 3463 dumtaxat
867 3401 1021 3477 gaudendi
1047 3400 1210 3478 privilegio
1236 3400 1294 3462 lori

547 3501 578 3556 31
599 3494 757 3556 retinendi
773 3494 947 3573 pensiones,
962 3501 1117 3572 utsupra:
1143 3493 1294 3570 legitima·

547 3589 662 3649 tiones:
680 3587 892 3648 concessiones
907 3586 1038 3649 habendi
1055 3586 1157 3649 locum
1174 3588 1206 3649 in
1221 3604 1294 3648 con·

548 3681 617 3742 silio
649 3676 844 3756 ferrarien,
874 3687 927 3741 aut
951 3680 1078 3742 alterius
1109 3681 1242 3742 civitatis
1263 3689 1294 3744 et

549 3787 649 3840 terrae
679 3783 776 3838 status
806 3775 1018 3838 ecclesiastici:
1052 3777 1294 3858 dispensationes

551 3870 795 3934 matrimoniales
816 3887 872 3949 pro
900 3869 1092 3949 principibus
1121 3873 1291 3949 supremis:

547 3965 1294 4043 oratoriaprivata:creationesprotonotariornm

548 4057 787 4136 apostolicorum
812 4075 876 4121 non
900 4059 1166 4137 participantium:
1191 4061 1294 4138 prohi-

549 4155 682 4217 bitiones
711 4152 893 4216 extrahendi
922 4152 1033 4230 libros,
1063 4161 1241 4232 paramenta
1263 4161 1294 4216 et

548 4246 693 4308 utensilia
719 4263 819 4307 sacra:
850 4247 1063 4308 revocationes
1085 4247 1195 4309 talium
1225 4263 1296 4326 pro-

548 4344 754 4407 hibitionum:
780 4339 1012 4419 prorogationes
1026 4341 1062 4400 ad
1080 4347 1213 4418 tempus,
1231 4355 1294 4402 non

548 4448 654 4500 tamen
669 4437 704 4498 ad
720 4436 995 4528 praesentandum,
1007 4444 1061 4498 aut
1075 4436 1294 4514 publicandum

548 4531 599 4593 vel
620 4533 656 4593 ad
676 4531 885 4610 suscipiendos
906 4530 1049 4604 ordines,
1072 4529 1138 4590 sive
1159 4528 1295 4606 aliquem

549 4625 693 4702 gradum,
710 4625 795 4687 iuxta
810 4627 970 4687 decretum
986 4623 1160 4702 appositum
1176 4622 1208 4687 in
1224 4637 1295 4700 sup-

548 4719 713 4796 plicatione
728 4734 782 4796 per
797 4717 965 4780 llatariam:
989 4719 1149 4780 facultates
1170 4717 1297 4796 privati-

549 4826 603 4870 vae
624 4809 824 4888 imprimendi
845 4809 955 4870 libros:
980 4809 1223 4883 revalidatoriae‚
1240 4825 1295 4870 scu

548 4903 677 4981 perinde
699 4902 802 4963 valere
830 4918 923 4980 super
952 4902 1098 4964 brevibus
1119 4903 1180 4963 iarn
1204 4917 1296 4980 expe·

548 4995 633 5057 ditis:
656 4995 720 5056 loca
741 5011 796 5056 seu
817 4993 915 5057 officia
937 4996 1139 5072 quadraginta
1154 4995 1296 5056 virorum

548 5088 789 5149 reformatorum
806 5095 902 5148 status
925 5087 1074 5150 libertatis
1096 5088 1229 5148 civitatis
1242 5087 1297 5147 Bo·

549 5181 698 5255 nonien,
721 5189 753 5242 et
776 5179 1000 5257 assignationes
1011 5182 1193 5242 eorumdem
1219 5179 1298 5240 loco·

549 5291 621 5335 rum
641 5290 695 5334 seu
718 5274 907 5334 olii'ciorum:
933 5272 1147 5334 restitutiones
1169 5273 1202 5332 in
1218 5271 1297 5331 inte·

550 5381 642 5443 grum
664 5366 908 5428 dummodonon
924 5364 1035 5425 sintin
1052 5364 1181 5426 materia
1205 5364 1298 5425 bene-

550 5460 679 5521 liciaria:
704 5460 902 5520 reductiones
923 5473 1057 5518 onerum
1072 5464 1102 5518 et
1115 5457 1295 5519 missarum:

549 5552 762 5614 concemiones
784 5551 955 5630 privativae
978 5550 1168 5610 venationis:
1194 5549 1298 5626 provi·

549 5645 653 5706 siones
674 5643 874 5706 ecclesiarum
896 5645 929 5705 in
962 5642 1101 5722 partibus
1123 5641 1298 5704 infidelium

550 5738 585 5797 ad
608 5737 788 5798 instantiam
802 5736 852 5797 vel
867 5737 1065 5797 commodum
1078 5734 1299 5810 congregauo-

551 5829 599 5888 nis
613 5828 651 5888 de
665 5829 861 5906 Propaganda
878 5829 962 5903 dide,
975 5828 1077 5888 favore
1090 5826 1296 5903 vicariorum,

555 5933 678 5981 necnon
700 5919 900 5982 ecclesiarum
928 5921 1048 5984 Scotiae
1069 5927 1100 5983 31
1121 5919 1295 5994 Hiberniae,

1067 587 1130 632 lt‘lt.
1155 587 1247 632 Pbx'r.
1271 586 1311 630 DE
1333 586 1362 630 P·
1386 585 1414 628 F·
1440 586 1521 631 nans
1544 587 1564 630 1.

2120 564 2174 619 An.
2189 566 2221 619 C.
2244 561 2333 616 1745

1344 719 1460 783 quaea
1489 705 1641 784 praedicta
1668 707 1832 770 secretaria
1860 706 1955 784 gratis
1982 721 2090 770 conce·

1345 799 1476 863 duntur:
1490 799 1693 863 auditoriatus
1703 802 1799 864 Rotae
1810 802 2008 875 blaceralen.,
2018 803 2090 864 Fer-

1345 894 1460 954 rarien.
1485 900 1516 954 et
1542 893 1734 956 Bononien:
1765 894 1862 956 oflicia
1893 895 2088 972 signaturae:

1345 987 1402 1047 alia
1424 985 1522 1048 officia
1544 995 1575 1048 et
1604 1002 1736 1050 munera
1764 986 1946 1062 saecularia,
1976 1003 2052 1066 quiae
2075 1005 2090 1048 a

1347 1080 1642 1143 RomanoPontifuce
1653 1080 1860 1144 saecularibus
1872 1081 2089 1156 conferuntur,

1346 1181 1377 1236 et
1398 1189 1477 1252 quae
1499 1188 1553 1251 per
1574 1173 1673 1234 Breve
1693 1173 1831 1252 expediri
1847 1183 2089 1248 consueverunt,

1346 1272 1377 1328 et
1398 1265 1523 1341 similia,
1540 1283 1619 1344 quae
1637 1265 1808 1343 respiciunt
1830 1266 2091 1328 scaeoularitatem

1345 1358 1413 1419 sint
1434 1357 1496 1420 11113
1518 1358 1714 1420 connexione
1735 1375 1807 1420 cum
1829 1374 1863 1420 re
1884 1358 2090 1434 beneficiaria,

1346 1450 1519 1512 cuiusmodi
1532 1453 1841 1529 suntcapitaneatus,
1854 1451 2090 1526 baroncellatus,

1347 1543 1498 1606 fiscalatus
1521 1553 1551 1605 et
1571 1544 1700 1621 similia;
1731 1559 1852 1606 necnon
1875 1546 2091 1624 deputationes

1346 1637 1558 1700 coadiutorum
1583 1637 1616 1698 in
1644 1638 1776 1700 eisdem:
1801 1637 1926 1700 licentia
1952 1639 2091 1718 personis

1347 1729 1557 1792 ecclesiasticis
1578 1730 1763 1808 suscipiendi
1788 1730 1917 1794 tutelam
1933 1731 2090 1794 minorum

1347 1829 1377 1883 et
1399 1822 1554 1884 nobilibus
1576 1821 1761 1884 mulieribus
1783 1823 1884 1886 viduis
1905 1825 2092 1903 suscipiendi

1347 1915 1479 1978 tutelam
1501 1915 1655 1978 filiorum:
1687 1915 1762 1978 item
1784 1917 1923 1993 personis
1952 1917 2091 1979 ecclesia·

1346 2009 1442 2083 stiois,
1464 2007 1608 2070 studendi
1632 2009 1693 2069 iuri
1717 2010 1749 2071 in
1771 2010 1901 2088 publicis
1917 2011 2091 2073 studiorum

1348 2101 1620 2164 universitatibus:
1645 2102 1826 2164 extrahendi
1838 2102 2000 2180 reliquias:
2025 2119 2094 2166 ver-

1347 2195 1526 2257 sandicum
1548 2195 1727 2256 haereticis:
1752 2193 1871 2258 locandi
1892 2196 1928 2257 ad
1951 2205 2090 2274 tempus:

1347 2294 1377 2347 et
1400 2286 1518 2348 indulta
1540 2279 1692 2348 liberandi
1719 2303 1787 2348 reos
1808 2303 1862 2366 pro
1890 2287 2092 2352 confraterni-

1348 2380 1470 2442 tatibus.

1385 2474 1403 2547 ἓ
1424 2473 1453 2536 d.
1477 2473 1597 2536 Gratiae
1612 2481 1716 2535 autem
1731 2481 1762 2535 et
1778 2475 2000 2550 concessiones,
2013 2492 2109 2554 quae,
2148 2490 2212 2534 raam
2229 2499 2341 2537 aarum,

1349 2573 1410 2627 tam
1432 2581 1487 2644 per
1513 2565 1716 2628 secretariam
1745 2567 1893 2628 Brevinm
1924 2569 2092 2645 praedicto·
2110 2546 2342 2650 ssffi„f³¹¹},uffi

1349 2675 1431 2731 rum,
1454 2673 1547 2736 quam
1563 2674 1618 2737 per
1629 2658 1781 2720 llatariam
1803 2657 2007 2738 Apostolicam
2023 2676 2093 2739 pro-
2110 2649 2340 2758 lffgfflelgfflffi

1348 2753 1477 2826 misene,
1496 2751 1579 2814 iuxta
1601 2751 1719 2814 dictum
1741 2752 1919 2827 elenchum,
1945 2761 2091 2830 poterunt
2111 2757 2227 2812 possunt.

1348 2845 1499 2923 expediri,
1520 2852 1593 2906 sunt
1614 2860 1694 2922 quae
1714 2853 1905 2922 sequuntur:
1929 2847 2093 2908 confirma·

1350 2937 1449 2999 tiones
1470 2943 1705 3012 contractuum,
1728 2944 1934 3013 statutorum,
1966 2939 2094 3016 privile·

1349 3032 1485 3106 giorum,
1518 3029 1768 3104 ordinationum,
1800 3030 2034 3092 concordiarunx
2062 3040 2093 3094 et

1349 3123 1611 3195 transactionum,
1641 3127 1703 3183 tam
1735 3122 1766 3184 in
1795 3121 1893 3186 forma
1919 3125 2092 3200 communi,

1348 3231 1442 3292 quam
1457 3217 1489 3276 in
1505 3215 1602 3277 forma
1617 3215 1773 3294 specifica:
1798 3216 2007 3278 absolutiones
2022 3234 2093 3280 cum

1349 3308 1630 3386 dispensationibus
1650 3309 1686 3370 ad
1708 3309 1833 3370 ordines
1858 3325 1951 3387 super
1973 3310 2095 3388 irregu-

1350 3402 1470 3464 laritate
1484 3401 1688 3482 proveniente
1703 3417 1741 3462 ex
1757 3400 1879 3463 defectu
1893 3403 2029 3480 corporis
2044 3403 2094 3465 vel

1350 3511 1388 3556 ex
1410 3493 1533 3569 delicto,
1556 3509 1620 3556 non
1644 3505 1748 3556 tamen
1775 3495 1932 3558 homicidii
1956 3498 2094 3558 instato

1349 3587 1552 3650 ecclesiastico
1573 3587 1745 3648 commissi:
1769 3589 2022 3652 confirmationes
2043 3591 2094 3652 de·

1350 3682 1426 3743 creti
1449 3681 1572 3743 iudicis:
1597 3681 1811 3757 derogationes
1832 3689 2021 3746 statutorum
2043 3701 2093 3745 ur-

1350 3773 1406 3849 his,
1427 3773 1598 3851 spoletan,
1615 3782 1647 3835 et
1668 3775 1798 3836 aliarum
1820 3775 1982 3838 civitatum
2001 3791 2095 3855 super

1350 3885 1477 3932 excessu
1498 3868 1592 3929 dotis:
1628 3869 1866 3948 dispensationis
1890 3884 1983 3947 super
2010 3885 2095 3947 prae-

1350 3961 1451 4023 missis
1472 3961 1754 4037 irregularitatihus
1776 3979 1848 4025 cum
1864 3965 2025 4041 praedictis
2048 3981 2095 4026 re·

1349 4054 1514 4116 strictivis:
1539 4062 1624 4115 extra
1654 4064 1808 4135 tempora,
1832 4063 1894 4118 tam
1922 4072 1978 4136 pro
1999 4057 2093 4133 italis,

1350 4164 1443 4227 quam
1464 4164 1519 4227 pro
1539 4147 1800 4211 ultramontanis:
1831 4151 2002 4214 erectiones
2024 4167 2096 4214 oon·

1351 4243 1598 4304 fraternitatum:
1632 4242 1751 4304 indulta
1781 4243 1924 4306 medendi
1946 4253 1977 4306 et
2009 4260 2095 4306 exer-

1350 4337 1439 4400 cendi
1461 4340 1667 4416 chirurgiam:
1692 4339 1906 4416 indulgentiae
1929 4347 2095 4418 perpetuae

1351 4450 1406 4512 pro
1418 4432 1737 4496 cotafraternitatihus:
1757 4434 1900 4496 licentiae
1914 4432 2096 4496 transeundi

1350 4527 1385 4587 ad
1407 4527 1551 4589 ordinem
1578 4528 1782 4590 strictiorem:
1815 4528 1955 4590 licentiae
1981 4545 2015 4590 se
2039 4529 2096 4589 im·

1352 4619 1499 4682 miscendi
1522 4621 1554 4682 in
1580 4622 1805 4686 criminalibus:
1830 4635 1861 4684 et
1884 4622 2096 4701 restitutiones

1351 4714 1498 4774 adversus
1520 4713 1639 4793 lapsum
1660 4717 1880 4795 quinquennii.
1945 4735 1947 4740 ·

1391 4806 1460 4881 §7-
1493 4807 1624 4868 bernam
1657 4811 1875 4873 concessiones
1901 4819 1932 4872 et
1962 4811 2094 4888 gratiae,
2116 4813 2335 4908 „Qaffl‘afllffil
2363 4883 2364 4894 χ

1352 4915 1484 4976 quarum
1497 4902 1663 4978 expeditio,
1676 4902 1758 4964 iuxta
1773 4904 1905 4966 relatum
1919 4902 2095 4980 elenchum,
2116 4874 2171 4962 adm
2182 4875 2333 4974 “hiulcis
2363 4927 2364 4950 1

1355 4993 1491 5053 botanae
1520 4994 1710 5072 Apostolicae
1739 4996 1893 5073 privative
1921 4999 2019 5075 quoad
2046 4997 2098 5060 Se·
2117 4970 2219 5016 acuent.

1352 5085 1513 5146 cretarlam
1537 5087 1722 5165 praedictam
1744 5097 1934 5165 reservatur,
1951 5099 2026 5152 sunt
2047 5105 2098 5166 ge-

1353 5178 1499 5240 neraliter
1513 5196 1727 5258 quaecumque
1743 5181 1820 5243 aliae
1840 5184 2054 5244 concessiones
2067 5191 2099 5245 31

1354 5273 1469 5348 gratiae
1491 5273 1523 5334 in
1545 5274 1756 5352 superioribus
1771 5289 1835 5336 non
1857 5275 2100 5352 comprehensae

1355 5381 1411 5426 neo
1433 5380 1612 5443 expressae3
1636 5381 1667 5427 31
1688 5367 1851 5443 signanter
1877 5367 1948 5428 illae
1979 5384 2098 5442 omnes,

1354 5457 1539 5536 inguarum
1569 5461 1784 5537 expeditione,
1809 5462 1846 5522 de
1867 5460 1947 5538 stylo
1969 5469 1999 5522 et
2028 5477 2102 5523 con·

1352 5551 1519 5612 suetudine
1531 5551 1783 5627 immemorabili,
1796 5552 1944 5615 solvenda
1958 5561 2004 5614 est
2018 5570 2100 5615 cona-

1353 5644 1464 5721 positio
1487 5645 1519 5706 in
1542 5645 1605 5724 ipsa
1627 5646 1758 5721 llataria,
1781 5655 1834 5709 aut
1856 5655 1924 5708 taxa
1947 5643 2101 5710 Caracalla-

1354 5736 1429 5811 riae,
1452 5739 1518 5798 sive
1540 5738 1697 5800 localium.

2142 5831 2261 5877 Pauutilax
2277 5844 2332 5877 con-

2119 5884 2203 5930 firmat
2227 5885 2332 5931 relatam
2363 5897 2364 5908 ¹

1393 5829 1412 5904 ἓ
1433 5829 1462 5890 8.
1487 5829 1548 5891 Nos
1570 5832 1678 5907 igitur,
1694 5849 1793 5911 quum
1815 5834 2016 5911 praemissam
2039 5849 2102 5896 ma-

1354 5924 1504 5986 teriarum
1526 5932 1556 5986 et
1577 5925 1747 6000 gratiarum
1766 5927 1999 6004 apostolicarum
2023 5927 2102 5990 divi·
2119 5937 2287 5994 divisionem,
2310 5943 2334 5984 et
2363 5963 2364 6004 3
