4764 6972
92 609 129 659 Aa.
140 602 163 652 0.
181 597 242 648 1744

272 729 340 792 torti
363 729 584 809 religionem»
607 730 680 791 alias
701 730 792 792 hasce
805 729 1017 793 substituetis:

200 847 202 850 ·
270 825 353 900 repet
369 821 570 902 religionem,
582 822 756 884 certiorato
772 823 864 899 prius
881 823 917 883 de
929 821 1019 886 obitu

270 913 661 978 Proto-Arcbimcodrita
690 913 951 993 Metropolitorto,
977 917 1019 978 ei·

268 1023 325 1086 que
345 1017 472 1071 servo-to
499 1007 605 1072 debito
632 1009 750 1070 bonore
772 1014 803 1069 et
825 1010 1016 1074 reverentia.

99 1117 249 1184 uequuae-
306 1101 395 1176 §ab
420 1101 500 1165 lllud
529 1119 604 1165 vero
626 1119 682 1180 pro
704 1110 786 1164 recta
816 1104 1019 1165 monasterio·

84 1173 250 1276 ffissssfissffig
269 1210 339 1257 rum
367 1196 533 1274 utriusque
559 1195 737 1274 provinciae
763 1195 965 1259 Litbuanicae
987 1203 1018 1258 et

84 1287 249 1386 iffiffiffggj
267 1287 429 1350 Polonicae
450 1289 610 1368 disciplina
625 1291 781 1367 sapienter
802 1289 1017 1365 constituistis,

35 1439 36 1460 ι
85 1392 152 1434 sset·
267 1389 301 1442 nt
322 1380 483 1444 orientalis
499 1380 645 1444 ecclesiae
660 1398 746 1456 usus,
763 1379 1016 1456 consuetudines,

265 1477 428 1551 exercitia,
451 1473 583 1550 ieiunia,
607 1476 686 1536 ritus
707 1483 739 1536 et
767 1477 962 1537 ceremoniae
984 1476 1017 1538 in

189 1585 194 1592 ·
265 1568 383 1630 eisdem
411 1569 630 1631 observentur.
660 1568 744 1643 Quod
767 1569 893 1647 quidem
920 1577 1017 1630 statn-

266 1672 333 1724 tum
354 1678 556 1740 summopere
585 1660 855 1736 commendamus3
884 1677 1017 1740 perpen-

264 1756 385 1829 dentes,
409 1755 492 1833 quod
514 1753 607 1830 olim,
630 1770 730 1832 quum
757 1756 791 1816 ad
815 1755 1017 1817 Kioviensem

263 1848 461 1924 Metropolim
482 1856 610 1910 evectus
631 1847 740 1910 luisset
761 1849 799 1910 de
813 1863 1013 1909 an.rrncx1u.

262 1941 470 2017 supracitatus
491 1940 599 2018 losepb
626 1939 809 2001 Velaminus
831 1941 943 2002 nobilis
966 1940 1016 2001 Li-

263 2033 417 2108 tbuanus,
437 2033 471 2094 in
492 2032 551 2095 boc
578 2032 710 2108 collegio
731 2033 845 2096 Graeco
873 2036 911 2095 de
933 2034 1015 2097 Urbe

263 2125 424 2201 educatus,
449 2125 563 2187 institit
581 2141 687 2188 coram
709 2125 761 2188 iel.
786 2128 905 2189 record.
922 2127 1016 2188 Paulo

263 2218 343 2296 Papa
366 2217 403 2278 ll.
427 2219 661 2296 praedecessore
683 2227 802 2294 nostro,
825 2228 918 2297 atque
939 2219 1015 2282 obti-

262 2313 335 2374 nuit
357 2311 506 2373 declarari
521 2327 577 2389 per
593 2311 771 2390 apostolicas
787 2312 890 2374 literas
906 2313 939 2374 in
954 2313 1016 2374 lor-

261 2421 312 2466 ma
335 2403 444 2466 Brevis
459 2405 541 2466 datas
555 2405 606 2467 die
621 2419 651 2464 x.
667 2404 772 2482 aprilis
793 2422 928 2479 uocxv„
945 2406 1015 2468 nul-

262 2497 386 2560 lateuus
407 2496 560 2559 Rutbenis
582 2499 617 2559 ad
643 2499 899 2560 communionem
923 2499 1017 2561 Sanc-

261 2599 312 2652 tae
334 2591 420 2654 Sedis
441 2605 544 2668 nuper
565 2591 717 2654 adiunctis
749 2591 926 2669 impositam
948 2608 1015 2654 esse

261 2683 378 2758 legem,
395 2691 443 2758 ut,
459 2683 604 2746 abdicatis
626 2685 759 2762 propriis
775 2684 896 2760 ritibus,
911 2686 1015 2748 Eccle-

260 2775 325 2837 siae
355 2776 484 2838 Latinae
516 2777 595 2839 ritus
625 2776 899 2854 amplecterentur.
935 2780 1014 2841 Cum

92 2915 93 2918 ι
260 2878 369 2932 autem
392 2885 448 2932 nos
464 2871 565 2949 elapso
581 2872 723 2948 proxime
737 2887 819 2932 anno
831 2887 1011 2934 nocentur.

35 2967 37 3030 i
99 2983 242 3038 rumorque·
261 2963 322 3024 sub
342 2963 393 3025 die
414 2978 502 3024 xxiv.
528 2963 710 3038 decembris,
740 2964 901 3042 epistolam
923 2981 1017 3042 ency-

35 3063 37 3120 ὲ
81 3038 242 3138 ξξξᾍξξῖξῖᾓῖξ
260 3055 372 3118 clicam
387 3055 564 3118 dederimus
579 3054 613 3116 ad
629 3055 835 3117 Patriarebam
850 3056 1016 3117 Antioche·

82 3147 138 3254 ξζ-Γξ,
154 3145 243 3254 {3⁵ng
261 3163 341 3210 num
363 3149 550 3210 Graecorum
573 3146 800 3222 llelcbitarum,
817 3156 1015 3220 caeterosque

35 3239 37 3300 l
82 3253 129 3298 uo
261 3240 430 3318 Episcopus
451 3241 614 3302 catholicos
637 3241 721 3301 illius
739 3242 818 3302 ritus
839 3240 938 3303 eidem
962 3242 1015 3302 Pa·

35 3339 37 3348 “
261 3333 413 3394 triarchas
434 3332 601 3408 subiectos,
615 3333 647 3393 in
663 3349 724 3410 qua
740 3332 829 3413 plura
845 3335 1015 3412 disponun-

262 3433 316 3488 tur
337 3426 418 3487 oirca
446 3425 649 3487 abstinentias
672 3432 702 3487 et
724 3426 856 3500 ieiunia,
880 3427 1015 3505 eliasque

259 3519 505 3580 consuetudines
540 3518 700 3581 orientalis
733 3519 893 3596 eeclesiae;
927 3520 1016 3582 volu·

260 3625 344 3686 mus,
369 3619 404 3673 ut
426 3611 514 3673 istius
536 3626 660 3689 quoque
682 3613 879 3674 mentionem
901 3612 1015 3674 faciatis

260 3712 292 3764 et
316 3705 471 3782 praedicto
493 3702 618 3766 decreto
647 3706 828 3768 huiusmodi
850 3705 943 3768 verba
965 3705 1016 3766 ad-

260 3797 355 3858 datis:
381 3797 480 3858 iurato
497 3796 664 3876 epistolum
680 3797 867 3860 decretalem
885 3797 940 3861 SS.
955 3799 1015 3860 Do·

259 3889 345 3950 mirei
368 3890 482 3952 Nostri
503 3896 575 3961 etc,
599 3907 678 3969 quae
692 3891 780 3953 tulta
797 3892 897 3966 nobis,
916 3899 950 3953 ut
964 3909 1015 3954 su·

259 3998 327 4061 pra,
350 3984 543 4062 conscripta3
565 3983 681 4046 adiecta
706 3999 805 4064 poena
832 3984 1015 4063 privationis

260 4075 346 4137 vocis
367 4077 486 4138 activae
506 4085 537 4138 et
558 4076 704 4152 passivae,
722 4075 790 4155 ipso
811 4076 888 4138 iacto
911 4077 1016 4139 incur-

258 4167 371 4242 renda,
395 4183 460 4230 non
481 4168 584 4230 solum
606 4168 643 4230 ab
664 4169 711 4242 iis,
735 4169 789 4246 qui
819 4169 964 4232 ecclesiae
984 4186 1015 4230 o-

259 4260 403 4322 rientalis
418 4277 505 4336 usus,
521 4260 774 4336 consuetudines,
791 4261 919 4337 ieiunia,
936 4263 1015 4324 ritus

260 4363 292 4416 et
317 4354 509 4416 ceremonias
536 4354 822 4430 transgrediantur,
846 4356 1015 4417 sedetiam

259 4447 299 4508 ab
321 4447 461 4524 ipsorum
482 4447 711 4525 superioribus,
734 4448 788 4526 qui
815 4448 1016 4526 dispensatio-

260 4555 337 4601 nem
360 4540 397 4602 ab
418 4555 527 4600 eorum
549 4540 756 4614 observantia,
770 4541 863 4601 etiam
885 4540 919 4600 in
940 4541 1015 4602 casi-

260 4632 322 4694 bus
342 4633 591 4710 particularibus,
609 4634 723 4711 absque
737 4634 817 4697 iusta
832 4641 862 4695 et
882 4641 1016 4710 urgente

259 4741 353 4787 causa
374 4725 544 4787 concedere
565 4725 710 4787 audeant.

92 4839 242 4899 liemarum
302 4819 393 4893 525.
417 4818 502 4881 lnter
524 4819 665 4881 officiales
688 4819 859 4896 religionis,
882 4822 963 4898 quod
979 4821 1014 4882 ad

85 4891 167 4992 2²23?ss
178 4908 243 5004 ἓξὲξ
261 4921 498 4991 procuratorem
522 4913 700 4990 generalem
715 4913 838 4987 attinet,
851 4913 967 4990 optime
981 4914 1014 4975 in

85 4999 244 5107 ffimlgggffi
261 5005 377 5066 vestris
398 5005 673 5067 constitutionibus
700 5006 894 5080 decrevistis,
919 5013 954 5068 ut
974 5006 1016 5067 al-

35 5135 36 5172 ,
86 5109 114 5148 ur·
263 5099 363 5160 ternis
396 5099 516 5161 vicibus
542 5112 582 5158 ev
608 5097 792 5159 Lithuanica
813 5105 843 5159 et
872 5099 1015 5161 Polonica

35 5177 36 5208 ³
261 5191 424 5271 provincia
436 5191 509 5268 eligi
526 5191 662 5254 deberet.
687 5191 746 5254 Sed
758 5200 793 5253 ut
808 5208 843 5253 ea
858 5192 1015 5270 dispositio

262 5286 364 5362 magis
378 5285 539 5365 perspicua
555 5285 701 5347 reddatur
715 5291 745 5345 et
761 5284 882 5346 nullam
896 5285 929 5345 in
946 5299 1016 5346 exe-

263 5381 392 5440 cutione
407 5378 621 5440 dillieultatem
638 5377 789 5453 involvat,
803 5378 835 5439 in
849 5393 928 5454 eam,
938 5393 1016 5456 quae

262 5472 410 5550 sequitur
431 5471 577 5545 lormam,
604 5470 771 5547 redigenda
791 5473 870 5533 erit:
895 5470 1016 5532 Procu-

265 5570 403 5627 curator
417 5566 576 5644 generalis
592 5565 627 5626 io
640 5571 806 5643 posterum
820 5566 966 5645 eligutur
980 5567 1017 5628 ire

265 5657 412 5736 capitulo
428 5657 581 5738 peperoli,
601 5665 631 5719 et
646 5660 681 5719 ia
696 5660 766 5720 eius
787 5659 938 5720 electione
953 5675 1018 5720 ser-

264 5757 361 5813 uetur
381 5750 605 5824 alternatim,-
626 5752 729 5822 itaut,
752 5753 875 5829 quoties
897 5751 1018 5813 Proto-

266 5843 538 5908 Arctt'oroodrito
560 5851 606 5906 est
628 5861 667 5907 ear
693 5844 1017 5922 prouincialitbuo·

267 5936 354 6010 ciue,
375 5941 574 6016 procurator
594 5939 754 6017 pecoralis
774 5937 820 5998 sit
840 5937 1016 6000 morracios

906 613 1106 658 nunnurcrus
1127 612 1192 659 xvv.
1277 591 1280 596 ’

1753 602 1809 666 149
1860 604 1914 657 An.
1928 605 1958 658 O.
1981 607 2051 660 1744

1075 732 1239 810 professus
1250 732 1438 809 provinciae
1452 732 1617 806 Polottiue,
1630 740 1662 795 et
1677 750 1692 796 e
1704 741 1828 798 ceretro.

1077 825 1156 886 Cum
1178 832 1282 886 autem
1305 825 1337 886 in
1354 835 1459 887 vestro
1474 826 1608 904 capitulo
1631 827 1780 904 generali,
1793 829 1827 891 in

1076 932 1138 993 quo
1151 917 1545 980 Proto-,trebimandritam
1557 919 1694 996 elegistis
1704 937 1744 982 en
1759 938 1828 1000 pro-

1075 1011 1175 1072 vincia
1198 1010 1393 1086 Litbuaniea,
1418 1013 1551 1075 minime
1573 1013 1707 1076 electum
1731 1015 1828 1077 luisse

1076 1103 1249 1166 viderimus
1274 1110 1507 1181 procuratorem
1540 1106 1736 1181 generalem,
1770 1119 1826 1169 nos

1075 1210 1166 1274 porro
1198 1196 1356 1271 addimus,
1380 1198 1473 1274 quod,
1497 1213 1553 1276 pro
1579 1201 1721 1262 currenti
1752 1217 1828 1279 qua-

1074 1286 1235 1363 driennio,
1268 1289 1632 1353 Proto-brebimandrita
1658 1309 1730 1356 eum
1751 1309 1826 1356 cou-

1073 1379 1243 1443 sultoribus
1265 1382 1464 1457 generalibus
1476 1382 1570 1459 eligat
1592 1384 1623 1445 in
1645 1395 1825 1464 procurato·

1073 1489 1142 1534 rem
1164 1473 1343 1550 generalem
1356 1475 1545 1537 monachum
1567 1476 1740 1554 professum
1755 1495 1825 1559 pro-

1074 1566 1368 1628 dwmffimm.

1112 1659 1195 1734 §ab
1208 1657 1425 1721 visitationem
1437 1661 1699 1724 monasteriorum
1709 1662 1824 1725 utrius·
1871 1733 1876 1742 ,
1890 1680 2057 1744 erote-arcp.

1073 1770 1134 1832 que
1154 1753 1334 1832 provinciae
1348 1755 1479 1815 minime
1502 1771 1517 1816 a
1539 1755 1626 1816 vobis
1649 1755 1823 1832 neglectam
1843 1735 1920 1841 ἓξὲξ
1931 1745 2058 1834 ,ξξᾏξξιὲῖ

1073 1845 1169 1908 luisse
1190 1847 1417 1922 cognoscimus,
1434 1862 1531 1924 quum
1555 1849 1662 1909 eadem
1678 1848 1825 1925 respecti·
1842 1839 1993 1938 {protere
2001 1852 2060 1897 1³⁰⁸·

1074 1940 1120 2000 vis
1143 1940 1290 2016 ipsarum,
1303 1938 1545 2016 provincialibus
1560 1941 1743 2002 demandata
1759 1940 1823 2002 lue·

1074 2033 1125 2094 rit.
1149 2032 1214 2107 Quo
1241 2047 1316 2092 vero
1345 2031 1379 2092 ad
1413 2029 1822 2110 Proto-Arcbimandritam

1072 2125 1238 2198 statuistis,
1262 2130 1298 2185 ut
1319 2123 1344 2184 is
1371 2123 1497 2184 visitare
1518 2133 1664 2203 nequeat,
1688 2126 1746 2187 nisi
1770 2125 1824 2189 ubi

1072 2215 1195 2295 aliquod
1228 2216 1454 2277 monasterium
1482 2231 1538 2293 per
1570 2216 1781 2280 visitationem
1807 2234 1823 2278 a

1074 2308 1253 2390 provinciali
1267 2316 1420 2386 peractam
1434 2325 1602 2385 gravamen
1619 2309 1741 2389 aliquod
1754 2327 1824 2390 per·

1075 2404 1180 2468 tulisse
1202 2403 1337 2478 dicatur3
1362 2419 1424 2480 quo
1439 2418 1509 2465 casu
1522 2404 1616 2465 etiam
1632 2405 1821 2479 decrevistis,

1072 2505 1107 2559 ut
1128 2496 1211 2558 idem
1243 2495 1606 2558 Proto-brebimandrita
1638 2513 1692 2573 per
1720 2499 1823 2577 ipsum

1072 2596 1206 2668 nequeat
1228 2590 1363 2664 visitare,
1386 2591 1439 2651 sed
1462 2605 1517 2666 per
1541 2588 1678 2667 aliquem
1700 2591 1824 2655 consul-

1074 2693 1192 2756 torem,
1222 2689 1276 2744 aut
1303 2683 1505 2744 secretarium
1536 2699 1647 2758 suum,
1674 2685 1740 2746 sive
1767 2701 1823 2763 per

1072 2775 1168 2837 alium
1189 2775 1382 2836 visitatorem
1405 2792 1420 2835 a
1441 2791 1475 2836 se
1496 2775 1712 2852 delegandum.
1741 2777 1823 2852 Quae

1071 2869 1197 2947 quidem
1214 2868 1263 2928 lex
1277 2867 1662 2930 Proto-archimandritae
1679 2870 1771 2942 dicta,
1788 2875 1823 2931 ut

1072 2977 1234 3039 uunquam
1257 2977 1311 3039 per
1325 2976 1358 3022 se
1373 2961 1476 3038 ipsum
1495 2963 1680 3023 monasteria
1697 2963 1824 3024 visitare

1073 3054 1184 3130 valeat,
1207 3056 1259 3116 sed
1281 3055 1376 3115 etiam
1399 3055 1431 3116 in
1448 3053 1611 3130 praedictis
1633 3057 1751 3118 casibus
1767 3072 1822 3134 per

1072 3148 1167 3209 alium
1190 3148 1316 3208 visitare
1337 3154 1499 3221 teneatur,
1523 3147 1655 3210 nimium
1684 3148 1823 3225 prolecto

1071 3240 1198 3303 videtur
1219 3240 1302 3302 illius
1318 3239 1463 3316 dignitati
1479 3239 1706 3317 praeiudicium
1728 3239 1823 3302 inler-

1072 3349 1116 3395 re.
1140 3333 1335 3411 Proindeqne
1362 3332 1569 3408 supradictam
1596 3333 1822 3394 resolutionem

1071 3428 1113 3488 ita
1136 3427 1313 3502 corrigetis:
1343 3433 1394 3497 att,
1418 3422 1475 3487 ubi
1503 3425 1538 3486 irc
1564 3423 1692 3487 curibus
1719 3440 1821 3502 sopra

1072 3519 1230 3597 cupressis
1250 3519 1436 3580 oisitutiooi
1456 3517 1821 3581 Proto-Arcbimoodri-

1074 3617 1125 3675 tce
1147 3612 1234 3674 locos
1255 3614 1311 3685 sit,
1333 3613 1433 3690 possit
1449 3611 1532 3674 idera
1547 3611 1612 3671 siae
1626 3625 1682 3688 per
1695 3628 1739 3681 ee,
1756 3611 1823 3672 siue

1071 3723 1127 3784 per
1148 3706 1262 3778 olium,
1288 3705 1435 3768 oisitore

1111 3799 1201 3874 §22
1224 3798 1257 3860 ln
1281 3799 1396 3859 eisdem
1408 3799 1534 3859 demum
1547 3795 1822 3858 constitutionibus
1848 3816 2056 3863 vorantiumnu-

1072 3892 1282 3970 capitulariter
1302 3908 1323 3951 a
1340 3890 1427 3951 vobis
1447 3890 1583 3964 sancitis,
1601 3889 1639 3951 de
1662 3889 1699 3950 iis
1713 3889 1820 3962 etiam,
1840 3881 2056 3980 ffifflffissfi}

1072 3991 1107 4048 ut
1128 4002 1182 4064 par
1204 3992 1281 4060 erat,
1297 3987 1465 4046 decernere
1479 3999 1543 4044 uon
1566 3981 1723 4056 omisistis,
1747 3997 1823 4060 quo-
1841 3977 1919 4023 ”llll-

1073 4093 1144 4139 rum
1168 4077 1322 4153 sutlragiis
1348 4084 1415 4138 tum
1438 4073 1820 4148 Proto-Archimandrita,

1073 4171 1242 4233 tumeliam
1256 4168 1674 4248 provinciales,consultores
1685 4176 1822 4230 etsecre·

1072 4264 1142 4324 tarii
1152 4263 1227 4339 eligi
1239 4263 1379 4326 debeant.
1391 4260 1510 4323 Verum
1523 4261 1581 4322 nisi
1598 4261 1629 4321 in
1641 4260 1823 4322 huiusmodi

1072 4356 1277 4418 electionibus
1299 4371 1451 4417 numerus
1481 4369 1610 4428 eorum,
1638 4353 1691 4432 qui
1714 4353 1822 4415 suflra-

1073 4449 1160 4524 gium
1182 4448 1265 4510 lerre
1289 4447 1415 4519 debent,
1439 4453 1610 4521 statuatur,
1633 4454 1669 4508 ut
1690 4447 1821 4508 totidem

1072 4543 1135 4604 sint
1157 4557 1194 4602 ex
1216 4541 1374 4620 provincia
1402 4539 1600 4613 Litbuanica‚
1631 4551 1707 4616 quot
1728 4546 1822 4603 erunt

1072 4649 1110 4695 ex
1133 4635 1190 4695 alia
1212 4634 1370 4712 provincia
1393 4631 1556 4707 Polonica3
1579 4633 1657 4707 sive,
1674 4647 1737 4693 uno
1753 4648 1822 4694 ver·

1073 4728 1122 4802 bo,
1147 4727 1205 4788 nisi
1228 4729 1311 4789 inter
1333 4727 1496 4803 utriusque
1508 4726 1687 4803 provinciae
1702 4724 1821 4786 vocales

1072 4820 1239 4899 aequalitas
1250 4820 1467 4893 constituatur,
1481 4834 1642 4896 nunquam
1656 4827 1740 4880 recte
1751 4817 1823 4879 sub-

1072 4913 1181 4975 sistere
1203 4913 1317 4990 poterit
1337 4911 1520 4974 alternativa
1534 4912 1567 4973 in
1584 4911 1736 4973 electione
1751 4911 1823 4972 Pro-

1073 5004 1406 5079 to-brcbimandritae,
1423 5003 1619 5081 aliorumque
1635 5003 1822 5064 interiorum

1073 5099 1252 5161 officialium
1279 5115 1295 5158 a
1322 5098 1409 5160 vobis
1440 5098 1593 5160 instituta.
1631 5097 1823 5175 Quapropter

1073 5208 1166 5271 super
1182 5192 1359 5254 huiusmodi
1376 5193 1553 5253 rotantium
1568 5206 1701 5252 numero
1714 5192 1756 5251 ita
1769 5189 1822 5250 de-

1073 5286 1253 5346 cernimus:
1291 5281 1329 5346 Ut
1361 5284 1393 5345 in
1425 5283 1568 5362 capitulis
1602 5281 1819 5359 generalibus,

1073 5379 1195 5455 quaudo
1226 5377 1328 5453 agitur
1357 5375 1395 5437 de
1423 5376 1575 5438 electione
1602 5373 1822 5436 Proto-brebi·

1075 5471 1257 5545 mandritae,
1270 5470 1452 5546 sudragium
1474 5469 1555 5532 ferre
1576 5468 1720 5542 debeant,
1735 5483 1824 5546 prae-

1073 5571 1121 5626 ter
1135 5563 1408 5642 Metropolitanum
1425 5563 1559 5640 capitulo
1581 5561 1820 5640 praesidentem,

1072 5657 1277 5731 consultores,
1306 5657 1464 5718 secretarii
1494 5655 1664 5732 generales,
1694 5655 1823 5732 provin·

1073 5751 1176 5825 ciales,
1199 5758 1293 5828 atque
1314 5749 1365 5811 alii
1386 5750 1588 5827 quadraginta
1618 5748 1761 5810 monachi
1784 5765 1823 5809 ex

1074 5859 1147 5918 una,
1162 5843 1352 5921 totidemque
1368 5858 1406 5903 ex
1424 5840 1481 5902 alia
1497 5841 1655 5920 provincia
1670 5841 1823 5918 designati

1072 5945 1105 5999 et
1125 5938 1233 6014 electi,
1258 5935 1416 6015 iidemque
1437 5951 1546 5998 omnes
1567 5951 1676 5997 vocem
1691 5937 1823 5999 activam
