4744 6976
317 551 371 606 Aa.
386 553 416 606 n.
439 553 509 606 1744

344 4351 528 4414 mmmmm-

315 4402 529 4504 ffaeffammu

346 5375 531 5422 Tfflmwmm

318 5430 441 5476 &mma

557 553 616 618 20ss
1063 575 1126 622 rua.
1152 577 1244 622 roxa.
1267 577 1307 622 os
1330 576 1358 620 r·
1383 577 1411 621 r.
1437 578 1519 624 exus
1541 579 1562 622 t.
2120 553 2223 610 Auo.
2247 556 2313 608 1744

539 703 679 772 uertunt,
702 698 755 776 qui
777 697 913 761 Gratiani
936 714 1022 776 opus,
1040 697 1125 760 iussu
1145 696 1284 773 Gregorii
1311 695 1314 731 ¹
1341 695 1549 759 discordantes
1570 696 1704 759 adducit.
1733 698 1814 762 dum
1834 713 1909 758 uero
1938 711 2090 760 canonem

539 783 636 870 Papae
656 793 755 867 lilii,
778 799 1006 856 recensuerunt
1021 793 1284 866 etemendaront,
1312 790 1314 879 l
1341 789 1493 852 attulisset
1524 790 1683 866 cuiusdam
1711 807 1819 868 conc,
1848 806 1910 868 quo
1931 791 2088 864 statuitur,

540 889 574 944 ut
595 884 702 947 ridere
723 893 769 947 est
790 885 823 946 in
838 885 974 948 Gratiani
996 887 1125 948 Decreta
1146 886 1286 964 ipsorum
1312 894 1314 913 ¹
1342 897 1382 944 ne
1403 883 1483 961 quis,
1506 885 1662 946 moriente
1684 886 1795 947 marito
1822 883 1974 959 mulieris,
1996 897 2089 962 quam

539 993 630 1056 opera
652 978 745 1041 edito.
776 978 948 1041 Genuinam
976 979 1108 1041 huiusce
1130 979 1186 1040 loci
1214 993 1288 1040 con·
1312 1030 1314 1075 t
1341 976 1494 1038 adulterio
1515 977 1725 1062 polluit,cum
1746 993 1782 1040 ea
1803 978 2003 1040 matrimonio
2019 992 2089 1039 cou-

541 1072 672 1133 troversi
694 1073 861 1134 lectionem
874 1071 980 1152 procul
1002 1073 1095 1135 dubio
1110 1066 1287 1135 fraternitas
1313 1104 1315 1130 ι
1343 1068 1507 1147 iungatur,
1532 1070 1616 1133 hunc
1639 1079 1759 1134 textum
1780 1088 1852 1134 cum
1874 1071 1942 1133 aliis
1957 1071 1997 1132 ibi
2014 1070 2090 1132 rela-

542 1171 602 1238 tua,
626 1180 682 1242 pro
702 1183 756 1229 sua
779 1165 967 1240 eruditione,
994 1167 1160 1244 petendam
1181 1165 1286 1226 existi·
1313 1153 1315 1213 i
1344 1161 1393 1237 tis,
1412 1171 1505 1242 atque
1518 1165 1712 1228 contrarium
1726 1165 1947 1239 statuentibus,
1964 1165 2003 1227 ita
2019 1181 2091 1226 con-

539 1257 642 1319 mahat
667 1274 705 1319 ex
732 1257 869 1320 editione
896 1274 1027 1338 operum
1055 1257 1159 1321 Sancti
1182 1261 1288 1340 Augu·
1313 1277 1316 1359 p
1343 1256 1440 1318 ciliat:
1466 1257 1525 1320 liic
1546 1257 1806 1321 subaudiendum
1827 1265 1886 1329 eat,
1910 1259 1976 1319 nisi
1996 1259 2090 1336 prius

539 1351 624 1426 stini,
648 1369 737 1430 quae,
753 1352 856 1414 studio
878 1353 1099 1416 llonaclrorum
1123 1351 1154 1413 S.
1178 1351 1286 1425 Mauri,
1313 1368 1316 1425 t
1342 1354 1475 1425 peracta
1497 1352 1706 1426 paenitentia,
1725 1358 1767 1424 et,
1788 1352 1817 1414 si
1840 1352 1924 1414 trinit
1951 1351 1986 1412 in
2008 1367 2089 1412 rnor-

543 1445 573 1507 in
594 1445 689 1508 Gallia
712 1447 833 1524 prodiit.
859 1446 962 1510 Sancti
989 1447 1125 1508 Doctoris
1148 1446 1232 1509 locus
1255 1447 1287 1508 in
1314 1449 1315 1521 ζ
1345 1447 1406 1501 lem
1434 1443 1499 1504 viti
1529 1444 1738 1507 matitindlttt
1765 1445 1958 1524 poenineat
1980 1446 2019 1519 Sl,
2044 1444 2090 1504 vi'·

540 1555 659 1600 canoue
680 1539 805 1613 relatus,
829 1540 961 1603 liabetur
989 1538 1056 1602 Lib.
1084 1537 1113 1599 1.
1138 1541 1174 1602 dc
1200 1542 1287 1618 Nup·
1345 1541 1434 1596 atcerte
1455 1535 1537 1607 uiro,
1560 1537 1651 1617 fidem
1674 1538 1843 1601 adulterae
1858 1555 1920 1600 nota
1942 1537 2040 1608 dedit,
2058 1555 2090 1598 se

543 1634 599 1696 tiis
629 1641 659 1694 et
692 1632 960 1712 Concupiscentia
989 1651 1016 1693 c.
1041 1634 1111 1706 10„
1146 1635 1234 1712 isque
1254 1635 1287 1695 in
1313 1635 1317 1648 '
1342 1636 1551 1705 sumpturum
1574 1629 1643 1692 tam
1664 1629 1727 1692 tibi
1749 1632 1785 1694 in
1806 1632 1985 1710 coniupem,
2000 1633 2029 1693 Si
2043 1631 2092 1692 υί-

542 1728 678 1789 editione
690 1727 827 1792 llaurina
840 1728 957 1804 legitur
970 1732 1044 1790 tant.
1060 1729 1110 1788 10.
1122 1727 1284 1808 pup286.
1314 1710 1317 1819 ‘p
1345 1738 1379 1781 to
1407 1722 1477 1782 elus
1505 1725 1731 1801 superviveret·
1767 1724 1886 1787 Verum
1915 1724 2088 1798 Gratianus,

541 1820 624 1882 lrisce
647 1822 763 1882 verbis:
789 1820 931 1899 Denique
957 1827 1084 1882 mortua
1105 1822 1191 1892 ciro,
1216 1837 1288 1883 cum
1346 1815 1500 1893 inquiens,
1523 1833 1587 1878 nou
1610 1817 1701 1880 habet
1722 1819 1950 1892 auctoritatem,
1967 1817 2090 1894 qualem

542 1931 600 1994 qua
623 1931 732 1975 rerunt
755 1913 952 1978 connubium
974 1916 1061 1996 tavit,
1085 1915 1156 1995 fieri
1177 1931 1287 1976 cerunt
1315 1903 1316 1912 ’
1346 1916 1447 1972 textus
1469 1911 1609 1972 canonici
1634 1912 1747 1974 haltere
1769 1919 1951 1975 noscuntur.
1983 1911 2091 1989 Neque

542 2007 736 2070 corarrudiurn
758 2015 872 2085 protest,
896 2025 968 2070 cum
991 2027 1050 2088 qno
1070 2010 1165 2087 prius
1195 2009 1288 2071 adul·
1344 2001 1374 2063 ill
1397 2017 1558 2080 degamus.
1583 2009 1621 2066 Al
1644 2005 1747 2082 gravis
1768 2014 1815 2068 est
1835 2012 1943 2067 auctor·
1957 2014 1988 2069 et
2002 2021 2092 2067 (53110-

544 2103 662 2163 terium
691 2103 769 2184 [uit.
794 2103 840 2165 Alt
869 2105 924 2164 itae
947 2103 1042 2180 igitur
1068 2111 1204 2165 accurata
1226 2103 1289 2164 edi·
1315 2123 1317 2147 ι
1345 2111 1422 2156 num
1446 2096 1534 2157 valde
1563 2099 1699 2175 peritus3
1723 2114 1827 2176 neque
1852 2099 1917 2177 ipse
1938 2114 1972 2159 ea
1997 2099 2091 2176 scrip-

544 2195 627 2256 tione
647 2197 732 2258 unest
747 2196 895 2273 pat-tiuuta
912 2213 994 2268 uun·
1015 2213 1093 2274 quae
1115 2197 1241 2273 quinem
1257 2195 1288 2256 iu
1315 2243 1317 2251 .
1344 2189 1444 2264 sisset,
1467 2205 1545 2267 quae
1566 2190 1658 2253 modo
1680 2193 1857 2266 retulimus,
1880 2193 1905 2253 si
1927 2183 2026 2254 aetate
2040 2191 2091 2252 illa

544 2287 627 2348 nulla
655 2288 711 2349 alia
733 2296 910 2366 appareret,
938 2290 964 2350 si
989 2289 1103 2350 seriem
1125 2295 1290 2352 contextus
1344 2283 1452 2360 (quam
1474 2283 1610 2344 diximus
1632 2284 1665 2344 in
1688 2293 1823 2362 tempora
1845 2285 2013 2347 Alexandri
2028 2285 2092 2347 lere

542 2381 675 2442 editores
690 2396 761 2459 prae
776 2381 874 2444 ocutis
889 2382 1077 2444 habuissent.
1096 2381 1289 2457 Augustinus
1315 2430 1317 2439 ,
1345 2374 1502 2455 incidisse)
1525 2375 1625 2438 locum
1648 2376 1834 2440 obtinuisset
1856 2378 2017 2456 disciplina
2037 2395 2090 2440 seu

543 2474 640 2547 enim,
663 2489 736 2534 mox
765 2481 837 2535 ante
859 2475 963 2548 verda,
987 2474 1159 2552 dequibus
1187 2473 1291 2552 dispu-
1316 2530 1318 2545 ,
1346 2467 1413 2542 lex,
1443 2468 1551 2544 rigore
1578 2471 1682 2545 cuius,
1713 2470 1751 2532 ob
1779 2471 1880 2533 solum
1906 2470 2092 2548 praecedens

545 2575 643 2638 tatur,
678 2567 872 2646 probandum
905 2568 961 2629 sild
995 2575 1197 2646 proposuerat
1223 2567 1290 2646 (uti
1345 2561 1550 2636 adulterium,
1581 2562 1708 2625 irritum
1736 2564 1904 2626 haberetur
1931 2565 2092 2625 matrimo-

544 2675 650 2719 revera
672 2659 798 2736 probat)
832 2675 895 2721 nou
924 2659 1002 2722 solvi
1032 2659 1288 2735 matrimonium,
1317 2714 1318 2727 ,
1346 2653 1447 2728 nium,
1471 2661 1694 2732 postmortem
1716 2655 1849 2732 legitimi
1871 2657 2023 2733 coniugis,
2046 2657 2091 2717 iu-

543 2751 623 2829 quod
657 2752 874 2815 indissolubile·
900 2761 945 2816 est
976 2754 1058 2816 inter
1087 2755 1242 2829 viventes,
1265 2753 1290 2814 si
1348 2751 1393 2807 let
1414 2745 1569 2808 adulteros
1590 2756 1795 2811 contractum.

545 2859 622 2904 uxor
644 2845 791 2907 maritum
814 2847 934 2908 deserat
956 2854 986 2909 et
1008 2848 1043 2908 ad
1070 2846 1196 2908 alterius
1218 2863 1290 2908 con·
1316 2860 1318 2919 t
1385 2839 1474 2914 525.
1500 2839 1653 2902 Similiter
1674 2841 1756 2902 inter
1785 2841 1998 2904 Alexandrum
2019 2842 2090 2919 lll.,
2124 2857 2186 2916 pen
2205 2855 2329 2920 annontu-

545 2936 725 2999 tulternium
741 2939 865 3016 migret:
879 2939 971 3017 idque
982 2940 1208 3014 confirmando,
1220 2939 1290 3002 sub·
1317 2931 1319 2969 *
1346 2937 1378 2993 et
1399 2931 1620 2994 Innocentium
1635 2934 1684 2995 lll·
1702 2935 1879 3012 Pontifices,
1895 2935 1949 2996 vix
1964 2937 2093 3015 quadra·
2110 2909 2328 3018 niuninenffrnffp'

543 3029 599 3104 dit,
622 3033 703 3108 quod
719 3032 963 3094 contubernium
978 3031 1054 3095 illud
1068 3049 1124 3112 pro
1138 3032 1291 3094 adulterio
1317 3053 1318 3059 ¹
1347 3024 1433 3100 ginta
1454 3039 1611 3087 issssffl'llffl
1632 3029 1767 3104 spatium
1788 3028 1971 3105 inlelssssdlll
1994 3045 2091 3106 quum

545 3123 650 3185 haberi
672 3140 735 3186 non
760 3133 872 3203 posset,
895 3126 920 3186 si
944 3126 1080 3204 primum
1110 3125 1291 3202 legitimum
1317 3132 1319 3203 j
1347 3115 1521 3179 Alexander
1541 3117 1577 3178 ad
1600 3121 1815 3206 pontific-alum
1832 3130 1959 3184 evectus
1979 3121 2020 3182 sil
2040 3139 2092 3184 att·

545 3217 781 3280 matrimonium
817 3217 1002 3281 dissolutum
1043 3217 1166 3280 luisset:
1211 3219 1290 3281 Cum
1317 3213 1319 3267 l
1346 3225 1387 3271 11⁰
1410 3210 1533 3271 D0ffli¹¹i
1550 3227 1679 3289 ueurx.;
1703 3213 1905 3276 lssss⁰⁶0¹¹lll¹8
1921 3231 1997 3275 V0l⁰
2011 3231 2093 3276 ³ss110

544 3309 620 3371 aliis
643 3311 756 3387 quippe
777 3311 923 3374 adulteri
946 3328 1009 3372 itan
1030 3316 1143 3384 essent,
1163 3311 1228 3372 nisi
1250 3311 1291 3373 ud
1348 3317 1508 3365 ¹⁰¹⁰V111·
1532 3305 1587 3367 flii
1608 3314 1725 3382 autem·
1750 3315 1783 3368 ¹1²
1804 3323 1895 3386 supra
1917 3308 2091 3383 innuimus,

545 3401 746 3465 alterutrum
779 3405 927 3485 coniuges
953 3409 1198 3482 perararreremt.
1230 3404 1291 3467 lloc
1318 3396 1319 3455 l
1347 3396 1379 3456 ill
1411 3397 1494 3457 tilii·
1526 3398 1598 3476 Call·
1636 3397 1870 3479 Sitillificatii8‚
1904 3400 1949 3462 Di
1976 3417 2009 3461 0⁰
2038 3402 2094 3480 dui

547 3499 655 3576 posito,
678 3500 820 3577 quisnam
843 3499 922 3561 hona
938 3499 997 3560 lide
1013 3498 1181 3576 legendum
1205 3507 1291 3576 puta·
1318 3480 1319 3491 ’
1347 3490 1447 3552 ducit
1477 3490 1511 3552 in
1537 3493 1784 3555 matrimonium
1806 3499 1865 3554 etc.
1895 3496 2091 3572 pronunciat,

547 3592 603 3654 bit:
626 3593 697 3673 pieri
719 3608 830 3654 ueram
859 3589 1054 3655 contrabium
1080 3609 1143 3653 non
1170 3596 1293 3668 potesta
1318 3594 1320 3695 l
1348 3587 1488 3650 validum
1510 3597 1541 3650 et
1568 3591 1744 3669 legitimum
1774 3593 1908 3655 existere
1935 3595 2094 3656 matrimo·

547 3689 598 3752 ubi
620 3688 767 3749 orationis
782 3689 930 3764 scopusis
946 3703 1012 3749 esse
1027 3686 1226 3765 conspicitur,
1244 3699 1290 3767 ut,
1318 3732 1321 3769 :
1348 3682 1438 3743 ilium
1461 3683 1543 3744 inter
1564 3685 1740 3747 adulterum
1763 3695 1794 3746 et
1815 3687 2000 3762 adulteram,
2026 3696 2094 3764 post

545 3785 757 3847 demonstrato
790 3785 853 3846 line
881 3782 1053 3844 durationis
1079 3785 1291 3861 matrimonii,
1319 3808 1320 3817 κ
1348 3776 1460 3852 prioris
1482 3779 1589 3839 uxoris
1611 3785 1760 3840 mortem:
1786 3781 1858 3844 Nisi
1880 3780 2094 3842 atterentem

548 3879 689 3956 Denique
718 3885 847 3940 mortuo
878 3878 964 3948 ciro,
996 3893 1067 3937 curn
1094 3895 1154 3956 quo
1181 3895 1292 3940 uerum
1348 3876 1385 3936 in
1405 3887 1539 3939 mortem
1565 3880 1737 3959 defunctae
1763 3879 1879 3942 umeris
1901 3877 2005 3958 suerit
2028 3893 2094 3938 ma-

547 3971 741 4036 conuentum
764 3973 847 4053 suit,
879 3973 949 4034 linis
976 3972 1071 4034 etiam
1097 3972 1240 4034 adulterii
1263 3978 1293 4032 et
1319 4015 1322 4119 1
1349 3975 1515 4047 cltinrttns,
1538 3975 1598 4045 acl,
1622 3991 1657 4036 ea
1685 3977 1821 4044 tricante,
1843 3971 1905 4034 sibi
1933 3971 2023 4051 fidem
2045 3972 2097 4034 de-

547 4067 674 4129 initium
698 4068 771 4128 novi
800 4066 932 4143 legitimi
962 4065 1154 4127 matrimonii
1179 4071 1295 4125 statua·
1350 4069 1433 4130 derit
1457 4069 1492 4130 de
1516 4069 1724 4130 matrimonia
1752 4064 1986 4136 contrahendos
2013 4063 2094 4143 quod

547 4168 614 4222 tur:
638 4161 710 4240 fieri
731 4177 841 4222 cerum
864 4157 1061 4223 connubium
1082 4165 1196 4237 potest,
1221 4175 1293 4218 eum
1319 4126 1322 4175 ³
1348 4165 1443 4224 etiam
1465 4162 1530 4240 ipse
1556 4161 1712 4235 concedis,
1742 4161 1818 4222 dum
1845 4159 1978 4220 allrrmas
2004 4158 2096 4218 luno·

547 4271 607 4332 quo
628 4253 723 4332 princ
743 4254 944 4317 adulterium
967 4254 1046 4332 [tait.
1320 4280 1322 4291 ·
1350 4257 1488 4319 centium
1517 4257 1568 4318 tlt.
1600 4271 1713 4317 novam
1741 4257 1821 4316 harre
1847 4252 2041 4330 disciplinam
2062 4249 2095 4311 in

588 4347 676 4422 523.
701 4347 746 4410 Ne
769 4364 843 4409 vero
865 4366 881 4409 a
904 4347 992 4410 nohis
1006 4357 1148 4425 expectes
1170 4345 1295 4424 plenam
1350 4350 1518 4412 Ecclesiam
1542 4349 1707 4411 invexisse.
1732 4349 1790 4413 Seu
1806 4364 1879 4410 cum
1895 4344 2096 4408 innocentius
2130 4352 2176 4404 our
2194 4351 2333 4408 troam-ur

549 4441 684 4503 hocloco
696 4441 826 4518 proferri
843 4442 1002 4503 historiam
1015 4440 1204 4518 discipliuae,
1217 4453 1295 4516 quae
1321 4514 1323 4523 Ι
1350 4459 1547 4523 nequaquam
1568 4443 1658 4520 (licat,
1673 4461 1706 4506 se
1719 4460 1833 4506 novam
1854 4457 1909 4519 per
1930 4442 1988 4501 ltoc
2008 4437 2095 4499 disci-
2114 4407 2333 4514 {niit‘ffiqffiss

548 4555 641 4616 super
663 4541 718 4598 trac
740 4553 773 4598 re
798 4537 1002 4614 sequentibus
1029 4534 1159 4595 saeculis
1181 4532 1212 4592 in
1241 4531 1295 4594 Ec·
1321 4545 1324 4631 l
1350 4539 1469 4618 plinam
1484 4539 1649 4615 inducere,
1672 4539 1749 4617 quin
1768 4539 1876 4610 immo,
1893 4537 1927 4598 ad
1944 4530 2096 4613 quaestio·

549 4631 638 4694 alesia
654 4629 801 4692 obtinuit.
827 4627 1010 4692 Huiusmodi
1026 4626 1188 4706 inquisitio
1203 4624 1296 4687 nimis
1321 4642 1324 4695 ;
1352 4649 1425 4694 uem
1456 4631 1514 4692 sihi
1544 4635 1729 4711 propositam
1761 4634 1798 4695 ab
1820 4633 1967 4709 Episcopo
1992 4625 2096 4686 sivea

550 4725 687 4802 prolecto
709 4722 871 4787 excederet
903 4721 1048 4802 epistolae
1070 4720 1208 4784 modum.
1238 4719 1297 4781 lle·
1322 4726 1324 4802 ζ
1353 4726 1493 4804 Capitulo
1516 4726 1694 4804 Spoletano,
1717 4728 1900 4806 profiteatur
1921 4744 1954 4788 se
1970 4741 2096 4804 respon·

550 4835 633 4894 rum,
659 4819 731 4896 quia
753 4817 808 4879 tibi
842 4831 1022 4895 persuasum
1045 4830 1116 4890 ¹esse
1143 4815 1294 4889 videmus,
1323 4805 1324 4819 ¹
1351 4835 1460 4882 surum
1491 4820 1573 4881 iuxta
1604 4835 1760 4882 canonum
1792 4815 1999 4899 praescripta}
2034 4821 2096 4882 Noe

549 4911 630 4990 quod
654 4913 717 4990 ipsa
739 4919 839 4972 aetate
860 4908 1029 4972 Alexandri
1051 4908 1099 4969 ΙΙΙ.
1118 4907 1203 4970 nulla
1226 4923 1296 4968 cen·
1322 4917 1325 4985 ᾗ
1353 4913 1459 4991 igitur
1471 4913 1680 4990 inquisitioni
1701 4921 1827 4975 atestrae
1841 4913 2017 4976 recaredum
2032 4915 2096 4992 sor·

549 5015 697 5068 serentur
717 5003 927 5077 matrimonia,
943 5019 1023 5080 quae
1038 5001 1121 5064 inter
1141 5001 1297 5062 adulteros
1323 4992 1325 5017 '
1352 5020 1437 5067 raam
1460 5005 1646 5069 coactricem
1669 5005 1909 5083 respondentes,
1932 5013 2013 5076 etc.,·
2035 5005 2098 5067 evi·

550 5099 841 5177 quomodocumque
863 5096 987 5169 sterent,
1003 5095 1074 5156 satis
1090 5095 1149 5155 erit
1165 5093 1246 5155 intra
1261 5092 1297 5153 il·
1324 5156 1325 5169 ,
1353 5099 1428 5160 deus
1440 5108 1497 5172 est,
1509 5098 1570 5158 iam
1588 5099 1709 5176 pridem
1724 5106 1755 5160 et
1768 5106 1841 5159 ante
1857 5108 1994 5176 tempora
2006 5097 2098 5160 etiam

550 5191 610 5253 lius
631 5190 740 5252 rietatis
772 5189 924 5252 terminos
952 5187 1190 5267 inquisitionem
1219 5188 1298 5248 hanc
1353 5188 1520 5252 Alexandri
1543 5191 1591 5253 lll.
1617 5191 1908 5253 validumhaltitum
1929 5191 2098 5252 fuissemu-

552 5293 691 5346 nostram
713 5291 878 5346 coarctare.
1354 5283 1551 5358 trimouium,
1567 5283 1647 5361 quod
1671 5284 1754 5344 inter
1776 5284 1941 5346 moechum
1964 5291 1995 5345 et
2017 5297 2100 5344 moe·

591 5377 680 5454 §aa
711 5377 779 5438 Nou
813 5376 906 5452 longe
937 5375 1064 5452 quidem
1099 5375 1135 5435 ab
1167 5369 1297 5434 Alexa'n-
1325 5388 1326 5427 t
1352 5375 1454 5451 cham,
1468 5376 1616 5452 legitimis
1632 5377 1750 5456 nuptiis
1771 5377 1880 5438 solutis
1892 5385 1922 5438 et
1938 5377 2100 5456 praedictis

551 5471 598 5533 dri
620 5471 668 5532 lll.
693 5477 803 5544 aetate,
819 5479 854 5532 ut
876 5467 1103 5546 optimenosti,
1120 5467 1211 5530 distat
1226 5466 1299 5528 Gra·
1355 5467 1548 5531 irritantibus
1570 5470 1811 5532 circumstantiis
1834 5485 1897 5532 uon
1912 5484 2100 5531 concurren-

553 5565 655 5626 tianus
676 5565 796 5627 llecreti
818 5561 1015 5640 compilator,
1039 5561 1091 5640 qui
1115 5567 1186 5621 aute
1208 5559 1296 5620 Alex.
1325 5582 1327 5593 ³
1355 5563 1448 5637 tinas,
1471 5563 1723 5625 contrahebatur.
1756 5563 1909 5641 Equidem
1931 5563 1962 5624 in
1985 5562 2099 5640 compi-

552 5657 767 5736 pontificatum
801 5655 903 5733 paucis
932 5656 1064 5716 omuino
1093 5653 1185 5715 aunis
1205 5668 1298 5715 suum
1354 5652 1470 5715 latione
1498 5651 1697 5714 decretalium
1724 5653 1865 5729 Gregorii
1887 5653 1939 5716 lx.
1970 5651 2101 5714 minime

553 5748 628 5810 illud
650 5765 727 5827 opus
748 5747 898 5823 vulgarit.
923 5747 950 5808 ls
971 5746 1049 5807 hauc
1070 5745 1211 5806 eamdem
1227 5761 1300 5805 con·
1326 5800 1327 5811 ,
1352 5747 1493 5824 reperies
1515 5747 1609 5809 relata
1632 5746 1739 5809 verln:
1766 5749 1828 5810 Nos
1844 5748 1953 5826 igitur
1967 5747 2102 5824 inquisi-

552 5842 737 5903 troversiam
760 5847 869 5903 tractat
891 5839 926 5901 in
944 5857 1044 5902 causa
1067 5839 1296 5916 enumerat.
1326 5831 1329 5840 “
1357 5840 1440 5902 tieni
1462 5848 1587 5902 uestrae
1608 5839 1783 5902 recaredum
1812 5842 1949 5920 formem
1971 5842 2102 5904 cartoni-

552 5945 583 5998 et
603 5951 659 6014 pro
681 5943 813 6014 utraque
834 5935 1001 6008 sententia,
1025 5941 1059 5996 ut
1080 5933 1170 6007 solet,
1194 5937 1299 5994 textus
1327 5912 1330 5993 ἶ
1356 5949 1426 5995 cant
1454 5933 1696 6010 respondentem·
1717 5933 1769 5995 sed
1794 5950 1901 5996 aarum
1924 5935 2006 6010 loco,
2028 5936 2102 5997 haec

2360 381 2362 446 l
