4856 6984
314 535 368 588 Au.
383 537 413 590 0.
436 535 502 588 1752
553 533 611 598 386

533 671 619 734 vitas
639 674 776 750 praedae
797 671 951 746 miiitum,
974 688 1071 752 quum
1094 686 1191 750 neque
1215 667 1277 746 ipsi

534 768 693 829 33333333
715 782 790 845 3333
813 766 921 844 popuii
943 765 1081 828 hostilis.

573 861 592 935 5
614 860 642 922 ⁷.
665 861 708 922 De
722 860 905 922 extensione
918 867 1022 922 autem
1037 857 1214 921 huiusmodi
1230 856 1277 919 iu·

534 955 576 1016 ris
596 955 631 1016 ad
658 961 843 1015 mercatores
865 959 895 1014 et
923 951 1086 1031 agricolas,
1115 952 1179 1027 agit
1201 951 1279 1026 Lay-

534 1061 641 1108 mann.
665 1047 701 1108 in
728 1046 966 1108 commentariis
991 1046 1031 1108 33
1059 1045 1198 1108 eamdem
1220 1040 1277 1102 De-

534 1139 693 1212 cretotem,
711 1138 763 1201 uhi
784 1145 947 1217 postquam
963 1138 1039 1202 illud
1061 1137 1179 1212 statuit,
1196 1137 1276 1215 quod

534 1233 639 1296 clerici
661 1240 691 1294 et
713 1231 869 1310 peregrini
891 1232 1028 1294 membra
1051 1247 1114 1294 nan
1130 1236 1203 1292 sunt
1219 1230 1278 1290 rei-

534 1324 673 1405 publicae
694 1325 846 1399 nocentis,
863 1323 994 1402 ideoque
1015 1323 1150 1386 inbellis
1172 1323 1276 1394 etiam,

534 1433 612 1496 quae
633 1419 702 1480 iure
724 1416 916 1492 inferuntur,
929 1433 986 1482 nec
1008 1417 1041 1478 in
1063 1431 1278 1496 personante

534 1512 566 1573 in
578 1510 670 1572 rebus
685 1512 833 1573 damnum
848 1511 910 1590 pati
925 1511 1047 1589 aliquod
1063 1510 1188 1585 dehent,
1205 1508 1278 1570 haec

533 1603 632 1666 addit:
661 1603 821 1678 Quaedam
845 1619 917 1666 aero
942 1619 1095 1683 personae
1116 1620 1179 1665 non
1199 1609 1277 1664 sunt

533 1711 609 1776 poss
632 1695 825 1776 reipublicae
849 1698 1003 1770 nocentis,
1026 1703 1064 1759 ut
1085 1703 1277 1758 mercatores

535 1795 566 1851 et
587 1793 747 1872 agricolae
754 1813 768 1865 ,·
789 1799 819 1855 et
842 1792 891 1855 333
912 1791 1106 1870 percendum
1139 1793 1186 1851 est
1208 1805 1278 1866 pre-

536 1889 607 1960 pter
627 1884 789 1963 publicem
811 1886 1045 1955 necessitatem,
1065 1899 1112 1953 ne,
1131 1897 1278 1942 commer-

537 1977 596 2039 3333
618 1987 648 2040 33
670 1979 879 2059 agricultura
905 1977 1076 2055 impeditis,
1101 1976 1207 2037 maius
1230 1974 1278 2034 in-

535 2072 729 2134 commodum
751 2071 920 2152 offeratur.

575 2165 594 2239 5
614 2164 643 2225 8.
667 2165 819 2244 Denique,
832 2164 913 2244 quod
929 2165 1001 2228 licet
1016 2163 1179 2228 canonicae
1194 2163 1278 2239 leges

535 2259 566 2320 in
589 2259 675 2336 pratri
698 2259 911 2336 negligantur,
938 2273 1045 2320 earum
1075 2266 1178 2319 tamen
1201 2256 1279 2317 ratio

535 2353 706 2414 necessario
721 2353 857 2413 habenda
872 2352 921 2427 sit,
938 2351 973 2412 ad
989 2351 1106 2412 animas
1121 2349 1278 2412 canscien-

535 2444 653 2521 tiasque
669 2451 737 2507 tuto
758 2443 944 2520 dirigendae,
957 2450 1040 2504 recte
1062 2443 1279 2522 sapienterque

425 2615 428 2624 Α
534 2553 590 2599 suo
612 2553 699 2600 more
720 2539 840 2600 disserit
863 2537 1066 2600 deuersoriae
1088 2536 1124 2597 in
1144 2538 1167 2598 2
1188 2541 1275 2612 part.

536 2629 653 2694 Retect.
668 2630 780 2710 Requi.
795 2631 955 2692 Possessor
972 2631 1076 2692 motae
1089 2629 1170 2708 fidei,
1189 2631 1207 2704 5
1224 2629 1276 2701 11,

535 2724 593 2788 333
615 2743 648 2787 n.
672 2729 705 2799 8,
728 2726 746 2800 5
767 2730 809 2790 At
832 2724 890 2786 333
912 2723 1001 2802 leges.

321 2827 424 2870 uesieu
439 2835 515 2881 surra
575 2820 593 2894 5
613 2819 642 2881 9.
656 2819 847 2895 Quaestionis
861 2826 941 2880 statu
952 2819 995 2879 sic
1006 2818 1184 2893 constituto,
1196 2817 1278 2878 ideo·

302 2877 515 2924 dubiisaP.Lon-
665 2914 719 2924 ..
823 2913 864 2924 ..
939 2912 943 2922 .
1035 2912 1039 2920 .

301 2931 415 3030 genardo
429 2934 514 2976 runo·
534 2929 594 2991 que
606 2915 641 2976 ad
664 2920 808 2975 intimam
822 2912 904 2975 illius
915 2911 1137 2974 discussionem
1153 2913 1277 2973 descen·

301 2985 514 3086 ,ηῆξξῗξξῖζῖξξᾘ
534 3007 653 3081 dentes,
676 3007 884 3068 necessarium
900 3005 1042 3069 ducimus
1058 3005 1089 3066 in
1105 3005 1159 3066 hac
1174 3015 1278 3066 nostra

301 3101 513 3192 ggigffgplffl
534 3100 661 3177 epistola
676 3099 815 3161 inserere
830 3101 890 3161 duo
905 3099 1026 3160 decreta
1042 3099 1114 3160 anni
1130 3113 1275 3160 nncxxn.

303 3197 423 3244 habeant
534 3191 595 3254 iam
617 3193 697 3270 typis
719 3193 797 3254 edita
820 3191 850 3256 in
867 3192 1010 3270 operibus
1025 3193 1151 3270 Peyrini
1167 3199 1239 3252 tom.
1255 3191 1277 3250 3

534 3288 616 3365 prio.
641 3288 675 3349 in
697 3287 800 3349 addit.
818 3305 843 3347 c.
860 3287 895 3358 4,
913 3303 944 3349 n.
964 3285 1009 3348 30
1028 3293 1057 3348 33
1079 3287 1134 3357 31,
1157 3293 1187 3348 33
1208 3302 1277 3348 333-

536 3381 653 3442 toribus
664 3381 873 3459 caeteroquin,
890 3381 943 3459 qui
957 3387 1059 3459 postea
1074 3380 1276 3458 scripserunt,

534 3475 628 3553 prohe
650 3475 785 3550 cognita,
809 3481 843 3534 nt
864 3489 902 3536 ex
924 3472 1003 3535 inira
1032 3472 1169 3535 dicendis
1191 3487 1278 3550 appa·

533 3565 626 3642 rebit,
642 3567 713 3629 licet
728 3566 856 3628 tortasse
869 3575 1039 3630 accuratam
1056 3567 1148 3628 totius
1164 3567 1207 3628 rei
1224 3581 1277 3626 no-

534 3662 634 3726 titiam
657 3677 720 3724 non
732 3662 907 3724 habuerint.
932 3661 1007 3723 Nam
1030 3677 1063 3722 ea
1086 3660 1189 3721 omnia
1212 3665 1279 3722 tan·

535 3771 629 3834 quam
650 3757 770 3818 decreta
784 3755 1039 3831 congregationis
1053 3769 1216 3833 supremae
1231 3754 1278 3816 ln·

535 3849 720 3928 quisiticnis‚
751 3855 781 3909 et
808 3847 934 3926 quidem
962 3863 976 3906 a
1003 3847 1152 3909 Pontidce
1183 3847 1279 3908 Urha-

535 3957 576 4003 no
588 3939 664 4003 Vlll.
679 3939 842 4018 approbata
853 3939 1086 4015 etconlirmata,
1100 3937 1275 4001 ediderunt.

535 4033 758 4098 Verumtamen
781 4039 910 4108 constat,
935 4032 1037 4109 dultia,
1053 4047 1145 4111 super
1166 4033 1278 4113 quihus

534 4129 654 4192 decreta
675 4135 872 4203 emanarunt,
889 4144 905 4188 a
920 4127 951 4187 P.
976 4130 1136 4193 Francisco
1157 4132 1278 4207 Longo-

535 4225 628 4286 hard'o
649 4220 772 4286 Ordinis
798 4221 1003 4286 Minimorum
1025 4224 1137 4287 Tuneti
1160 4224 1278 4284 missio-

535 4323 621 4384 nario
644 4321 822 4384 transmissa
837 4320 931 4382 luisse
946 4319 980 4379 ad
997 4319 1277 4396 congregationem

534 4417 571 4478 dc
597 4414 792 4493 Propaganda
822 4412 915 4487 Fide,
943 4428 1019 4490 quae
1051 4427 1150 4489 quum
1177 4412 1278 4473 asuis

534 4510 686 4586 theologis
707 4508 873 4586 diligenter
895 4525 927 4570 en
954 4505 1124 4568 examinari
1146 4503 1277 4580 iecisset,

534 4603 697 4665 consilium
712 4604 811 4680 coepit
826 4601 931 4664 eadem
946 4603 981 4664 ad
997 4600 1278 4678 congregationem

535 4696 639 4760 Sancti
660 4695 744 4758 othei
773 4695 946 4757 remittere.
974 4695 1052 4758 llaec
1078 4700 1183 4756 autem
1206 4691 1278 4753 insi·

535 4789 645 4867 gninm
666 4804 796 4850 suorum
818 4788 1037 4866 theologorum
1059 4803 1127 4865 ope,
1144 4801 1278 4865 quorum

535 4883 660 4944 nomina
682 4882 714 4942 in
731 4881 825 4960 ipsius
838 4882 1001 4944 tribunalis
1017 4881 1100 4942 Actis
1114 4895 1279 4941 recensen-

535 4983 598 5050 tur,
622 4974 655 5036 in
676 4990 792 5036 novum
810 4975 860 5035 illa
881 4973 1008 5037 deduxit
1020 4988 1161 5034 examen.
1185 4971 1281 5047 Quin-

534 5069 633 5131 decim
656 5084 746 5146 porro
769 5068 896 5130 inierunt
918 5066 1009 5130 duhia
1024 5084 1040 5127 3
1056 5067 1145 5128 Ρ3333
1160 5065 1281 5140 Longo-

535 5163 627 5225 harda
650 5160 843 5238 transmissa3
866 5165 959 5238 atque
980 5162 1014 5222 ad
1037 5175 1071 5220 ea
1093 5159 1195 5219 omnia
1212 5164 1279 5219 tum

537 5253 671 5332 theologi
694 5253 947 5330 congregationis
963 5255 999 5314 de
1022 5250 1216 5330 Propaganda
1231 5251 1279 5313 Fi·

535 5349 583 5424 de,
607 5354 676 5412 tum
698 5346 888 5409 consultores
916 5361 1079 5426 supremae
1105 5345 1279 5422 inquisitio-

536 5442 583 5502 nis
603 5455 657 5502 sua
678 5455 823 5518 responsa
835 5439 1011 5502 ediderunt.
1035 5439 1154 5501 Verum
1178 5453 1216 5498 en
1231 5435 1281 5497 iis-

536 5535 606 5596 dem
627 5531 727 5594 dubiis
748 5532 849 5608 aliqua
871 5532 965 5593 relata
997 5531 1125 5593 luerunt
1145 5531 1179 5591 in
1202 5529 1281 5592 Con·

536 5627 768 5705 gregationibus
790 5625 902 5687 habitis
930 5641 1032 5688 coram
1054 5625 1203 5688 Pontitice
1224 5624 1281 5686 Ur-

535 5721 614 5783 hano
637 5719 735 5797 vlit,
758 5722 886 5800 adquae
909 5717 1214 5796 pontificiumadhuc
1229 5733 1280 5779 er-

536 5823 595 5876 stat
615 5830 813 5892 responsum:
844 5813 961 5891 reliqua
984 5828 1056 5874 vero
1082 5818 1278 5890 compertum

538 5907 670 5970 minime
690 5913 748 5983 est,
771 5923 809 5969 an
831 5921 933 5969 coram
958 5905 1106 5967 Pontihce
1126 5905 1278 5983 proposita

1054 552 1118 597 lUli.
1142 551 1232 596 PONT.
1256 549 1296 594 DE
1319 549 1346 593 Ρ.
1371 549 1400 594 F·
1426 549 1507 596 PARS
1529 551 1550 595 1.

2106 530 2157 582 An.
2171 530 2205 582 O.
2229 529 2298 580 1752

1333 667 1461 732 luerint.
1485 671 1571 735 inter
1600 675 1671 736 haee
1698 679 1803 736 autem
1830 671 1978 751 quintum
1998 671 2074 734 illud

1333 769 1363 824 et
1373 771 1496 827 sentum
1509 770 1727 842 numerantur,
1737 781 1816 844 quae
1827 765 1979 829 nimirum
1990 780 2076 844 prae·

1334 865 1453 921 sentem
1476 860 1646 938 respiciunt
1659 861 1917 924 controversiam:
1934 860 2013 922 itaut
2027 875 2077 920 er-

1332 966 1385 1016 ror
1404 952 1474 1015 lacti
1497 954 1547 1028 sit,
1565 953 1594 1016 id
1610 956 1690 1033 quod
1706 960 1845 1016 auctores
1860 959 2013 1028 asserunt,
2029 969 2076 1016 re-

1332 1062 1441 1124 sponsa
1463 1046 1579 1110 scilicet
1601 1047 1635 1108 ad
1658 1047 1806 1126 quintum
1828 1052 1859 1108 ct
1878 1052 2001 1107 sextum
2023 1047 2076 1108 du·

1333 1140 1420 1202 bium
1441 1140 1564 1202 oraculo
1586 1141 1743 1217 pontilicio
1763 1141 1943 1202 condrmata
1965 1138 2074 1216 tuisse3

1332 1247 1430 1311 quum
1461 1233 1540 1295 nihil
1569 1233 1650 1295 aliud
1672 1249 1780 1295 revera
1810 1233 1885 1307 sint,
1908 1247 1998 1310 quam
2029 1247 2076 1292 re·

1331 1341 1440 1403 sponsa
1455 1326 1671 1403 theologorum
1683 1325 1939 1402 dangregattonis
1953 1325 1991 1388 de
2006 1325 2078 1386 Pro·

1335 1421 1469 1498 paganda
1490 1419 1579 1494 Fide,
1603 1431 1634 1481 et
1663 1419 1883 1483 consultorum
1911 1416 1943 1480 S.
1967 1417 2075 1494 Officii,

1332 1527 1410 1590 quac
1434 1519 1538 1574 tamen
1559 1529 1615 1575 suo
1637 1513 1746 1576 robore
1761 1529 1823 1574 non
1845 1519 1962 1587 carent,
1978 1525 2075 1589 quum

1333 1622 1349 1664 a
1371 1605 1467 1666 doctis
1490 1605 1564 1666 viris
1590 1613 1620 1667 et
1647 1621 1749 1668 sacrae
1775 1605 1960 1681 theologiae
1987 1604 2076 1666 iuris·

1333 1713 1393 1776 que
1414 1698 1552 1762 canonici
1576 1699 1768 1776 peritissimis
1790 1699 2015 1761 emanaverint.

1372 1791 1391 1866 5
1414 1791 1460 1853 td.
1483 1793 1644 1870 Proposuit
1666 1791 1763 1869 igitur
1783 1793 1872 1854 Pater
1898 1791 2075 1854 Franciscus
2108 1805 2227 1849 unorum
2262 1803 2314 1848 utn-

1333 1886 1551 1962 Longohardus
1571 1885 1982 1966 sequentemquaestionem
1997 1885 2077 1946 ordi·
2094 1859 2313 1974 ξξῗῃῇορρωιῖζ

1334 1997 1374 2042 33
1396 1979 1555 2057 quintam:
1578 1980 1692 2042 Utrum
1707 1981 1884 2043 christiani
1899 1978 2005 2053 tiberi,
2021 1979 2075 2058 qui
2095 1968 2183 2010 situm.

1334 2076 1386 2138 333
1406 2076 1497 2159 (33333
1520 2077 1646 2156 Tuneti)
1668 2077 1855 2156 3333333333
1870 2077 1980 2155 gratio
1995 2091 2074 2135 cont·

1334 2177 1517 2238 morantur,
1541 2177 1571 2231 et
1587 2170 1648 2232 atii
1663 2170 1796 2248 captivi,
1819 2176 1953 2230 ementes
1976 2187 1995 2232 a
2017 2169 2077 2246 Pp-

1334 2263 1418 2326 ratis
1441 2261 1623 2342 3333333333
1652 2261 1732 2325 hono
1754 2281 1773 2326 o
1794 2260 1938 2343 fidelibus
1967 2269 2075 2339 rapta,

1334 2361 1362 2416 st
1385 2357 1420 2416 33
1444 2355 1503 2417 333
1523 2355 1750 2418 3333333333
1772 2357 1917 2434 33333333
1932 2355 1982 2416 333
1998 2354 2077 2416 3333

1334 2465 1369 2512 33
1391 2449 1596 2526 recipientes,
1620 2457 1658 2511 33
1686 2449 1739 2511 333
1764 2449 1806 2512 33
1832 2448 1976 2526 proprios
1999 2464 2077 2509 esus

1335 2549 1489 2614 utantur,
1513 2544 1559 2604 333
1576 2543 1615 2605 33
1628 2549 1737 2605 terras
1758 2542 2013 2604 christianornm
2029 2540 2078 2600 lu-

1334 2635 1381 2695 cri
1404 2635 1513 2716 pratia
1537 2636 1787 2706 transmittent,
1810 2640 1937 2712 peccent
1958 2639 2077 2694 nearta-

1334 2727 1419 2798 titsr,
1442 2734 1471 2788 et
1496 2733 1670 2790 teneantur
1691 2727 1732 2789 ud
1754 2726 2004 2788 restitutionem.

1372 2821 1391 2895 5
1415 2819 1460 2880 ll.
1484 2819 1653 2898 Responsio
1675 2819 1890 2896 theologorum
1910 2821 1947 2880 de
1968 2819 2077 2896 Propa—
2149 2830 2310 2883 nesponsum
2405 2775 2406 2850 i

2114 2881 2207 2926 heolo
2232 2893 2310 2926 orum

1334 2915 1430 2990 ganda
1450 2913 1524 2977 Fide
1546 2913 1605 2977 luit
1626 2928 1775 2992 sequens:
1800 2913 1914 2975 Patres
1930 2912 2076 2988 33333333
2096 2887 2184 2990 30333,
2210 2892 2242 2978 3,
2259 2937 2312 2978 pm.
2405 2927 2406 2988 j

1334 3008 1582 3078 enistimarunt,
1607 3005 1687 3068 3333
1709 3006 1966 3067 christianorum
1981 3023 2000 3067 a
2016 3003 2078 3080 Pp·
2096 2987 2298 3045 ¹³³g³¹¹d³f³¹¹⁰·

1334 3101 1418 3162 ratis
1431 3106 1539 3178 rapta,
1551 3115 1637 3177 posse
1646 3098 1749 3178 333333
1764 3097 1879 3175 adsqoe
1894 3113 1980 3160 noae
1995 3113 2077 3158 mor·

1334 3192 1394 3254 tuli
1417 3201 1446 3255 33
1469 3209 1560 3254 33333
1575 3192 1810 3262 restitutionis,
1824 3191 1991 3268 emptione,
2006 3205 2079 3250 ren-

1334 3285 1468 3356 ditiane,
1491 3289 1551 3346 333
1572 3285 1637 3346 atio
1659 3299 1851 3362 quocumque
1873 3283 2014 3362 tepitimo
2037 3282 2079 3342 ti-

1334 3381 1403 3441 tnto
1429 3377 1490 3441 3333
1522 3379 1678 3456 33333333,
1703 3393 1741 3440 33
1763 3379 1800 3438 in
1829 3377 1975 3455 proprios
1997 3393 2075 3438 usus

1334 3478 1525 3543 3333333333,
1536 3487 1599 3532 333
1611 3469 1767 3542 33333333,
1780 3470 1861 3549 3333
1871 3469 1940 3530 3333
1952 3471 1987 3531 33
1999 3467 2077 3530 delto

1335 3565 1588 3650 iniustorapto.
1620 3619 1621 3622 ,

1374 3659 1392 3733 5
1416 3660 1461 3721 33.
1488 3659 1637 3737 Sequitur
1664 3665 1769 3721 sextus
1794 3675 1880 3720 casus
1901 3673 1916 3716 a
1940 3657 1971 3718 P.
1998 3657 2077 3718 Lon·
2137 3674 2250 3721 notrum
2270 3688 2309 3722 se-

1334 3753 1466 3832 gohardo
1478 3754 1662 3832 propositus:
1675 3752 1794 3814 utrum
1805 3751 1976 3824 antedicti,
1986 3766 2077 3828 3333-
2096 3733 2175 3775 stum.

1333 3849 1443 3910 sertim
1466 3853 1655 3910 mercatores
1678 3847 1863 3918 tiberinae
1884 3845 1987 3906 solum
2008 3861 2076 3924 333-

1334 3949 1406 4004 cent
1428 3943 1555 4005 ratione
1576 3943 1622 4002 rei
1638 3942 1720 4002 mate
1742 3947 1898 4016 acceptae,
1914 3939 1967 4000 333
1990 3940 2076 4000 iniu-

1333 4043 1402 4100 stae
1432 4035 1645 4113 acceptionis,
1681 4043 1843 4111 tamquam
1877 4033 2076 4111 rapientium

1334 4135 1555 4208 receptatores,
1571 4136 1602 4189 et
1617 4135 1843 4204 consequenter
1856 4133 2030 4188 teneantur
2042 4127 2077 4187 in

1333 4225 1470 4286 solidum
1482 4223 1523 4286 33
1539 4223 1791 4293 restitutionem,
1805 4237 1869 4282 non
1879 4220 1982 4282 sotum
1998 4235 2078 4279 mer·

1334 4318 1419 4379 cium
1442 4324 1637 4394 emptorum,
1660 4315 1713 4376 sed
1741 4315 1883 4377 omnium
1910 4321 2076 4392 praeterea

1335 4411 1525 4474 darnnornm
1547 4409 1742 4471 christianis
1769 4409 1949 4471 illatorum.
1979 4406 2077 4469 Ratio

1336 4501 1426 4565 33333
1449 4510 1507 4574 est,
1530 4503 1618 4581 3333,
1631 4509 1669 4563 33
1691 4502 1820 4580 quidum
1842 4508 2003 4572 asserunt,
2017 4501 2077 4576 Pp-

1336 4604 1428 4659 rotae
1438 4597 1526 4658 inter
1537 4597 1805 4674 depraedandum,
1818 4595 1929 4674 333333
1941 4597 2077 4672 3333333

1335 4710 1388 4772 333
1418 4693 1571 4755 33333333
1601 4692 1697 4754 333333
1726 4691 1863 4768 captiuis
1893 4689 1939 4750 333
1968 4685 2077 4749 tiberis
2121 4697 2124 4706 ’

1336 4786 1539 4858 christianis,
1570 4803 1660 4864 quae,
1690 4785 1823 4860 333333
1850 4779 1991 4852 3333333,
2014 4796 2078 4841 333

1337 4887 1503 4958 raperent,
1527 4885 1564 4940 ut
1587 4875 1768 4959 infidelibus
1791 4891 1853 4938 nan
1886 4873 2076 4942 necessaria,

1336 4991 1433 5051 neque
1455 4973 1566 5035 utilia.
1591 4973 1653 5034 Hoc
1675 4977 1783 5034 antem
1805 4985 1868 5029 non
1889 4981 2008 5044 semper
2028 4984 2078 5028 ac·

1336 5067 1416 5128 cidit
1439 5067 1473 5128 in
1495 5063 1588 5128 33333
1610 5065 1719 5144 mopni
1741 5062 1852 5141 pretii,
1869 5066 1900 5121 et
1923 5060 1985 5137 ipsi
2000 5075 2079 5119 mer-

1336 5259 1373 5314 33
1392 5257 1499 5314 emant
1515 5267 1630 5312 merces
1646 5250 1723 5322 toci,·
1744 5257 1773 5311 et
1789 5253 1955 5327 practerea
1970 5261 2079 5308 eorum

1335 5344 1497 5408 incolatus
1512 5344 1653 5405 multem
1668 5343 1797 5404 videtur
1813 5340 2006 5419 3333333333
2020 5338 2079 5398 mi-

1335 5453 1481 5500 serorum
1503 5438 1705 5515 captiuorum
1732 5433 1961 5510 redemptiones
1982 5448 2081 5492 secre-

1337 5530 1414 5602 tius,
1438 5530 1573 5610 33333333
1595 5535 1626 5591 33
1647 5527 1746 5591 vitius
1762 5526 1937 5607 3333333333,
1954 5529 2080 5602 praeter

1336 5623 1542 5702 quotidianos
1565 5624 1788 5698 eleemosynas,
1812 5618 1927 5698 333333
1948 5635 2012 5679 333
2033 5635 2081 5679 so·
2180 5630 2182 5634 ⁴

1337 5717 1404 5778 lum
1434 5714 1604 5779 sublevant
1631 5715 1834 5776 necessitates
1865 5712 2078 5789 captiuorum,

1335 5811 1507 5872 sedetiam
1536 5809 1744 5887 suppeditant
1772 5823 1812 5868 33
1848 5822 1965 5885 333333
1985 5812 2080 5883 33333

1336 5902 1501 5975 aratoriis,
1525 5909 1558 5964 et
1580 5901 1741 5963 ministris
1763 5899 1869 5961 333333
1889 5897 2008 5962 cultus.
