4828 6990
355 585 454 638 ano.
476 585 544 638 1748
592 584 652 652 386

573 725 666 804 quod,
682 738 781 803 quum
801 721 929 786 moniali
950 720 1117 800 postulanti
1132 721 1227 784 libera
1240 717 1314 782 luis-

572 828 619 882 set
645 818 770 880 facultas
798 816 966 879 condiendi
997 814 1241 877 extraordinario
1269 830 1314 874 sa·

572 911 703 986 cerdoti,
732 909 785 990 qui
812 910 979 974 universae
1010 907 1226 972 communitati
1250 923 1313 968 non

571 1003 667 1066 semel
684 1019 721 1064 eo
736 1019 817 1065 anno
832 1003 891 1063 iam
907 1001 995 1065 datus
1009 1001 1121 1076 iuerat,
1138 1009 1212 1063 tunc
1226 1016 1315 1078 opor·

573 1098 654 1162 tebat
675 1113 742 1160 eam
773 1096 978 1160 conscientiae
1003 1109 1074 1158 suae
1107 1094 1310 1158 consuluisse:

571 1193 699 1271 quodsi
721 1189 820 1253 oblata
846 1189 1066 1254 commoditate
1087 1189 1133 1250 uti
1159 1188 1311 1266 noluerat,

531 1281 534 1286 ’
572 1285 600 1347 id
614 1286 672 1347 sibi
687 1285 871 1362 imputaret;
888 1298 990 1361 neque
1004 1289 1146 1361 pergeret
1161 1282 1313 1361 superiori

571 1378 745 1441 molestiam
766 1377 886 1451 afferre,
900 1386 935 1440 ut
956 1375 1143 1456 peculiarem
1164 1372 1314 1439 contesso-

571 1472 653 1535 rium
673 1479 761 1533 extra
776 1469 919 1532 ordinem
934 1470 990 1548 ipsi
1006 1468 1198 1531 concederet.
1220 1466 1312 1529 Nobis

570 1572 673 1628 autem
696 1563 923 1637 obiicientibus,
945 1563 1112 1625 monialem
1133 1561 1312 1624 huiusmodi

570 1660 609 1728 ad,
626 1657 816 1738 apostolicae
834 1656 1093 1718 Poenitentiariae
1113 1655 1249 1718 officium
1271 1652 1313 1714 la·

569 1751 626 1814 cile
648 1767 809 1813 recursum
832 1745 1018 1825 babituram,
1042 1749 1145 1828 ibique
1166 1749 1245 1810 baud
1263 1764 1312 1809 ae·

569 1859 625 1920 gre
646 1845 880 1920 impetraturam
901 1841 944 1917 id,
967 1841 1046 1920 quod
1069 1843 1106 1904 ab
1131 1841 1203 1921 ipsis
1224 1857 1312 1920 supe·

570 1936 701 1999 rioribus
717 1937 745 1998 ei
759 1939 947 2014 denegatum
969 1932 1086 2009 luisset,
1109 1936 1224 1996 iterum
1240 1951 1314 1996 con-

569 2038 687 2091 stanter
702 2030 942 2108 respondebant,
959 2027 1241 2092 extraordinarium
1256 2026 1313 2087 bu·

570 2123 701 2186 iusmodi
729 2123 969 2198 confessarium,
998 2130 1066 2201 post
1098 2121 1256 2201 impletam
1277 2120 1313 2181 ab

569 2219 639 2295 ipsis
653 2231 726 2294 erga
741 2218 926 2279 uuiversum
945 2215 1167 2280 monasterium
1182 2214 1312 2278 Triden-

570 2311 626 2372 tini
649 2310 776 2374 Concilii
805 2311 924 2388 legem,
947 2309 984 2371 ab
1004 2309 1063 2371 alio
1093 2309 1219 2388 quidem
1241 2326 1314 2371 con-

568 2407 633 2472 cedi
646 2423 743 2486 posse,
756 2407 808 2469 sed
819 2423 834 2466 a
845 2421 879 2467 se
889 2420 1052 2484 nunquam
1067 2421 1247 2470 concessum
1259 2407 1309 2468 iri.

337 2503 464 2602 ,afflffi
479 2515 550 2616 {12⁸0ss
607 2507 646 2568 bt
668 2521 753 2582 vero,
769 2519 872 2583 neque
888 2513 961 2567 tunc
976 2502 1064 2565 nobis
1079 2502 1241 2578 arridebat,
1258 2519 1312 2564 ne-

336 2610 503 2667 rmpronaiur.
568 2615 629 2677 que
648 2597 783 2676 proiecto
798 2613 883 2661 nunc
898 2597 986 2660 nobis
1000 2595 1109 2676 placet,
1126 2595 1222 2671 rigida
1238 2595 1311 2658 baec

568 2693 678 2769 agendi
698 2692 784 2754 ratio.
809 2692 991 2753 Persuasum
1003 2690 1089 2751 enim
1110 2688 1309 2763 habebamus,

567 2786 704 2864 adeoque
714 2785 872 2859 babemus,
886 2799 950 2846 non
961 2784 1062 2846 solum
1073 2785 1214 2861 integrae
1228 2799 1310 2846 com-

568 2879 730 2954 munitati,
752 2878 806 2940 sed
835 2877 966 2954 singulis
991 2877 1085 2938 etiam
1110 2875 1307 2952 monialibus,

567 2972 794 3048 indulgendum
815 2985 880 3033 esse
902 2971 934 3031 in
955 2970 993 3031 iis
1015 2971 1119 3045 rebus,
1135 2987 1214 3049 quae
1228 2970 1309 3032 iuste

568 3070 598 3126 et
620 3063 844 3126 rationabiliter
865 3069 1028 3141 petuntur,
1052 3065 1187 3126 maxime
1211 3079 1309 3142 quum

568 3157 638 3220 illae
670 3159 706 3220 ad
736 3172 845 3218 earum
877 3155 1082 3219 conscientiae
1112 3157 1251 3234 quietem
1279 3164 1309 3218 et

565 3249 764 3314 securitatem
786 3248 926 3312 conterre
943 3249 1178 3325 dignoscuntur.
1202 3248 1309 3328 Neque

566 3360 639 3406 sane
659 3342 837 3406 huiusmodi
862 3341 1081 3421 postulationes
1111 3349 1163 3405 aut
1191 3351 1310 3404 temere

567 3437 718 3512 exaudiri,
733 3443 786 3498 aut
806 3435 873 3498 sine
895 3452 981 3498 causa
1002 3435 1089 3497 reiici
1111 3436 1224 3498 debere
1238 3452 1308 3498 cen-

565 3547 686 3608 semus,
709 3531 762 3592 sed
775 3528 998 3607 inquirendum
1018 3528 1051 3589 in
1067 3529 1176 3606 primis
1189 3545 1256 3591 esse
1270 3529 1308 3590 de

565 3624 764 3704 qualitatibus
790 3632 858 3686 tum
881 3621 1037 3697 monialis,
1060 3638 1138 3700 quae
1159 3621 1308 3686 contessa-

564 3719 649 3782 rium
670 3727 755 3780 entra
783 3717 925 3784 ordinem
951 3716 1041 3795 petit,
1064 3726 1133 3778 tum
1157 3715 1309 3778 contessa-

564 3815 614 3889 rii,
637 3812 690 3892 qui
712 3812 749 3874 ab
770 3808 1006 3888 earequl1·itur;
1024 3815 1068 3886 ut,
1085 3809 1248 3888 utriusque
1262 3809 1306 3872 di-

562 3908 697 3985 ligenter
718 3905 874 3984 inspectis,
898 3902 1063 3966 deliberari
1083 3905 1189 3982 possit,
1211 3920 1249 3965 an
1271 3903 1306 3965 il·

332 3999 544 4103 nceifflaffli'
564 4001 622 4064 lius
643 3998 724 4060 votis
738 3999 943 4060 annuendum
955 3995 1007 4072 sit,
1023 4012 1061 4058 au
1077 4013 1151 4060 uon.
1171 3997 1204 4060 Si
1219 3997 1305 4058 enim

331 4112 430 4156 rantur.
564 4093 706 4157 monialis
727 4107 767 4152 en
787 4106 848 4154 una
869 4099 955 4168 parte
980 4088 1106 4172 nullum
1127 4091 1177 4153 det
1198 4092 1305 4152 adver·

562 4204 613 4250 sae
634 4185 803 4265 suspicioni
824 4185 939 4260 locum,
961 4200 1001 4246 ex
1022 4183 1117 4247 altera
1139 4201 1213 4246 vero
1234 4201 1306 4246 con·

561 4283 705 4347 lessarius
731 4295 794 4342 uon
827 4279 918 4342 modo
950 4278 1124 4355 legitimam
1152 4277 1306 4340 Ordinarii

561 4375 829 4457 approbationem,
851 4371 1017 4434 sedetiam
1046 4386 1214 4434 commune
1235 4386 1306 4448 pro·

561 4469 663 4532 bitatis
691 4467 919 4539 testimonium,
942 4480 997 4542 pro
1018 4479 1051 4526 se
1075 4464 1194 4539 babeat,
1217 4462 1304 4526 nullo

562 4564 652 4625 modo
675 4561 803 4641 probare
828 4573 991 4637 possumus
1014 4564 1075 4620 tam
1097 4557 1226 4619 firmum
1248 4557 1305 4617 bu-

504 4675 507 4684 *
561 4653 693 4718 iusmodi
715 4653 921 4734 praelatorum
942 4651 976 4712 in
993 4652 1154 4714 renuendo
1168 4650 1303 4729 proposi·

562 4759 645 4826 tum;
669 4763 726 4810 nec
748 4745 967 4822 intelligimus
989 4761 1044 4807 cur
1065 4752 1132 4822 post
1154 4745 1303 4806 conlessa-

560 4844 644 4906 rium
663 4839 945 4902 extraordinarium
966 4839 1105 4914 integrae
1129 4840 1304 4902 communi-

561 4939 626 5012 tati,
649 4936 734 4997 iuxta
756 4934 859 5011 legem
875 4932 1005 4998 Concilii
1020 4933 1206 5008 Tridentini,
1222 4935 1302 4996 obla-

560 5039 639 5106 tum,
651 5029 736 5092 nulla
751 5029 880 5090 omnino
893 5026 1079 5089 monialibus
1090 5027 1221 5104 singulis
1235 5045 1302 5106 spes

560 5125 753 5202 relinquatur
764 5121 924 5183 obtinendi
946 5121 1131 5198 peculiarem
1153 5121 1302 5184 confessa-

559 5218 654 5292 rium,
667 5217 753 5279 cuius
765 5215 892 5278 consilio
906 5223 938 5276 et
953 5230 1056 5294 opera,
1074 5213 1161 5277 iustis
1176 5215 1303 5278 tortasse

341 5320 462 5382 ,Francis
474 5318 540 5384 sole·
560 5315 597 5376 de
617 5311 725 5383 causis,
751 5311 889 5386 indigere
903 5325 936 5371 se
951 5309 1152 5371 arbitrentur.
1176 5308 1245 5373 Non
1261 5311 1302 5371 ita

327 5379 540 5483 ῗῖἒιῗοᾳῗιῗᾶῗῦςῗῖ
558 5423 631 5469 sane
653 5405 708 5466 bac
722 5405 759 5468 de
774 5419 807 5466 re
820 5403 972 5466 sentiebat
992 5402 1236 5480 sapientissimus
1250 5403 1303 5465 ille

327 5480 539 5581 ssssssiffif'w‘ffl'
559 5504 735 5562 animarum
763 5509 864 5562 rector
893 5499 924 5563 S.
948 5499 1128 5561 Franciscus
1156 5499 1300 5575 Salesius,

558 5596 646 5656 cuius
667 5593 825 5656 doctrinae
839 5607 992 5654 summam
1008 5609 1046 5654 eu
1062 5592 1144 5654 illius
1160 5594 1302 5670 operibns

560 5696 626 5750 tum
647 5688 755 5762 editis,
780 5697 847 5748 tum
875 5687 1103 5763 manuscriptis,
1129 5686 1299 5764 collectam,

559 5781 630 5843 bon.
654 5796 749 5842 mem.
775 5783 903 5842 loannes
919 5779 1026 5842 Petrus
1047 5778 1075 5842 le
1097 5781 1209 5844 Comus
1231 5779 1301 5858 Epi·

524 5869 525 5874 ’
557 5890 665 5952 scopus
685 5873 871 5938 Bellecensis
892 5873 973 5934 iusto
994 5873 1154 5935 volumine
1168 5873 1303 5951 comple-

559 5985 615 6034 xus
636 5979 694 6048 est,
716 5969 765 6032 cui
787 5969 917 6032 titulum
938 5957 1027 6030 lecit:
1052 5965 1198 6046 spirtius
1222 5967 1302 6032 San·

1095 601 1160 646 lUR·
1183 600 1274 646 rottr-
1298 598 1338 644 be
1360 597 1389 642 Ρ.
1413 599 1442 644 l?-
1467 601 1549 647 PARS
1570 602 1591 645 l.

2145 579 2200 633 An.
2216 581 2245 633 Ο.
2267 583 2334 634 1748

1370 721 1415 782 oti
1429 719 1599 784 Francisco'
1617 720 1743 784 Sotesii.
1760 721 1795 784 ln
1810 720 1904 783 buius
1919 719 2112 799 compendio,

1369 815 1450 893 quod
1471 832 1509 878 ex
1524 814 1631 894 gallico
1647 815 1678 878 in
1694 816 1834 878 italicum
1850 831 2028 878 sermonem
2042 830 2114 878 con-

1368 923 1494 970 versum
1506 907 1645 971 Venetiis
1660 925 1741 971 anuo
1756 925 1917 971 nnccxuv.
1935 923 1990 987 pro
2006 915 2113 986 quarta

1368 1001 1437 1064 rice
1458 1003 1538 1080 typis
1559 1003 1675 1065 editum
1697 1009 1754 1077 est,
1776 1007 1869 1080 porte
1886 1003 1979 1066 Xl'll.
1998 1017 2066 1079 cop.
2079 1005 2112 1075 6,

1369 1101 1473 1171 aperte
1494 1092 1622 1172 legitur,
1635 1095 1726 1174 quod,
1739 1112 1838 1175 quum
1860 1096 1972 1160 Beatus
1994 1097 2114 1177 Episoo·
2152 1131 2160 1145 ·

1368 1207 1424 1271 pus
1446 1205 1509 1254 non
1531 1193 1572 1254 ita
1594 1191 1785 1269 intelligeret
1809 1191 2013 1269 praemissum
2036 1192 2114 1256 Con-

1367 1286 1429 1348 cilii
1451 1285 1626 1348 Tridentini
1647 1285 1818 1360 decretum,
1841 1291 1876 1348 ut
1897 1287 2030 1349 vetitum
2051 1287 2115 1348 eni-

1367 1379 1526 1453 stimaret,
1560 1377 1781 1440 confessarium
1815 1379 2111 1456 extraordinarium,

1366 1470 1509 1550 pluribus
1530 1471 1625 1533 etiam
1647 1487 1738 1550 quam
1760 1471 1858 1533 tribus
1880 1472 1998 1534 vicibus
2013 1472 2045 1536 iu
2060 1491 2113 1536 an-

1367 1579 1419 1640 no,
1442 1563 1605 1642 religiosae
1634 1565 1848 1628 communitati
1877 1565 2007 1644 oderre3
2035 1584 2112 1644 quae

1367 1657 1493 1736 quidem
1514 1657 1668 1720 sententia
1690 1657 1792 1734 plures
1813 1658 1905 1720 babet
1932 1659 2111 1736 subrogato-

1368 1767 1428 1825 res,
1451 1765 1529 1829 quos
1547 1749 1643 1812 reiert
1671 1748 1779 1812 Diooo
1802 1753 1837 1811 in
1859 1750 1998 1812 editione
2027 1769 2110 1813 coer·
2164 1765 2214 1809 nec
2228 1762 2343 1808 exerunt-

1369 1843 1496 1916 dinato,
1518 1845 1599 1906 Toto.
1613 1841 1646 1915 7,
1664 1843 1768 1905 Troct.
1789 1845 1818 1916 1,
1835 1845 1925 1906 recol.
1942 1845 2026 1921 34&
2048 1863 2109 1909 non
2130 1816 2346 1934 iissirssaiflsoi'gffssj

1366 1937 1468 1998 solum
1489 1937 1604 2000 solebat
1625 1938 1688 1998 suis
1710 1937 1895 2000 monialibus
1921 1937 2111 2002 visitationis
2130 1925 2344 1970 ²³³⁸¹⁰⁰¹¹¹²¹¹¹¹m

1367 2029 1476 2092 Beatae
1497 2030 1608 2092 llariae
1630 2029 1768 2106 Virginis
1783 2039 1892 2110 quater
1907 2032 1940 2093 iu
1955 2047 2049 2106 auno,
2064 2032 2112 2094 vi-

1367 2122 1477 2185 delicet
1489 2123 1520 2185 iu
1531 2123 1663 2200 singulis
1674 2123 2112 2198 bebdomadisQuatuorTem·

1366 2231 1488 2293 porum,
1511 2215 1732 2279 confessarium
1760 2217 2041 2281 extraordinarium
2061 2221 2111 2282 de·

1367 2317 1486 2388 putare,
1502 2327 1614 2372 verum
1636 2311 1730 2373 etiam
1745 2327 1851 2374 earum
1867 2310 2046 2390 respectivis
2060 2330 2110 2375 su-

1366 2406 1539 2484 perioribus
1551 2405 1800 2467 commendatum
1812 2405 2110 2486 reliquit,utsingu-

1366 2499 1402 2561 lis
1423 2499 1619 2574 monialibus,
1636 2515 1713 2577 quae
1729 2516 1791 2562 non
1808 2501 1955 2562 exanimi
1972 2501 2108 2578 levitate,

1366 2613 1467 2675 neque
1479 2596 1691 2658 exindiscreta
1703 2593 2107 2673 allectionissingularitate,

1364 2687 1585 2752 confessarium
1610 2689 1891 2751 extraordinarium
1913 2689 2109 2767 peculiariter

1364 2789 1517 2862 peterent,
1530 2783 1609 2844 baud
1620 2797 1654 2844 se
1666 2781 1804 2844 difficiles
1820 2783 1851 2844 in
1867 2798 1903 2844 eo
1913 2783 2108 2846 concedendo

1365 2877 1560 2954 praeberent.
1584 2875 1647 2938 Nec
1668 2875 1757 2937 aliter
1771 2891 1804 2938 se
1821 2890 1931 2953 gerere
1946 2877 2107 2938 consuevit
2164 2884 2272 2930 Eosdem
2288 2897 2346 2931 sen-

1364 2985 1436 3031 veu.
1452 2985 1546 3031 mem.
1564 2969 1730 3046 Gregorius
1743 2968 1911 3032 Cardinalis
1926 2968 2106 3033 Barbadicus
2126 2937 2347 3054 ῗιῗιῗὲῗινςθὴέἒῗιῗέἱ

1364 3063 1546 3140 Palatinus,
1563 3062 1587 3124 is
1602 3062 1699 3138 enim,
1715 3069 1751 3123 ut
1767 3068 1895 3124 testatur
1910 3059 1993 3124 illius
2007 3079 2106 3140 quou-
2125 3044 2204 3089 (ΠΜ

1363 3157 1433 3219 dam
1456 3155 1595 3219 Ticarius
1615 3155 1773 3218 Generalis
1795 3155 1922 3217 loannes
1939 3155 2106 3220 clericatus

1364 3249 1395 3311 in
1429 3249 1585 3312 Tractatio
1613 3249 1648 3310 de
1676 3247 1899 3321 Poeoiietotio,
1934 3249 2026 3311 decis.
2050 3250 2105 3323 41,

1363 3358 1451 3404 oum.
1475 3342 1510 3415 7,
1533 3349 1565 3404 et
1586 3350 1709 3422 patrum
1732 3341 1985 3404 Tridentiuorum
2004 3345 2106 3406 decre-

1362 3444 1431 3500 tum
1452 3435 1552 3516 quoad
1577 3436 1682 3499 omnia
1704 3435 1890 3498 monialium
1921 3439 2105 3502 monasteria

1363 3531 1395 3593 in
1417 3547 1470 3592 soa
1491 3530 1613 3592 civitate
1635 3537 1666 3591 et
1687 3529 1819 3591 dioecesi
1840 3529 2002 3594 existentia
2018 3525 2108 3611 quotss

1362 3623 1452 3687 anuis
1473 3624 1571 3702 reipsa
1596 3624 1819 3702 exequebatur,
1848 3631 1879 3685 et
1900 3624 2107 3688 nibilominus

1362 3715 1484 3780 exorari
1510 3733 1543 3778 se
1570 3716 1741 3795 patiebatur
1762 3732 1779 3775 a
1799 3717 2002 3793 monialibus,
2030 3735 2107 3796 quae

1362 3809 1525 3890 aliquando
1547 3809 1778 3872 rationabilibus
1800 3811 1837 3872 de
1857 3812 1954 3873 causis
1974 3813 2108 3892 peculia·

1362 3921 1429 3966 rem
1451 3921 1559 3984 prose
1581 3903 1801 3966 conlassarium
1826 3911 2020 3982 expeterent.
2044 3909 2106 3971 llu-

1362 3997 1495 4060 iusmodi
1516 3996 1632 4073 regulis
1653 4005 1684 4058 et
1704 3996 1854 4074 exemplis
1872 4005 2010 4060 nostram
2032 4017 2105 4078 qoo-

1362 4107 1422 4172 que
1444 4091 1556 4168 agendi
1578 4090 1729 4152 rationem
1751 4089 1784 4152 in
1806 4090 1957 4169 spirituali
1989 4094 2105 4154 monia·

1361 4183 1440 4247 lium
1454 4183 1610 4260 regimine
1622 4181 1816 4244 couiormare
1830 4183 2023 4263 curauim'os3
2041 4203 2103 4248 ma-

1363 4280 1546 4356 ximumque
1567 4275 1708 4339 utilitatis
1724 4286 1754 4339 et
1769 4277 1882 4354 quietis
1897 4276 2034 4342 fructum
2049 4297 2105 4344 nos

1361 4371 1434 4434 inde
1464 4370 1634 4449 percepisse
1665 4369 1880 4452 cognovimus.
1913 4370 2105 4450 Quapropter
2149 4393 2344 4440 rontrrexnor-

1360 4463 1551 4526 venerabiles
1573 4461 1684 4523 iratres
1704 4462 1902 4524 ecclesiarum
1930 4462 2101 4542 lintistites,
2123 4448 2345 4548 ffil,l,¹',¹,’,‘,²,5,¹3,‘,‘,³;:

1360 4566 1452 4636 atque
1477 4557 1603 4618 dilectos
1631 4555 1709 4618 illios
1735 4572 2003 4636 quarumcumque
2032 4558 2105 4620 reli·
2124 4550 2187 4596 ΗΜ
2205 4555 2343 4610 lelium·

2124 4605 2343 4664 bnsbenigneln·
2411 4629 2412 4675 q

1361 4651 1518 4728 glosarum
1538 4649 1709 4711 mulierum
1731 4657 1865 4712 rectores
1888 4649 2050 4714 hortamur
2071 4653 2103 4715 in
2123 4659 2239 4707 tendant.

1360 4745 1503 4820 llomino,
1526 4751 1556 4805 et
1578 4743 1670 4805 enixe
1696 4758 1877 4820 monemus,
1901 4753 1936 4808 ut
1965 4749 2103 4810 eamdem

1360 4837 1454 4912 viam,
1477 4837 1576 4915 quoad
1597 4836 1665 4897 fieri
1680 4843 1790 4914 potest,
1806 4836 1951 4898 insistere
1973 4854 2035 4900 non
2057 4857 2104 4902 re·

1360 4939 1480 5005 cusent,
1502 4937 1534 4991 et
1556 4944 1619 4991 non
1635 4927 1710 4989 adeo
1724 4928 1864 4990 difficiles
1884 4945 1915 4990 se
1938 4932 2103 5010 praebeant

1359 5023 1564 5104 peculiaribus
1585 5023 1867 5085 extraordinarium
1882 5023 2103 5088 confessarium

1359 5116 1525 5196 aliquando
1547 5116 1780 5195 expetentibus,
1803 5117 1880 5195 quin
1907 5116 2020 5196 potius,
2044 5120 2103 5181 uisi

1359 5223 1412 5276 aut
1434 5211 1575 5273 monialis
1596 5211 1779 5289 postulantis
1798 5226 1850 5278 aut
1865 5213 2041 5274 confessarii
2056 5229 2103 5276 re-

1359 5309 1464 5388 quisiti
1493 5307 1622 5387 qualitas
1643 5311 1732 5373 aliter
1757 5311 1932 5374 iaciendum
1959 5313 2102 5387 suadeat,

1356 5419 1464 5466 earum
1477 5405 1564 5466 iustis
1575 5405 1715 5482 precibus
1726 5405 1934 5468 obsecundare
1946 5407 2099 5468 studeant:

1358 5499 1637 5575 illudocogltautes,
1653 5500 1746 5576 quod,
1761 5499 1820 5561 etsi
1837 5499 1971 5561 liberum
1987 5499 2026 5560 sit
2040 5499 2103 5561 cui-

1359 5593 1433 5654 libet
1456 5593 1581 5654 moniali
1603 5592 1797 5654 Cardinalem
1820 5593 1969 5654 maiorem
1995 5592 2103 5656 Poeni-

1359 5688 1541 5749 tentiarium
1562 5685 1656 5760 adire,
1679 5685 1729 5748 oui
1750 5703 1784 5746 ea
1801 5687 1832 5748 in
1849 5703 1882 5748 re
1902 5685 2028 5748 lacirltas
2050 5703 2101 5749 cu-

1359 5780 1506 5844 mulativa
1527 5794 1599 5841 cum
1621 5779 1766 5842 omuibus
1782 5779 1920 5844 locorum
1935 5779 2103 5843 Ordinariis

1357 5891 1373 5934 a
1395 5873 1534 5935 llomano
1549 5872 1697 5934 Pontifice
1713 5874 1876 5950 tribuitur;
1899 5872 2102 5936 nibilominus

1358 5983 1392 6030 ea
1413 5977 1460 6030 est
1480 5966 1643 6046 aliquando
1675 5968 1864 6032 necessitatis
1889 5969 2045 6046 urgentia,
2068 5975 2103 6030 ut
