4708 6978
345 521 444 576 Ano.
467 525 535 576 1343
586 527 645 588 <252
714 511 717 519 '

379 671 548 726 1333333133

334 721 436 769 decreta
449 724 516 771 alias
526 736 549 771 e·

1090 545 1154 591 tun.
1179 543 1269 590 boux.
1293 541 1333 586 DE
1355 541 1384 586 1³.
1409 543 1437 588 F.
1464 545 1543 589 nxhs
1566 547 1586 590 1.

607 664 627 739 ,5
651 663 677 725 1.
702 662 870 726 Sanealias
886 671 1047 745 postquam
1063 664 1245 742 quamplura
1260 668 1315 730 du·
1373 683 1404 738 et
1424 667 1537 734 ieiunia
1560 668 1738 733 huiusmodi
1761 671 1793 734 in
1815 671 2114 750 eumdemomnino‚

335 775 390 821 atta
428 787 455 821 ro
477 777 549 823 rasu-
568 759 615 821 bia
637 767 667 822 et
689 760 771 821 varia
787 760 949 839 postulata,
962 776 1040 840 quae
1056 762 1242 824 venerabilis
1258 764 1316 826 lra-
1372 767 1403 828 in
1427 783 1487 844 quo
1510 781 1564 844 per
1585 772 1722 828 anteacta
1743 765 1856 840 secula,
1880 782 1913 827 ac
1935 766 2116 844 praesertim

335 832 397 875 11133
417 829 549 886 3111331311-

335 892 369 927 uo
387 884 455 938 apud
475 887 548 930 Grae-

569 858 615 914 ter
637 853 771 929 Cyrillus
793 853 966 916 Patriarcha
988 853 1200 918 Antiochenus
1223 857 1315 920 Grae·
1371 868 1443 922 ante
1465 859 1620 922 inductam
1642 861 1679 922 ab
1703 860 1871 937 Euthymio
1892 857 1968 920 olim
1990 858 2064 937 Tyri
2084 867 2116 922 et

334 935 532 984 1014111111θῦ-
566 946 910 1010 corum-Melchitarum
933 948 1080 1025 ediderat,
1093 957 1186 1028 atque
1207 951 1241 1012 ad
1257 951 1315 1012 bu·
1342 992 1344 1026 :
1372 952 1493 1016 Sidonis
1516 953 1753 1032 Archiepiscopo
1775 952 1958 1026 novitatem,
1978 951 2117 1031 imperti-

565 1041 614 1102 ius
635 1041 764 1104 Sanctae
787 1041 873 1105 Sedis
889 1041 1038 1104 iudicium
1054 1059 1141 1104 more
1159 1043 1311 1106 maiorum
1342 1029 1344 1121 l
1371 1053 1478 1124 tasque
1492 1046 1529 1107 ab
1544 1046 1608 1124 ipso
1630 1046 1748 1124 (1331113
1769 1045 1942 1109 Ρ3131333133
1964 1046 2117 1124 dispensa·

566 1134 735 1211 detulerat,
765 1135 904 1212 primunt
925 1152 981 1214 per
1007 1136 1165 1215 nosipsos
1190 1151 1313 1199 summo

564 1229 666 1290 studio
688 1245 720 1290 ac
742 1228 902 1304 diligentia
923 1229 1313 1308 singulatimexpehdisse·

564 1321 1312 1396 mus,deindeadbibitoetiamnonnullorumve-

565 1415 752 1477 nerabilium
766 1415 898 1499 13313313
910 1423 1088 1478 nostrorum
1102 1411 1132 1478 S.
1143 1415 1178 1477 R.
1192 1417 1225 1476 lt.
1242 1416 1314 1479 Car·

565 1508 734 1582 dinalium,
757 1509 810 1588 qui
836 1509 1052 1587 Propagandae
1071 1511 1156 1573 Fidei
1179 1510 1312 1588 negotiis

566 1609 725 1680 praesunt,
748 1617 851 1664 coram
874 1603 961 1664 nobis
980 1618 1042 1665 non
1065 1604 1172 1681 semel,
1187 1606 1240 1666 sed
1257 1604 1312 1666 ite-

565 1711 637 1757 rum
659 1712 693 1757 ac
724 1697 833 1771 tertio,
866 1704 1143 1774 congregatorum,
1172 1698 1310 1774 consilio,

565 1789 716 1854 nonnulla
752 1791 922 1852 necessaria
954 1799 984 1852 et
1016 1797 1188 1870 opportuna
1219 1808 1312 1870 super

566 1882 674 1944 iisdem
705 1882 806 1945 dubiis
831 1900 864 1945 33
892 1885 1052 1960 3331313113
1079 1885 1310 1964 statuissemus;

565 1974 748 2038 decretalem
778 1985 916 2039 nostram
938 1979 1097 2070 epistolwa
1119 1980 1153 2041 ad
1182 1997 1311 2044 venera-

565 2068 643 2130 biles
674 2067 801 2144 iratres,
830 2071 930 2148 ipsum
959 2071 1076 2135 scilicet
1104 2074 1310 2138 Patriarcham

564 2162 795 2226 Antiochenam
819 2170 851 2225 et
872 2181 981 2227 333333
1002 2166 1141 2230 eiusdem
1164 2169 1243 2230 ritus
1264 2188 1312 2233 ca-

548 2254 693 2318 tholicos
716 2257 879 2336 Episcopos
901 2258 1002 2320 eidem
1027 2259 1219 2324 Patriarchae
1240 2264 1310 2326 sub-

564 2348 671 2423 lectos,
701 2348 750 2411 die
777 2367 865 2412 xxxv.
884 2353 1001 2414 mensis
1030 2355 1211 2434 decembris,
1230 2372 1311 2419 3333

565 2458 742 2505 33333133.
760 2445 911 2508 dedimus.
935 2445 1058 2508 Praeter
1083 2455 1184 2510 cetera
1206 2456 1308 2512 autem

455 2527 460 2538 '
564 2551 642 2612 quae
664 2535 694 2598 in
711 2536 772 2616 ipsa
788 2538 932 2600 decretali
955 2539 1080 2616 epistola
1097 2543 1212 2604 anobis
1228 2559 1311 2622 prae·

563 2627 1091 2705 scriptasunt‚vehementeretiam
1104 2634 1310 2709 iniunximus,

565 2727 600 2782 ut
623 2727 685 2782 tam
708 2722 772 2799 ipse
801 2723 993 2800 Patriarcba,
1022 2743 1116 2805 quam
1137 2727 1188 2789 alii
1215 2730 1311 2790 antio·

564 2815 656 2876 chent
678 2815 900 2891 patriarchatus
914 2818 1077 2881 orthodoxi
1099 2821 1261 2896 antistites,
1279 2823 1311 2884 in

563 2923 617 2969 sua
639 2907 771 2987 quisque
786 2908 928 2985 dioecesi,
945 2913 1088 2991 antiquos
1110 2913 1188 2975 ritus
1203 2922 1234 2975 et
1249 2914 1312 2976 lau·

563 2998 679 3062 1331133
699 3000 831 3064 Graecae
846 3001 998 3065 Ecclesiae
1019 3006 1269 3082 consuetudines,
1286 3007 1311 3068 si

563 3093 676 3170 quibus
697 3093 729 3155 13
746 3093 819 3155 13313
840 3097 1072 3173 quomodolibet
1087 3100 1195 3177 quavis
1210 3100 1312 3163 indul·

564 3186 667 3262 gentia
693 3185 880 3265 licentiaque
910 3189 1030 3250 remitti
1056 3207 1090 3251 ac
1117 3207 1239 3269 pessum
1267 3194 1312 3254 ire

563 3277 755 3354 contigisset,
779 3277 813 3340 ad
837 3279 999 3356 pristinam
1015 3283 1243 3346 observantiam
1266 3301 1312 3346 re·

564 3387 689 3446 vocare,
721 3372 888 3434 restituere
920 3381 951 3436 et
979 3376 1163 3439 confirmare
1195 3379 1312 3441 aduite-

564 3472 687 3526 rentur.

322 3575 325 3580 ·
394 3567 544 3613 recasurum
603 3559 622 3632 ἓ
644 3559 673 3620 2.
698 3560 799 3639 Atque
814 3576 851 3622 eo
870 3563 1078 3640 potissimum,
1094 3565 1175 3643 quod
1193 3582 1312 3628 memo-

331 3619 546 3722 iiiiee'tar'eiiissr‘ss]
564 3659 648 3712 ratus
671 3652 804 3730 Cyrillus
820 3655 1002 3732 patriarcha,
1021 3657 1050 3718 13
1067 3659 1198 3735 quodam
1221 3675 1310 3737 pecu-

563 3743 631 3806 liari
652 3761 724 3806 cum
748 3746 812 3807 suis
830 3749 1019 3812 antistitibus
1040 3765 1123 3812 3333
1145 3751 1310 3814 millesimo

561 3838 840 3916 septingentesimo
862 3841 1022 3917 trigesimo
1033 3848 1120 3904 sexto
1139 3843 1171 3905 in
1187 3845 1311 3907 ltlontc-

561 3930 678 3992 Libano
700 3932 804 3995 habito
819 3949 975 4011 consessu,
992 3936 1090 4013 quoad
1109 3937 1309 4000 abstinentias

560 4029 591 4084 et
618 4023 733 4086 ieiunia
761 4032 832 4088 ante
862 4027 1032 4090 natalitiam
1060 4030 1182 4092 Domini
1210 4032 1309 4094 nostri

560 4118 627 4180 lesu
650 4119 763 4182 Christi
781 4120 1035 4198 sollemnitatem,
1048 4123 1193 4186 antedies
1215 4123 1308 4186 133133

560 4214 796 4289 Assumptionis
818 4213 929 4274 Beatae
965 4214 1102 4292 Virginis
1134 4217 1245 4280 1133133
1276 4227 1308 4279 31

560 4303 745 4367 Sanctorum
768 4306 986 4384 Apostolorum
1014 4309 1095 4370 Petri
1116 4317 1147 4372 et
1169 4310 1254 4372 Pauli
1277 4311 1307 4371 in

559 4395 671 4458 Graeca
694 4397 826 4460 Ecclesia
848 4399 965 4460 servari
986 4400 1092 4476 solita,
1116 4419 1187 4464 cunt
1209 4403 1308 4464 homi-

560 4492 652 4553 nibus
682 4493 818 4554 desertos
840 4489 995 4569 Arabum,
1018 4510 1109 4571 pagos
1132 4497 1163 4559 13
1191 4497 1307 4561 Libano

559 4591 591 4645 et
618 4583 828 4645 Anti-Libano
855 4587 969 4664 positos
1003 4586 1210 4651 incolentibus
1243 4608 1307 4653 non

559 4676 661 4740 solum
677 4679 894 4756 dispensasset,
912 4682 1133 4744 verumetiam
1155 4683 1191 4744 ad
1206 4700 1308 4746 unum

560 4771 721 4834 dumtaxat
747 4771 830 4834 diem
860 4775 1025 4837 antedictas
1051 4775 1226 4839 Natiuitatis
1251 4779 1308 4840 llo-

560 4865 704 4939 minicae,
727 4866 955 4944 assumptionis
970 4868 1080 4930 Beatae
1096 4868 1309 4946 1133133113-

561 4957 622 5019 3133
644 4964 674 5019 31
704 4959 891 5021 Sanctorum
920 4960 1138 5039 Apostolorum
1168 4964 1251 5027 Petri
1278 4973 1308 5026 et

561 5050 645 5112 Pauli
666 5050 889 5114 sollemnitates
920 5054 1097 5117 immediate
1124 5057 1308 5133 praeceden-

562 5151 624 5206 tem
655 5144 847 5220 reduxisset,
881 5156 1142 5226 coarctassetque:
1172 5149 1247 5211 hinc
1270 5165 1308 5210 ex

559 5237 686 5300 sublimi
709 5238 764 5299 hac
785 5241 967 5301 sacrosancti
983 5242 1171 5319 apostolatus
1185 5242 1306 5321 specula

560 5331 792 5408 praevidentes,
817 5339 970 5410 quantum
993 5332 1129 5411 33313313
1155 5334 1308 5412 praeiudi-

559 5423 643 5484 cium
664 5440 697 5485 ac
718 5424 945 5486 detrimentum
975 5425 1190 5489 observantiae
1212 5428 1307 5490 ecole-

559 5516 694 5578 siasticae
705 5516 885 5594 disciplinae
898 5519 934 5579 ab
946 5519 1037 5580 initio
1049 5528 1199 5596 servatae,
1210 5523 1307 5598 quoad

560 5607 738 5672 huiusmodi
760 5609 963 5672 abstinentias
978 5620 1009 5673 et
1024 5603 1150 5687 ieiunia,
1166 5613 1240 5676 haec
1255 5630 1308 5676 uo·

560 5700 651 5775 vitas,
674 5702 737 5762 imo
759 5701 917 5778 relaxatio,
933 5704 962 5765 in
985 5705 1096 5767 Graeca
1120 5706 1252 5768 Ecclesia
1267 5708 1308 5769 al-

520 5827 525 5838 ·
561 5792 660 5854 latura
682 5801 773 5870 esset,
796 5795 872 5856 illud
899 5804 1097 5858 antevertere
1118 5799 1308 5875 curavimus,

1370 1141 1486 1215 tiones,
1509 1139 1764 1217 reperiebantur,
1786 1146 1900 1202 statum
1930 1139 2046 1201 iterum
2068 1157 2116 1202 re-

1369 1233 1569 1296 ducerentur.
1593 1233 1751 1294 Praeterea
1774 1249 1844 1296 cum
1867 1233 2025 1294 laudabilis
2044 1249 2117 1296 con-

1368 1326 1500 1387 suetudo
1522 1326 1654 1402 singulis
1671 1340 1857 1404 perannum
1873 1327 1958 1388 feriis
1974 1344 2015 1387 xv.
2026 1337 2056 1388 et
2070 1344 2114 1388 vr.

1368 1437 1384 1480 a
1406 1421 1535 1499 piscium
1552 1439 1604 1484 esu
1621 1422 1793 1484 abstinendi
1808 1422 1840 1483 io
1857 1420 1967 1484 Graeca
1983 1419 2116 1482 Ecclesia

1368 1515 1476 1576 multis
1504 1514 1642 1577 abhinc
1673 1516 1802 1578 saeculis
1833 1523 1965 1593 recepta,
1992 1531 2069 1594 quae
2099 1533 2115 1576 a

1368 1608 1605 1688 quamplurimis
1627 1609 1756 1671 Graecae
1771 1608 1923 1670 Ecclesiae
1938 1608 2116 1670 hominihus

1367 1702 1558 1764 sanctissime
1589 1702 1686 1764 adhuc
1717 1702 1874 1764 retinetur
1901 1718 1934 1763 ac
1960 1695 2114 1776 servatur,

1369 1793 1515 1856 maiorem
1538 1795 1569 1856 in
1592 1803 1712 1874 partem
1735 1794 1794 1856 iam
1813 1794 1974 1855 remissam
1990 1809 2067 1869 esse,
2082 1812 2116 1856 ac

1369 1887 1490 1948 iamiam
1511 1889 1635 1966 penitus
1650 1887 1762 1949 aboleri
1778 1894 1944 1960 constaret,
1961 1887 2114 1964 praecepi·

1369 1997 1438 2042 mus
1459 1981 1551 2042 etiam
1574 1989 1608 2043 ut
1629 1983 1696 2043 sine
1718 1980 1783 2042 ullo
1805 1979 1984 2042 discrimine
2000 1979 2032 2041 13
2049 1987 2114 2041 1313

1368 2073 1553 2136 antiocheno
1574 2073 1781 2151 patriarchatu
1803 2073 2020 2136 custodiretur.
2347 2127 2348 2130 ,

1408 2169 1427 2242 ἓ
1447 2167 1476 2228 3.
1500 2166 1580 2228 llaec
1601 2181 1685 2240 vero,
1703 2167 1965 2244 quemadmodum
1986 2167 2112 2246 praelati
2133 2175 2348 2242 Nihilominusot

1367 2276 1487 2334 sumus,
1510 2260 1712 2334 mandantes,
1736 2259 1869 2320 minime
1897 2259 1981 2321 obliti
2005 2276 2113 2322 sumus
2132 2229 2337 2341 ῗιῗῖιῖᾞῗσῖὲὲἶ

1367 2352 1547 2430 apostolicae
1558 2350 1770 2420 benignitatis.
1794 2351 1998 2426 Quamobrem
2014 2358 2114 2430 pater·
2133 2336 2336 2437 {fflffgfigss

1368 2461 1408 2506 no
1430 2445 1533 2506 animo
1560 2443 1814 2505 commiserantes
1843 2449 2011 2519 egestatem
2033 2444 2114 2506 chri·
2133 2443 2335 2546 {gfficlgquhcrpnl

1367 2536 1547 2598 stitidelium
1571 2544 1718 2598 montana
1741 2536 1851 2598 Libani
1867 2543 1898 2597 31
1914 2535 2111 2598 Anti-Libani
2133 2549 2283 2596 oratonrous.

1369 2629 1431 2692 loca
1454 2629 1677 2704 incolentium,
1700 2645 1793 2707 quos,
1817 2635 1942 2708 propter
1973 2629 2114 2690 ciborum

1368 2720 1681 2799 quadragesimalium
1704 2721 1840 2799 inopiam
1864 2721 1895 2783 in
1918 2720 2047 2783 11313313
2069 2721 2114 2782 ri·
2148 2747 2152 2754 ·

1369 2807 1512 2890 gentem,
1541 2814 1685 2876 carnibus
1707 2831 1740 2875 ao
1766 2813 1926 2876 lacticiniis
1955 2813 2115 2876 interdum

1369 2923 1423 2985 per
1444 2908 1518 2981 dics,
1542 2907 1655 2984 quibus
1677 2923 1746 2968 esus
1776 2906 1952 2968 huiusmodi
1975 2907 2046 2986 ipsis
2067 2905 2116 2967 in-

1370 3000 1517 3062 terdictus
1550 2999 1729 3076 vetitusque
1750 3008 1807 3073 est,
1830 2999 1913 3060 vesci
1941 2998 2051 3073 fertur,
2074 2999 2115 3061 13-

1368 3092 1517 3155 cultatem
1545 3092 1648 3154 eidem
1678 3090 1794 3170 Cyrillo
1819 3092 2012 3155 Ρ31313331133
2032 3107 2115 3152 3333

1370 3184 1535 3246 millesimo
1546 3184 1825 3263 septingentesimo
1838 3183 1995 3260 trigesimo
2006 3199 2117 3245 secuu-

1368 3274 1406 3338 do
1428 3279 1541 3352 datam,
1554 3279 1670 3338 iterum
1692 3275 1793 3352 largiti
1811 3282 1840 3336 et
1855 3277 1910 3338 hac
1925 3276 2046 3337 ratione
2057 3276 2116 3337 im·

1368 3370 1472 3448 pertiti
1495 3369 1628 3446 luimus3
1655 3375 1692 3430 ut
1712 3368 1881 3442 nimirum,
1904 3368 2002 3446 quoad
2023 3368 2115 3429 absti-

1369 3463 1490 3524 nentias
1512 3469 1542 3523 et
1566 3461 1681 3522 ieiunia
1702 3460 1893 3534 huiusmodi,
1916 3459 1949 3520 in
1970 3475 2040 3522 casu
2062 3477 2116 3520 ur-

1368 3556 1470 3632 gentis
1481 3556 1641 3617 dumtaxat
1657 3553 1846 3616 necessitatis
1860 3552 2036 3631 dispensare
2047 3569 2114 3631 pos-

1366 3657 1435 3724 set;
1465 3657 1500 3710 ut
1529 3647 1773 3726 dispensationes
1801 3646 1979 3708 huiusmodi
2013 3662 2115 3724 neque

1368 3741 1574 3818 generaliter,
1598 3755 1701 3818 nequo
1725 3739 1755 3800 in
1786 3747 1989 3817 perpetuum,
2013 3754 2114 3817 neque

1366 3836 1515 3898 omnibus
1531 3831 1818 3906 indiscriminatim,
1834 3831 1886 3892 sed
1902 3830 1993 3892 alicui
2015 3830 2114 3891 homi-

1366 3943 1444 3990 uum
1466 3927 1568 3990 coetui
1590 3925 1641 3986 vel
1662 3923 1895 3999 communitati,
1919 3924 1956 3985 de
1977 3939 2057 3984 anuo
2079 3923 2111 3985 in

1366 4035 1485 4083 annum
1508 4026 1538 4081 et
1567 4033 1621 4096 per
1649 4017 1724 4079 illud
1753 4015 1949 4078 solummodo
1975 4021 2111 4093 tempus,

1366 4129 1427 4191 quo
1448 4118 1614 4188 urgentem
1636 4111 1850 4172 necessitatem
1863 4109 2030 4186 contigerit
2044 4123 2114 4187 per-

1367 4221 1504 4281 manere,
1526 4205 1781 4267 concederentur.
2347 4279 2348 4286 ἵ

1405 4299 1424 4374 ἓ
1445 4299 1473 4359 t.
1497 4297 1648 4372 Quoniam
1663 4305 1767 4359 autem
1782 4296 1952 4374 saepedicta
1971 4294 2112 4357 ciborum
2163 4313 2331 4378 3133313111-

1365 4390 1679 4470 quadragesimalium
1694 4389 1808 4468 inopia,
1824 4390 1904 4450 sicut
1925 4389 2109 4467 accepimus,
2129 4369 2331 4467 ffcffiliffi
2347 4377 2348 4384 '

1365 4483 1527 4561 aliquando
1559 4483 1592 4544 in
1624 4482 1690 4542 aliis
1721 4481 1859 4543 eiusdem
1891 4482 2110 4561 patriarchatus
2129 4475 2330 4574 gssffifflglllffi

1365 4576 1553 4640 dioecesibus
1574 4576 1703 4638 evenire
1717 4584 1828 4654 potest,
1841 4577 1953 4639 idcirco
1968 4583 2111 4654 paternae
2129 4591 2282 4645 sucessores
2296 4582 2330 4676 Pad-
2347 4561 2348 4634 1

1365 4670 1641 4732 commiserationis
1656 4687 1729 4733 cum
1744 4685 1931 4752 unoquoque
1947 4668 2112 4749 333311133-
2129 4635 2330 4752 iarssissgssffiie‘p'a-
2347 4677 2348 4682 ’

1366 4765 1482 4825 113311333
1498 4762 1656 4824 habendae
1670 4780 1836 4839 memores,
1853 4765 2036 4826 antedictam
2052 4761 2111 4822 dis·
2129 4741 2286 4789 mamm·
2347 4809 2348 4824 t

1365 4857 1514 4937 pensandi
1535 4855 1716 4919 facultatem
1739 4857 1859 4919 laudato
1880 4855 2009 4935 cyrillo,
2032 4856 2112 4915 eius-

1365 4968 1426 5030 que
1448 4966 1502 5029 333
1531 4958 1672 5029 tempore
1697 4950 1888 5013 Ρ31313331133
1917 4949 2111 5012 Antiocheno

1365 5045 1542 5120 successori,
1565 5046 1740 5124 elargitam,
1761 5045 1795 5106 ad
1818 5044 1983 5106 modernos
2004 5049 2035 5104 et
2057 5057 2112 5120 pro

1367 5148 1506 5217 tempore
1528 5140 1698 5203 existentes
1720 5141 1858 5202 eiusdem
1891 5136 2113 5218 patriarchatus

1366 5232 1616 5312 Archicpiscopos
1632 5242 1663 5295 et
1679 5233 1842 5310 Episcopos
1863 5231 2039 5304 catholicos,
2056 5229 2113 5292 sub

1366 5323 1473 5384 iisdem
1495 5340 1621 5403 prorsus
1649 5325 1736 5390 dictis
1765 5323 1908 5385 modoet
1934 5324 2043 5397 forma,
2067 5329 2111 5382 te-

1366 5433 1442 5478 nore
1473 5419 1705 5497 praesentium,
1737 5417 1920 5480 auctoritate
1949 5413 2112 5494 apostolica

1365 5514 1579 5591 extendimus,
1609 5525 1701 5595 atque
1726 5517 1796 5594 ipsis
1817 5516 2061 5595 Archiepiscopis
2082 5521 2112 5576 et

1366 5609 1539 5687 Episcopis,
1565 5624 1739 5687 eorumque
1766 5610 1900 5686 singulis
1933 5609 2111 5681 tribuimus,

1365 5699 1563 5764 concedimus
1584 5708 1616 5762 et
1638 5701 1850 5778 impertimur.
1874 5703 1970 5764 Porro
1992 5701 2113 5764 unicui·

1366 5811 1426 5874 que
1447 5797 1670 5858 modernorum
1692 5800 1723 5855 et
1744 5810 1800 5873 pro
1817 5803 1957 5874 tempore
1978 5796 2112 5856 existen-

561 5893 652 5964 atque
675 5887 801 5949 insimul
825 5890 1039 5953 mandavimus
1054 5897 1090 5952 ut
1104 5890 1310 5956 abstinentiae
1337 5879 1341 5936 l
1367 5889 1447 5951 tium
1469 5889 1542 5951 dicti
1563 5887 1788 5968 patriarchatus
1809 5889 1985 5952 antistitum
2001 5898 2113 5950 notum
