4838 6982
369 525 423 578 An.
438 529 468 580 c.
489 529 558 582 mss
607 528 665 593 eoa

586 667 712 729 vissime
731 667 790 728 sub
810 666 973 728 Clemente
994 663 1060 728 xil.
1084 662 1225 742 proximo
1245 678 1330 741 prae·

586 759 747 822 decessore
768 768 890 822 nostro:
915 764 959 820 ast
978 759 1057 833 Deus
1079 756 1213 834 optimos
1235 758 1330 818 maxi·

586 869 655 914 mus
676 870 712 914 eo
734 869 789 915 nos
804 854 915 930 gaudio
936 852 1083 930 perfodit,
1100 860 1134 914 ut
1148 857 1216 930 post
1238 852 1330 913 innu-

585 964 686 1008 meras
717 947 858 1024 vigilias,
890 945 1023 1020 labores,
1053 962 1086 1006 ac
1114 945 1327 1019 discussiones,

586 1041 780 1117 pontificatus
792 1039 889 1101 nostri
906 1045 1056 1118 tempore,
1072 1057 1087 1098 a
1104 1037 1327 1113 cardinalibus,

585 1134 787 1213 praesulibus,
811 1133 962 1210 theologis
983 1151 1016 1196 ac
1038 1133 1113 1194 viris
1133 1133 1245 1196 orient.
1270 1135 1330 1196 lin-

585 1243 716 1304 guarum
747 1227 940 1318 peritissimis
965 1234 1119 1305 peractas,
1142 1227 1219 1304 quin
1241 1227 1328 1288 nohis

584 1322 642 1400 ipsi
664 1322 905 1400 pepercerimus,
929 1320 1141 1396 investigando
1163 1321 1326 1394 nimirum,

584 1414 771 1495 perlegendo
787 1423 818 1475 et
833 1416 1033 1492 expendendo
1054 1429 1267 1492 quaecumque
1281 1413 1328 1474 in·

584 1503 756 1588 spicienda,
786 1507 914 1583 legenda
937 1514 967 1569 et
995 1507 1198 1570 examinanda
1226 1515 1326 1581 erant,

585 1603 801 1682 gravissimum
814 1602 991 1665 huiusmodi
1006 1619 1082 1680 opus
1092 1601 1266 1665 ahsolutum
1282 1603 1327 1664 in-

587 1709 760 1773 tueremur,
781 1713 817 1758 ea
838 1713 959 1775 semper
980 1696 1113 1758 adhibita
1135 1705 1273 1758 accurata
1295 1713 1327 1758 ac

585 1794 810 1874 quodammodo
836 1789 1012 1868 scrupulosa
1040 1789 1325 1868 circumspectione,

586 1907 626 1952 ne
646 1889 718 1967 quid
739 1887 889 1948 nimirum
905 1884 1078 1947 laederetur
1095 1899 1221 1961 graecus
1235 1884 1325 1958 ritus,

584 1983 635 2044 sed
652 1981 786 2044 illibatas
801 1980 930 2041 omnino
946 1979 1135 2040 retineretur
1146 1986 1178 2038 et
1193 1978 1325 2055 integev3

585 2075 724 2156 quamvis
745 2075 925 2151 ceteroquin
947 2071 1157 2149 superioribus
1185 2072 1327 2150 tempori-

584 2171 641 2232 bus
663 2169 742 2231 inter
762 2174 883 2229 nostros
907 2165 1065 2242 theologos
1079 2181 1141 2226 non
1158 2163 1325 2239 defuerint,

583 2264 636 2342 qui
666 2259 863 2323 orientalium
894 2258 1101 2336 lyturgiarom
1129 2259 1324 2335 rituumque,

583 2358 636 2436 qui
658 2363 731 2417 ante
750 2353 881 2416 schisma
903 2353 932 2412 in
955 2351 1105 2414 Orientali
1120 2350 1253 2413 Ecclesia
1275 2351 1327 2411 ob

583 2441 1326 2525 tinuerant,penitosignari‚improbarentquid-

584 2543 656 2621 quid
672 2539 888 2603 adversabatur
902 2536 1102 2600 Occidentalis
1120 2535 1271 2598 Ecclesiae
1286 2533 1325 2596 ri-

584 2635 641 2708 tui,
674 2648 766 2711 quem
794 2629 1010 2692 tantummodo
1038 2628 1131 2707 probe
1158 2636 1322 2689 noverant.

582 2728 683 2806 thue
705 2742 767 2787 uno
789 2723 883 2786 verbo
905 2722 1146 2801 complectamur
1160 2723 1275 2796 omitia,
1292 2723 1324 2783 in

581 2823 684 2883 retlitu
714 2820 898 2882 Graecorum
930 2816 1258 2894 schismaticorumque
1288 2817 1324 2879 0-

581 2913 765 2976 rientalium
792 2913 827 2973 ad
854 2909 1032 2972 catholicam
1062 2909 1246 2985 religionem
1272 2927 1325 2972 cu·

580 3007 688 3082 randh,
711 3008 741 3067 id
762 3020 862 3066 onum
883 3003 1028 3065 Romanis
1048 3002 1246 3064 Pontificibus
1261 3019 1325 3064 ma·

581 3104 665 3164 xime
685 3115 776 3163 corae
797 3098 867 3172 luit,
890 3106 924 3160 ut
946 3112 985 3158 ex
1006 3095 1130 3158 illorum
1152 3095 1262 3156 animis
1276 3113 1323 3156 ra·

580 3197 691 3259 dicitas
702 3193 872 3254 evellerent
888 3191 964 3264 hvii,
981 3189 1160 3262 Macedonii,
1177 3188 1321 3265 Nestorii,

557 3285 560 3296 '
581 3287 772 3366 Eutychetis,
788 3284 934 3358 Dioscori,
955 3283 1228 3346 ltlonothelitarum
1252 3281 1323 3344 alio-

506 3373 508 3378 ’
580 3397 714 3461 rumque
734 3395 867 3452 errores,
885 3377 916 3439 in
934 3375 1175 3456 quoinieliciter
1195 3393 1324 3454 prorue-

579 3485 665 3552 rant3
694 3474 785 3536 salvis
814 3481 918 3534 tamen
940 3478 972 3532 et
1003 3470 1124 3532 intactis
1152 3470 1261 3532 ritihus
1289 3487 1322 3533 ac

578 3569 748 3648 disciplina,
764 3559 944 3645 quam'ante
962 3564 1093 3625 schisma
1114 3563 1276 3652 servabant
1291 3571 1322 3626 et

578 3662 814 3743 profitebantur,
831 3673 971 3737 quaeque
986 3657 1169 3718 venerandis
1185 3655 1321 3733 ipsorum

578 3757 712 3834 antiquis
738 3753 880 3832 lyturgiis
904 3769 937 3813 ac
964 3750 1128 3812 ritualibus
1156 3751 1319 3828 innititur;

578 3849 652 3929 quin
675 3861 814 3925 unquam
835 3845 928 3906 iidem
939 3843 1069 3904 Romani
1090 3842 1254 3904 Pontifices
1269 3860 1322 3922 po·

578 3941 744 4024 posuerint,
760 3946 795 4002 ut
816 3939 851 4000 ad
874 3937 1053 4000 catholicam
1075 3935 1167 3998 tidem
1189 3936 1320 3999 redeun-

579 4046 635 4111 tes,
651 4049 743 4096 soum
763 4032 859 4094 ritum
874 4031 1042 4103 dimittere,
1058 4037 1089 4092 et
1109 4029 1242 4092 latinum
1258 4047 1321 4093 arn-

577 4130 670 4209 plecti
682 4127 844 4201 deberent,
861 4125 891 4188 id
906 4139 1040 4201 namque
1053 4123 1203 4186 Ecclesiae
1213 4124 1320 4188 Orien·

577 4223 645 4284 talis
665 4219 704 4282 et'
719 4233 900 4296 graecorum
925 4233 958 4278 ac
981 4216 1178 4278 orientalium
1200 4217 1319 4280 rituum

578 4313 789 4378 omnimodam
809 4326 914 4373 secum
935 4310 1030 4372 terret
1060 4311 1335 4387 internecionem,-

577 4409 660 4488 quod
674 4419 765 4486 porro
781 4419 845 4467 non
860 4402 952 4465 modo
967 4418 1138 4481 numquam
1150 4412 1318 4480 tentatum,

577 4505 640 4566 imo
661 4518 736 4564 vero
756 4515 878 4578 semper
896 4497 957 4561 luit
978 4505 1009 4559 et
1029 4507 1076 4560 est
1090 4497 1229 4560 abhuius
1245 4499 1319 4562 San·

577 4603 642 4660 ctae
664 4594 750 4659 Sedis
770 4592 897 4656 consilio
918 4591 1148 4671 quammaxime
1168 4591 1316 4656 alienum.

345 4703 558 4814 quagqgsrgrtnffln
581 4713 584 4720 ’
616 4691 634 4766 ἓ
658 4689 705 4752 lu.
729 4689 775 4751 Ex
790 4687 942 4764 hisquae
963 4687 1023 4748 hac
1039 4701 1136 4764 usque
1158 4685 1257 4749 latiori
1272 4704 1319 4748 ca-

345 4821 410 4864 nus,
432 4813 457 4856 et
480 4821 557 4867 quarn

344 4863 496 4962 ξοθῑξῧῇῗζῌ
509 4865 558 4963 οξξξ
576 4888 660 4942 sunt.
678 4878 818 4940 Primum
832 4874 968 4953 quidem,
981 4880 1107 4936 conatos
1128 4890 1236 4938 omnes
1253 4893 1318 4938 om·

344 4971 557 5070 gggggmwclffl
577 4988 711 5050 nemque
741 4968 936 5047 diligentiam
958 4969 990 5029 in
1016 4967 1045 5030 id
1068 4985 1168 5032 unum
1199 4970 1318 5049 impen-

577 4786 657 4848 lamo
678 4783 773 4846 relata
794 4788 879 4855 sunt,
903 4780 991 4859 plura
1013 4779 1100 4842 lacile
1121 4780 1231 4843 iulerri
1253 4799 1320 4861 pos-

576 5066 707 5130 dendam
723 5079 789 5125 esse
804 5062 840 5124 ah
860 5077 897 5124 eo
917 5061 1119 5137 missionario,
1136 5063 1187 5142 qui
1210 5063 1318 5128 Orien-

577 5160 650 5223 tales
672 5157 879 5221 schismaticos
898 5163 931 5218 et
952 5156 1080 5218 Graecos
1099 5155 1134 5217 ad
1149 5158 1316 5234 unitatem,

577 5254 639 5314 Deo
654 5253 793 5325 iuvante,
810 5249 951 5324 redigere
965 5247 1136 5326 contendit,
1153 5259 1186 5312 ut
1202 5251 1318 5314 scilicet

576 5347 613 5408 ab
633 5345 760 5408 illorum
782 5343 893 5404 animis
915 5357 1033 5405 errores
1061 5343 1193 5421 depellat
1214 5346 1316 5408 catho-

576 5441 650 5503 licae
661 5439 733 5502 hdei
745 5437 955 5512 adversantes,
969 5451 1045 5516 quos
1060 5437 1192 5499 maiores
1207 5455 1316 5501 eorum

575 5533 708 5612 amplexi
730 5538 863 5607 sunt,ut
884 5547 1006 5594 causam
1027 5530 1161 5610 aliquam
1177 5541 1317 5611 praeten-

575 5627 697 5702 derent,
719 5642 778 5704 qua
799 5641 832 5688 se
852 5626 889 5688 ab
903 5625 1054 5688 Ecclesiae
1074 5625 1193 5688 unitate
1213 5641 1317 5703 segre·

575 5729 685 5799 garent
714 5720 996 5797 subtraherentque
1025 5719 1062 5780 ab
1091 5718 1263 5784 obedientia
1285 5739 1318 5785 ac

573 5818 731 5895 obsequio,
747 5815 885 5876 Romano
899 5813 1053 5888 Pontihci,
1068 5803 1318 5893 tamquam'eius-

574 5911 646 5976 dem
661 5909 811 5973 Ecclesiae
826 5909 928 5989 capiti,
938 5909 1129 5973 exhibendis.
1146 5910 1231 5984 Quod
1242 5925 1318 5973 vero

1109 543 1173 589 ttltt.
1197 543 1287 589 honr.
1311 539 1352 588 DE
1373 543 1402 588 P.
1426 543 1455 590 F·
1480 544 1562 590 PARS
1584 545 1605 588 l.

1386 670 1502 741 spectat
1522 664 1558 726 ad
1579 671 1773 740 argumenta,
1788 663 1899 741 quihus
1920 659 2132 744 missionarios

1387 756 1433 818 uti
1454 757 1561 834 debet;
1585 773 1684 834 quum
1706 755 1871 819 orientales
1895 756 2024 834 propriis
2045 763 2132 818 vete·

1386 852 1470 914 ribus
1492 853 1629 929 patribus
1648 866 1837 930 magnopere
1851 849 2044 922 adhaereant,
2062 863 2132 927 per·

1385 954 1448 1009 acta
1470 947 1529 1022 iam
1548 962 1596 1008 res
1614 953 1660 1008 est
1677 961 1802 1024 operosa
1818 943 1979 1006 sedulitate
2000 942 2133 1018 diligen·

1388 1041 1496 1102 tissimi
1510 1041 1623 1105 Leonis
1639 1039 1741 1102 hilatii
1756 1039 1950 1118 aliorumque
1964 1038 2132 1101 alariarum

1385 1134 1613 1215 theologorum,
1624 1135 1678 1212 qui
1689 1134 1850 1213 perspicue
1864 1134 2131 1205 demonstrarunt,

1384 1229 1552 1291 convenire
1573 1229 1706 1290 maxime
1726 1229 1812 1290 inter
1832 1243 1899 1288 sese
1921 1235 2041 1288 veteres
2062 1241 2132 1302 spe-

1384 1321 1620 1400 ctabilioresque
1647 1321 1833 1383 Graecorum
1862 1329 2044 1398 nostrosque
2074 1320 2133 1382 Ec-

1384 1413 1492 1476 clesiae
1515 1414 1715 1478 Occidentalis
1736 1421 1839 1493 patres
1860 1414 1892 1475 in
1913 1413 1950 1476 iis
1970 1413 2129 1487 omnibus,

1384 1523 1462 1586 quae
1484 1511 1520 1572 ad
1547 1509 1657 1586 dogma
1684 1509 1857 1590 pertinent,
1880 1515 1911 1569 et
1933 1507 1968 1568 ad
1989 1505 2133 1570 conluta-

1385 1601 1502 1664 tionem
1514 1618 1668 1678 errorum,
1678 1603 1788 1681 quibas
1799 1601 1967 1665 Orientales
1981 1609 2012 1664 et
2022 1602 2131 1664 Graeci

1384 1711 1468 1758 nunc
1481 1698 1626 1775 temporis
1637 1697 1748 1760 misere
1763 1696 1972 1776 implicantur.
1995 1699 2131 1776 Quapro-

1383 1797 1451 1864 pter
1472 1791 1585 1852 horum
1615 1790 1767 1853 librorum
1794 1791 1932 1852 studium
1959 1791 2131 1852 maximam

1383 1881 1508 1945 indubie
1524 1883 1629 1947 alienet
1643 1885 1819 1948 utilitatem.
1845 1883 1952 1946 donati
1966 1893 2041 1946 sunt
2053 1899 2130 1944 sane

1383 1978 1552 2039 Lutherani
1574 1979 1741 2055 praeterito
1760 1978 1881 2040 saeculo
1902 1977 2074 2042 Orientales
2097 1986 2130 2038 et

1383 2072 1512 2134 Graecos
1532 2072 1566 2132 in
1588 2088 1707 2134 errores
1728 2089 1800 2134 suos
1827 2075 2018 2150 pertrahere.
2041 2072 2128 2142 idem

1383 2181 1506 2244 quoque
1532 2171 1694 2228 tentarant
1722 2164 1899 2227 calvinistae
1924 2164 2129 2228 infensissimi

1382 2261 1484 2320 hostes
1505 2257 1696 2336 praesentiae
1716 2258 1807 2319 realis
1835 2257 1951 2326 Christi
1973 2259 2005 2320 in
2028 2275 2129 2320 sacra-

1383 2358 1489 2413 mento
1505 2352 1725 2438 Euchqristiae,
1742 2357 1773 2414 et
1790 2352 2129 2415 transubstantiationis

1382 2445 1468 2524 panis
1489 2463 1522 2506 ac
1543 2445 1607 2506 vini
1635 2445 1667 2506 in
1689 2445 1828 2507 eiusdem
1850 2445 1968 2524 Corpus
1996 2454 2027 2507 et
2048 2445 2127 2508 San-

1382 2539 1522 2614 guinem3
1533 2547 1563 2600 et
1576 2539 1607 2599 in
1619 2547 1719 2616 partes
1730 2555 1799 2600 suas
1809 2538 2014 2600 Patriarcham
2025 2539 2129 2616 Cyril-

1378 2626 1460 2706 lum,
1483 2641 1518 2694 ut
1539 2634 1638 2708 aiant,
1652 2634 1858 2696 adduxerant.
1878 2631 2127 2708 aldemannum

1380 2727 1496 2801 Graeci,
1520 2727 1591 2788 licet
1612 2727 1807 2800 schismatici,
1820 2719 2125 2801 animadvertissent,

1381 2821 1470 2882 novis
1479 2819 1715 2882 lutheranorum
1726 2820 1883 2881 erroribus
1892 2819 2045 2880 adversari
2056 2836 2127 2882 suo-

1379 2929 1450 2974 rum
1465 2920 1608 2974 veterum
1624 2921 1747 2990 patrum
1762 2912 1969 2985 auctoritates,
1986 2927 2128 2990 praeser-

1381 3005 1437 3065 tim
1459 3004 1642 3068 Sanctorum
1665 3003 1785 3080 Cyrilli,
1800 3004 1923 3066 loannis
1945 3005 2125 3082 chrysosto-

1379 3099 1435 3172 mi,
1457 3098 1597 3174 Gregorii
1618 3097 1762 3175 Nysseni,
1785 3098 1907 3159 loannis
1931 3097 2123 3173 damasceni,

1381 3199 1448 3254 tum
1468 3191 1645 3261 authentica
1666 3199 1862 3268 argumenta,
1884 3207 1963 3269 qaae
1984 3209 2024 3253 ex
2043 3193 2124 3272 ipso-

1379 3303 1451 3348 rum
1461 3285 1606 3364 lyturgiis
1617 3285 1855 3363 depromuntur,
1864 3287 1899 3348 ad
1911 3286 2027 3349 realem
2036 3303 2126 3366 prae·

1378 3380 1510 3442 sentiam
1535 3387 1566 3440 et
1596 3379 1957 3442 transubstantiationem
1984 3396 2125 3442 asseren-

1378 3473 1460 3546 dam,
1475 3489 1508 3534 se
1529 3472 1627 3551 decipi
1642 3471 1772 3534 minime
1787 3471 1864 3549 passi
1886 3480 1972 3548 sunt,
1985 3489 2042 3535 nec
2057 3474 2123 3535 allo
2174 3523 2177 3530 .

1378 3565 1470 3627 modo
1490 3583 1506 3626 a
1527 3565 1672 3628 catholica
1694 3565 1824 3627 veritate
1849 3568 1994 3629 recedere
2015 3568 2125 3630 volue-

1378 3667 1464 3721 runt.
1487 3660 1613 3723 Constat
1634 3657 1662 3718 id
1684 3673 1777 3720 omne
1798 3674 1836 3720 ex
1862 3659 2067 3722 Schelestrate
2087 3661 2122 3723 in

1377 3753 1603 3815 dissertatione:
1628 3749 1673 3811 De
1691 3759 1846 3830 perpetua
1865 3755 2067 3815 consensione
2083 3755 2124 3817 0-

1378 3845 1529 3909 rientaiis
1561 3846 1720 3909 Ecclesiae
1749 3854 1862 3910 contra
1897 3847 2120 3911 Lutheraaos:

1376 3940 1434 4002 soh
1448 3940 1550 4002 titulo:
1565 3940 1610 4001 De
1624 3937 1987 4014 transubstantiatione,
2000 3956 2030 4019 p.
2041 3940 2117 4016 717,

1378 4033 1492 4098 tane
1513 4033 1666 4096 Actorum
1688 4034 1849 4097 Ecclesiae
1871 4037 2058 4100 orientalis.
2082 4039 2122 4100 li-

1376 4130 1510 4207 demqae
1521 4127 1638 4192 duabus
1652 4128 1685 4189 in
1700 4127 1832 4202 synodis
1845 4129 2051 4194 Patriarcham
2063 4133 2121 4210 Cv-

1376 4224 1495 4298 rillum,
1510 4237 1565 4284 seo
1579 4222 1660 4292 edita
1673 4223 1731 4284 soh
1746 4223 1813 4285 eius
1826 4223 1953 4287 nomine
1968 4225 2121 4288 calvinia-

1377 4333 1416 4378 na
1438 4317 1591 4393 dogmata,
1608 4316 1771 4378 unanimes
1791 4317 1990 4394 damnarunt,
2006 4320 2053 4381 uti
2074 4321 2119 4380 vi·

1377 4413 1448 4473 dere
1461 4415 1507 4472 est
1519 4411 1598 4488 apud
1613 4407 1826 4472 Christianam
1837 4408 1971 4490 Lupum,
1986 4421 2073 4490 part.
2083 4416 2117 4487 5,

1375 4505 1410 4566 ad
1426 4504 1554 4566 concilia
1574 4503 1728 4578 generalia
1743 4512 1774 4564 et
1788 4505 1998 4581 provincialia,
2020 4524 2054 4570 ac
2067 4525 2120 4586 po-

1376 4595 1532 4659 tissimum
1555 4597 1586 4657 in
1608 4595 1836 4658 dissertatione:
1865 4597 1910 4659 De
1929 4598 2118 4677 quibasdam

1377 4690 1465 4762 loeis,
1481 4704 1549 4766 cap.
1566 4688 1586 4749 9
1601 4688 1637 4750 in
1654 4690 1725 4769 plne.
1750 4691 1797 4752 Ex
1810 4707 1872 4770 quo
1886 4694 2023 4771 primum
2038 4693 2119 4754 haud

1376 4783 1453 4845 levis
1473 4797 1541 4861 spes
1562 4783 1701 4860 affulget,
1719 4783 1785 4846 lore
1805 4793 1840 4847 ut
1862 4786 2000 4865 ipsorum
2021 4788 2118 4850 acolis

1375 4877 1529 4939 subiectae
1538 4879 1733 4939 auctoritates
1741 4885 1886 4940 veterum
1896 4887 2117 4960 patrum,quae

1376 4971 1464 5033 novis
1479 4970 1660 5032 eorumdem
1676 4969 1833 5033 erroribus
1848 4972 2061 5049 adversantur,
2072 4991 2118 5037 ca·
2205 4978 2208 4984 '

1376 5062 1489 5130 tholico
1510 5069 1613 5125 autem
1636 5071 1741 5126 nostro
1756 5064 1890 5141 dogmati
1905 5063 2010 5130 lavent
2024 5084 2117 5146 qnam

1375 5159 1526 5233 maxime,
1548 5158 1669 5221 iacilem
1690 5157 1799 5220 iisdem
1821 5158 1904 5221 viam
1924 5159 1961 5222 ad
1982 5161 2117 5223 reditum

1373 5260 1526 5328 sternant,
1555 5267 1670 5331 eosque
1689 5254 1726 5315 ad
1746 5268 1852 5315 veram
1880 5255 2116 5318 conversionem

1373 5344 1546 5424 impellant.
1571 5345 1687 5409 Deinde
1712 5347 1847 5410 alterum
1868 5363 1991 5426 quoque
2016 5355 2118 5428 potest

1373 5439 1494 5516 inferri,
1510 5441 1672 5515 nimirum,
1685 5457 1747 5504 non
1764 5441 1854 5503 modo
1868 5457 1945 5520 opus
1959 5457 2023 5504 non
2038 5458 2115 5518 esse,

1373 5533 1410 5595 ad
1430 5533 1601 5596 Orientales
1622 5540 1652 5595 et
1673 5533 1802 5597 Graecos
1823 5535 1857 5597 in
1878 5535 1961 5596 viam
1988 5535 2122 5612 unitatis

1373 5629 1576 5701 revocandos,
1613 5634 1649 5690 ut
1678 5626 1841 5690 laedantur
1871 5629 2010 5707 ipsorum
2037 5629 2116 5692 ritus

1374 5727 1427 5781 aut
1447 5727 1704 5798 corrumpantur,
1728 5720 1976 5800 quandoquidem
1992 5722 2023 5784 id
2036 5739 2115 5785 sem·

1373 5814 1586 5894 perationem
1613 5813 1672 5876 luit
1693 5814 1730 5875 ab
1757 5814 1902 5877 instituto
1930 5816 2016 5879 Sedis
2037 5817 2117 5895 hpo-

1372 5911 1507 5987 stolicae,
1523 5927 1613 5991 quae,
1629 5909 1663 5972 in
1677 5909 1732 5973 hac
1746 5909 1809 5990 ipsa
1823 5925 1982 5973 sacrorum
1996 5910 2115 5978 rituum

2121 481 2123 488 Α
2162 483 2256 577 anso.
2274 481 2331 583 mss
