4828 6990
938 601 1135 649 nummolenus
1157 603 1221 650 xlv.

304 735 374 808 pter
394 725 593 790 declaratoria
614 727 688 790 baec
709 724 812 805 potius
832 723 959 788 dicenda
973 729 1050 799 erat,

305 837 398 902 quam
419 821 622 902 dispensatio,
654 835 754 900 quum
785 817 910 882 facultas
931 825 1052 880 coutra-

305 915 399 980 lucndi
421 915 658 978 matrimonium
677 919 749 976 ante
763 912 987 992 praescriptum
1002 926 1051 972 ae-

304 1012 374 1076 tatis
396 1017 531 1089 tempus
554 1008 676 1086 quoties
697 1007 813 1070 malitia
834 1005 958 1084 supplet
972 1013 1052 1067 aeta·

304 1113 380 1179 tem,
402 1103 523 1182 abipsa
551 1102 661 1180 legum
682 1109 714 1164 et
740 1115 896 1163 canonum
925 1099 1051 1177 disposi-

304 1198 391 1261 tione
411 1196 585 1277 proveniat.
609 1196 689 1271 Quin
711 1197 808 1258 imma
826 1193 966 1272 Episcopi
982 1192 1050 1270 ipsi,

304 1305 335 1360 ιι
355 1293 510 1359 Οιιιιιιιιιι
525 1292 677 1366 locorum,
691 1291 759 1352 iure
772 1305 829 1352 sua
844 1287 1052 1368 pronunciare

304 1397 434 1471 possunt
447 1403 540 1468 super
556 1403 590 1449 ιι
605 1383 796 1466 quaestione,
812 1399 890 1463 quae
906 1383 976 1446 facti
991 1391 1048 1460 est;

304 1501 342 1548 an
362 1485 479 1549 scilicet
509 1482 639 1556 malitia,
661 1487 696 1542 ιιι
727 1481 885 1553 asseritur,
918 1485 1049 1539 aetatem

303 1580 460 1660 suppleam
484 1585 514 1640 et
528 1581 757 1653 consequenter
771 1572 962 1634 matrimonii
978 1587 1052 1632 con-

303 1673 447 1737 trahendi
474 1669 634 1732 licentiam
662 1666 815 1747 impertiri
836 1666 974 1740 valeant,
998 1681 1050 1728 ne·

303 1785 364 1850 que
386 1779 511 1830 necesse
533 1771 579 1826 est
600 1761 806 1841 Apostolicam
829 1759 939 1823 Sedem
954 1759 1048 1832 adire,

303 1864 362 1926 nisi
384 1875 440 1942 pro
461 1857 570 1922 maiori
590 1863 674 1920 actus
688 1854 899 1930 solemnitate3
915 1861 946 1915 et
961 1865 1001 1914 ne
1015 1851 1051 1912 de

302 1961 491 2020 contractos
512 1949 715 2013 matrimonii
735 1946 919 2010 laninamodi
934 1944 1050 2007 antidi-

304 2059 372 2116 tote
392 2053 522 2128 propter
543 2044 698 2105 minorem
725 2048 866 2104 aetutem
892 2039 1049 2101 haesitant·

303 2145 486 2223 contineat,
511 2145 546 2202 ct
567 2137 659 2201 babet
680 2136 825 2210 formula,
838 2151 916 2214 quae
931 2135 964 2195 in
980 2148 1051 2194 con-

302 2238 451 2316 cipiendis
472 2233 571 2296 literis
592 2229 800 2293 declaratoriis
820 2243 914 2306 super
935 2226 1048 2288 minori

302 2339 401 2394 aetate
422 2326 560 2390 adbiberi
581 2323 755 2387 consuevit.
779 2319 940 2407 Siquidem
961 2335 1050 2381 cano

302 2427 402 2488 nistae
423 2421 546 2495 docent,
569 2416 797 2481 cumulativum
820 2415 867 2476 ius
887 2429 953 2475 esse
968 2413 1051 2476 inter

302 2517 508 2597 Apostolicaut
531 2513 642 2576 Sedem
664 2519 695 2572 et
722 2508 837 2572 iudices
865 2506 1048 2582 ordinarios,

301 2608 507 2689 cognoscendi
528 2614 558 2669 et
579 2602 808 2684 pronunciandi
828 2603 865 2665 de
880 2601 936 2663 hac
950 2617 994 2674 re,
1011 2615 1048 2662 an

241 2695 244 2700 ’
301 2705 417 2769 scilicet
438 2700 556 2763 malitia
576 2697 717 2777 suppleat
745 2703 895 2771 aetatem3
923 2694 1049 2773 privati-

91 4113 225 4160 Clausulas
230 4122 283 4177 ap-

73 4169 166 4223 posttea
176 4168 204 4212 ln
211 4167 283 4213 dicta

74 4223 247 4269 declaratoriae..

301 2813 379 2862 vum
399 2809 473 2856 vero
495 2791 686 2871 npostolicae
713 2789 800 2854 Sedis
822 2789 869 2850 ius
891 2803 955 2850 esse
978 2803 1050 2849 con-

301 2890 429 2957 cedendi
461 2885 725 2967 dispensationem
746 2882 781 2943 ad
802 2882 1049 2944 contrahendum

301 2983 540 3049 matrimonium
569 2977 735 3058 impuberi,
758 2977 812 3055 qui
840 2991 896 3054 per
916 2981 1049 3038 aetatem

301 3081 443 3145 nondum
475 3073 631 3151 coniugali
662 3070 789 3150 copulae
819 3076 961 3132 maturus
988 3075 1046 3143 est,

300 3175 353 3236 sed
376 3179 479 3234 tamen
500 3166 629 3230 rationis
651 3181 710 3227 usu
735 3164 778 3225 ita
799 3162 905 3241 pallet,
930 3167 964 3224 ut
984 3177 1047 3222 ma·

303 3264 442 3332 trimanii
463 3259 667 3325 contrahendi
688 3256 755 3318 vim
782 3264 814 3317 et
836 3263 981 3318 naturam
1002 3255 1050 3316 in·

302 3360 431 3437 telligat.
465 3353 590 3419 Etenim
611 3353 648 3414 ad
669 3349 860 3414 validitatem
890 3349 1048 3410 matrimo-

301 3455 358 3531 nii,
380 3446 645 3532 quemadmodum
672 3442 800 3506 rationis
823 3459 897 3504 usus
918 3441 1049 3520 requiri-

301 3557 354 3612 tur
374 3547 412 3608 de
432 3545 501 3606 iure
523 3538 657 3603 naturali
679 3544 710 3598 et
730 3535 849 3610 divino,
865 3535 907 3596 ita
922 3534 1049 3597 actualis

300 3642 337 3704 ad
358 3635 554 3714 coniugalem
586 3631 729 3710 copulam
759 3630 896 3709 potentia
918 3629 1049 3707 requiri·

303 3741 354 3796 tur
374 3733 413 3794 de
439 3731 507 3792 iure
535 3726 669 3805 positivo
700 3723 858 3786 canonico.
893 3721 1048 3783 Romanus

301 3835 406 3890 autem
427 3820 569 3886 Pontifex
595 3827 641 3882 est
661 3833 754 3896 supra
775 3817 824 3879 ius
845 3815 1048 3892 canonicum3

301 3927 331 3982 at
353 3917 484 3998 quilibet
507 3915 675 3992 Episcopus
696 3909 734 3972 de
755 3909 824 3970 iure
846 3909 976 3972 inferior
991 3917 1048 3986 est,

301 4011 495 4092 proindeque
515 4006 600 4068 illius
622 4005 742 4080 legibus
763 4003 911 4078 derogare
927 4003 1047 4080 nequit.

341 4105 468 4178 Verum,
492 4100 603 4163 omissa
621 4099 716 4160 etiam
732 4096 913 4175 quaestione
926 4097 993 4170 nac,
1010 4112 1049 4158 an

302 4201 358 4264 lice
361 4198 426 4261 ntia
447 4193 650 4259 contrahendi
667 4189 904 4252 matrimonium
919 4196 993 4250 ante
1008 4189 1050 4251 le-

302 4294 448 4372 gitimum
479 4287 586 4350 aetatis
617 4293 750 4363 tempus,
780 4283 904 4361 qnando
933 4283 1048 4344 malitia

300 4386 425 4465 supplet
446 4389 589 4458 aetatem,
612 4377 848 4457 dispensationis
868 4377 992 4456 proprie
1005 4377 1049 4439 di-

301 4489 366 4545 ctae
393 4495 432 4541 ιιι
454 4477 557 4557 potius
583 4471 801 4536 declaratoriae
826 4473 891 4532 vim
919 4470 1047 4548 babeat;

301 4577 439 4653 adeoque
459 4581 568 4634 utrum
583 4567 698 4646 gratiae
718 4581 758 4628 an
780 4565 917 4627 iustitiae
931 4565 1049 4627 actibus

301 4667 455 4733 accenseri
476 4663 602 4738 dobeat;
625 4658 797 4722 videndum
820 4667 976 4738 praeterea
989 4667 1047 4734 est,

300 4777 338 4824 an
360 4763 393 4823 in
414 4751 587 4838 apostolicis
609 4754 709 4816 literis
728 4769 822 4832 saper
843 4756 897 4815 nac
925 4769 1050 4816 conces·

299 4856 352 4931 sis,
375 4851 516 4934 quamvis
537 4865 572 4910 ea
594 4848 698 4922 verba,
721 4862 837 4924 eaeque
856 4847 1048 4908 conditiones

300 4949 432 5012 minime
460 4945 616 5022 legantur,
640 4955 719 5019 quae
742 4941 773 5001 in
796 4939 863 5000 aliis
892 4940 1047 5018 dispensa·

301 5043 439 5106 tionibus
460 5037 572 5119 apponi
599 5035 712 5109 solent,
735 5034 792 5096 alia
822 5041 926 5096 tamen
947 5033 1047 5095 adsint

299 5133 538 5216 aequipollentia
553 5131 658 5204 verba,
670 5144 806 5207 quorum
818 5128 926 5204 vigore
940 5127 1048 5189 buius-

300 5230 384 5293 modi
414 5229 579 5290 literarum
609 5232 755 5286 executor
786 5221 949 5300 deputatus
980 5219 1047 5302 (ubi

300 5321 552 5386 contrabentium
573 5319 718 5392 alterum,
741 5331 795 5376 seu
810 5316 926 5390 amboS,
942 5315 1047 5376 baere-

300 5417 340 5480 sis
363 5417 429 5478 labe
449 5414 580 5477 infectos
602 5427 678 5486 esse,
702 5424 804 5487 neque
819 5407 849 5468 id
863 5407 1047 5472 concedenti

300 5516 463 5573 narratum
484 5509 517 5569 in
538 5505 691 5586 precibus,
714 5518 771 5566 nec
791 5502 848 5564 alia
874 5501 923 5562 ιιι
944 5502 1046 5564 eidem

300 5611 495 5682 compertum
522 5599 628 5676 fuisse,
658 5595 853 5676 cognoverit)
882 5595 919 5658 ab
940 5613 1047 5658 earum

299 5697 511 5776 exequutione
541 5693 697 5756 abstinere
716 5707 749 5754 so
771 5692 889 5754 debeat.
920 5691 962 5752 ιιι
990 5691 1047 5752 lucc

300 5798 405 5853 autem
425 5788 559 5852 dubitari
581 5803 645 5849 non
668 5786 792 5864 poterit,
807 5785 834 5846 si
854 5785 1043 5861 advertatur,

300 5885 382 5963 quod
403 5891 566 5962 postquam
593 5885 626 5942 ιιι
648 5878 826 5940 huiusmodi
856 5879 953 5940 literis
975 5894 1046 5940 exe-

300 5980 401 6043 cutori
422 5979 642 6042 demandatum
665 5975 736 6050 fuit,
759 5980 793 6037 ut
814 5991 847 6034 se
867 5973 903 6035 dc
915 5975 1046 6051 parmis-

1776 589 1834 650 375
1884 589 1938 642 An.
1953 592 1983 644 G.
2006 590 2074 644 1748

1105 725 1151 786 ιιι
1171 724 1344 806 diitpenter
1365 727 1530 806 informet,
1549 747 1581 791 ac
1596 729 1709 805 videat,
1725 745 1768 792 on
1783 745 1854 790 cere

1106 825 1137 880 et
1159 817 1299 899 lepitime
1328 826 1459 896 constet,
1485 823 1520 884 in
1541 821 1726 884 ininsmodi
1749 823 1853 900 impo-

1107 909 1176 974 dere
1196 914 1360 978 molitiem
1380 915 1527 994 supplere
1548 916 1706 996 defectum
1720 917 1854 988 aetatis,-

1106 1006 1207 1069 eidem
1228 1009 1448 1084 committitur,
1471 1017 1507 1072 ut
1528 1009 1696 1090 postulanti
1724 1011 1853 1088 permit·

1108 1109 1161 1176 tat,
1184 1101 1350 1164 dnmmodo
1372 1101 1501 1164 andam
1522 1103 1615 1166 alind
1637 1103 1666 1165 ei
1688 1101 1788 1166 obstet
1803 1120 1853 1168 co-

1107 1193 1263 1256 nonicam
1293 1195 1572 1274 impedimentum,
1605 1199 1852 1261 matrimonium

1107 1305 1179 1350 cnm
1200 1289 1308 1369 aliquo
1329 1291 1399 1352 ciro
1421 1291 1511 1354 ranila
1532 1291 1597 1354 sibi
1619 1293 1690 1354 inre
1711 1289 1853 1370 prodibi-

1108 1389 1150 1454 to,
1179 1387 1225 1448 cel
1254 1401 1294 1446 en
1324 1385 1559 1462 dispensatione
1584 1385 1759 1464 apostolica
1785 1400 1853 1462 per-

1106 1479 1213 1551 misso,
1229 1484 1358 1542 seranta
1377 1482 1482 1559 forma
1500 1481 1637 1543 Concilii
1657 1479 1849 1554 Tridentini,

1107 1572 1314 1647 connatam
1336 1573 1448 1652 quibus
1468 1589 1543 1636 sane
1564 1573 1666 1636 verbis
1694 1574 1852 1635 executori

1106 1681 1140 1727 ea
1162 1665 1210 1726 lex
1234 1665 1391 1742 indicitur,
1416 1675 1449 1729 ut
1477 1667 1608 1730 minime
1638 1667 1719 1730 sinat
1747 1667 1855 1730 buius·

1106 1760 1189 1820 modi
1210 1759 1407 1838 impuberem
1429 1760 1663 1839 dispensationis
1684 1777 1740 1822 seu
1755 1760 1852 1824 decla·

1106 1853 1236 1916 ratoriae
1259 1854 1369 1917 ellectu
1390 1857 1534 1932 gaudere3
1551 1856 1575 1916 si
1592 1855 1787 1933 exploratum
1802 1854 1853 1915 ba-

1105 1947 1219 2022 buerit,
1243 1947 1300 2026 ipsi
1322 1949 1354 2010 in
1373 1949 1477 2010 animo
1492 1965 1557 2011 esse
1572 1948 1766 2011 detestabiles
1781 1965 1852 2012 cum

1105 2042 1260 2104 haeretico
1281 2043 1404 2121 nuptias
1426 2045 1620 2106 contrahere.

1145 2136 1207 2197 lam
1230 2151 1305 2197 vero
1321 2135 1444 2212 longius
1459 2139 1605 2214 processit
1620 2137 1718 2199 oratio
1734 2143 1850 2214 nostra,
1911 2153 1989 2200 vatus
2008 2153 2085 2200 turer

1104 2245 1198 2308 quam
1220 2229 1308 2291 nobis
1329 2229 1421 2291 buius
1443 2231 1506 2334 epis
1495 2230 1590 2293 stolae
1604 2231 1701 2293 initio
1717 2232 1854 2310 proposi·
1871 2209 1952 2307 ffifffis·
1969 2207 2084 2307 ,Sfflorssss

1106 2331 1172 2384 turn
1193 2323 1312 2399 fuerat;
1335 2324 1423 2385 cuius
1444 2323 1488 2386 rei
1510 2332 1615 2387 tamen
1644 2339 1699 2388 nos
1721 2326 1850 2387 minime
1872 2315 2035 2372 ⁶¹⁸⁵¹90¹¹¹¹¹i

1104 2418 1259 2495 poenitet;
1277 2417 1364 2480 nobis
1379 2418 1465 2480 enim
1480 2434 1679 2498 summopere
1695 2421 1777 2482 cordi
1794 2429 1851 2496 est,

1105 2513 1300 2590 maximeque
1322 2512 1451 2574 interest
1465 2513 1631 2575 catholicae
1648 2514 1806 2592 religionis
1821 2521 1852 2576 ιι

1104 2606 1191 2670 Sedis
1212 2605 1413 2686 Apostolicae,
1437 2615 1470 2669 ut
1498 2606 1650 2669 factorum
1683 2624 1851 2688 rerumque

1104 2701 1218 2762 veritas
1240 2716 1303 2762 non
1327 2700 1506 2778 ignoretur,
1530 2717 1633 2779 neque
1660 2701 1726 2762 falsi
1746 2717 1852 2763 rumo-

1104 2811 1152 2856 res
1173 2796 1320 2858 adversus
1342 2795 1465 2860 Sacram
1489 2795 1572 2857 Petri
1595 2794 1777 2857 Gatbedram
1792 2793 1851 2856 dis·

1103 2889 1246 2950 seminati
1278 2889 1370 2951 fidem
1392 2888 1575 2966 inveniant3
1597 2889 1624 2950 si
1645 2905 1724 2967 quae
1745 2896 1850 2950 autem

1103 2989 1209 3043 contra
1229 2997 1330 3043 sacros
1351 2998 1484 3044 canones
1506 2981 1594 3044 ullibi
1609 2981 1785 3045 inordinate
1800 2996 1852 3058 ge-

1103 3083 1229 3152 runtur,
1252 3091 1361 3138 earum
1383 3076 1472 3155 culpa
1494 3075 1526 3137 in
1547 3074 1722 3138 immeritos
1737 3091 1851 3156 nequa·

1103 3187 1197 3248 quam
1218 3169 1432 3233 transferatur.

1143 3263 1183 3326 Ut
1204 3271 1309 3325 autem
1330 3278 1367 3324 ec
1389 3265 1494 3326 redeat
1515 3263 1660 3342 epistolae
1679 3264 1852 3328 nostraefi-
1890 3275 2035 3322 narratoria
2049 3275 2081 3320 aa

1103 3359 1162 3431 nis,
1186 3356 1269 3419 unde
1291 3355 1398 3418 eadem
1418 3358 1547 3419 initium
1568 3359 1759 3436 desumpsit,
1783 3359 1849 3435 tibi,
1870 3330 2082 3446 ἓὲιῗῗίιέᾗῖο

1103 3449 1290 3514 venerabilis
1311 3448 1416 3524 frater,
1440 3450 1632 3528 caeterisque
1654 3452 1742 3515 istius
1759 3454 1849 3530 regni
1870 3437 1980 3537 θ’ξὲξᾶῗ,
1989 3440 2083 3537 ⁰12,ssssss

1103 3542 1269 3606 ordinariis
1289 3543 1493 3622 praesulibus,
1516 3545 1632 3607 iterum
1654 3547 1747 3608 enixe
1768 3562 1850 3608 com·
1869 3501 2083 3646 {rsponsare-

1103 3638 1297 3710 mendamus,
1321 3643 1356 3699 ut
1377 3637 1555 3714 apostolicas
1585 3611 1906 3716 dispensationumnu
1910 3610 1941 3645 ω’

1104 3730 1218 3805 literas,
1242 3746 1320 3809 quae
1352 3731 1439 3792 vobis
1460 3746 1516 3810 pro
1547 3734 1759 3810 exequutione
1779 3735 1853 3796 diri·

1103 3831 1233 3900 gantur,
1255 3830 1286 3885 et
1307 3841 1322 3884 a
1344 3825 1457 3887 vestris
1472 3827 1642 3906 respective
1657 3828 1849 3906 officialibus,

1102 3925 1221 3980 attente
1247 3917 1434 3980 considerari
1463 3919 1610 3997 iubeatis;
1634 3937 1736 4000 neque
1756 3924 1851 3986 etiam

1103 4013 1297 4089 superfluum
1327 4012 1521 4090 existimetis,
1553 4015 1579 4075 si
1610 4016 1684 4094 quid
1715 4017 1747 4078 in
1778 4018 1852 4096 ipsis

1103 4104 1265 4176 abnorme,
1284 4121 1316 4166 ac
1338 4107 1411 4168 novi
1427 4107 1563 4186 exempli
1578 4109 1680 4172 adesse
1697 4111 1849 4187 videatur,

1103 4198 1140 4260 de
1161 4213 1271 4259 earum
1292 4199 1425 4260 veritate
1445 4206 1497 4261 aut
1519 4200 1651 4264 falsitate
1665 4202 1847 4282 disquirere.

1104 4291 1199 4354 llulta
1231 4292 1317 4354 enim
1348 4293 1465 4354 malitia
1497 4293 1664 4357 bominum
1692 4305 1851 4377 estsuper

1105 4393 1231 4461 terram,
1248 4401 1305 4447 nec
1328 4387 1415 4448 nobis
1431 4388 1545 4450 rescire
1560 4390 1666 4451 datum
1681 4399 1738 4467 est,
1753 4409 1850 4470 usque

1103 4495 1163 4558 quo
1185 4480 1363 4558 pertingere
1386 4480 1485 4542 valeat
1506 4480 1701 4546 falsariorum
1716 4483 1847 4546 audacia.

1103 4573 1197 4635 Porro
1219 4575 1254 4636 ad
1274 4589 1363 4635 aures
1379 4582 1498 4637 nostras
1514 4577 1668 4653 pervenit,
1684 4580 1850 4657 quemdam

1104 4665 1208 4741 fuisse,
1237 4667 1301 4746 qui,
1332 4666 1453 4729 sublato
1478 4669 1590 4744 gradus
1615 4670 1849 4748 impedimento,

1105 4760 1293 4822 haereticum
1315 4760 1420 4822 virum
1441 4777 1514 4823 cum
1542 4762 1676 4825 muliere
1703 4765 1850 4828 catbolica

1104 4853 1303 4915 matrimonio
1324 4855 1541 4932 coniunxerit;
1558 4872 1692 4935 cumque
1707 4857 1851 4938 deinceps
1897 4898 1903 4910 ι

1103 4947 1217 5009 factum
1238 4962 1333 5008 suum
1355 4949 1542 5026 reprebendi
1558 4951 1770 5028 comperisset,
1787 4967 1849 5014 non

1102 5039 1251 5102 dubitarit
1271 5055 1417 5117 asserere,
1439 5058 1473 5103 se
1494 5043 1550 5104 bac
1571 5043 1604 5103 ιιι
1620 5060 1654 5105 ιι
1668 5044 1851 5122 apostolicae

1102 5133 1350 5210 dispensationis,
1383 5151 1476 5214 quam
1507 5137 1544 5198 ab
1566 5137 1642 5198 urbe
1673 5138 1849 5215 accepisset,

1102 5227 1284 5289 auctoritate
1306 5229 1465 5292 munitum
1483 5229 1593 5306 fuisse3
1610 5247 1708 5309 quum
1723 5247 1798 5292 vero
1814 5234 1850 5292 ad

1101 5320 1310 5399 producendas
1332 5321 1511 5384 huiusmodi
1529 5323 1766 5400 dispensationis
1782 5323 1852 5387 lite-

1102 5430 1148 5475 ras
1170 5421 1402 5490 provocaretur,
1426 5431 1476 5476 eas
1498 5431 1671 5494 numquam
1693 5418 1784 5479 edere
1798 5434 1851 5496 po-

1103 5507 1208 5580 tuerit,
1232 5504 1304 5582 quia
1325 5522 1374 5568 eas
1389 5507 1488 5585 reipsa
1504 5523 1666 5585 nunquam
1681 5518 1847 5588 acceperat.

1102 5600 1222 5664 Verum
1243 5615 1310 5675 nos,
1327 5601 1364 5664 de
1379 5599 1492 5679 inclyto
1507 5601 1696 5662 Polcnorum
1713 5602 1848 5677 natione,

1100 5711 1194 5774 quam
1215 5703 1359 5774 paternae
1376 5696 1533 5758 charitatis
1548 5695 1658 5758 aflectu
1673 5696 1851 5775 complecti-

1102 5805 1184 5864 mur,
1207 5789 1307 5867 deque
1327 5789 1420 5851 sacris
1435 5789 1523 5851 istius
1538 5790 1627 5866 regni
1643 5789 1848 5868 praesulibus,

1101 5898 1177 5959 quos
1199 5898 1307 5943 omnes
1328 5891 1359 5943 et
1380 5882 1518 5958 singulas
1540 5897 1654 5959 magno
1677 5883 1708 5944 in
1731 5882 1850 5945 honore

1101 5975 1260 6048 babemus,
1295 5973 1492 6036 favorabilius
1524 5975 1705 6050 iudicantes,
1735 5974 1850 6054 impro-
