4764 6972
91 3141 141 3182 tana
151 3135 238 3190 delega-

86 3200 110 3234 tar
119 3194 167 3241 tang.
175 3193 236 3288 Fari.

88 3247 158 3298 hiup
191 3242 237 3288 ade.

100 3881 239 3936 plangatis

85 3945 104 3974 ἰ·
118 3937 237 3979 rurrsilium.

93 4708 240 4756 summarius

87 4767 131 4816 'put
139 4763 239 4820 pluribus

85 4817 207 4865 'saltatibus
218 4823 239 4862 el

84 4872 167 4914 altus
198 4873 239 4916 irt-

92 4927 150 4967 ‘u‘tus
172 4925 238 4970 oble-

89 4984 109 5028 μ
120 4991 132 5018 r.

894 569 1090 616 aauuulcrus
1113 571 1177 616 xlv.

261 696 365 766 retur3
388 689 419 750 id
441 706 531 769 saepe
553 691 636 764 alias,
660 699 691 754 et
712 707 824 769 nuper,
841 689 879 752 ab
894 689 1008 769 inclyta

261 783 486 846 Maronitarum
503 784 542 846 de
561 783 727 847 orthodoxa
744 787 803 849 lide
820 795 850 849 et
865 787 1010 852 obedien-

262 879 303 940 tia
324 877 427 940 eidem
459 879 652 956 Apostolicac
679 882 752 943 huic
780 881 909 944 Sanctae
939 882 1009 946 Sedi

260 969 363 1033 debita
384 988 508 1050 semper
530 979 691 1051 tantopere
703 975 888 1038 meritorum
911 976 1010 1038 natio-

260 1080 301 1125 ne
322 1066 506 1143 praestitum
522 1075 580 1142 est,
604 1078 755 1148 cumpost
770 1071 891 1132 obitum
913 1071 1009 1132 bonae

260 1161 431 1221 memoriae
454 1159 572 1239 losephi
595 1161 688 1236 Petri,
705 1162 781 1224 dum
802 1163 935 1235 viveret,
949 1165 1010 1224 hu·

261 1253 400 1315 tiocheni
420 1255 559 1316 eiusdem
580 1255 715 1317 nationis
736 1255 935 1334 patriarchae,
958 1272 1009 1317 ev-

260 1357 307 1411 tra
320 1350 491 1411 Romanam
502 1348 628 1412 Curiam
641 1351 805 1413 universae
815 1351 915 1413 carnis
926 1352 1009 1413 viam

259 1443 407 1519 ingressi,
420 1443 559 1505 scissuris
578 1451 608 1506 et
626 1443 867 1506 dissensionibus
882 1445 921 1508 ob
935 1445 1010 1508 ‹luo-

261 1553 335 1598 rum
358 1537 601 1616 patriarcharum
630 1537 796 1599 electiones
818 1538 950 1613 evertis,
972 1539 1008 1599 ad

1065 693 1195 766 utraque
1217 689 1368 754 electione
1395 691 1543 772 repertis,
1566 706 1621 771 per
1647 692 1808 756 eoncordia

1064 780 1207 860 sullragia
1229 794 1259 846 et
1277 793 1347 846 vota
1368 793 1570 861 censuerunt,
1587 793 1732 848 neutram
1747 786 1809 847 ele-

1064 877 1212 952 ctionem,
1235 894 1290 940 seu
1312 880 1565 959 postulationem,
1588 879 1737 942 sustineri
1758 879 1808 941 de·

1064 967 1148 1044 bere,
1171 986 1276 1048 neque
1301 972 1403 1036 locum
1425 990 1490 1036 esse
1518 974 1702 1036 alterutrius
1722 990 1808 1036 sana·

1066 1063 1160 1142 tioni;
1182 1066 1234 1128 sed
1257 1073 1424 1147 utramque
1451 1068 1648 1143 electionem,
1670 1069 1736 1130 sive
1757 1084 1809 1146 po-

1063 1157 1274 1234 stulationem,
1291 1160 1420 1236 nullam,
1437 1161 1569 1236 irritam,
1581 1161 1699 1224 nullius
1720 1162 1811 1223 robo-

1063 1252 1106 1312 ris
1127 1269 1160 1314 ac
1182 1254 1335 1315 momenti
1357 1271 1423 1316 esse
1443 1272 1477 1317 ac
1498 1254 1574 1330 lore,
1605 1254 1750 1317 declarari
1779 1261 1809 1316 et

1064 1346 1186 1425 haberi;
1215 1366 1248 1410 ac
1276 1350 1406 1428 proinde
1432 1349 1628 1412 Patriarchali
1657 1350 1809 1412 Ecclesiae

1064 1440 1241 1504 huiusmodi
1257 1459 1294 1503 ev
1308 1443 1443 1517 integro,
1454 1445 1536 1506 iuxta
1552 1461 1651 1506 sacros
1665 1459 1808 1519 canones,

1064 1539 1155 1612 atque
1177 1535 1394 1598 inconcussum
1411 1536 1701 1614 apostolicaesedis
1722 1552 1811 1615 prae-

1749 555 1788 618 97
1838 554 1892 607 An.
1906 555 1936 608 (i.
1958 554 2026 608 1743

259 1646 318 1692 nos
340 1630 430 1691 ambo
456 1630 546 1692 electi
575 1632 778 1710 appellantes,
804 1633 894 1711 pallio
916 1634 1009 1696 etiam
1036 1632 1038 1737 p
1064 1625 1162 1690 dictae
1184 1629 1216 1690 iu
1237 1630 1391 1692 similibus
1411 1632 1530 1694 casibus
1555 1632 1684 1710 stylum,
1706 1633 1809 1709 provi-

258 1724 371 1785 donari
392 1722 599 1800 postularunt.
626 1725 795 1787 Enimvero
810 1742 863 1788 sex
883 1727 1009 1805 quidem
1064 1719 1129 1782 deri
1151 1723 1264 1784 debere
1285 1726 1323 1786 de
1344 1740 1472 1803 persona
1489 1725 1577 1787 nobis
1597 1725 1754 1799 benevisa,
1777 1732 1808 1786 et

259 1832 299 1877 ex
323 1833 384 1878 una
406 1825 493 1894 parte
517 1819 740 1880 convenientes
772 1819 932 1882 antistites
957 1835 1011 1880 ve·
1064 1823 1215 1891 quatenus
1238 1817 1448 1895 provisionem
1463 1817 1641 1882 huiusmodi
1655 1820 1693 1882 de
1707 1817 1810 1898 aliquo

259 1908 435 1971 nerabilem
456 1910 584 1972 fratrem
607 1911 708 1973 Ellam
736 1912 1008 1992 hrchiepiscopum
1064 1905 1212 1970 antistite
1238 1909 1427 2000 cuicumque
1454 1912 1599 1974 ecclesiae
1623 1912 1741 1974 addicto
1767 1911 1810 1973 ia-

259 2005 444 2078 hrcensem,
467 2003 554 2082 pauci
577 2019 651 2066 vero
673 2005 724 2066 alii
746 2021 785 2066 ex
806 2013 894 2084 parte
915 2005 1009 2066 altera
1065 2015 1217 2078 ememus,
1240 2004 1334 2080 hanc,
1362 2005 1485 2082 praevia
1514 2005 1668 2068 solutione
1690 2005 1809 2068 vinculi

259 2095 477 2158 venerabilem
507 2097 621 2175 pariter
648 2097 774 2160 lratrem
802 2099 928 2162 Tobiam
955 2101 1039 2247 alr-'p
1065 2094 1220 2172 ecclesiae,
1243 2113 1304 2174 quo
1327 2105 1464 2173 tenetur,
1488 2097 1555 2160 fieri
1577 2097 1701 2160 debere.

258 2187 493 2266 cbiepiscopum
515 2188 705 2268 Napolosiae,
728 2192 858 2254 seorsim
880 2191 1009 2254 diversis
1036 2250 1038 2273 ,
1104 2189 1172 2264 §2-
1196 2189 1274 2252 llinc
1296 2197 1353 2266 est,
1376 2191 1456 2268 quod
1479 2207 1551 2265 uos,
1578 2208 1653 2269 quos
1676 2198 1737 2252 lam
1758 2207 1834 2270 pa-,
1861 2205 1984 2256 rontrres.
2001 2203 2038 2252 tm

259 2280 293 2341 in
317 2280 402 2356 locis,
419 2281 451 2342 in
468 2281 673 2345 Patriurcham
695 2285 872 2346 huiusmodi
894 2285 1009 2362 eligere
1036 2280 1038 2293 '
1066 2289 1151 2344 terna
1172 2283 1293 2356 caritas,
1310 2300 1368 2361 qua
1385 2284 1545 2346 nationem
1557 2285 1734 2348 huiusmodi
1746 2300 1809 2346 ma·
1828 2258 2041 2370 {lfflfigdsspssj

258 2374 327 2434 ausi
350 2373 490 2438 luerunt.
523 2375 622 2437 hmbo
643 2376 752 2452 igitur,
775 2386 811 2439 ut
839 2379 1010 2456 praemitti·
1036 2436 1038 2453 ,
1066 2375 1224 2453 vimcpere
1253 2376 1411 2452 diligimus
1433 2387 1464 2438 et
1491 2376 1622 2456 amplius
1647 2377 1808 2457 complecti
1828 2367 2040 2466 ffiffifflg

258 2472 327 2540 tur,
345 2466 436 2529 electi
456 2468 522 2529 sive
544 2469 689 2546 postulati
706 2470 861 2548 praetensi
882 2470 1010 2532 Patriar-
1064 2469 1219 2546 cupimus
1242 2486 1335 2548 quam
1357 2471 1522 2549 apostolica
1548 2472 1691 2533 omnium
1713 2471 1811 2534 eccle·
1828 2473 1929 2573 nutriam
1956 2455 2041 2520 ‹¹⁰⁰¹ss

257 2563 337 2622 chae
358 2560 394 2620 ad
416 2577 472 2622 nos
497 2568 527 2624 et
548 2563 753 2640 apostolicam
775 2561 885 2626 Sedem
905 2581 1010 2628 recur·
1036 2639 1039 2651 ‚
1064 2562 1181 2624 siarum
1202 2562 1391 2626 solicitudoa
1406 2564 1565 2627 Pastorum
1586 2563 1727 2644 Principe
1741 2563 1810 2626 lesu
1828 2538 1876 2573 η’

257 2669 334 2714 sum
363 2653 523 2728 habentes,
546 2656 646 2717 enixis
676 2658 818 2734 precibus
846 2667 1009 2735 rogarunt,
1037 2694 1038 2703 κ
1067 2655 1187 2717 Christo
1216 2656 1304 2717 nohis
1326 2656 1436 2719 iniecta
1463 2658 1680 2720 vehementius
1706 2665 1809 2734 urget,

257 2753 295 2807 ut
321 2747 471 2826 cuiusque
497 2748 681 2810 electionem
703 2750 889 2829 approbare,
913 2760 1010 2814 ratam
1037 2738 1039 2813 l
1065 2749 1103 2810 de
1118 2757 1307 2812 memoratae
1323 2752 1570 2828 congregationis
1585 2752 1724 2826 consilio,
1741 2767 1811 2813 nec-

256 2840 376 2902 habere
391 2846 422 2901 et
443 2843 747 2922 consummarique
766 2844 894 2922 pallium
916 2847 1010 2906 etiam
1037 2854 1039 2915 ξ
1066 2857 1129 2902 non
1151 2849 1239 2904 motu
1260 2845 1395 2922 proprio,
1412 2852 1442 2904 et
1463 2859 1502 2906 ex
1523 2851 1605 2906 certa
1626 2845 1753 2907 scientia
1778 2861 1811 2908 ac

258 2934 489 3010 transmittere,
518 2937 556 2997 de
582 2936 776 3014 benignitate
803 2945 833 2999 et
860 2945 1010 3016 potestate
1037 2918 1039 3001 ἶ
1066 2943 1185 2997 matura
1206 2936 1563 3014 deliberationenoslris,
1579 2938 1813 3018 dequeaposto·

256 3026 427 3104 apostolica
448 3028 659 3105 dignaremur.
1037 3018 1039 3099 Ξ
1066 3027 1140 3091 licae
1161 3031 1320 3107 potestatis
1341 3030 1549 3108 plenitudiue,
1568 3042 1733 3110 utramque
1749 3039 1811 3093 tam

300 3119 548 3196 §bononiam
574 3131 679 3184 autem
708 3140 781 3200 nos,
805 3132 840 3188 ut
861 3125 894 3186 in
923 3142 1010 3187 causa
1037 3110 1039 3175 !
1067 3122 1151 3184 Eliae
1179 3124 1407 3203 archiepiscopi
1435 3126 1547 3187 Arcen.
1572 3142 1587 3185 a
1608 3142 1663 3187 ser
1683 3123 1812 3187 lintisti-

259 3213 343 3274 tanti
372 3215 525 3275 momenti
552 3231 598 3290 ea,
620 3231 680 3294 qua
707 3218 809 3291 decet,
833 3218 1011 3280 maturitate
1037 3212 1040 3293 ζ
1067 3215 1158 3290 libus,
1187 3233 1280 3294 quam
1313 3217 1424 3280 Tobiae
1451 3219 1680 3297 archiepiscopi
1713 3217 1811 3296 Napo-

256 3308 495 3384 procederetur,
508 3315 671 3386 utramque
691 3310 876 3373 electionem
893 3328 948 3374 seu
960 3327 1013 3391 po-

256 3399 466 3462 stulationem
487 3401 665 3481 particulari
681 3403 1012 3482 Congregattoninon·

257 3492 425 3556 nullorum
441 3496 668 3558 venerabilium
683 3497 815 3560 fratrum
831 3508 1011 3562 nostrorum

1066 3309 1159 3371 losiae
1173 3327 1189 3371 a
1204 3311 1307 3390 paucis
1328 3311 1438 3372 iactam
1459 3311 1657 3388 electionem,
1679 3311 1745 3372 sive
1760 3326 1812 3390 po-

1066 3403 1279 3479 stulationem,
1303 3404 1441 3480 nullam,
1464 3405 1596 3479 irritam,
1619 3411 1650 3465 et
1671 3404 1810 3477 inanem,

1066 3512 1098 3558 ac
1120 3496 1238 3558 nullius
1260 3497 1379 3558 roboris
1402 3505 1432 3558 et
1454 3498 1607 3560 momenti
1629 3513 1695 3558 esse
1715 3505 1746 3559 et
1767 3495 1811 3557 lo-

258 3587 292 3650 S.
321 3586 357 3648 ll.
382 3587 417 3648 Ε.
443 3588 652 3652 cardinalium
679 3592 812 3668 negotiis
839 3591 1011 3672 Propagan-
1037 3589 1040 3638 ὲ
1066 3603 1111 3665 re,
1136 3589 1279 3668 nullique
1309 3606 1418 3652 eorum
1439 3589 1598 3667 suflragari
1627 3589 1740 3651 debere
1760 3590 1811 3650 de-

257 3681 320 3742 dae
330 3679 415 3743 Fidei
431 3684 677 3761 praepositorum
699 3684 923 3748 discutiendam
941 3703 1011 3748 eva·
1037 3728 1040 3773 :
1067 3682 1228 3755 eieramus,
1252 3684 1462 3758 annullamus,
1480 3684 1648 3758 irritamus,
1665 3691 1696 3745 et
1717 3698 1811 3744 cassa-

256 3775 507 3853 minandamque
529 3776 758 3853 commisimus;
782 3786 812 3840 et
836 3780 1012 3842 cardinales
1037 3824 1039 3841 ,
1067 3791 1147 3851 mus,
1170 3784 1262 3854 atque
1284 3785 1450 3856 utramque
1471 3778 1508 3840 de
1533 3784 1666 3854 utroque
1687 3775 1811 3838 electio-

258 3864 1012 3952 uictaeparticulariscongregationis,postquam
1037 3858 1039 3904 ³
1066 3870 1227 3944 nem,sive
1238 3871 1489 3948 postulationem,
1499 3870 1634 3931 habitam
1646 3877 1676 3931 et
1688 3868 1810 3944 laetam,

258 3960 349 4022 viros
371 3962 408 4024 ab
429 3961 535 4024 electis
550 3963 711 4040 praedictis
727 3965 846 4040 missos,
860 3983 893 4028 ac
907 3966 1011 4030 delen·
1038 3916 1040 4001 7
1065 3964 1196 4041 perinde
1217 3963 1323 4025 haberi
1351 3964 1463 4026 debere
1484 3965 1517 4025 in
1540 3963 1683 4026 omnibus
1703 3970 1735 4024 et
1756 3977 1811 4040 per

258 4069 363 4130 sores,
386 4052 477 4132 plene
498 4055 705 4132 audivissent,
728 4073 900 4137 omnesque
919 4062 1014 4137 scrip·
1038 4009 1040 4099 s
1066 4057 1181 4130 omnia,
1203 4057 1281 4118 acsi
1302 4057 1434 4119 minime
1458 4064 1488 4118 et
1510 4072 1680 4134 numquam
1709 4055 1811 4116 habita

259 4157 349 4211 turus
372 4163 426 4226 pro
440 4157 572 4227 utraque
586 4159 673 4228 parte
687 4153 848 4230 productas
864 4169 1011 4230 recogno·
1066 4157 1098 4210 et
1119 4149 1194 4212 lacta
1215 4150 1333 4226 luisset,
1357 4152 1470 4230 pariter
1495 4151 1702 4226 decernimus,
1724 4164 1810 4227 prae·

259 4242 398 4316 vissent,
421 4257 525 4302 coram
553 4242 640 4304 nobis
666 4244 857 4319 congregati,
886 4245 1011 4307 attentis
1066 4243 1214 4323 cipimus,
1240 4253 1272 4307 et
1293 4244 1500 4321 declaramus3
1530 4246 1690 4323 ipsamque
1716 4243 1812 4306 eccle-

259 4334 471 4413 peculiaribus
504 4343 535 4396 et
571 4336 716 4412 gravibus
749 4336 942 4400 nullitatibus
978 4339 1010 4400 in
1066 4339 1142 4400 siam
1164 4339 1397 4418 patriarchalem
1408 4324 1509 4402 ’aadhuc
1524 4355 1573 4414 eo,
1588 4355 1649 4418 quo
1664 4345 1736 4400 ante
1751 4338 1810 4402 ele

1037 4122 1040 4146 Ι

258 4561 335 4604 strae
350 4559 449 4616 synodi
462 4561 662 4608 confirmatione
677 4574 751 4618 novo,
762 4567 792 4609 ut
801 4565 940 4622 petebatis,
950 4576 1011 4622 pon·
1035 4581 1038 4610 r
1064 4575 1094 4610 ac
1108 4565 1251 4622 prudenter
1266 4564 1428 4610 instituendo
1439 4565 1628 4622 retinendoque
1637 4564 1809 4621 voluntatem,

258 4626 363 4672 siliciae
377 4626 545 4674 auctoritatis
559 4629 653 4674 robore
667 4631 884 4686 permunivimus.
1036 4614 1038 4663 Ι
1064 4631 1139 4678 cuius
1153 4633 1286 4678 conscium
1301 4632 1418 4686 fecimus,
1433 4631 1581 4688 patefaciat.

300 4700 313 4744 5
328 4697 349 4738 4.
367 4696 434 4740 llaec
447 4706 493 4751 per
508 4699 613 4742 nostras
627 4697 692 4742 istas
707 4698 800 4744 literas
815 4699 842 4744 in
857 4699 941 4745 formai
952 4703 1009 4745 Bre·
1104 4701 1149 4748 55.
1167 4700 1233 4750 Quin
1256 4699 1332 4745 illum
1354 4699 1555 4756 perhumaniter
1577 4699 1720 4756 excepturi,
1738 4711 1810 4757 prae
1829 4715 1942 4764 „epipam
1949 4718 1972 4763 ,ς’
1981 4717 2040 4764 Sed,-

256 4759 299 4806 uis
313 4761 390 4806 vobis
404 4761 503 4807 referre
522 4764 587 4808 satis
601 4764 732 4810 duximus.
755 4767 834 4811 Plura
848 4767 1010 4823 cognoscetis
1064 4769 1228 4824 scriptasque
1243 4767 1315 4810 vobis
1325 4768 1397 4822 leges
1406 4766 1530 4811 accurata
1540 4765 1689 4812 obedientia
1700 4778 1810 4824 exequu-
1829 4771 2008 4826 obedientiam,
2019 4775 2040 4817 at

257 4839 273 4873 a
288 4829 390 4874 dilecto
404 4829 460 4874 lilio
480 4832 572 4876 lecobo
585 4832 619 4877 ab
634 4833 698 4877 urbe
720 4837 796 4888 Luca,
811 4834 1008 4880 observantium
1036 4832 1037 4841 ¹
1064 4833 1119 4878 turi
1134 4832 1202 4888 sitis,
1217 4833 1320 4879 nullum
1336 4832 1410 4879 uobis
1425 4833 1553 4890 relinquit
1563 4834 1714 4891 ambigendi
1723 4834 1809 4879 locum
1829 4825 1974 4888 animorum
1984 4837 2041 4872 0οη·

255 4895 488 4942 franciscanorum
509 4898 630 4954 alumno,
652 4901 797 4956 apostolico
820 4900 1009 4957 Hierosolymis
1036 4940 1038 4949 ,
1064 4901 1183 4944 omnium
1205 4903 1323 4944 vestrum
1344 4899 1449 4946 animus
1471 4899 1600 4957 religione
1615 4905 1640 4946 et
1654 4901 1810 4946 constantis·
1828 4879 1944 4980 {fflgf‘
1972 4890 2041 4926 ⁶⁰m'

257 4963 507 5022 visitatore,quem
522 4965 1009 5013 advosnostrunomiueireconrmis·
1036 5000 1038 5010 .
1065 4967 1132 5012 sima
1154 4979 1216 5024 erga
1240 4979 1392 5024 supremum
1415 4969 1550 5012 Pastorem
1572 4967 1622 5012 llde
1643 4968 1748 5024 penitus
1769 4967 1811 5012 ob
1933 4969 1937 4978 '

256 5031 366 5077 sarium
380 5031 515 5086 iussimus,
531 5035 561 5076 ut
575 5031 665 5078 sedulo
684 5037 759 5079 curet
777 5035 912 5080 observari
928 5038 954 5080 et
968 5047 1010 5079 cu·
1036 5026 1038 5101 ξ
1064 5035 1181 5079 strictus.
1197 5034 1338 5091 Praecipue
1352 5045 1414 5078 vero
1428 5045 1472 5079 vos
1487 5035 1669 5090 adhortamur,
1689 5037 1717 5080 ut
1734 5034 1810 5080 obliti

258 5098 359 5144 stodiri
373 5098 497 5154 quicquid
510 5099 536 5143 in
550 5101 738 5156 praenunciata
750 5103 852 5158 synodo
868 5105 893 5147 et
904 5115 920 5148 a
935 5102 1009 5148 nobis
1037 5146 1038 5155 ,
1064 5101 1225 5157 praeteritae
1246 5101 1434 5146 aerrrulationis
1456 5101 1582 5158 (Apostoli
1597 5102 1683 5146 verbis
1699 5101 1809 5157 utimur)

257 5178 307 5222 pro
323 5164 517 5211 ecclesiasticae
531 5166 592 5211 istic
606 5167 761 5224 disciplinae
775 5170 1009 5226 sanctissimaeque
1036 5173 1038 5187 '
1064 5169 1203 5216 rruauimes
1225 5169 1284 5214 sitis
1299 5169 1326 5214 io
1342 5167 1446 5214 Christo
1466 5173 1532 5223 lesu,
1548 5168 1605 5214 sine
1623 5169 1738 5226 querela,
1754 5169 1810 5214 siue

257 5231 401 5289 religionis
423 5231 507 5278 tutele
528 5233 660 5280 sancitum
680 5236 744 5290 fuit;
767 5239 848 5293 utque
867 5238 979 5294 receptis
994 5248 1010 5282 a
1065 5235 1278 5294 reprehensione,
1293 5235 1425 5292 simplices
1436 5235 1485 5279 lilii
1496 5235 1540 5280 Dei
1551 5236 1577 5279 in
1590 5236 1675 5280 medio
1686 5235 1809 5290 nationis,

257 5300 400 5346 sacerdote
415 5299 472 5345 illia
486 5301 579 5357 l'elice,
594 5313 671 5360 quem
691 5303 846 5349 patriarcha
860 5306 952 5361 loseph
968 5308 1010 5349 Pe
1065 5309 1209 5350 Turearum
1225 5303 1333 5358 scilicet,
1348 5315 1443 5360 pravae
1458 5305 1484 5348 el
1499 5313 1645 5360 perversae,
1660 5303 1730 5348 inter
1746 5315 1810 5361 quos

258 5369 320 5412 trus
335 5367 417 5424 paulo
431 5371 489 5426 post
503 5367 558 5414 vita
578 5369 680 5416 fructus
701 5373 812 5417 Romam
831 5371 1009 5428 ablegaverat,
1064 5373 1159 5418 lucetis
1182 5371 1248 5416 sicut
1270 5371 1414 5416 luminaria
1429 5372 1456 5416 in
1472 5371 1577 5416 mundo.
1599 5371 1670 5420 Quod
1684 5371 1712 5416 in
1725 5371 1811 5428 auspi·

258 5435 365 5481 nostris
379 5435 406 5480 in
420 5435 504 5482 forma
519 5438 612 5483 'Brevis
626 5438 659 5483 ad
677 5450 738 5483 eum
757 5439 853 5494 literis,
873 5440 918 5485 ubi
933 5441 1010 5497 plura
1065 5439 1143 5494 cium,
1158 5451 1232 5484 verm.
1248 5438 1352 5494 fratres,
1367 5438 1537 5494 apostolicam
1554 5437 1760 5484 benedictionem
1771 5449 1812 5484 vo·

258 5503 414 5560 peragenda
433 5505 682 5560 commendavimus,
699 5507 725 5561 (⁴)
743 5507 778 5562 (et
793 5509 949 5564 recuperato
964 5506 1011 5552 ali·
1065 5507 1105 5552 bis
1120 5507 1289 5563 peramanter·
1304 5505 1478 5562 impertimur.

258 5581 313 5627 qno
327 5569 456 5628 religioso
469 5571 536 5616 dono
549 5573 583 5618 ad
598 5572 718 5618 eumdem
734 5575 915 5620 patriarcham
927 5579 1011 5620 trans·
1105 5577 1200 5620 Datum
1211 5577 1318 5627 Romae,
1328 5573 1397 5630 apud
1408 5575 1431 5616 S.
1443 5571 1553 5618 Mariam
1564 5572 1698 5629 Maiorem,
1709 5573 1758 5618 sub
1768 5584 1812 5618 an-

259 5638 355 5694 misso)
370 5638 397 5682 id
412 5649 488 5684 omne
502 5639 602 5685 Simoni
620 5639 677 5685 eius
698 5642 843 5686 successori
861 5653 1010 5699 repraeseo·
1066 5643 1129 5687 nulo
1142 5640 1291 5696 Piscatoris‚
1306 5639 1347 5684 die
1362 5652 1415 5685 xvv.
1432 5639 1523 5686 martii
1540 5651 1694 5697 unccxurn,
1709 5641 1813 5698 pontill-

259 5707 310 5761 tet,
325 5707 498 5764 nostramque
513 5707 544 5754 de
556 5717 647 5752 rerum
657 5707 718 5752 istic
727 5719 863 5754 sacrarum
874 5709 948 5754 cultu
958 5710 1010 5755 rite
1066 5712 1139 5756 catus
1154 5709 1239 5755 nostri
1253 5720 1322 5755 auno
1337 5721 1373 5755 nr.

1234 5823 1303 5830 ——.-

302 5899 331 5953 Γ)
349 5901 383 5942 lat
397 5899 458 5950 Rea.
479 5901 554 5943 Vattc.
571 5901 668 5944 destruat
688 5911 738 5954 seq.
755 5904 842 5951 verba,
864 5911 933 5954 quae
954 5905 1135 5948 tarantarum·
1150 5907 1178 5946 tu
1200 5903 1268 5945 Batti.
1285 5903 1360 5946 Porrt.
1377 5903 1408 5946 de
1423 5903 1502 5953 Prop.
1519 5901 1545 5944 et
1558 5903 1714 5957 recuperato
1729 5911 1813 5953 usque

260 5970 297 6012 αα
312 5968 383 6010 vere.
401 5965 565 6022 transmisso,
579 5972 604 6011 et
614 5979 668 6021 pro
683 5973 711 6014 aa
724 5980 803 6014 omne
816 5974 854 6014 est
868 5981 919 6016 eas.

372 6089 425 6135 lnr.
442 6089 511 6138 Pone.
527 6089 558 6137 de
573 6091 648 6150 Prop.
664 6091 726 6138 Fide
740 6093 822 6139 Partis
837 6094 855 6140 l.
872 6093 923 6139 vol.
939 6095 981 6145 lll.
1681 6097 1708 6140 13
