4798 6978
73 536 133 588 An.
150 539 180 589 0.
203 535 272 590 1757

60 683 284 746 trasumenus,
303 689 360 734 nae
382 673 527 737 bonitatis
548 690 622 737 suae
647 674 866 738 abundantiam
889 673 1049 737 imbecilli·

61 739 285 856 ἱξᾞέῃὲῗξῗξῐ
304 765 359 828 tati
388 775 510 829 nostrae
542 767 721 846 impositum
750 775 806 842 est,
835 775 865 830 et
896 767 1050 847 praeclara

62 844 243 900 promoveam.
302 860 483 938 apostolicae
503 860 716 939 providentiae
737 861 812 924 ratio
828 879 843 921 a
860 860 912 922 fel.
930 859 1046 922 record.

302 953 448 1016 Romanis
470 954 669 1018 Pontificibus
690 954 975 1034 praedecessoribus
997 969 1071 1014 no-.

302 1047 373 1109 stris
395 1047 480 1124 inita,
502 1056 622 1112 servata
644 1067 676 1111 ac
700 1049 819 1123 tradita,
841 1049 910 1111 iure
931 1063 965 1109 ac
986 1063 1050 1108 me·

304 1142 363 1204 rito
385 1158 400 1202 a
423 1140 512 1204 uobis
533 1159 656 1221 quoque
677 1142 818 1218 exigunt,
837 1150 872 1204 ut
892 1140 955 1216 ilia,
972 1156 1051 1218 quae

305 1235 359 1314 ipsi
381 1235 509 1298 Romani
527 1235 690 1298 Pontifices
705 1233 953 1312 praedecessores
975 1250 1051 1312 quo·

305 1327 483 1404 modolibet,
506 1344 539 1388 ac
560 1327 743 1408 praesertim
765 1344 820 1406 pro
841 1324 939 1388 forma
959 1342 992 1388 ac
1006 1325 1049 1386 di·

936 556 1132 603 BENEDICTUS
1156 556 1218 600 XIV.

1774 533 1831 596 671
1883 529 1936 582 An.
1951 531 1981 584 C.
2002 530 2072 584 latr

1105 673 1274 754 spositione
1294 675 1580 752 promovendorum
1592 672 1628 735 ad
1640 668 1791 750 pastorale
1805 687 1853 733 ec·

1106 766 1268 828 clesiarum
1290 768 1322 829 in
1352 765 1527 829 infidelium
1556 763 1693 844 partibus
1720 765 1853 828 eristen·

1107 861 1186 922 tium
1201 860 1414 939 populumque
1437 857 1559 920 fidelem
1573 859 1752 921 habentium
1775 857 1855 934 regi·

1106 970 1178 1016 men
1200 961 1390 1028 statuerunt,
1415 953 1482 1014 sive
1503 951 1583 1014 novi
1605 951 1853 1026 confirmatione,

1105 1046 1519 1125 quoiirmiussubsistantet
1530 1052 1696 1107 serventur
1707 1046 1853 1119 exactius,

1104 1140 1172 1201 sive
1193 1156 1247 1218 pro
1278 1155 1386 1201 rerum
1415 1137 1626 1201 vicissitudine
1653 1139 1743 1200 novis
1769 1153 1855 1216 prae

1105 1233 1324 1311 scriptionibus
1339 1239 1369 1294 et
1384 1231 1600 1294 additamentis
1622 1230 1793 1308 indigeant,
1817 1232 1855 1292 de

1106 1339 1188 1386 novo
1204 1324 1347 1402 deinceps
1363 1323 1542 1403 approbare,
1559 1332 1590 1387 et
1607 1323 1788 1403 apostolicae
1803 1339 1855 1385 au·

305 1575 436 1632 matiales,
450 1575 684 1634 archiepiscopales
705 1578 732 1622 et
745 1575 910 1622 cathedrales
928 1573 1050 1620 ecclesias

304 1643 435 1699 regendas
446 1645 620 1690 assumantur
633 1641 694 1698 viri,
709 1653 814 1689 morum
833 1642 998 1699 integritate,
1012 1652 1052 1688 sa·

303 1720 349 1756 cra
363 1710 492 1764 doctrina,
505 1720 597 1756 rarum
618 1709 858 1756 ecclesiasticarum
877 1708 982 1768 peritia,
997 1709 1051 1755 zelo

303 1777 397 1822 domus
410 1777 464 1832 Dei,
478 1780 506 1822 et
519 1789 581 1823 vero
596 1777 692 1823 salutis
709 1777 861 1823 animarum
877 1777 965 1822 studio
979 1787 1052 1832 prae·

303 1843 361 1899 diti,
375 1843 473 1902 quique
487 1855 538 1890 uon
553 1845 586 1890 ad
600 1843 707 1901 propria
720 1844 865 1898 commoda,
876 1840 921 1890 sed
935 1844 968 1890 ad
981 1844 1050 1890 labe

303 1922 346 1957 res
360 1913 387 1957 et
401 1911 594 1958 sollicitudines
614 1923 662 1968 pro
676 1911 722 1958 liei
735 1911 820 1968 gloria
840 1923 897 1958 sese
912 1911 1000 1957 vocari
1013 1910 1052 1958 in-

305 1979 464 2036 telligentes,
474 1990 522 2024 nec
531 1989 599 2036 quae
609 1990 657 2024 sua
668 1983 739 2034 sunt,
750 1979 796 2024 sed
805 1989 873 2036 quae
883 1982 942 2024 lesu
952 1979 1052 2024 Christi

63 1580 113 1636 qui
136 1580 174 1625 cd
194 1579 287 1640 episcc

60 1637 146 1692 patus
155 1643 287 1692 premette-

61 1688 87 1732 η’
103 1687 216 1745 possint.

304 2050 470 2104 quaerentes,
486 2045 668 2092 ministerium
688 2057 775 2102 suum,
793 2047 870 2091 iuxta
889 2046 1052 2092 venerabiles

304 2115 443 2160 beatorum
463 2117 570 2170 patrum
592 2119 619 2159 et
633 2123 770 2160 sacrorum
788 2123 919 2159 mnonum
942 2113 1052 2160 sanctio·

304 2192 359 2236 nes,
373 2179 545 2228 laudabiliter
559 2181 614 2226 sint
627 2181 775 2238 impleturi,
790 2180 829 2227 ita
848 2181 886 2236 ut,
901 2191 949 2238 pro
964 2191 1054 2226 vacan-

305 2248 372 2294 tium
394 2247 565 2294 ecclesiarum
586 2247 717 2305 qualitate
731 2251 758 2293 et
772 2247 929 2302 conditione,
944 2247 1052 2294 omnino

304 2314 438 2372 digniores
453 2317 479 2360 et
492 2315 527 2360 ad
540 2325 585 2360 eas
599 2315 733 2362 fructuose
752 2314 937 2372 gubernandas
956 2313 1056 2371 eligan-

305 2385 351 2428 tur
365 2381 490 2440 aptiores,
505 2382 596 2445 quales
616 2393 729 2440 semper,
743 2381 886 2428 adiuvante
906 2381 1054 2438 Dominus

305 2448 380 2494 nobis
390 2449 504 2494 electum
514 2448 549 2494 iri
564 2449 727 2495 intendimus
739 2451 766 2495 et
775 2459 921 2506 speramus.
931 2449 1055 2499 Quocirca

306 2525 365 2561 cum
387 2515 478 2562 eadem
496 2515 704 2572 congregatione
725 2515 948 2562 communicaturi
961 2527 1055 2562 sumus

306 2583 338 2628 de
351 2582 446 2640 quibus
459 2583 525 2628 viris
538 2584 571 2629 ad
590 2581 771 2640 episcopatum
786 2583 970 2641 promovendis
985 2593 1055 2628 men·

307 2651 360 2696 tenu
382 2653 501 2696 nostram
522 2649 635 2696 subierit
656 2650 791 2707 cogitatio,
813 2661 912 2696 necnon
933 2649 965 2694 ds
979 2648 1054 2694 docu-

307 2717 404 2762 mentis
424 2717 457 2763 ad
482 2728 575 2763 eorum
598 2716 742 2775 qualitates
768 2719 795 2762 et
816 2715 913 2762 merita
939 2720 1055 2774 spectan-

307 2784 386 2830 tibus.

92 2860 290 2920 circestrensis·
347 2858 360 2900 a
374 2853 394 2896 3.
409 2853 441 2896 lit
456 2862 488 2896 ne
502 2849 604 2898 diutius
624 2851 778 2898 pastoribus
798 2853 907 2896 careant
921 2849 1055 2906 ecclesiae,

69 2919 167 2978 secreto
185 2915 217 2962 ab
233 2915 290 2974 cpi·
308 2917 331 2963 si
345 2920 404 2975 post
418 2927 512 2963 aarum
532 2917 695 2964 vacationem
717 2919 890 2975 quaerantur,
904 2916 950 2973 qni
963 2917 996 2962 ad
1011 2927 1055 2964 eas

68 2981 162 3048 ³9⁰9ss
177 2973 199 3014 θ*
220 2979 291 3027 carpe·
308 2984 458 3042 promoveri
473 2984 568 3029 merito
582 2984 696 3042 possint3
711 2985 833 3030 volumus
848 2988 874 3030 et
889 2983 1055 3039 mandamus,

68 3023 190 3123 1223&
212 3031 292 3121 ἓξὲξ]
309 3051 445 3097 utstatim
466 3051 572 3109 quidem
587 3055 646 3108 pest
665 3051 763 3098 editam
778 3052 846 3098 hane
864 3054 984 3098 nostram
998 3062 1056 3098 con·

109 3131 121 3176 1·
142 3112 291 3189 episcopam
308 3118 486 3176 stitutionem,
500 3129 530 3164 ac
543 3119 636 3164 deinde
650 3130 808 3177 unoquoque
818 3117 931 3174 biennio,
941 3130 987 3176 per
998 3122 1056 3164 car·

89 3184 153 3241 ipat
173 3183 290 3230 Micca·
308 3185 424 3232 dinalem
438 3185 573 3244 praefatae
588 3186 804 3244 congregationis
819 3183 980 3243 praefectum
992 3185 1057 3230 ‘scri-

68 3242 125 3283 ΝΓ-
308 3252 388 3298 batur
401 3253 568 3298 diversorum
582 3253 701 3298 locorum
716 3251 849 3310 Episcopis
863 3254 938 3298 iuxta
951 3263 968 3298 a
982 3252 1056 3297 nobis

308 3319 436 3366 traditam
456 3320 676 3377 designationem,
690 3319 875 3378 praecipiendo
893 3320 931 3366 eis
950 3319 1056 3366 nomine

309 3389 409 3443 nostro,
424 3391 451 3434 et
464 3389 514 3433 suh
528 3389 624 3434 secreti
646 3389 712 3444 lege,
726 3391 753 3434 et
772 3399 864 3434 eorum
883 3387 1057 3434 conscientias

308 3454 430 3501 districte
450 3455 591 3511 onerando,
607 3455 721 3502 fideliter
740 3455 864 3512 referent,
882 3455 1006 3512 diligenti
1020 3455 1057 3500 in-

308 3521 483 3580 vestigatione
497 3523 652 3580 praemissa,
667 3533 708 3577 an,
723 3525 751 3568 et
765 3521 819 3581 qui,
834 3523 889 3568 sive
899 3523 1057 3578 saeculares,

309 3589 363 3636 sire
376 3591 514 3646 regulares
528 3592 677 3636 sacerdotes
692 3591 720 3635 in
734 3600 826 3636 cerum
841 3589 962 3644 dioecesi,
975 3591 1016 3635 vel
1029 3589 1056 3634 in

308 3657 463 3716 propinquis
483 3657 547 3704 locis
568 3657 691 3712 existant,
711 3669 776 3715 quos
796 3656 936 3715 episcopali
952 3657 1057 3703 muneri

308 3725 423 3780 idoneos,
431 3725 575 3771 secuudum
584 3727 664 3770 Deum
674 3723 836 3780 existiment,
844 3724 996 3782 explicando
1007 3723 1058 3768 sin·

308 3793 434 3848 gulosum
442 3791 583 3848 originem,
591 3791 699 3847 natalia,
707 3793 832 3847 aetatem,
840 3793 977 3848 anteactae
987 3789 1057 3837 vitae

308 3857 516 3915 institutionem,
530 3858 770 3904 ecclesiasticarum
784 3857 950 3904 functionum
960 3856 1056 3902 exerci-

272 3953 274 3958 .
309 3925 387 3982 tium,
401 3925 508 3982 gradus,
523 3936 588 3982 quos
609 3923 782 3978 obtinuerint,
801 3924 893 3980 oiiicia,
908 3935 975 3981 quae
990 3923 1058 3970 obie-

310 3992 373 4048 rint,
388 3992 545 4048 doctrinam,
560 3993 695 4048 pietatem,
708 3989 886 4048 prudentiam,
903 3994 1058 4047 ceterasque

309 4058 393 4105 animi
406 4060 489 4114 dotes,
503 4057 599 4117 quibus
612 4058 724 4116 quisque
736 4058 831 4104 valeat.
844 4058 977 4115 Epistulae
987 4069 1058 4112 vero,

310 4137 375 4185 quas
396 4126 445 4172 hac
459 4127 490 4171 de
504 4137 534 4172 re
548 4125 669 4184 Episcopi
689 4125 883 4183 rescripserint,
903 4129 1005 4171 secreto
1018 4137 1058 4170 as·

310 4192 496 4247 servabuntur,
511 4196 541 4238 ut
556 4191 773 4250 quotiescumque
792 4191 873 4238 alicui
888 4191 1012 4238 ecclesiae
1026 4192 1057 4237 de

310 4271 377 4307 novo
389 4262 496 4307 Pastore
511 4260 701 4318 providendum
715 4259 805 4314 fuerit,
818 4261 917 4316 absque
931 4270 1007 4305 mora
1020 4272 1059 4305 re·

311 4326 381 4372 sumi
395 4326 509 4381 valeant,
523 4326 635 4384 indeque
649 4326 724 4372 facile
738 4329 765 4371 et
777 4326 929 4383 expeditum
945 4326 980 4372 sit
989 4337 1058 4372 reco·

310 4404 444 4450 gnoscere,
465 4393 573 4451 quinam
589 4393 640 4438 viri
661 4393 804 4451 digniores,
819 4404 849 4438 ac
863 4393 968 4440 vacanti
976 4393 1059 4444 eccle

311 4463 366 4508 siae
375 4463 593 4520 congruentiores
602 4462 716 4508 iudicari
725 4462 829 4520 possint
837 4473 855 4508 a
863 4461 945 4507 nohis.
957 4464 990 4506 lit
999 4473 1061 4518 quo·

310 4531 383 4576 niam
397 4530 426 4586 ii,
440 4530 486 4587 qui
504 4530 532 4576 in
546 4530 636 4587 aliqua
657 4529 775 4586 regulari
796 4528 897 4576 familia
918 4529 1001 4576 vitam
1015 4527 1060 4574 du-

310 4601 382 4652 cunt,
396 4598 518 4654 cognosci
531 4598 638 4656 penitus
651 4605 770 4654 possunt,
785 4600 811 4644 et
824 4598 911 4644 solent
924 4598 958 4644 ab
967 4608 1059 4643 eorum

311 4666 501 4723 superioribus,
522 4668 579 4712 tam
599 4666 776 4722 generalibus,
794 4677 874 4723 quam
894 4663 1060 4724 provinciali-

310 4733 369 4788 bus,
383 4733 453 4790 ipsos
468 4743 571 4790 quoque
585 4734 634 4778 sub
649 4734 739 4779 eodem
754 4731 849 4778 secreti
864 4732 968 4778 vinculo
980 4732 1060 4778 inter-

311 4799 403 4858 rogari
416 4800 450 4846 ad
464 4800 641 4856 praemissum
657 4799 779 4845 effectum
794 4799 926 4847 volumus.

121 4885 185 4930 pum
200 4891 245 4940 sug
266 4892 295 4926 ρ.
351 4872 397 4918 sd.
419 4870 569 4923 Praeterea,
584 4878 644 4913 eum
661 4867 778 4924 primum
800 4867 914 4914 alicuius
936 4867 1060 4914 ecciesiae

78 4935 295 4985 rcudiScractsssi-
312 4935 415 4982 vacatio
435 4934 592 4990 innotuerit,
607 4935 714 4980 auditor
735 4937 826 4980 noster
845 4935 970 4981 certiores
985 4937 1016 4980 de
1030 4947 1061 4982 ea

79 5004 132 5045 πῖθ’
145 4988 295 5054 ⁰⁶Wflml·
311 5003 389 5049 faeiet
404 5004 565 5048 memoratos
579 5002 697 5059 quinque
710 5001 871 5057 cardinales,
884 5005 915 5046 ut
929 5005 956 5048 et
969 5002 1020 5059 ipsi
1029 5004 1061 5048 de

82 5047 295 5145 mmmmm*
311 5070 377 5116 viris
393 5070 439 5116 tali
461 5067 584 5114 ecclesiae
605 5069 700 5114 utilius
722 5069 914 5126 praeficiendis,
934 5069 1061 5126 nobisque

131 5134 135 5143 '
313 5136 495 5194 suggerendis,
516 5136 634 5192 cogitare
655 5135 806 5192 specialiter
826 5136 936 5193 possint,
950 5136 1062 5193 peculia-

313 5215 423 5261 remque
433 5202 665 5259 investigationem
675 5215 722 5260 pro
732 5213 825 5248 eorum
835 5203 978 5260 prudentia
989 5203 1062 5249 adhi-

313 5272 388 5318 bere:
403 5270 594 5329 quodquidam
608 5270 756 5328 praecipue,
771 5273 798 5315 at
812 5282 828 5316 a
843 5270 918 5316 nobis
932 5269 996 5328 ipsis
1007 5271 1060 5316 ilat.

313 5338 409 5385 Deinde
430 5349 500 5393 vere,
519 5339 618 5394 quanto
639 5337 718 5382 citius
739 5337 799 5382 fleri
820 5337 926 5394 poterit,
942 5339 1061 5384 habenda

314 5406 367 5450 erit
380 5403 558 5461 congregatio,
572 5404 615 5449 eui
632 5403 759 5450 antedicti
780 5403 896 5460 quinque
910 5405 1073 5455 cardinales,

314 5483 368 5518 una
385 5482 445 5518 cum
465 5471 588 5522 auditore
609 5474 700 5516 nostro
720 5470 881 5524 ilitererunt,
902 5471 990 5528 ibique
1005 5483 1062 5528 per·

314 5539 402 5596 pensis
423 5537 546 5584 omnibus
567 5535 741 5594 qualitatibus
762 5539 788 5581 et
809 5537 912 5583 meritis
933 5538 1061 5592 virorum,

314 5616 429 5662 quorum
443 5603 548 5660 notitia,
561 5605 602 5649 vel
612 5603 712 5649 anobis
723 5603 795 5660 ipsis,
807 5604 848 5648 vel
857 5615 904 5660 per
913 5605 1061 5652 antedictas

315 5671 502 5729 cpiscoporum
511 5669 646 5726 epistolas,
656 5671 696 5715 vel
705 5682 752 5726 per
761 5670 991 5728 investigationem
1001 5684 1017 5718 a
1026 5673 1063 5718 di-

315 5737 365 5784 ctis
378 5737 562 5783 cardinalibus
576 5737 682 5792 factam,
696 5741 803 5795 accepta
815 5737 906 5794 fuerit,
917 5739 1063 5785 deliberan-

315 5805 378 5850 dum
394 5804 446 5850 erit
460 5803 523 5861 quid
543 5803 647 5850 consilii
668 5804 784 5850 dandum
798 5805 873 5850 nobis
887 5805 931 5862 sit,
947 5809 977 5851 ut
990 5806 1063 5852 audi·

316 5875 359 5920 tor
372 5875 463 5918 noster
484 5871 584 5918 referre
605 5871 698 5918 deinde
718 5873 751 5918 ad
766 5883 813 5918 nos
833 5872 917 5930 possit
937 5873 1062 5930 quicquid

316 5939 444 5998 praedicti
458 5937 609 5986 cardinales
623 5938 651 5984 in
665 5949 726 5984 eum
748 5939 827 5986 tinem
849 5939 924 5988 nobis
937 5940 1063 5987 duxerint

1106 1573 1318 1630 significandum.
1328 1573 1399 1626 Quod
1407 1573 1430 1619 si
1438 1573 1552 1620 alicuius
1562 1572 1613 1619 viri
1621 1571 1784 1619 conditiones
1794 1582 1855 1617 non-

1105 1642 1169 1686 durn
1184 1641 1251 1688 satis
1270 1641 1422 1698 exploratas
1437 1641 1509 1688 visae
1525 1641 1625 1688 fuerint
1639 1641 1668 1686 in
1682 1650 1736 1686 una
1749 1649 1856 1696 congre·

1106 1708 1222 1766 gatione,
1237 1708 1382 1754 differenda
1396 1708 1424 1754 in
1439 1708 1554 1754 alteram
1568 1708 1620 1755 erit
1642 1707 1811 1762 consultatio,
1826 1708 1855 1750 ut
1946 1745 1951 1754 .

1106 1775 1210 1821 interea
1224 1787 1270 1832 per
1284 1778 1433 1832 opportuna
1454 1775 1540 1821 media
1554 1773 1706 1820 accuratior
1720 1773 1856 1832 indagatio

1107 1841 1166 1887 deri
1180 1842 1276 1889 valeat.

1145 1917 1157 1960 a
1172 1912 1191 1956 5.
1208 1914 1236 1955 ln
1250 1910 1300 1956 hae
1314 1910 1396 1956 etiam
1406 1910 1636 1968 congregationes
1647 1909 1731 1966 nobis,
1742 1913 1772 1955 ut
1782 1919 1857 1968 prae·
1914 1913 1975 1958 itera
1995 1912 2087 1958 suomi·

1107 1975 1200 2032 fertur,
1215 1978 1350 2034 deputatu,
1368 1979 1501 2035 agendum
1521 1977 1642 2037 deinceps
1663 1988 1720 2023 esse
1741 1975 1857 2022 decerni·
1874 1965 1957 2012 dandi
1975 1977 2087 2029 tamt

1107 2054 1167 2090 mus
1180 2044 1212 2090 de
1227 2045 1360 2102 episcopis
1374 2045 1407 2091 ab
1423 2056 1476 2091 una
1489 2045 1522 2092 ad
1535 2045 1650 2091 alteram
1664 2044 1801 2090 ecclesiam
1812 2054 1857 2089 au·
1875 2019 2083 2067 ‘'mmmmm-

1106 2111 1232 2158 ctoritate
1248 2115 1340 2158 nostra
1355 2112 1556 2164 transferendis:
1567 2112 1656 2158 debita
1665 2111 1794 2157 nimirum
1806 2122 1858 2158 ma·

1108 2178 1221 2225 turitate
1231 2179 1414 2235 examinando,
1425 2190 1490 2224 num
1499 2189 1602 2236 graves,
1612 2178 1758 2236 legitimae,
1766 2177 1859 2224 sacris-

1109 2257 1160 2301 que
1179 2245 1323 2290 canonibus
1339 2246 1464 2302 probatae
1480 2245 1659 2292 interveniant
1672 2255 1777 2302 causae,
1791 2255 1858 2302 quae

1108 2311 1263 2358 huiusmodi
1278 2311 1482 2359 translationem
1501 2313 1638 2369 suadeant,
1653 2313 1772 2370 inspecta
1786 2312 1859 2358 dum·

1109 2381 1183 2426 taxat
1195 2380 1368 2426 ecclesiarum
1379 2382 1537 2428 necessitate
1547 2381 1587 2428 vei
1598 2381 1725 2438 utilitate,
1737 2382 1858 2439 adquam

1108 2447 1224 2504 profecto
1244 2459 1340 2494 causae
1359 2460 1451 2494 omnes
1470 2450 1532 2495 illae
1553 2450 1731 2498 reducuntur:
1743 2462 1784 2496 ne
1799 2449 1860 2496 alic

1108 2514 1181 2571 quin,
1195 2515 1227 2560 ob
1242 2515 1419 2562 inconsultam
1434 2515 1599 2573 facilitatem,
1613 2517 1747 2575 cupiditas
1765 2521 1793 2564 et
1806 2529 1860 2563 am·

1108 2581 1175 2628 bitio
1190 2592 1283 2628 eorum
1297 2583 1344 2640 qui
1359 2584 1448 2630 forsan
1462 2585 1494 2629 ad
1507 2585 1650 2642 ampliores
1660 2585 1784 2631 ecclesias
1793 2584 1861 2642 aspi·

1109 2653 1210 2704 rarent,
1225 2655 1274 2696 aut
1287 2650 1405 2705 ditiores,
1420 2651 1564 2706 foveretur,
1579 2651 1712 2710 simulque
1725 2652 1767 2698 via
1776 2653 1861 2710 aperi·

1110 2719 1186 2761 retur
1200 2716 1387 2774 spiritualibus
1402 2717 1584 2774 incommodis,
1596 2729 1664 2776 quae
1678 2719 1805 2776 gregibus
1820 2721 1861 2766 ob-

1109 2783 1199 2829 venire
1209 2796 1239 2829 ex
1250 2786 1343 2830 crebra
1351 2788 1489 2842 pastorum
1501 2785 1649 2832 mutatione
1657 2789 1859 2832 consueverunt.

1110 2850 1233 2898 Eiusdem
1249 2863 1311 2898 vero
1326 2852 1542 2910 congregationis
1557 2851 1698 2900 consilium
1714 2856 1805 2910 postea
1819 2853 1859 2898 iti·

1110 2920 1170 2964 dem
1184 2919 1218 2965 ad
1232 2931 1279 2966 nos
1294 2930 1341 2975 per
1355 2920 1477 2965 eumdem
1497 2922 1620 2965 nostrum
1641 2919 1792 2966 auditorem
1808 2921 1860 2967 erit

1111 2987 1288 3042 referendum,
1303 2989 1334 3031 ut
1348 2986 1521 3034 determinari
1531 2997 1548 3032 a
1558 2985 1633 3032 nobis
1643 2987 1726 3044 possit
1735 2987 1860 3046 quicquid

1111 3055 1196 3111 magis
1210 3054 1332 3111 expedire
1346 3053 1529 3100 iudicabimus.

1150 3123 1197 3172 se.
1214 3125 1297 3179 cique
1312 3121 1479 3168 haecomnia
1494 3122 1521 3167 in
1531 3122 1665 3168 antedicta
1675 3121 1860 3179 congregatio·
1914 3129 2040 3176 radpertus
2057 3141 2092 3176 η.

1112 3201 1144 3234 ne
1162 3188 1273 3236 liberius
1292 3189 1484 3246 perfectiusque
1503 3183 1709 3247 adimpleantur,
1728 3193 1859 3236 secretum
1879 3183 1939 3230 creti
1954 3182 2077 3230 custodio.

1111 3256 1245 3304 adinstar
1262 3255 1344 3312 illius,
1359 3256 1428 3313 quod
1446 3268 1495 3313 pro
1509 3257 1622 3314 negotiis
1636 3256 1670 3303 ad
1689 3259 1808 3303 sanctam
1823 3261 1861 3302 ln·

1111 3323 1283 3380 quisitionem
1298 3323 1494 3380 pertinentibus
1508 3327 1640 3378 servatur,
1658 3323 1773 3381 singulis
1787 3335 1861 3382 prae-

1111 3390 1189 3436 dictis
1204 3390 1396 3446 cardinalibus,
1411 3401 1525 3436 necnon
1539 3391 1657 3437 auditori
1672 3393 1763 3438 nostro
1776 3391 1861 3438 iniun·

1111 3457 1211 3514 gimus;
1227 3469 1288 3504 cum
1302 3457 1428 3504 facultate
1443 3461 1533 3504 tamen
1550 3458 1762 3504 communicandi
1776 3459 1807 3504 de
1823 3471 1861 3504 re·

1111 3523 1161 3569 bus
1174 3524 1208 3569 ad
1222 3523 1306 3580 ipsam
1321 3523 1556 3580 congregationem
1571 3522 1758 3581 spectantibus,
1769 3526 1818 3570 sub
1828 3525 1861 3570 si-

1112 3589 1169 3636 mili
1183 3590 1278 3636 secreti
1292 3591 1359 3646 lege,
1373 3601 1432 3636 cum
1450 3601 1500 3636 nno
1514 3583 1642 3648 cuiusque
1656 3591 1775 3650 ipsorum
1789 3593 1862 3638 audi-

1113 3663 1178 3714 tore,
1194 3657 1248 3704 sive
1263 3657 1414 3702 studiorum
1435 3657 1566 3714 adiutore,
1581 3659 1607 3704 et
1622 3671 1675 3704 uno
1694 3660 1861 3714 amanuensi,

1112 3737 1159 3772 nec
1173 3738 1225 3773 non
1239 3737 1299 3771 eum
1314 3725 1356 3781 iis,
1371 3736 1436 3784 qnos
1451 3725 1545 3770 iisdem
1561 3724 1592 3770 de
1607 3725 1686 3771 rebus
1697 3725 1862 3784 interrogan-

1111 3795 1158 3840 dos
1172 3794 1214 3839 vel
1227 3792 1400 3839 consulendos
1415 3792 1575 3847 censuerint,
1584 3792 1617 3838 ad
1632 3794 1808 3850 assequendas
1818 3805 1862 3840 no·

1112 3861 1187 3908 titius
1201 3861 1229 3906 in
1243 3871 1303 3906 eum
1319 3869 1425 3916 scopum
1444 3860 1629 3915 conducentes,
1643 3871 1760 3918 quosque
1775 3862 1860 3908 eidem

1112 3930 1213 3988 pariter
1227 3930 1328 3973 secreto
1342 3925 1467 3972 obnoxios
1481 3937 1538 3972 esse
1553 3927 1647 3973 debere
1661 3928 1813 3974 statuimus.

1153 4001 1199 4046 st.
1216 3995 1376 4042 confidimns
1396 4005 1459 4038 vero
1480 3993 1562 4040 etiam
1583 4005 1674 4040 omnes
1694 4005 1747 4050 eos,
1768 3995 1814 4052 qui
1828 3996 1862 4041 ad
1923 3999 2092 4064 commopitr'o

1113 4061 1550 4122 promotionempraeficiendorum
1560 4062 1742 4119 quodcumque
1751 4061 1862 4121 iusque·
1880 4054 1915 4100 (td
1930 4065 1972 4101 ⁶⁰⁸
1982 4065 2030 4118 ΗΜ
2044 4053 2093 4100 Μί-

1112 4141 1223 4186 cumque
1238 4129 1341 4174 ratione
1355 4139 1371 4174 a
1386 4127 1450 4172 Sede
1465 4127 1613 4184 apostolica
1626 4127 1732 4185 babent,
1742 4132 1791 4174 aut
1799 4129 1862 4176 alio·
1881 4108 1948 4208 g¹⁴⁰d
1976 4119 2016 4206 ‘¹⁴2³
2042 4107 2093 4194 M]

1112 4196 1177 4253 quin
1190 4206 1298 4252 operam
1312 4205 1388 4240 suam
1403 4195 1539 4251 praestant
1558 4194 1636 4249 (nihil
1651 4194 1680 4240 in
1690 4193 1724 4240 iis
1733 4206 1781 4253 pro
1790 4207 1863 4254 prae·
1879 4167 2085 4273 rffi'pssgegmt

1113 4262 1182 4308 senti
1196 4266 1346 4319 temporum
1366 4260 1468 4308 ratione
1493 4261 1659 4317 innovando),
1674 4263 1706 4308 ob
1721 4263 1810 4309 oculos
1824 4275 1863 4310 as·
1881 4269 1909 4315 in
1927 4249 2094 4328 promotioni-¹

1113 4329 1188 4374 sidue
1203 4326 1350 4383 habituros,
1365 4327 1392 4372 in
1404 4338 1549 4385 eorumque
1558 4327 1648 4374 animo
1658 4339 1762 4386 semper
1772 4329 1863 4374 haesu-
1882 4322 1927 4369 bue
1954 4321 2095 4380 cpiscopo-

1112 4406 1171 4441 ram
1188 4396 1276 4452 (prout
1290 4401 1317 4440 et
1331 4394 1566 4441 hactenusfactum
1578 4406 1626 4452 pro
1636 4395 1753 4452 ipsorum
1765 4394 1863 4452 pietate
1880 4387 1944 4424 mm·

1113 4474 1144 4509 ac
1162 4461 1291 4518 religione
1305 4463 1439 4518 putamus)
1460 4461 1693 4508 commonitionem
1708 4461 1784 4508 illam
1798 4462 1863 4508 adeo

1113 4530 1295 4587 ponderosam,
1309 4539 1389 4585 quam
1403 4527 1568 4585 praedictum
1578 4527 1723 4574 concilium
1734 4529 1863 4574 Tridenti-

1114 4607 1177 4642 num
1192 4596 1295 4642 censuit
1308 4595 1501 4650 inculcandam,
1516 4594 1646 4651 videlicet,
1658 4595 1726 4641 nibil
1736 4607 1764 4640 se
1774 4596 1809 4641 ad
1818 4597 1863 4642 Dei

1114 4664 1228 4722 gloriam
1242 4665 1269 4708 et
1282 4662 1440 4720 populorum
1455 4663 1569 4710 salutem
1578 4661 1675 4708 utilius
1685 4674 1759 4720 posse
1769 4663 1863 4720 facere,

1114 4743 1193 4789 quarn
1208 4731 1231 4776 si
1244 4725 1325 4776 honos
1345 4732 1474 4787 pastores,
1489 4733 1515 4776 et
1531 4729 1655 4776 ecclesiae
1676 4731 1863 4786 gubernandas

1114 4799 1220 4845 idoneos
1234 4797 1382 4855 promoveri
1396 4797 1533 4850 studeant;
1548 4809 1652 4854 eosque,
1667 4797 1763 4844 alienis
1778 4810 1864 4855 pecca·

1115 4866 1149 4912 tis
1163 4865 1398 4920 communicantes,
1419 4864 1571 4911 mortaliter
1591 4876 1707 4922 peccare,
1727 4865 1779 4911 nisi
1799 4877 1864 4923 quos

1114 4933 1256 4990 digniores,
1271 4935 1298 4978 et
1313 4931 1438 4979 ecclesiae
1460 4933 1545 4990 magis
1566 4933 1647 4977 utiles
1666 4932 1717 4990 ipsi
1736 4931 1865 4978 iudicave-

1115 5001 1170 5046 rint
1185 5012 1237 5046 nou
1251 4999 1356 5057 quidem
1371 5000 1500 5057 precihus,
1515 5001 1556 5045 vel
1571 5001 1688 5046 humano
1702 4999 1807 5056 affectu,
1818 5001 1865 5046 aut

1114 5067 1290 5114 ambientium
1305 5067 1529 5124 suggestionibus,
1540 5068 1686 5114 acdeorum
1697 5067 1865 5124 exigentibus
1891 5125 1893 5128 Ι

1116 5135 1229 5189 meritis,
1244 5134 1351 5190 praefici
1368 5133 1512 5191 diligenter
1525 5133 1684 5180 curaverint.

1155 5210 1168 5252 s
1182 5205 1202 5246 8.
1218 5201 1289 5247 Nulli
1304 5211 1367 5258 ergo
1382 5201 1490 5246 omnino
1504 5201 1642 5247 hominum
1656 5201 1736 5248 liceat
1746 5202 1814 5248 hanc
1824 5213 1865 5260 pa-
1918 5212 2021 5259 gampso
2041 5223 2097 5260 cca-

1115 5267 1205 5324 ginam
1226 5270 1333 5314 nostrae
1355 5267 1510 5324 voluntatis,
1530 5268 1739 5324 constitutionis,
1758 5268 1865 5332 ¹decreti,
1882 5267 2031 5313 stitutionis.

1116 5335 1220 5391 statuti,
1235 5335 1397 5382 hortationis
1411 5337 1437 5380 et
1452 5335 1606 5381 monitionis
1620 5335 1774 5394 infringere,
1787 5337 1828 5383 vel
1842 5336 1866 5382 ei

1116 5412 1184 5447 ausu
1199 5401 1342 5448 temerario
1356 5402 1500 5450 contraire:
1516 5400 1538 5448 si
1552 5401 1611 5460 quis
1621 5409 1712 5448 autem
1723 5403 1772 5450 boc
1782 5405 1866 5449 atten-

1116 5471 1175 5515 tare
1197 5469 1413 5527 praesumpserit,
1437 5469 1648 5526 indignationem
1672 5470 1866 5527 omnipotentis

1117 5535 1170 5591 Dei,
1184 5547 1215 5581 ac
1228 5537 1366 5581 beatorum
1388 5534 1458 5582 Petri
1472 5539 1498 5582 et
1512 5536 1588 5583 Pauli
1602 5538 1786 5594 apostolorum
1808 5537 1865 5584 eius

1117 5615 1145 5648 se
1160 5603 1262 5648 noverit
1277 5603 1455 5650 iucursusum.

1156 5673 1252 5716 Datum
1271 5673 1378 5726 Romae,
1393 5672 1464 5729 apud
1478 5675 1502 5717 S.
1519 5671 1629 5720 Mariam
1648 5673 1783 5730 Maiorem,
1797 5683 1867 5720 anno

1118 5738 1310 5784 incarnationis
1318 5739 1468 5785 Dominicae
1478 5739 1621 5786 millesimo
1631 5740 1867 5798 septingentesimo

1117 5804 1333 5862 quadragesimo,
1354 5807 1428 5852 sexto
1449 5806 1551 5852 decimo
1572 5807 1698 5853 kalendas
1717 5807 1867 5858 novembris

1117 5872 1287 5929 pontificatus
1301 5874 1387 5921 nostri
1401 5885 1470 5920 anuo
1485 5887 1502 5921 1.
