4820 6980
973 540 1170 588 nnnnorcrns
1190 523 1258 585 niu

336 662 484 744 pellectili
515 657 703 740 instructae,
726 661 814 726 facile
842 661 924 724 enirn
955 659 1086 738 quisque

337 757 500 836 intelligit,
515 752 540 816 si
555 751 701 832 aduenae,
717 755 866 834 perhanc
886 761 1025 816 nostram
1039 767 1086 813 ec

338 851 538 914 clesiasticam
550 847 702 912 ditionem
717 849 777 912 iter
790 853 928 926 agentes,
945 845 1087 908 intuean-

340 949 392 1006 tur
413 943 555 1006 ecclesias
575 943 737 1006 civitatum
767 958 801 1004 ac
821 941 998 1004 dioecesum
1023 937 1086 1001 rni-

340 1051 442 1110 nosas,
464 1034 573 1099 illuvie
593 1041 624 1097 et
645 1027 792 1114 squalore¹
810 1032 973 1108 deformes,
995 1031 1087 1094 sacris

340 1128 478 1192 restibus
506 1129 692 1207 indigentes,
715 1129 764 1191 vel
787 1129 936 1190 babentes
960 1126 1085 1199 laceras,

339 1223 476 1287 sordidas
500 1231 531 1285 et
553 1224 619 1286 eius
647 1223 834 1286 conditionis
861 1239 894 1286 ac
920 1227 1028 1295 status,
1052 1228 1087 1282 ut

340 1317 453 1394 dignae
472 1318 547 1393 sint,
569 1333 647 1397 qnae
669 1318 904 1392 interdicantur,
927 1323 1010 1378 certe
1031 1331 1086 1377 no-

339 1410 411 1474 stris
433 1411 570 1472 meribus
592 1410 724 1473 offensae
746 1418 837 1489 atque
859 1409 1036 1486 indignatae
1049 1410 1084 1470 ad

340 1521 409 1567 suas
430 1504 574 1579 regiones
595 1509 803 1566 revertentur.
828 1504 883 1567 Hic
910 1509 1016 1566 autem
1036 1501 1085 1562 ad·

340 1595 421 1660 verti
451 1597 612 1670 volumus,
643 1613 698 1660 nos
720 1597 812 1660 rerba
836 1595 936 1661 iacere
963 1612 1026 1659 non
1048 1596 1086 1659 de

338 1690 588 1769 sumptuositate,
601 1698 632 1752 et
645 1705 802 1752 sacrorum
817 1691 1006 1769 templorum
1023 1707 1085 1752 ma-

339 1783 529 1860 gnificentia,
553 1799 610 1844 nec
632 1785 669 1846 de
699 1782 796 1846 divite
817 1801 851 1846 ac
882 1785 1014 1862 pretiosa
1034 1800 1085 1846 sn-

339 1875 503 1953 pellectili3
535 1892 599 1939 non
627 1876 714 1939 enirn
742 1893 798 1939 nos
823 1877 896 1939 latet
921 1877 995 1939 baec
1020 1892 1082 1938 non

337 1968 481 2031 omnibus
503 1969 537 2031 iu
553 1969 626 2031 locis
646 1969 753 2032 haberi
774 1985 879 2048 posse3
901 1971 954 2032 sed
975 1970 1085 2033 decen-

338 2061 412 2122 tiam
435 2067 466 2124 ot
488 2063 677 2126 munditiam
698 2061 918 2139 desideramus,
935 2080 1009 2142 quas
1031 2079 1085 2125 ne·

337 2155 415 2218 mini
438 2157 611 2218 detrectare
626 2156 708 2232 licet,
724 2157 796 2234 qnia
815 2157 910 2219 etiam
925 2173 995 2219 curu
1011 2173 1086 2235 pan·

337 2254 456 2327 perlate
482 2248 562 2311 beno
592 2251 763 2314 convenire
784 2259 815 2312 et
846 2251 992 2330 componi
1016 2267 1085 2330 pos·

337 2351 421 2406 sunt.
446 2344 531 2406 inter
551 2353 670 2407 caetera
694 2345 792 2421 mala,
815 2345 928 2424 quibus
949 2345 1083 2408 Ecclesia

337 2437 391 2498 Dei
413 2436 577 2514 affligitur,
599 2437 693 2502 etiarn
716 2440 753 2500 de
780 2439 837 2500 boc
863 2437 983 2501 dolebat
1009 2455 1080 2501 ven.

290 2567 292 2571 ·
337 2529 427 2594 Gard.
441 2529 664 2594 bellarminus:
681 2531 812 2603 Omitto,
826 2533 984 2611 inquiens,
1001 2533 1083 2611 qnod

336 2620 460 2686 alicubi
480 2641 557 2686 oasa
577 2639 673 2686 saera
694 2627 726 2684 et
746 2630 858 2697 restes,
882 2623 997 2702 quibus
1017 2641 1082 2701 mp-

336 2719 439 2782 steria
461 2716 674 2790 celebrantur,
692 2717 772 2780 eilia
793 2725 823 2780 et
845 2717 977 2780 sordida
999 2720 1084 2780 inae-

336 2811 490 2883 niontnr,
519 2811 654 2890 indigna
681 2826 832 2889 prorsus,
855 2828 936 2889 quae
956 2811 997 2874 ad
1021 2819 1084 2872 tre-

336 2907 449 2969 menda
478 2908 632 2984 mysteria
660 2905 889 2971 adhibeantur.
912 2905 962 2968 *At
983 2907 1080 2985 sorte,

336 3001 391 3078 qui
403 3000 479 3063 baec
494 2999 658 3073 adhibent,
674 3013 828 3080 pauperes
849 3004 940 3062 suut.
964 2999 998 3060 ld
1013 3000 1081 3076 qui-

336 3093 404 3155 dem
424 3094 494 3173 fieri
515 3101 638 3171 potesn-
659 3095 712 3156 sed
732 3096 760 3156 si
775 3095 915 3172 pretiosa
937 3108 1000 3154 non
1014 3107 1082 3168 pos·

334 3193 426 3258 sunt,
448 3188 561 3250 saltnn
591 3187 714 3250 munda
742 3191 773 3248 et
794 3185 902 3248 nitida
925 3201 1082 3262 procura·

335 3284 418 3341 rent.
436 3279 643 3354 Quamobrem
661 3281 875 3356 praedecessor
896 3285 1001 3340 noster
1017 3293 1078 3340 rec.

335 3387 397 3434 me.
427 3373 612 3435 Benedictus
640 3375 733 3448 xlii,
762 3373 851 3435 cuius
879 3373 997 3434 labores
1025 3386 1081 3450 pro

333 3465 534 3528 ecclesiastica
569 3467 727 3545 disciplina
761 3466 812 3527 vei
845 3465 996 3527 servanda
1029 3464 1079 3527 rel

334 3559 536 3634 restituenda,
559 3559 820 3638 ecclesiarumque
834 3559 951 3632 ¹decore
971 3574 1080 3637 procu-

334 3652 440 3728 rando,
456 3652 609 3714 notissimi
624 3662 710 3728 sunt,
724 3669 897 3731 proponere
916 3653 1033 3715 solebat
1047 3653 1080 3714 in

334 3745 513 3823 exemplum
529 3752 652 3824 patrum
664 3745 911 3824 capuccinorum
924 3745 1078 3820 ecclesias,

333 3838 367 3901 in
388 3838 499 3916 quibus
519 3845 567 3900 est
587 3853 708 3900 summa
741 3845 902 3917 paupertas
932 3839 1080 3916 aequalis·

333 3948 394 4010 qne
424 3932 594 3994 mundities
621 3932 764 3994 omnium
792 3931 890 3994 oculis
916 3932 1079 4011 spectanda

301 4095 303 4100 ,
332 4041 366 4088 se
386 4025 486 4088 otiert.
511 4025 674 4087 breuelius
698 4031 771 4086 tam.
797 4023 839 4083 17
859 4039 988 4088 suorum
1009 4040 1078 4103 ope

289 4167 295 4178 .
333 4136 415 4196 rum,
431 4137 510 4200 qnae
531 4122 671 4186 Monacbi
694 4123 839 4202 impressa
861 4133 947 4199 sunt,
971 4124 1003 4184 in
1020 4132 1079 4186 tra-

332 4223 427 4289 ctatu,
439 4215 492 4294 qui
505 4215 685 4278 inscribitur
698 4215 973 4294 Gazapbplaaium
987 4215 1079 4278 cart-

333 4307 390 4379 sti‚
404 4312 492 4385 part.
508 4307 542 4379 2,
559 4325 626 4388 cap.
642 4309 674 4382 2,
698 4325 771 4389 pag.
790 4309 869 4381 153,
893 4311 935 4372 ita
955 4311 1076 4373 scribit:

332 4399 480 4462 Primum
502 4419 541 4464 ac
560 4403 775 4479 potissimum,
792 4403 874 4481 qnod
889 4402 1014 4482 templis
1030 4403 1080 4464 de-

333 4492 437 4564 batur,
454 4502 500 4556 est
515 4496 701 4558 mundities.
720 4497 792 4560 Non
808 4501 939 4560 tontum
954 4497 1077 4567 adsint,

333 4600 413 4662 qnae
428 4585 463 4645 in
478 4601 557 4648 usna
572 4602 681 4649 sacros
695 4588 887 4661 necessaria,
898 4587 952 4648 sed
966 4589 1076 4658 etiam,

333 4680 491 4754 quantum
520 4679 592 4758 fieri
618 4687 734 4757 potest,
760 4682 975 4746 mundissima
996 4682 1075 4743 sint.

334 4769 372 4831 bt
393 4770 462 4832 iure
482 4773 595 4834 merito
622 4782 729 4835 contra
751 4791 803 4836 eos
824 4777 1000 4851 invehitur,
1024 4776 1076 4854 qui

331 4866 438 4929 domos
453 4869 534 4933 bene
547 4879 670 4933 ornatas
684 4878 716 4934 et
730 4870 827 4933 cultas
843 4870 968 4946 liabent,
982 4868 1078 4931 eccle·

331 4963 389 5024 sias
418 4977 491 5024 vero
514 4963 546 5024 in
573 4963 728 5042 squallore
758 4973 791 5027 et
820 4965 962 5027 sordibus
984 4963 1077 5026 relin-

331 5063 444 5134 quunt.
470 5056 554 5119 Sunt
569 5057 746 5135 erumnas·
769 5058 874 5121 domos
896 5059 1011 5122 babent
1030 5061 1079 5122 in-

330 5151 572 5224 stractissimns¹
592 5156 622 5211 et
645 5154 887 5216 ornatissimos:
911 5155 946 5214 in
967 5170 1076 5216 eorum

333 5245 458 5323 templis
479 5261 517 5306 oe
536 5243 663 5306 sacellis
676 5245 837 5323 squallent
860 5249 983 5311 omnia:
998 5265 1077 5310 arae

331 5355 351 5401 a
373 5336 572 5417 frontalibus
594 5338 701 5401 nudae
721 5342 779 5401 eiu
810 5339 928 5401 laceris
949 5347 978 5403 et
1010 5357 1075 5402 sor-

330 5431 414 5496 didis
442 5432 561 5510 pannis
592 5431 843 5494 insternuntur:
877 5434 912 5494 in
941 5435 1076 5496 caeteris

331 5522 476 5588 omnibus
498 5524 645 5604 confusio
666 5529 698 5584 et
711 5522 866 5601 squallor.
883 5525 1010 5602 Magnus
1022 5527 1076 5588 Ec

330 5616 439 5679 clesiao
467 5619 578 5680 doctor
597 5617 806 5695 Hieronymus
830 5618 864 5678 in
886 5617 1011 5696 epistola
1040 5618 1076 5679 ad

330 5709 559 5772 Demetriadem
587 5725 699 5788 parum
719 5726 752 5772 se
779 5726 887 5772 curare
914 5709 994 5772 band
1025 5711 1077 5774 ob-

330 5817 421 5863 scnre
452 5801 617 5877 indicavit,
647 5817 795 5880 pauperes
818 5818 874 5877 ne,
897 5819 936 5864 an
965 5803 1076 5866 divites

330 5893 393 5956 sint
414 5893 570 5956 ecclesiae.
584 5892 651 5958 Alii
673 5893 841 5973 aedificent
857 5895 1014 5967 ecelesias,
1027 5911 1076 5957 ne·

437 6037 489 6084 lue.
506 6039 575 6085 Peru.
590 6037 621 6085 de
635 6039 710 6100 Prop.
727 6039 788 6088 Fide
802 6040 884 6088 Partis
899 6043 918 6089 1.
932 6039 986 6087 vol.
1001 6043 1043 6087 111.
1079 6105 1082 6112 ι

1141 656 1246 718 stiunt
1265 657 1405 735 parietes
1426 671 1625 720 marmorum
1647 653 1780 726 crustis,
1804 653 1890 716 coln·

1142 765 1294 812 mnarum
1308 751 1403 812 moles
1417 749 1587 820 advebunt,
1606 764 1779 826 earumque
1793 746 1889 810 dean-

1142 848 1215 906 rent
1237 845 1357 922 capita,
1379 844 1557 922 pretiosum
1579 847 1804 905 ornamentum
1826 856 1889 903 nan

1142 938 1335 1012 sentientia·
1367 936 1455 1002 ebore
1482 942 1675 1018 argentoque
1703 941 1826 1008 valnas,
1858 941 1889 997 et

1142 1031 1417 1112 gemmisaurata
1440 1031 1647 1110 distinguant
1670 1028 1809 1104 altaria;
1824 1046 1889 1091 non

1143 1123 1344 1202 reprebendo,
1374 1141 1440 1186 non
1460 1122 1586 1197 abnam·
1611 1123 1831 1203 unusquisqne
1853 1124 1889 1186 in

1141 1233 1199 1278 suo
1220 1233 1316 1280 sensu
1338 1216 1497 1281 abundet:
1519 1216 1696 1297 meliusque
1710 1217 1825 1280 estboc
1839 1219 1889 1298 fa-

1143 1326 1221 1383 cere,
1238 1327 1333 1390 guam
1356 1312 1504 1390 repositis
1528 1311 1639 1389 opibus
1660 1310 1825 1376 incubare.
1848 1310 1889 1373 lit

1142 1419 1217 1466 vero
1242 1405 1442 1468 ecclesiarum
1473 1407 1659 1470 munditiem
1686 1405 1821 1468 maxime
1847 1403 1889 1466 ia·

1142 1513 1211 1560 cere
1239 1507 1344 1576 aperte
1372 1498 1555 1576 declaravit,
1585 1516 1659 1563 cum
1680 1499 1887 1578 Nepotianum

1141 1591 1272 1654 summis
1294 1593 1433 1656 laudibus
1455 1593 1579 1668 extulit,
1602 1593 1673 1673 quia
1695 1592 1827 1670 diligens
1855 1609 1888 1655 ac

1141 1683 1278 1748 solicitus
1298 1685 1358 1749 luit
1380 1687 1412 1749 in
1434 1687 1536 1749 nitore
1560 1695 1591 1749 et
1612 1685 1766 1749 munditia
1793 1684 1888 1748 eccle·

1140 1779 1255 1841 siarum
1277 1787 1370 1860 atque
1390 1781 1534 1844 altarium
1555 1782 1701 1854 curanda,
1724 1787 1758 1842 ut
1780 1779 1887 1842 ridere

1141 1870 1213 1934 licet
1226 1872 1259 1934 in
1274 1873 1412 1937 eiusdem
1434 1873 1597 1951 Nepotiani
1613 1873 1790 1952 Epitaphio,
1806 1873 1887 1952 quod

1141 1964 1271 2028 Sanctus
1293 1969 1329 2032 ad
1351 1966 1552 2030 Heliodorum
1574 1968 1670 2029 misit.
1696 1968 1779 2030 Erat
1800 1983 1882 2047 erga,

1140 2058 1193 2133 ait,
1215 2059 1375 2132 solicitus,
1398 2060 1428 2122 si
1450 2063 1570 2122 niteret
1591 2060 1708 2131 altare,
1731 2061 1760 2124 si
1781 2063 1886 2139 parie-

1142 2157 1187 2213 tes
1207 2151 1323 2231 absque
1349 2154 1500 2235 fuligine,
1521 2155 1551 2216 si
1571 2155 1756 2233 pauimenta
1786 2161 1883 2226 tersa,

1139 2247 1168 2308 si
1192 2246 1317 2310 ianitor
1347 2245 1454 2311 creber
1475 2249 1511 2309 in
1532 2254 1643 2326 porta,
1665 2250 1735 2312 cela
1764 2265 1886 2326 semper

1140 2341 1175 2403 in
1197 2341 1301 2413 ostiis,
1317 2343 1346 2404 si
1366 2343 1551 2406 sacrarium
1572 2344 1740 2414 mnndum,
1758 2343 1787 2404 si
1808 2359 1885 2405 oasa

1139 2434 1317 2507 luculenta,
1342 2443 1372 2498 et
1395 2435 1429 2498 in
1456 2451 1561 2498 omnes
1589 2436 1802 2499 coeremonias
1829 2437 1885 2514 pia

1138 2530 1309 2594 solicitudo
1324 2531 1500 2608 disposita·
1522 2546 1586 2592 non
1601 2533 1721 2602 minus,
1739 2547 1803 2592 uon
1818 2547 1884 2592 ma·

1139 2624 1191 2686 ius
1223 2623 1402 2703 negligebat
1430 2626 1577 2704 officinm.
1611 2624 1752 2688 Proiecto
1777 2624 1884 2686 sedulo

1139 2734 1172 2780 ac
1193 2718 1362 2796 diligenter
1383 2720 1555 2781 cavendum
1577 2725 1635 2793 est,
1659 2734 1698 2779 ue
1721 2718 1796 2781 illud
1820 2735 1882 2780 non

1137 2810 1205 2872 sine
1230 2811 1362 2872 maxima
1385 2811 1586 2873 ·ecclesiastici
1614 2811 1731 2874 ordinis
1758 2811 1884 2875 infamia

1137 2904 1313 2981 contingat,
1336 2903 1417 2984 qnod
1438 2905 1495 2966 sibi
1522 2907 1663 2967 evenisse
1694 2913 1799 2968 narrat
1821 2906 1884 2971 lau·

1138 2997 1225 3060 datus
1258 2998 1428 3062 cardinalis
1459 2999 1685 3062 bellarminus:
1717 3003 1799 3081 Ego,
1828 3004 1883 3077 ait,

1138 3109 1211 3153 aum
1226 3093 1400 3172 aliquando
1410 3109 1451 3156 ea
1463 3095 1581 3156 itinere
1592 3095 1678 3172 apud
1692 3096 1884 3172 Episcopum

1138 3185 1273 3250 nobilem
1301 3193 1332 3248 ct
1359 3187 1793 3265 praedivitemltospitarer,
1816 3189 1918 3252 cidi.

1137 3279 1248 3342 aulam
1260 3283 1346 3344 ansis
1358 3284 1519 3361 argenteis
1530 3281 1740 3358 splendidam,
1754 3290 1784 3343 et
1799 3298 1884 3343 men·

1136 3389 1204 3437 sam
1226 3375 1310 3437 omni
1333 3391 1444 3454 genere
1472 3376 1712 3453 praestantium
1738 3374 1882 3438 ciborum

1137 3468 1310 3544 repertam
1332 3481 1462 3546 mappas
1483 3475 1657 3548 quoqneet
1681 3469 1806 3547 reliqua
1821 3485 1883 3530 ant·

1137 3561 1193 3624 nia
1215 3561 1336 3633 nitida,
1359 3569 1389 3624 et
1412 3562 1536 3624 adorem
1553 3579 1682 3626 suaaent
1704 3564 1879 3640 spirantia.

1137 3654 1196 3718 Sed
1217 3671 1290 3718 cum
1319 3656 1371 3718 die
1397 3658 1544 3734 sequente
1569 3671 1691 3722 summo
1720 3671 1813 3718 mone
1841 3658 1883 3720 ad

1136 3751 1298 3812 ecelesiam
1309 3749 1432 3828 palatio
1444 3751 1630 3830 contiguam
1644 3749 1881 3823 descendissem,

1136 3849 1175 3904 ut
1195 3845 1298 3906 sacris
1321 3859 1479 3921 operarer,
1494 3843 1603 3904 inveni
1625 3843 1733 3906 omnia
1755 3850 1882 3906 contra·

1137 3938 1199 4008 ria,
1226 3938 1256 4000 id
1287 3943 1334 3998 est
1365 3935 1446 4000 cilia
1468 3944 1497 3999 et
1519 3935 1661 4007 sordida,
1685 3942 1723 3998 nt
1744 3937 1801 3999 eiu
1823 3954 1881 3998 an-

1136 4030 1239 4091 derem
1261 4032 1297 4092 in
1320 4031 1380 4093 tali
1395 4032 1470 4102 loeo,
1492 4036 1523 4091 ct
1539 4046 1611 4092 eunt
1628 4031 1689 4092 tali
1703 4034 1879 4107 apparatu,

1136 4125 1248 4188 divina
1269 4125 1424 4203 mgstert'a
1446 4124 1614 4188 celebrare.

1174 4222 1193 4296 ἓ
1213 4220 1243 4282 2.
1261 4220 1366 4282 attera
1382 4235 1430 4280 res
1444 4226 1502 4294 est,
1516 4221 1551 4280 ad
1567 4233 1660 4297 qnam
1672 4235 1779 4282 curant
1794 4227 1879 4282 tuam
1899 4224 2112 4336 flgpsassivaetzeortj

1135 4319 1166 4374 et
1186 4311 1417 4374 solicitudinem
1442 4313 1626 4387 excitamus,
1657 4318 1691 4373 nt
1718 4311 1813 4372 borae
1834 4328 1879 4374 aa·
1899 4329 2034 4378 sorranus.

1135 4407 1281 4480 nonicae,
1304 4423 1360 4484 pro
1389 4421 1477 4467 more
1496 4415 1529 4466 et
1557 4405 1702 4467 instituto
1729 4406 1881 4483 cuiusque

1135 4500 1291 4573 ecclesiae,
1313 4507 1464 4562 canantur
1495 4515 1549 4560 sen
1582 4498 1765 4573 recitentur,
1789 4504 1880 4575 prout

1134 4593 1220 4655 decet
1251 4611 1285 4656 ac
1314 4594 1475 4668 convenit,
1498 4591 1609 4668 abiis,
1632 4591 1684 4669 qui
1707 4592 1741 4652 ad
1764 4607 1813 4653 eas
1836 4599 1878 4653 te-

1134 4694 1266 4762 nentur;
1294 4686 1372 4747 nibil
1396 4685 1481 4746 enim
1507 4692 1553 4746 est
1577 4686 1675 4760 magis
1699 4684 1880 4748 ecclesiasti·

1133 4796 1185 4844 cae
1199 4779 1378 4858 disciplinae
1399 4776 1561 4842 inimicum
1583 4787 1635 4842 aut
1657 4779 1877 4856 perniciosum,

1133 4889 1225 4951 qnam
1246 4873 1385 4934 divinam
1408 4871 1607 4950 psalmodiam
1624 4873 1656 4934 in
1673 4872 1810 4935 ecclesiis
1825 4875 1877 4936 bei

1133 4966 1336 5044 contemptim
1365 4973 1418 5028 aut
1445 4965 1644 5042 negligenter
1665 4967 1761 5028 obire.
1787 4969 1878 5030 Certe

1134 5059 1213 5121 band
1230 5059 1335 5134 ignota
1348 5058 1402 5120 tibi
1417 5066 1463 5120 est
1478 5057 1634 5135 obligatio,
1650 5076 1709 5138 qua
1725 5061 1877 5136 canonici,

1132 5152 1245 5230 aliique
1267 5151 1464 5214 ecclesiarum
1488 5151 1809 5230 metropolitanarum,
1831 5170 1878 5215 ca-

1134 5245 1320 5307 thedralium
1349 5251 1380 5306 et
1410 5245 1644 5322 collegiatarum
1675 5247 1709 5307 ad
1742 5247 1879 5324 quotidie

1132 5339 1222 5400 boras
1243 5339 1402 5401 canonicas
1424 5340 1456 5402 in
1477 5340 1748 5402 chorocantandas
1770 5351 1877 5402 tenen-

1133 5438 1201 5492 tur:
1226 5432 1274 5493 cui
1304 5431 1485 5507 obligationi
1508 5431 1580 5493 satis
1602 5432 1656 5493 ille
1683 5432 1877 5524 ntiquemon

1133 5522 1213 5597 lacit,
1225 5524 1278 5602 qui
1291 5523 1512 5586 ecclesiasticae
1526 5523 1712 5602 psalmodiae
1733 5537 1877 5600 munere,

1133 5615 1220 5677 nulla
1231 5617 1327 5678 animi
1338 5617 1521 5692 attentione,
1533 5617 1700 5679 oscitanter
1712 5617 1879 5696 indiligen-

1133 5715 1242 5787 terque
1253 5708 1462 5786 perfungitur.
1482 5709 1603 5772 Summ.
1621 5711 1709 5772 Pont.
1728 5711 1878 5774 innocen·

1133 5804 1193 5867 tius
1214 5801 1264 5865 lll.
1289 5803 1320 5864 in
1344 5801 1482 5866 Concilio
1507 5803 1692 5866 Lateranen.
1717 5803 1821 5866 relata
1842 5805 1878 5865 in

1132 5912 1200 5976 cap.
1226 5896 1372 5958 Dolenter
1388 5894 1423 5956 de
1438 5893 1586 5958 celebrat.
1610 5896 1698 5962 Miss.
1712 5897 1749 5958 de
1770 5898 1877 5960 eadem

1745 6045 1772 6089 57

1811 517 1870 580 769
1919 513 1974 568 Art.
1988 515 2019 568 d.
2040 514 2109 570 1749
