4820 6980
346 539 401 597 lu.
414 541 446 596 0.
467 539 536 596 1747

357 3084 517 3140 ¹Resolvitur
532 3095 557 3131 o·

343 3149 558 3240 liialiiluiiil

344 3247 424 3294 tloua.

362 4213 393 4258 ut
407 4207 510 4256 dilllclla
523 4219 560 4255 es·

341 4275 384 4320 aa,
407 4267 437 4310 ut
458 4264 559 4320 Episco-
597 4292 602 4302 .

344 4329 395 4418 ii1⁸
403 4317 559 4416 ,sirtille

344 4427 442 4471 autum
461 4433 560 4471 revoca-

345 4489 374 4525 re
387 4477 475 4536 possit.

587 539 645 602 rau
736 522 739 530 '

568 690 662 739 mano
691 671 840 736 Pontidce
869 669 1090 747 indulgeantur
1121 671 1312 745 opportunae

567 767 737 840 facultates,
760 765 792 826 iu
815 762 927 842 quibus
948 760 1106 838 derogatio
1127 773 1222 836 super
1241 771 1313 818 con·

568 876 662 922 sensu
675 856 844 935 superioris
859 854 976 917 ordinis
991 853 1116 916 laxioris
1131 849 1310 914 includitur.

608 951 693 1026 Quod
716 964 791 1010 vero
813 947 872 1023 ius,
895 947 986 1009 cerlis
1008 946 1041 1008 in
1062 943 1192 1017 casibus,
1208 942 1315 1006 certis-

570 1059 630 1123 que
651 1044 689 1106 de
710 1042 825 1116 causis,
853 1040 1002 1120 competit
1023 1035 1176 1117 superiori
1197 1035 1315 1098 ordinis

570 1136 706 1210 laxioris,
728 1143 764 1197 ut
784 1149 878 1196 suum
898 1133 1057 1196 subditum
1079 1129 1257 1208 regularem
1279 1129 1314 1190 ad

569 1228 759 1292 strictiorem
774 1227 917 1288 ordinem
937 1224 1123 1302 digressum,
1139 1223 1233 1286 etiam
1249 1227 1317 1300 post

568 1321 742 1384 solemnem
757 1318 981 1398 professionem
1003 1318 1036 1382 in
1050 1333 1087 1380 eo
1101 1316 1257 1389 emissam,
1269 1329 1317 1376 re-

570 1423 675 1493 petere
697 1419 728 1474 et
748 1427 894 1474 revocare
916 1411 1032 1488 valeat,
1054 1411 1138 1472 idem
1158 1407 1315 1482 similiter,

569 1505 662 1570 certis
678 1505 710 1567 in
726 1505 856 1578 casibus,
873 1503 1023 1582 iustisque
1036 1501 1234 1578 exigentibus
1248 1515 1317 1562 cau·

569 1599 623 1675 sis,
646 1599 795 1676 Episcopo
816 1597 974 1675 competit,
998 1603 1033 1658 ut
1053 1610 1148 1658 suum
1169 1593 1317 1656 clericum

570 1691 759 1754 saecularem
780 1690 882 1751 ordini
904 1689 1039 1766 regulari
1061 1687 1248 1765 adscriptum
1270 1701 1317 1748 re-

570 1792 677 1866 petere
698 1783 803 1862 possit.
827 1783 890 1845 Hoc
905 1782 997 1844 tradit
1019 1781 1207 1843 clarissimus
1228 1795 1320 1840 cano-

571 1893 648 1940 num
670 1875 776 1939 doctor
804 1875 1013 1940 Innocentius
1042 1873 1090 1936 lV.
1121 1871 1163 1936 ad
1183 1870 1319 1949 saeperi-

573 1975 681 2034 tntnrn
703 1984 771 2047 cup.
802 1969 888 2030 Licet
909 1968 944 2029 de
974 1964 1209 2047 Regnleribns,
1232 1965 1319 2028 cuius

572 2066 646 2126 baec
676 2073 751 2125 sunt
779 2061 885 2136 verba,
909 2061 951 2125 ibi
982 2077 1071 2122 rrum.
1103 2063 1144 2122 3.·
1176 2057 1319 2120 Clericus

571 2161 673 2236 potest
697 2156 841 2218 transire
862 2153 904 2216 nd
919 2153 1117 2233 religionen,
1133 2168 1196 2213 non
1216 2152 1319 2228 petite

573 2249 717 2321 licentia,
740 2247 870 2310 etiarnsi
891 2245 1161 2318 contradicetur,·
1182 2245 1319 2306 credere-

573 2357 645 2402 mus
668 2346 783 2412 tamen,
803 2337 885 2417 qnod
905 2344 1007 2416 posset
1030 2353 1101 2400 eunt
1124 2338 1320 2416 repercussi

574 2449 613 2496 err
642 2433 790 2496 treanta
817 2448 875 2493 sno
902 2431 1010 2508 prime
1034 2429 1320 2510 ecclesiaqrnuarn

573 2526 749 2590 sustineret
772 2527 947 2588 ioetnrnrn.
975 2524 1145 2588 Concordat
1166 2524 1266 2587 Abbas
1288 2524 1319 2586 in

573 2619 655 2682 idem
677 2634 745 2697 cop.
769 2617 822 2688 14,
843 2618 895 2680 ubi
915 2619 959 2679 sic
980 2618 1035 2678 ait:
1065 2617 1206 2680 litterius
1228 2633 1321 2694 quaa-

575 2712 678 2783 ritnr,
710 2710 786 2790 qnid
808 2711 842 2771 in
871 2708 1035 2773 saeculari
1064 2710 1199 2771 clerieot
1222 2709 1321 2773 Nura-

574 2804 651 2882 quid
679 2807 782 2882 potest
811 2803 940 2866 intrare
968 2803 1004 2863 in
1034 2801 1232 2881 religionem,
1258 2820 1321 2864 nan

573 2897 677 2975 petita
698 2896 832 2975 licentia
854 2892 893 2958 ab
915 2895 1090 2973 Episcopol
1114 2895 1321 2958 Innocentius

576 2995 661 3052 tenet
684 2987 765 3068 quod
793 2987 856 3048 sic:
880 2988 933 3050 sed
953 2989 981 3050 si
1004 2986 1148 3050 Ecclesia
1176 2989 1322 3067 praviter

576 3082 769 3156 laederetur,
794 3086 873 3142 esset
889 3081 1095 3143 revocandus.
1119 3081 1197 3144 Satis
1218 3083 1322 3161 itaque

577 3177 740 3256 provisum
760 3183 807 3236 est
829 3175 922 3236 etiam
944 3175 1109 3253 Episcopo,
1132 3176 1185 3254 qui
1205 3174 1320 3238 lactum

577 3269 681 3332 clerici
701 3269 761 3343 sui,
777 3267 813 3328 ad
828 3267 983 3344 regularia
1005 3267 1146 3343 claustra,
1161 3285 1195 3330 se
1209 3267 1320 3344 invito,

578 3361 719 3439 digressi,
733 3360 917 3438 impugnare
928 3361 1015 3423 velit.
1026 3360 1114 3424 Unde
1125 3376 1182 3422 nec
1193 3360 1255 3424 ulla
1267 3378 1323 3424 nc·

576 3471 615 3518 va
625 3454 845 3517 constitutione
857 3469 933 3532 opus
944 3461 1000 3529 est,
1013 3461 1048 3516 ut
1060 3454 1240 3533 episcopalia
1254 3455 1322 3517 iura

575 3549 686 3612 bacin
707 3555 795 3626 parte
815 3555 1007 3624 asserantur;
1031 3562 1133 3626 neque
1154 3563 1264 3625 porro,
1286 3557 1322 3611 ιιι

576 3641 747 3721 peculiares
767 3641 947 3704 indicentur
967 3657 1064 3716 casus,
1081 3640 1193 3719 quibus
1212 3641 1322 3703 buius-

576 3732 661 3796 modi
676 3733 753 3795 iuris
764 3733 911 3795 exercitio
926 3733 1010 3794 locus
1023 3748 1089 3794 esse
1104 3733 1209 3812 possil3
1223 3749 1321 3812 quum

574 3828 647 3890 satis
658 3827 698 3890 sit
709 3825 850 3904 regulam
862 3829 1039 3903 generalem
1051 3827 1322 3909 tradidisse,quam

576 3921 668 3983 iudex
678 3924 836 3998 sequatur,
848 3933 1004 3999 quamque
1017 3921 1054 3982 ad
1068 3921 1238 3998 peculiares
1252 3939 1322 3986 aau-

576 4030 633 4089 sas,
649 4029 704 4092 pro
722 4013 955 4092 suaprudentia
971 4013 1114 4092 iustoque
1128 4015 1256 4077 arbitrio
1270 4031 1321 4078 ra·

575 4106 637 4168 leat
657 4106 820 4186 applicare.

617 4199 714 4282 liuius
737 4205 841 4260 tamen
865 4199 959 4274 iuris,
982 4215 1044 4276 quo
1075 4200 1241 4280 Episcopus
1262 4203 1321 4264 cle·

578 4307 678 4356 rreum
698 4291 887 4354 saecularem
907 4292 965 4353 sibi
985 4292 1176 4368 subiectum,
1200 4294 1253 4372 qui
1274 4311 1321 4357 re·

578 4387 679 4464 gulari
699 4385 842 4447 instituto
856 4386 925 4447 siue
946 4386 1041 4464 ipsius
1063 4381 1189 4451 assensu
1204 4405 1320 4450 nomen

577 4478 671 4553 dedit,
695 4485 849 4556 repetere,
872 4485 905 4540 et
926 4480 961 4540 ad
984 4477 1320 4570 Ecclesiaeserritium

577 4576 721 4633 revocare
742 4577 852 4649 potest,
868 4571 974 4647 buius,
996 4573 1133 4650 inquam,
1157 4574 1233 4636 iuris
1253 4591 1321 4654 per-

576 4664 721 4742 sequutio
742 4664 773 4725 in
796 4665 914 4726 casibus
928 4665 1163 4744 particularibus
1184 4682 1248 4730 nou
1271 4670 1320 4731 ad·

576 4759 705 4822 modum
719 4757 815 4820 lacilis
829 4773 895 4821 esse
910 4759 1046 4820 videtur.
1067 4758 1221 4822 Ponamus
1236 4761 1320 4824 enim

576 4849 724 4928 Episcopo
745 4865 813 4912 rem
831 4865 898 4912 esse
912 4867 985 4913 cum
999 4851 1111 4914 clerico
1127 4853 1320 4929 beneficiato,

576 4958 648 5005 cum
663 4943 907 5018 canonicarum
922 4943 1153 5023 archidiacono;
1170 4946 1219 5008 vel
1234 4948 1322 5026 (quo-

577 5034 709 5098 niamde
723 5035 855 5114 simplici
878 5037 1070 5113 beneficiato,
1087 5045 1139 5100 aul
1161 5041 1320 5116 canonico,

576 5132 682 5192 minus
708 5128 836 5192 icrusse
861 5129 1022 5210 laborabit)
1044 5132 1092 5214 de⁴
1108 5131 1322 5195 archidiacono

576 5223 748 5286 videamus.
772 5223 869 5284 liuius
884 5223 1055 5300 dignitatis,
1067 5225 1135 5286 sire
1150 5223 1253 5301 officii,
1270 5242 1322 5287 ve-

577 5316 695 5380 teribus
706 5315 831 5394 quidem
844 5318 1034 5395 temporibus
1043 5319 1323 5394 gravissimarum

576 5423 692 5472 munus
713 5425 805 5471 omne
825 5425 863 5471 eo
884 5410 1041 5473 redactum
1062 5417 1121 5488 est,
1143 5419 1178 5474 ut
1200 5412 1322 5490 Episco-

578 5519 615 5581 po
627 5505 838 5566 ordinationes
854 5503 1014 5580 generales
1025 5505 1208 5580 celebranti,
1224 5521 1322 5584 quum

577 5596 635 5676 ipsi
656 5595 853 5659 commodum
868 5596 974 5672 luerit,
990 5599 1120 5672 assistat,
1137 5611 1325 5676 promoven·

577 5690 630 5752 dos
651 5687 686 5749 ad
708 5691 806 5768 ipsam
827 5691 1055 5752 ordinationem
1070 5698 1265 5755 evocaturus.
1291 5691 1323 5754 Si

576 5797 652 5846 uero
673 5793 781 5859 agatur
803 5785 841 5848 de
861 5784 1001 5863 parochis
1022 5783 1128 5846 aliisve
1148 5785 1323 5846 animarum

577 5890 683 5942 turam
705 5876 898 5953 gerentibus,
921 5892 1015 5940 nemo
1036 5875 1162 5956 quidem
1183 5876 1320 5954 negabit,

1087 550 1153 595 ltllt·
1176 546 1267 594 PONT-
1292 545 1333 592 DE
1354 545 1385 590 P·
1408 545 1437 590 Γ.
1461 543 1544 590 PARS
1565 544 1586 589 1.

1370 663 1511 742 ipsorum
1524 677 1640 726 munus
1655 659 1761 738 magni
1773 661 1805 722 iu
1820 658 1954 724 Ecclesia
1964 658 2114 720 momenti

1371 773 1452 834 esse3
1465 757 1517 820 sed
1529 771 1628 836 quum
1639 754 1732 818 simul
1744 753 1853 831 negari
1865 757 2009 833 nequeat,
2020 751 2116 814 Prae-

1372 850 1506 914 lationis
1536 865 1673 921 munus,
1707 865 1763 910 seu
1792 852 1916 909 statura
1945 845 1994 924 (ιιι
2017 844 2118 922 iuquit

1374 943 1497 1008 Saurea
1513 943 1550 1006 de
1563 941 1727 1022 Religione
1739 947 1813 1002 tom.
1830 938 1885 1004 ΙΙΙ.
1904 936 1958 1001 lib.
1973 940 2006 1009 1,
2021 954 2046 998 a.
2057 939 2115 1006 21,

1372 1039 1425 1101 ubi
1441 1039 1478 1100 de
1492 1037 1667 1099 animarum
1689 1051 1762 1097 cura
1779 1033 1929 1113 loquitur)
1950 1033 2060 1094 minus
2074 1046 2121 1090 se·

1373 1145 1489 1192 aarum
1515 1145 1587 1200 esse,
1612 1126 1781 1208 religionis
1808 1142 1881 1188 cero
1902 1141 1966 1188 asse
1994 1128 2120 1186 statum

1373 1222 1507 1286 maioris
1522 1221 1713 1284 securitatis
1728 1220 1764 1281 in
1780 1219 1891 1282 ordine
1906 1217 1946 1281 cd
1961 1217 2120 1295 spiritua-

1374 1314 1434 1376 lem
1454 1316 1613 1385 salutern,-
1637 1313 1852 1392 unusquisque
1878 1311 2027 1390 parochus
2050 1308 2122 1371 reli·
2192 1321 2195 1328 ·

1374 1409 1476 1485 giosae
1498 1407 1580 1469 vitae
1611 1407 1756 1484 cupidus,
1780 1405 1835 1467 bac
1858 1420 1919 1466 una
1940 1401 2122 1481 exceptione

1374 1502 1407 1564 iu
1428 1501 1543 1563 iudicio
1557 1517 1590 1564 se
1604 1501 1742 1564 tuebitur
1756 1498 1902 1560 adversus
1924 1497 2122 1576 Episcopum,

1375 1596 1428 1675 qui
1450 1597 1553 1674 ipsum
1574 1596 1610 1658 ad
1632 1595 1808 1656 animarum
1836 1607 1943 1654 curam
1975 1603 2123 1651 revocare

1375 1688 1549 1751 contendat.
1564 1686 1596 1750 S.
1609 1686 1777 1764 Gregorius
1785 1685 1925 1762 Magum,
1937 1697 2035 1762 quum
2047 1681 2123 1742 olim

1375 1782 1522 1845 scriberet
1554 1783 1701 1844 adversus
1732 1778 1836 1856 legem
1866 1779 1903 1840 ab
1935 1777 2124 1856 imperatore

1376 1874 1519 1938 Mauritio
1540 1873 1665 1950 editam,
1682 1889 1741 1951 qua
1764 1869 1964 1934 interdictum
1984 1875 2051 1929 erat
2065 1866 2124 1927 mi-

1376 1969 1481 2032 litibus
1502 1968 1703 2029 monaslicam
1729 1965 1825 2027 vitam
1848 1961 2002 2040 amplecti,
2032 1961 2124 2033 hana,

1377 2063 1460 2124 iuter
1474 2060 1558 2134 alias,
1573 2059 1726 2120 rationem
1739 2057 1899 2120 allerebat:
1918 2054 2016 2120 Multi
2030 2056 2123 2124 sunt,

1378 2155 1433 2233 qni
1454 2159 1588 2232 possunt
1610 2151 1793 2231 religiosam
1814 2150 1914 2211 citam
1936 2147 2035 2210 etiem
2052 2160 2125 2206 anm

1377 2245 1540 2310 soeculari
1559 2243 1675 2308 babitu
1690 2245 1814 2312 ducere,
1832 2249 1862 2304 et
1876 2240 2018 2322 plerique
2031 2245 2124 2307 sunt,

1378 2342 1443 2419 qui,
1467 2339 1532 2400 nisi
1555 2339 1661 2400 onnia
1680 2336 1881 2416 reliquerant,
1898 2334 2021 2396 salvari
2037 2330 2126 2410 opud

1378 2434 1477 2495 Deum
1493 2431 1682 2494 nullatcnus
1697 2434 1847 2508 possunt.-
1861 2436 1895 2491 ιιι
1909 2426 2016 2488 ridere
2030 2433 2078 2486 est
2093 2424 2126 2486 in

1377 2527 1469 2605 ipsius
1493 2522 1638 2603 Epistola
1658 2523 1714 2594 65,
1738 2521 1792 2585 lib.
1815 2521 1848 2592 3,
1871 2520 1986 2582 indict.
2000 2519 2047 2582 Vl.
2067 2519 2125 2578 ιλ

1376 2620 1544 2699 praelatae
1565 2617 1718 2679 editionis
1738 2614 1921 2678 Parisinae.
1947 2612 2035 2677 Nunc
2049 2625 2126 2688 ergo

1378 2713 1509 2792 quilibet
1536 2711 1746 2784 beneficiatus,
1776 2709 1953 2782 canonicus,
1976 2704 2127 2768 archidia-

1378 2823 1485 2880 conus
1508 2805 1675 2884 parochus,
1705 2805 1759 2882 qui
1787 2802 1924 2864 cilicium
1949 2806 2002 2861 aut
2031 2797 2126 2860 mini·

1378 2900 1511 2962 sterium
1530 2912 1622 2960 suum
1645 2912 1717 2959 cum
1738 2894 1881 2972 religiosa
1904 2894 1966 2955 vita
1987 2907 2127 2955 commu·

1379 2992 1502 3066 laverit,
1518 3005 1629 3052 senon
1645 2989 1728 3051 inter
1748 2987 1877 3058 inultos,
1894 2987 1947 3049 sed
1962 2986 2049 3046 inter
2062 2983 2126 3061 ple-

1378 3101 1488 3163 rosque
1500 3101 1516 3145 a
1527 3083 1558 3147 S.
1566 3083 1715 3160 Gregorio
1728 3079 1887 3156 indicatos,
1896 3094 2128 3142 connumeran-

1378 3179 1454 3241 dum
1476 3193 1542 3239 esse
1562 3175 1736 3238 affirmabit.
1932 3239 1934 3244 ,

1419 3269 1450 3333 Si
1472 3277 1578 3332 autem
1593 3269 1650 3348 ipsi
1671 3268 1845 3344 obiiciatur,
1861 3255 1943 3346 spuod
1965 3267 1997 3328 iu
2019 3281 2127 3328 saecu-

1378 3365 1434 3426 lari
1465 3370 1547 3424 statu
1579 3362 1764 3440 pauperibus
1794 3361 1922 3437 largiter
1952 3359 2127 3422 subvenire

1378 3465 1593 3529 consueverat,
1608 3454 1817 3533 respondebit,
1831 3471 1864 3516 se
1878 3470 1942 3517 nou
1964 3453 2068 3515 minus
2087 3469 2127 3514 er

1379 3551 1451 3629 ipsis
1473 3548 1625 3626 religiosis
1653 3549 1809 3624 claustris,
1832 3549 1857 3610 si
1880 3548 2032 3610 bonorum
2054 3563 2129 3609 suo·

1378 3660 1448 3707 rum
1471 3643 1694 3722 possessionem
1706 3641 1740 3702 ad
1763 3641 1948 3718 religionem
1970 3638 2127 3714 attulerit,

1378 3737 1560 3817 opportunis
1581 3735 1714 3799 obtentis
1728 3735 1935 3810 facultatibus,
1951 3750 2126 3813 pauperum

1378 3829 1556 3905 indigentiis
1581 3829 1822 3891 subventurum.
1856 3828 1947 3903 Sane,
1970 3843 2069 3906 quum
2093 3828 2125 3890 in

1378 3917 1511 4001 praelata
1533 3920 1601 3996 lege
1621 3920 1782 3983 Mauritius
1806 3922 1977 4000 imperator
2005 3921 2128 3983 inhibe·

1378 4021 1437 4090 ret,
1461 4030 1501 4076 ne
1522 4014 1674 4075 debitores
1696 4013 1810 4092 publici
1835 4014 1944 4075 aerarii
1965 4015 1998 4076 in
2020 4029 2129 4076 mona·

1377 4108 1480 4171 aleriis
1496 4107 1719 4184 reciperentur,
1734 4107 1864 4170 Sanctus
1874 4107 2041 4183 Gregorius
2055 4123 2127 4170 eam

1379 4210 1497 4280 partem
1521 4199 1597 4276 legis
1612 4200 1799 4278 impugnans
1816 4199 1868 4278 (de
1882 4216 1940 4278 qua
1955 4207 2059 4262 tamen
2074 4202 2128 4263 de-

1379 4296 1450 4358 inde
1465 4309 1552 4357 suam
1563 4295 1742 4374 opinionem
1757 4294 1901 4368 mutavit,
1915 4301 1949 4356 ut
1960 4294 2127 4356 observant

1378 4387 1490 4449 laudati
1505 4385 1638 4450 editores
1653 4389 1687 4450 in
1704 4387 1805 4458 Notis,
1823 4384 1919 4450 litere
1935 4386 1981 4467 d.)
1997 4388 2037 4449 ita
2051 4388 2128 4450 scri·

1379 4480 1467 4542 bebat
1488 4481 1521 4543 in
1543 4481 1633 4544 citata
1648 4480 1788 4561 epistola:
1816 4480 1903 4554 Quod
1924 4496 1995 4542 vero
2017 4482 2053 4542 in
2073 4499 2126 4545 ec·

1379 4572 1447 4634 dem
1469 4572 1534 4651 lege
1555 4573 1689 4645 dicitnr,
1715 4577 1753 4634 ut
1777 4575 1805 4636 ei
1829 4575 1865 4636 in
1889 4575 2125 4637 nonasterium

1379 4665 1523 4726 concerti
1537 4681 1601 4726 noro
1617 4665 1724 4738 liceat,
1738 4665 1865 4728 omniuo
1879 4666 2126 4740 miserescunt,-

1379 4759 1455 4821 dum
1476 4765 1506 4821 et
1529 4760 1672 4822 rationes
1694 4758 1762 4822 eius
1783 4765 1918 4837 possunt
1939 4775 1995 4838 per
2016 4777 2126 4824 nann-

1378 4852 1516 4914 sterinrn
1537 4851 1621 4930 fieri,
1644 4856 1675 4913 et
1689 4853 1745 4931 api
1758 4857 1873 4930 potest,
1891 4861 1929 4916 ut
1944 4851 1983 4916 ob
1997 4869 2030 4916 eo
2046 4854 2122 4925 loco,

1379 4944 1415 5006 in
1436 4960 1495 5022 quo
1517 4944 1710 5023 suscipitur,
1727 4948 1798 5008 eius
1820 4961 1938 5025 quoqne
1952 4945 2057 5010 debito
2071 4963 2126 5010 su·

1378 5037 1576 5114 eripiantur.

1419 5131 1505 5206 Quod
1520 5131 1547 5192 si
1561 5131 1723 5195 obiiciatur
1734 5133 1838 5210 gravis
1859 5139 1939 5196 aetas
1954 5133 2125 5213 presbyteri

1379 5225 1416 5286 ad
1437 5223 1623 5303 religionem
1647 5227 1852 5301 transeuntis,
1865 5226 1962 5289 facilis
1982 5236 2013 5290 et
2034 5227 2124 5289 obvia

1380 5318 1440 5378 erit
1461 5318 1637 5396 responsio,
1660 5319 1740 5397 quod
1764 5318 1856 5380 multi
1882 5327 1956 5380 sunt
1977 5321 2010 5380 in
2031 5327 2129 5396 regu-'

1380 5408 1493 5470 larium
1515 5408 1640 5472 iamiliis
1669 5410 1806 5487 religiosi
1828 5410 1887 5472 viri
1909 5411 1941 5471 in
1962 5410 2053 5473 seuili
2076 5426 2125 5472 ae-

1380 5509 1442 5564 tate
1462 5503 1642 5578 constituti,
1655 5503 1708 5581 qui
1730 5519 1785 5581 pro
1807 5504 1898 5566 modo
1920 5502 2036 5564 virium
2056 5519 2126 5565 sua·

1379 5610 1452 5656 rum
1467 5594 1650 5658 laudabilem
1661 5611 1786 5675 operam
1798 5595 1943 5673 religioni
1956 5602 2124 5674 praestant,
2164 5595 2166 5599 ’

1380 5704 1514 5766 quorum
1538 5705 1671 5752 numero
1693 5691 1805 5768 ipsum,
1824 5690 1862 5752 de
1883 5706 1944 5768 quo
1965 5696 2012 5752 est
2033 5705 2124 5768 quae-

1380 5781 1450 5857 stio,
1472 5782 1601 5860 adiungi
1623 5783 1669 5846 nil
1689 5791 1784 5846 vetat.
1809 5782 1852 5845 lta
1866 5786 1981 5862 pariter
2002 5781 2032 5846 S.
2049 5785 2126 5848 (ire-

1381 5877 1502 5952 goriua,
1531 5883 1637 5939 contra
1660 5883 1905 5956 propugnatores
1935 5878 2129 5957 supradictae

2142 529 2191 586 Au.
2203 533 2228 588 d.
2245 535 2300 594 1ltr
