4764 6972
316 571 414 626 nnc.
436 573 504 628 trae
557 574 614 642 {22

869 717 946 784 xtt.

537 902 648 981 Eripit
671 903 845 966 Ecclesiam
869 904 1092 970 Cotbcdrolcm
1115 906 1283 972 anatema-

575 995 691 1056 lcoscm
708 995 741 1056 io
754 997 1037 1076 Metropolitanum
1049 1016 1122 1062 cam
1137 1001 1282 1079 assiqua-

576 1089 662 1151 tione
685 1089 788 1152 trium
810 1091 1017 1154 ecclesiarum
1044 1092 1282 1156 cathedralium

574 1197 631 1259 pro
652 1181 867 1263 suffraganeis
889 1183 945 1264 (l).

668 1352 912 1422 senioretus
936 1355 1152 1424 trtsooetts

722 1545 830 1598 sertus
853 1547 1008 1600 serrorum
1032 1531 1095 1612 Dei,

661 1651 697 1720 ad
720 1657 892 1736 perpetuam
915 1653 958 1720 rei
982 1653 1161 1722 memoriam.

574 1843 619 1906 Ad
642 1859 825 1922 supremum
851 1845 1015 1908 catholicoe
1042 1844 1195 1909 Ecclesiae
1219 1847 1284 1910 cul·

535 1951 608 1998 rnen
630 1935 726 1998 nullis
746 1937 988 2014 suifragantibus
1010 1940 1140 2014 meritis,
1160 1941 1214 2002 sed
1236 1957 1283 2002 so-

535 2031 602 2092 lum
624 2029 770 2091 ineflabili
793 2031 916 2092 divinae
939 2033 1198 2108 gratiaemonere
1212 2049 1284 2096 ere-

535 2123 594 2197 cti,
628 2137 700 2199 erga
731 2139 859 2200 gregem
892 2125 1084 2188 dominicum
1115 2134 1180 2189 toto
1209 2128 1283 2190 orbe

536 2215 681 2278 diiiusnm
704 2215 837 2278 feliciter
861 2220 1035 2294 regendum
1056 2220 1216 2297 pastoralis
1236 2223 1284 2282 vi·

536 2307 681 2385 gilantiae
703 2317 825 2371 nostrae
845 2312 985 2374 studium
1014 2313 1204 2374 incessanter
1225 2315 1284 2376 im-

534 2401 715 2479 pendimos3
746 2403 878 2481 ideoque
900 2404 1008 2468 sedulo
1034 2407 1281 2469 incumbendum

535 2503 693 2573 putamus,
707 2501 741 2556 ut
753 2497 978 2559 remotissimae
990 2515 1114 2577 qnoque
1125 2501 1281 2576 regiones,

535 2604 568 2648 ac
590 2589 784 2666 provinciae,
812 2591 941 2666 quasin
969 2591 1148 2654 admirabile
1174 2593 1281 2656 lumen

534 2696 627 2742 soum
649 2682 770 2742 vocavit
792 2683 979 2759 ditissimus,
1002 2701 1143 2764 quaeque
1165 2687 1282 2766 deposi-

535 2780 604 2834 tum
627 2773 698 2836 lidei
720 2773 793 2836 alias
815 2777 869 2837 Dei
890 2779 1089 2841 miseratione
1103 2789 1282 2859 susceptum

535 2874 713 2929 constanter
733 2868 884 2945 retinent,
900 2872 933 2932 in
949 2887 1053 2934 earum
1069 2873 1282 2952 opportunita-

535 2959 617 3022 tibus
638 2960 820 3038 apostolicaa
838 2962 1039 3039 benignitatis
1054 2975 1283 3045 consequantur

535 3051 692 3116 enectum.
706 3054 805 3128 Quare
816 3055 841 3115 si
852 3055 1067 3120 christifideles
1079 3059 1154 3120 inibi
1167 3060 1282 3136 degen-

535 3154 581 3209 tes
595 3147 950 3226 obMetropolitanornm
961 3150 1141 3213 Praesnlnm
1153 3153 1281 3215 nimiam

535 3240 710 3302 distantiam
724 3241 756 3302 in
767 3240 977 3305 ecclesiasticis
988 3243 1081 3306 rebus
1092 3253 1284 3323 pertractan-

534 3333 591 3408 dis,
609 3340 639 3394 et
653 3334 785 3412 propriis
800 3334 919 3396 iuribus
932 3337 1069 3413 tuendis,
1085 3346 1178 3417 atque
1192 3355 1282 3418 qnae-

534 3426 686 3488 stionibus
697 3427 850 3503 agitandis
862 3444 956 3505 grave
967 3430 1200 3495 incommodum
1215 3448 1284 3510 per-

534 3517 616 3581 ierre
637 3521 880 3599 comperiantur,
894 3522 955 3584 iliis
977 3527 1161 3604 tempestive
1175 3543 1281 3589 occur·

533 3627 604 3673 rere
625 3627 689 3673 non
705 3614 878 3675 omittimus
894 3623 924 3676 et
938 3617 1195 3696 quotiescumque
1210 3635 1282 3681 con·

534 3706 642 3766 venire
673 3707 862 3768 arbitramur
885 3709 1109 3770 cathedralibus
1134 3713 1281 3788 ecclesiis,

535 3801 681 3862 decenter
700 3807 801 3861 tamen
819 3803 1003 3862 constructis
1017 3819 1050 3866 ac
1066 3805 1280 3866 ministrorum

535 3894 619 3972 copia
635 3892 768 3968 refertis,
784 3895 1046 3973 metropoliticum
1062 3898 1211 3960 bonorem
1230 3901 1281 3960 tri-

534 3985 666 4049 boeotos
694 3987 859 4049 christiano
881 3989 995 4067 populo
1021 4005 1075 4068 pro
1097 3993 1230 4067 negotiis
1251 4001 1282 4054 et

534 4080 752 4142 controversiis
763 4080 853 4142 citius
868 4083 1058 4144 maturandis
1073 4093 1104 4144 et
1118 4085 1283 4162 expedien-

534 4172 579 4234 dis
601 4171 771 4234 iaciliorem
785 4173 867 4234 viam
882 4174 1064 4250 sternimus,
1082 4177 1173 4254 idque
1186 4179 1282 4238 etiam

534 4265 693 4329 libentiori
715 4266 819 4327 animo
840 4267 1003 4342 efficimus,
1019 4269 1045 4328 si
1065 4267 1221 4332 catholicis
1236 4287 1282 4332 re-

536 4359 624 4435 gibus
646 4367 824 4438 pergratnm
847 4357 913 4420 iore
934 4359 1158 4436 dignoscamus.

573 4453 594 4527 ς
617 4451 643 4512 l.
668 4451 760 4527 Sane,
782 4467 866 4525 oum,
889 4451 968 4513 sicut
993 4453 1167 4531 accepimns
1183 4461 1213 4516 et
1227 4454 1282 4517 dn·

535 4546 610 4607 dum
632 4544 829 4606 charissimos
851 4545 884 4605 in
911 4544 1034 4607 Christo
1056 4545 1152 4608 Filius
1175 4555 1283 4610 noster

535 4637 692 4716 Phiiippus
715 4637 931 4715 Hispaniarum
960 4637 1026 4700 lieu
1048 4639 1222 4702 Catholicns
1244 4658 1281 4703 ex

535 4731 698 4808 praecipuo
721 4730 787 4792 eius
809 4730 969 4806 religionis
990 4731 1101 4793 aiiectn
1120 4733 1208 4794 nobis
1230 4751 1283 4795 ex-

536 4822 609 4901 poni
633 4822 717 4897 iecit,
743 4822 999 4899 Gnatimalensis,
1032 4823 1280 4902 Nicaragnensis,

536 4915 1281 4997 ChiopensisctGomayagnensisEcclesiae,qnae

536 5009 770 5088 nrcbiepiscopo
789 5008 946 5071 Mexicano
969 5011 1192 5088 metropolitico
1215 5011 1282 5074 iure

536 5101 689 5164 subiectae
716 5118 783 5164 esse
807 5101 1053 5178 dignoscuntur,
1082 5103 1282 5183 ipsarumque

536 5195 675 5257 civitates
696 5204 726 5259 et
747 5193 901 5273 dioeceses
922 5195 954 5256 in
971 5196 1064 5259 indiis
1085 5197 1283 5259 Occidentali-

536 5289 593 5350 bos
611 5289 797 5352 constitutae
811 5290 848 5351 ab
862 5305 970 5351 earnm
983 5289 1219 5368 metropolitana
1233 5307 1282 5353 ec·

536 5383 627 5445 clesia
657 5382 814 5445 Mexicana
835 5381 1016 5458 longissime
1038 5383 1163 5458 distent,
1192 5392 1222 5446 et
1244 5386 1283 5447 ob

537 5479 663 5539 nimiam
678 5477 852 5538 distantiam
866 5474 1164 5555 huiusmodi(usqne
1175 5477 1210 5538 ad
1223 5478 1283 5539 bis-

536 5571 622 5632 mille
651 5571 794 5633 milliaria
816 5577 846 5632 et
876 5569 956 5631 ultra
978 5585 993 5630 a
1016 5569 1095 5632 dicta
1120 5569 1282 5649 Metropoli

535 5663 758 5744 computatam)
779 5663 897 5725 incolae
917 5661 1124 5741 praelatarum
1149 5673 1283 5746 quotuor

536 5757 699 5819 civitatum
720 5765 751 5817 et
771 5755 946 5818 dioecesum
971 5755 1103 5836 (attento
1118 5755 1198 5834 qnod
1215 5757 1283 5819 riae

578 5965 607 6023 (t)
622 5967 661 6012 Ex
673 5965 815 6015 tabulario
829 5971 905 6026 cong.
920 5969 953 6018 dc
965 5972 1040 6028 Prop.
1055 5969 1126 6018 nido.

1057 599 1121 648 ltin.
1145 602 1236 648 rottr.
1259 603 1301 649 DE
1322 603 1351 649 P·
1375 603 1405 650 E·
1429 604 1512 651 PARS
1534 604 1555 648 Ι.

1339 722 1577 802 utplurimum
1609 723 1779 802 imperviae
1809 733 1877 787 eta
1903 723 2085 788 numinibus

1338 815 1474 878 maxime
1495 817 1655 895 prolundis
1678 817 1879 880 intersecatae
1893 824 1925 878 et
1940 817 2086 897 trequen-

1340 907 1421 970 tibns
1441 909 1587 987 periculis
1609 911 1759 973 obnoxiae
1780 917 1865 986 sunt,
1882 919 1913 973 et
1932 913 2024 974 etiam
2047 914 2086 975 ob

1339 1002 1496 1081 propriam
1519 1002 1746 1082 paupertatem)
1767 1005 1800 1066 in
1823 1013 1886 1066 tam
1913 1003 2017 1066 dissita
2039 1023 2087 1068 re·

1340 1095 1432 1171 gione
1447 1098 1481 1159 ad
1494 1097 1683 1160 audientiam
1695 1097 1965 1176 metropolitanam
1977 1099 2087 1162 Menici

1338 1203 1502 1250 recurrere
1527 1190 1696 1268 minusque
1725 1191 1756 1252 in
1782 1207 1815 1252 ea
1844 1191 1914 1254 lites
1941 1192 2086 1271 prosequi

1340 1289 1513 1357 nequeant;
1535 1282 1666 1360 ideoque
1684 1283 1857 1345 multorum
1873 1298 2029 1346 annorum
2045 1284 2085 1346 la-

1339 1388 1395 1450 psu
1413 1374 1516 1436 nullos
1531 1391 1675 1438 recursus
1689 1377 1725 1438 ad
1741 1376 2013 1456 Metropolitanum
2035 1378 2087 1438 ita-

1339 1465 1418 1528 bitos
1439 1466 1534 1529 luisse
1545 1468 1737 1546 experientia
1752 1479 1946 1547 compertum
1961 1469 2083 1532 existat:

1338 1559 1363 1620 si
1392 1566 1496 1622 tamen
1523 1561 1647 1624 ecclesia
1675 1560 1778 1626 Sancti
1806 1562 1904 1624 lacobi
1931 1563 2087 1625 Gnatima-

1339 1651 1444 1727 lensis,
1466 1670 1545 1732 qnae
1566 1655 1622 1716 sita
1643 1662 1689 1716 est
1708 1654 1740 1716 in
1761 1663 1869 1718 centro
1886 1657 2028 1718 omnium
2049 1655 2086 1718 il·

1340 1743 1438 1806 larum
1460 1747 1691 1825 provinciarum
1714 1757 1744 1810 et
1766 1748 1954 1824 dioecesum,
1970 1750 2002 1810 in
2024 1749 2085 1810 Me-

1340 1839 1556 1916 tropolitanam
1567 1840 1740 1915 ecclesiam,
1757 1841 1905 1921 illiusque
1919 1842 2085 1922 Episcopus

1340 1931 1371 1992 in
1394 1933 1665 2012 iircbiepiscopnm
1688 1942 1718 1995 et
1745 1935 2018 2013 Metropolitanum
2040 1952 2086 1996 as·

1338 2026 1490 2101 signando
1511 2026 1558 2087 illi
1578 2027 1612 2089 in
1633 2027 1844 2104 suffraganeos
1865 2027 2083 2106 Micaraguen.,
2147 2049 2164 2066 ³

1340 2119 1487 2196 Cbiapen.
1510 2127 1541 2181 et
1564 2119 1792 2198 Gomayaguen.
1816 2122 1980 2202 Episcopos
2001 2139 2085 2202 prae·

1338 2212 1387 2273 via
1409 2214 1591 2274 eorumdem
1613 2229 1628 2273 a
1649 2214 1842 2276 subiectione
1860 2215 2005 2277 ecclesiae
2025 2217 2085 2280 Me·

1340 2306 1541 2384 tropolitanae
1554 2306 1702 2370 Mexican.
1720 2309 1872 2386 praefatae
1886 2306 2087 2370 dismembra-

1340 2400 1424 2460 tione
1437 2399 1601 2477 apostolice
1616 2402 1797 2464 anctoritate
1811 2410 1971 2480 perpetuo,
1988 2409 2023 2463 nt
2038 2401 2086 2464 in-

1339 2491 1399 2566 ira,
1433 2493 1609 2568 erigeretur
1628 2501 1660 2560 et
1691 2494 1924 2570 institueretur,
1947 2495 2085 2574 proiecto

1338 2585 1471 2663 praelata
1487 2587 1671 2664 praeiudicia
1682 2595 1714 2648 et
1728 2586 1861 2664 pericula
1879 2588 2084 2664 eniterentur,

1338 2696 1372 2742 ac
1392 2679 1480 2742 dictis
1501 2681 1674 2742 incolarum
1686 2680 1863 2743 huiusmodi
1883 2697 2022 2759 congrue
2036 2699 2087 2746 oo·

1338 2782 1520 2836 curreretur
1539 2773 1762 2836 incommodis:
1793 2829 1804 2852 ,

1378 2867 1397 2941 5
1418 2868 1447 2928 2.
1470 2866 1532 2928 Nos
1553 2868 1650 2944 igitur
1672 2867 1846 2944 religiosam
1861 2869 1983 2946 pietatis
2003 2867 2086 2931 solli·

1339 2959 1521 3035 citudinem,
1543 2976 1602 3038 qua
1623 2960 1722 3026 dictus
1744 2961 1903 3040 Philippus
1917 2960 1983 3024 Rex
1998 2962 2086 3026 Citri-

1338 3053 1455 3114 stianns
1475 3053 1649 3131 provincias
1671 3055 1773 3130 regiae
1788 3070 1861 3116 snae
1882 3055 1991 3117 ditioni
2013 3057 2087 3118 sub-

1338 3145 1429 3208 iectas
1450 3162 1505 3225 pro
1526 3147 1736 3210 ecclesiasticis
1760 3147 1894 3224 negotiis
1916 3147 1948 3209 in
1971 3158 2086 3212 metro-

1338 3239 1471 3317 politana
1489 3241 1573 3302 coria
1587 3240 1738 3316 agitandis
1752 3240 1921 3304 laciliorem
1935 3249 1967 3306 ct
1982 3243 2086 3304 utilio-

1338 3347 1405 3394 rem
1420 3348 1575 3394 accessnm
1586 3333 1706 3413 assequi
1717 3349 1755 3395 et
1766 3334 1869 3396 animo
1884 3335 2083 3414 concupiscit,

1337 3425 1510 3503 plurimum
1539 3425 1571 3487 in
1600 3427 1731 3488 Domino
1759 3429 2029 3502 commendantes,
2053 3443 2085 3492 ac

1338 3518 1436 3580 enixis
1464 3519 1606 3597 precibus
1634 3519 1768 3598 desuper
1789 3521 1916 3583 nomine
1941 3521 2085 3586 eiusdem

1339 3609 1469 3690 Pltilippi
1485 3611 1576 3688 liegis
1591 3613 1679 3675 nobis
1694 3614 1857 3676 ltnmiliter
1871 3617 2019 3692 porrectis
2033 3633 2087 3678 an-

1339 3717 1448 3776 nuere,
1472 3713 1564 3782 atqne
1585 3706 1692 3766 incolis
1714 3707 1941 3782 Gnatimalen.,
1964 3707 2086 3770 Nicaea·

1340 3811 1448 3871 gaen,
1466 3798 1614 3876 Cninpen.
1632 3807 1663 3860 et
1678 3800 1906 3878 Comayaguen.
1923 3803 2084 3864 civitatum

1338 3897 1370 3948 et
1392 3890 1566 3951 dioecesum
1588 3892 1766 3954 huiusmodi
1788 3893 1821 3954 in
1838 3895 2011 3972 praemissis
2033 3909 2085 3972 op-

1339 3990 1473 4058 portune
1493 3983 1673 4062 providere,
1697 3999 1819 4048 necnon
1841 3987 1934 4048 etiarn
1958 4003 2085 4048 venera-

1339 4072 1408 4133 bilis
1429 4073 1532 4136 iratris
1554 4077 1649 4138 nostri
1671 4077 1754 4138 Petri
1772 4078 1868 4140 Pardo
1890 4080 2030 4140 moderni
2047 4079 2085 4142 E·

1339 4167 1451 4244 piscopi
1473 4169 1693 4245 Gnatimalen.,
1716 4171 1917 4250 eiusdemque
1933 4171 2086 4234 Ecclesiae

1338 4261 1542 4325 Gnatimalen.
1567 4264 1669 4327 decori
1685 4271 1716 4326 et
1727 4273 1911 4326 ornamento
1922 4265 2086 4328 consulere

1339 4355 1497 4430 volentes,
1521 4357 1686 4435 ipsumque
1707 4358 1835 4420 Petrum
1864 4357 2048 4436 Episcopum
2069 4376 2085 4420 a

1338 4448 1499 4526 quibusvis
1509 4450 1720 4527 suspensionis
1731 4457 1761 4511 et
1776 4450 1944 4526 interdicti,
1956 4451 2086 4530 aliisque

1338 4542 1547 4605 ecclesiasticis
1569 4544 1745 4619 sententiis,
1767 4545 1908 4607 censuris
1929 4551 1960 4606 et
1977 4546 2085 4623 poenis

1338 4651 1354 4696 a
1375 4637 1444 4700 iure
1465 4637 1515 4698 vel
1536 4637 1574 4698 ab
1592 4637 1719 4700 bomine
1733 4639 1841 4716 quavis
1859 4641 2018 4702 occasione
2032 4639 2084 4701 rel

1338 4732 1426 4792 causa
1447 4730 1533 4805 latis,
1555 4730 1715 4808 siquibus
1737 4732 1969 4810 quomodolibet
1995 4732 2083 4793 inno-

1338 4823 1425 4885 datus
1446 4824 1561 4898 existit,
1575 4825 1611 4886 ad
1625 4823 1771 4888 ellectum
1792 4825 2002 4904 praesentium
2018 4832 2086 4886 tan·

1339 4923 1406 4976 tunt
1420 4915 1689 4995 consequendum,
1705 4919 1816 4980 barum
1830 4918 1911 4979 serie
1924 4917 2084 4978 absolven-

1339 5017 1383 5071 tes
1398 5016 1428 5070 et
1440 5008 1616 5072 absolutum
1626 5011 1693 5073 lore
1703 5020 1875 5086 censentes,
1885 5012 1987 5074 audita
1997 5011 2084 5089 prins

1338 5101 1530 5179 particularis
1540 5103 1796 5180 Congreganonis
1806 5119 1900 5182 super
1910 5105 2002 5167 rebus
2012 5120 2084 5166 con·

1337 5194 1538 5258 sistorialibus
1553 5200 1742 5276 praepositae
1751 5199 1918 5275 sententia,
1931 5215 1965 5261 ac
1976 5213 2010 5259 re
2022 5214 2084 5259 rna-

1339 5295 1409 5350 ture
1430 5305 1580 5368 perpensa
1603 5299 1633 5353 et
1655 5294 1818 5355 accedente
1844 5308 1968 5371 qnoque
1991 5307 2085 5354 vene·

1338 5380 1443 5443 rabilis
1464 5385 1557 5444 etiam
1573 5383 1674 5446 fratris
1689 5385 1786 5446 nostri
1803 5387 1948 5457 moderni
1959 5385 2087 5448 Arcbie·

1338 5476 1452 5554 piscopi
1473 5477 1636 5552 Mexican,
1653 5477 1847 5557 aliorumque
1867 5480 2019 5541 interesse
2033 5478 2086 5541 ha-

1339 5569 1482 5631 bentium
1497 5585 1659 5646 consensu,
1676 5577 1711 5633 ad
1727 5571 1859 5651 Pbilippi
1873 5572 1967 5649 Regis
1982 5589 2085 5652 preces

1339 5662 1517 5726 huiusmodi
1540 5663 1759 5740 Mantineion,
1782 5665 1945 5744 chiupam,
1962 5665 2087 5740 Nicera-

1338 5770 1434 5832 gnen.
1458 5765 1489 5818 et
1511 5757 1737 5835 Comayaguen.
1761 5758 1902 5821 ecclesias
1923 5759 2083 5838 praelatas,
