<?xml version="1.0" encoding="UTF-8"?>
<!DOCTYPE html PUBLIC "-//W3C//DTD XHTML 1.0 Transitional//EN"
    "http://www.w3.org/TR/xhtml1/DTD/xhtml1-transitional.dtd">
<html xmlns="http://www.w3.org/1999/xhtml" xml:lang="en" lang="en">
 <head>
  <title>
</title>
<meta http-equiv="Content-Type" content="text/html;charset=utf-8" />
  <meta name='ocr-system' content='tesseract 3.04.00' />
  <meta name='ocr-capabilities' content='ocr_page ocr_carea ocr_par ocr_line ocrx_word'/>
</head>
<body>
  <div class='ocr_page' id='page_1' title='image "./iurispontificii02martgoog_0590.png"; bbox 0 0 4838 6982; ppageno 0'>
   <div class='ocr_carea' id='block_1_1' title="bbox 333 516 523 572">
    <p class='ocr_par' dir='ltr' id='par_1_1' title="bbox 333 516 523 572">
     <span class='ocr_line' id='line_1_1' title="bbox 333 516 523 572; baseline 0 0"><span class='ocrx_word' id='word_1_1' title='bbox 333 516 388 572; x_wconf 71' lang='lat' dir='ltr'>Aa.</span> <span class='ocrx_word' id='word_1_2' title='bbox 402 519 432 572; x_wconf 83' lang='lat'>0.</span> <span class='ocrx_word' id='word_1_3' title='bbox 455 520 523 572; x_wconf 80' lang='lat'>1754</span> 
     </span>
    </p>
   </div>
   <div class='ocr_carea' id='block_1_2' title="bbox 328 1506 540 1620">
    <p class='ocr_par' dir='ltr' id='par_1_2' title="bbox 328 1506 540 1620">
     <span class='ocr_line' id='line_1_2' title="bbox 349 1506 540 1554; baseline -0.005 0"><span class='ocrx_word' id='word_1_4' title='bbox 349 1506 484 1554; x_wconf 76' lang='lat' dir='ltr'><strong>clausulae</strong></span> <span class='ocrx_word' id='word_1_5' title='bbox 499 1507 540 1553; x_wconf 89' lang='lat' dir='ltr'>de·</span> 
     </span>
     <span class='ocr_line' id='line_1_3' title="bbox 328 1561 479 1620; baseline -0.02 -12"><span class='ocrx_word' id='word_1_6' title='bbox 328 1561 479 1620; x_wconf 81' lang='lat' dir='ltr'>rogatorias.</span> 
     </span>
    </p>
   </div>
   <div class='ocr_carea' id='block_1_3' title="bbox 339 3828 552 3994">
    <p class='ocr_par' dir='ltr' id='par_1_3' title="bbox 339 3828 552 3994">
     <span class='ocr_line' id='line_1_4' title="bbox 385 3828 551 3875; baseline -0.012 0"><span class='ocrx_word' id='word_1_7' title='bbox 385 3829 458 3875; x_wconf 84' lang='lat' dir='ltr'>Fides</span> <span class='ocrx_word' id='word_1_8' title='bbox 474 3828 551 3874; x_wconf 82' lang='lat' dir='ltr'>adbi-</span> 
     </span>
     <span class='ocr_line' id='line_1_5' title="bbox 339 3883 552 3994; baseline -0.009 -64"><span class='ocrx_word' id='word_1_9' title='bbox 339 3883 552 3994; x_wconf 49' lang='lat' dir='ltr'>ssffssflamnsum&#39;</span> 
     </span>
    </p>
   </div>
   <div class='ocr_carea' id='block_1_4' title="bbox 572 521 630 584">
    <p class='ocr_par' dir='ltr' id='par_1_4' title="bbox 572 521 630 584">
     <span class='ocr_line' id='line_1_6' title="bbox 572 521 630 584; baseline 0 0"><span class='ocrx_word' id='word_1_10' title='bbox 572 521 630 584; x_wconf 76' lang='lat' dir='ltr'>eti</span> 
     </span>
    </p>
   </div>
   <div class='ocr_carea' id='block_1_5' title="bbox 553 653 1320 4836">
    <p class='ocr_par' dir='ltr' id='par_1_5' title="bbox 553 653 1304 1464">
     <span class='ocr_line' id='line_1_7' title="bbox 553 653 1299 732; baseline -0.009 -13"><span class='ocrx_word' id='word_1_11' title='bbox 553 656 628 719; x_wconf 91' lang='lat' dir='ltr'>licae</span> <span class='ocrx_word' id='word_1_12' title='bbox 651 654 735 720; x_wconf 83' lang='lat' dir='ltr'>Sedis</span> <span class='ocrx_word' id='word_1_13' title='bbox 765 655 909 730; x_wconf 77' lang='lat' dir='ltr'><strong>Nuntios,</strong></span> <span class='ocrx_word' id='word_1_14' title='bbox 932 662 963 716; x_wconf 90' lang='lat' dir='ltr'>et</span> <span class='ocrx_word' id='word_1_15' title='bbox 984 655 1109 732; x_wconf 88' lang='lat' dir='ltr'>quosvis</span> <span class='ocrx_word' id='word_1_16' title='bbox 1130 653 1204 716; x_wconf 92' lang='lat' dir='ltr'>alios</span> <span class='ocrx_word' id='word_1_17' title='bbox 1225 667 1299 730; x_wconf 92' lang='lat' dir='ltr'>qua-</span> 
     </span>
     <span class='ocr_line' id='line_1_8' title="bbox 554 743 1299 830; baseline -0.009 -18"><span class='ocrx_word' id='word_1_18' title='bbox 554 765 688 828; x_wconf 83' lang='lat' dir='ltr'>cumque</span> <span class='ocrx_word' id='word_1_19' title='bbox 718 749 962 830; x_wconf 81' lang='lat' dir='ltr'>praeeminentia</span> <span class='ocrx_word' id='word_1_20' title='bbox 991 755 1021 810; x_wconf 93' lang='lat' dir='ltr'>et</span> <span class='ocrx_word' id='word_1_21' title='bbox 1053 753 1202 826; x_wconf 89' lang='lat' dir='ltr'>potestate</span> <span class='ocrx_word' id='word_1_22' title='bbox 1230 743 1299 808; x_wconf 87' lang='lat' dir='ltr'>lun·</span> 
     </span>
     <span class='ocr_line' id='line_1_9' title="bbox 554 840 1299 920; baseline -0.005 -16"><span class='ocrx_word' id='word_1_23' title='bbox 554 851 662 920; x_wconf 91' lang='lat' dir='ltr'>gentes</span> <span class='ocrx_word' id='word_1_24' title='bbox 683 850 714 904; x_wconf 90' lang='lat' dir='ltr'>et</span> <span class='ocrx_word' id='word_1_25' title='bbox 735 842 906 916; x_wconf 86' lang='lat' dir='ltr'>iuncturos,</span> <span class='ocrx_word' id='word_1_26' title='bbox 928 841 1047 904; x_wconf 89' lang='lat' dir='ltr'>sublata</span> <span class='ocrx_word' id='word_1_27' title='bbox 1068 840 1112 901; x_wconf 87' lang='lat' dir='ltr'>eis</span> <span class='ocrx_word' id='word_1_28' title='bbox 1136 847 1167 902; x_wconf 89' lang='lat' dir='ltr'>et</span> <span class='ocrx_word' id='word_1_29' title='bbox 1188 853 1299 901; x_wconf 90' lang='lat' dir='ltr'>eorum</span> 
     </span>
     <span class='ocr_line' id='line_1_10' title="bbox 553 934 1301 1015; baseline -0.005 -17"><span class='ocrx_word' id='word_1_30' title='bbox 553 935 680 998; x_wconf 81' lang='lat' dir='ltr'>cuilibet</span> <span class='ocrx_word' id='word_1_31' title='bbox 701 935 808 1015; x_wconf 90' lang='lat' dir='ltr'>quavis</span> <span class='ocrx_word' id='word_1_32' title='bbox 827 935 916 996; x_wconf 92' lang='lat' dir='ltr'>aliter</span> <span class='ocrx_word' id='word_1_33' title='bbox 930 934 1085 998; x_wconf 89' lang='lat' dir='ltr'>indicandi</span> <span class='ocrx_word' id='word_1_34' title='bbox 1098 941 1130 994; x_wconf 92' lang='lat' dir='ltr'>et</span> <span class='ocrx_word' id='word_1_35' title='bbox 1147 934 1301 1010; x_wconf 89' lang='lat' dir='ltr'>interpre-</span> 
     </span>
     <span class='ocr_line' id='line_1_11' title="bbox 556 1025 1300 1099; baseline -0.009 -7"><span class='ocrx_word' id='word_1_36' title='bbox 556 1029 640 1092; x_wconf 91' lang='lat' dir='ltr'>tandi</span> <span class='ocrx_word' id='word_1_37' title='bbox 671 1027 814 1091; x_wconf 73' lang='lat' dir='ltr'>facultate</span> <span class='ocrx_word' id='word_1_38' title='bbox 840 1035 870 1090; x_wconf 89' lang='lat' dir='ltr'>et</span> <span class='ocrx_word' id='word_1_39' title='bbox 898 1029 1090 1099; x_wconf 90' lang='lat' dir='ltr'>auctoritate,</span> <span class='ocrx_word' id='word_1_40' title='bbox 1120 1025 1246 1088; x_wconf 92' lang='lat' dir='ltr'>iudicari</span> <span class='ocrx_word' id='word_1_41' title='bbox 1271 1029 1300 1086; x_wconf 91' lang='lat' dir='ltr'>et</span> 
     </span>
     <span class='ocr_line' id='line_1_12' title="bbox 555 1119 1303 1197; baseline -0.008 -11"><span class='ocrx_word' id='word_1_42' title='bbox 555 1122 677 1186; x_wconf 88' lang='lat' dir='ltr'>deliniri</span> <span class='ocrx_word' id='word_1_43' title='bbox 698 1121 822 1196; x_wconf 90' lang='lat' dir='ltr'>debere,</span> <span class='ocrx_word' id='word_1_44' title='bbox 845 1139 878 1184; x_wconf 90' lang='lat' dir='ltr'>ac</span> <span class='ocrx_word' id='word_1_45' title='bbox 904 1122 1029 1184; x_wconf 92' lang='lat' dir='ltr'>irritum</span> <span class='ocrx_word' id='word_1_46' title='bbox 1051 1129 1081 1183; x_wconf 92' lang='lat' dir='ltr'>et</span> <span class='ocrx_word' id='word_1_47' title='bbox 1103 1121 1192 1182; x_wconf 84' lang='lat' dir='ltr'>iviane</span> <span class='ocrx_word' id='word_1_48' title='bbox 1214 1119 1303 1197; x_wconf 92' lang='lat' dir='ltr'>quid-</span> 
     </span>
     <span class='ocr_line' id='line_1_13' title="bbox 556 1212 1304 1294; baseline -0.007 -18"><span class='ocrx_word' id='word_1_49' title='bbox 556 1215 628 1294; x_wconf 83' lang='lat' dir='ltr'>quid</span> <span class='ocrx_word' id='word_1_50' title='bbox 650 1231 738 1278; x_wconf 89' lang='lat' dir='ltr'>seeus</span> <span class='ocrx_word' id='word_1_51' title='bbox 756 1231 849 1294; x_wconf 90' lang='lat' dir='ltr'>super</span> <span class='ocrx_word' id='word_1_52' title='bbox 863 1215 911 1276; x_wconf 89' lang='lat' dir='ltr'>his</span> <span class='ocrx_word' id='word_1_53' title='bbox 926 1229 1113 1293; x_wconf 83' lang='lat' dir='ltr'>equaquam</span> <span class='ocrx_word' id='word_1_54' title='bbox 1128 1212 1235 1292; x_wconf 93' lang='lat' dir='ltr'>quavis</span> <span class='ocrx_word' id='word_1_55' title='bbox 1250 1229 1304 1272; x_wconf 90' lang='lat' dir='ltr'>an-</span> 
     </span>
     <span class='ocr_line' id='line_1_14' title="bbox 556 1303 1303 1386; baseline -0.008 -16"><span class='ocrx_word' id='word_1_56' title='bbox 556 1309 698 1372; x_wconf 89' lang='lat' dir='ltr'>ctoritate</span> <span class='ocrx_word' id='word_1_57' title='bbox 712 1308 846 1372; x_wconf 86' lang='lat' dir='ltr'>scienter</span> <span class='ocrx_word' id='word_1_58' title='bbox 869 1309 917 1369; x_wconf 92' lang='lat' dir='ltr'>vel</span> <span class='ocrx_word' id='word_1_59' title='bbox 941 1309 1122 1386; x_wconf 81' lang='lat' dir='ltr'>ignoranter</span> <span class='ocrx_word' id='word_1_60' title='bbox 1136 1303 1303 1382; x_wconf 89' lang='lat' dir='ltr'>contigerit</span> 
     </span>
     <span class='ocr_line' id='line_1_15' title="bbox 556 1401 712 1464; baseline -0.013 -2"><span class='ocrx_word' id='word_1_61' title='bbox 556 1401 712 1464; x_wconf 86' lang='lat' dir='ltr'>attentari.</span> 
     </span>
    </p>

    <p class='ocr_par' dir='ltr' id='par_1_6' title="bbox 559 1491 1317 3792">
     <span class='ocr_line' id='line_1_16' title="bbox 598 1491 1304 1572; baseline -0.01 -16"><span class='ocrx_word' id='word_1_62' title='bbox 598 1494 617 1569; x_wconf 69' lang='grc' dir='ltr'><strong>ἓ</strong></span> <span class='ocrx_word' id='word_1_63' title='bbox 637 1493 666 1556; x_wconf 86' lang='grc'>6.</span> <span class='ocrx_word' id='word_1_64' title='bbox 690 1491 759 1556; x_wconf 92' lang='lat' dir='ltr'>Non</span> <span class='ocrx_word' id='word_1_65' title='bbox 791 1493 983 1555; x_wconf 85' lang='lat' dir='ltr'>obstantibus</span> <span class='ocrx_word' id='word_1_66' title='bbox 1013 1492 1197 1572; x_wconf 88' lang='lat' dir='ltr'>apostolicis,</span> <span class='ocrx_word' id='word_1_67' title='bbox 1219 1507 1252 1552; x_wconf 90' lang='lat' dir='ltr'>ac</span> <span class='ocrx_word' id='word_1_68' title='bbox 1274 1491 1304 1550; x_wconf 95' lang='lat' dir='ltr'>in</span> 
     </span>
     <span class='ocr_line' id='line_1_17' title="bbox 560 1584 1305 1666; baseline -0.011 -16"><span class='ocrx_word' id='word_1_69' title='bbox 560 1587 787 1650; x_wconf 89' lang='lat' dir='ltr'>universalibus</span> <span class='ocrx_word' id='word_1_70' title='bbox 803 1585 1103 1666; x_wconf 73' lang='lat' dir='ltr'>provincialibusque</span> <span class='ocrx_word' id='word_1_71' title='bbox 1125 1594 1156 1646; x_wconf 91' lang='lat' dir='ltr'>et</span> <span class='ocrx_word' id='word_1_72' title='bbox 1176 1584 1305 1661; x_wconf 75' lang='lat' dir='ltr'>synoda-</span> 
     </span>
     <span class='ocr_line' id='line_1_18' title="bbox 559 1677 1305 1756; baseline -0.005 -14"><span class='ocrx_word' id='word_1_73' title='bbox 559 1679 641 1742; x_wconf 85' lang='lat' dir='ltr'>libus</span> <span class='ocrx_word' id='word_1_74' title='bbox 662 1678 807 1743; x_wconf 84' lang='lat' dir='ltr'>Gonciliis</span> <span class='ocrx_word' id='word_1_75' title='bbox 838 1679 927 1741; x_wconf 88' lang='lat' dir='ltr'>editis</span> <span class='ocrx_word' id='word_1_76' title='bbox 949 1678 1145 1756; x_wconf 84' lang='lat' dir='ltr'>generalibus</span> <span class='ocrx_word' id='word_1_77' title='bbox 1168 1677 1218 1739; x_wconf 93' lang='lat' dir='ltr'>vel</span> <span class='ocrx_word' id='word_1_78' title='bbox 1238 1689 1305 1754; x_wconf 89' lang='lat' dir='ltr'>spe·</span> 
     </span>
     <span class='ocr_line' id='line_1_19' title="bbox 560 1770 1305 1843; baseline -0.008 -7"><span class='ocrx_word' id='word_1_79' title='bbox 560 1772 687 1836; x_wconf 86' lang='lat' dir='ltr'>cialibus</span> <span class='ocrx_word' id='word_1_80' title='bbox 708 1772 979 1835; x_wconf 86' lang='lat' dir='ltr'>constitutionibus</span> <span class='ocrx_word' id='word_1_81' title='bbox 1001 1781 1031 1834; x_wconf 92' lang='lat' dir='ltr'>et</span> <span class='ocrx_word' id='word_1_82' title='bbox 1049 1770 1305 1843; x_wconf 87' lang='lat' dir='ltr'>ordinationibus,</span> 
     </span>
     <span class='ocr_line' id='line_1_20' title="bbox 560 1863 1308 1942; baseline -0.004 -15"><span class='ocrx_word' id='word_1_83' title='bbox 560 1884 593 1928; x_wconf 92' lang='lat' dir='ltr'>ac</span> <span class='ocrx_word' id='word_1_84' title='bbox 615 1873 717 1927; x_wconf 90' lang='lat' dir='ltr'>nostra</span> <span class='ocrx_word' id='word_1_85' title='bbox 739 1875 770 1927; x_wconf 93' lang='lat' dir='ltr'>et</span> <span class='ocrx_word' id='word_1_86' title='bbox 790 1865 990 1928; x_wconf 89' lang='lat' dir='ltr'>cancelleriae</span> <span class='ocrx_word' id='word_1_87' title='bbox 1022 1873 1143 1927; x_wconf 87' lang='lat' dir='ltr'>nostrae</span> <span class='ocrx_word' id='word_1_88' title='bbox 1165 1863 1308 1942; x_wconf 86' lang='lat' dir='ltr'>apostuli-</span> 
     </span>
     <span class='ocr_line' id='line_1_21' title="bbox 561 1955 1307 2036; baseline -0.008 -16"><span class='ocrx_word' id='word_1_89' title='bbox 561 1975 612 2020; x_wconf 91' lang='lat' dir='ltr'>cae</span> <span class='ocrx_word' id='word_1_90' title='bbox 634 1959 740 2036; x_wconf 90' lang='lat' dir='ltr'>regula</span> <span class='ocrx_word' id='word_1_91' title='bbox 755 1959 792 2019; x_wconf 93' lang='lat' dir='ltr'>de</span> <span class='ocrx_word' id='word_1_92' title='bbox 808 1975 872 2020; x_wconf 93' lang='lat' dir='ltr'>nun</span> <span class='ocrx_word' id='word_1_93' title='bbox 886 1959 1089 2020; x_wconf 89' lang='lat' dir='ltr'>concedendis</span> <span class='ocrx_word' id='word_1_94' title='bbox 1104 1955 1307 2033; x_wconf 81' lang='lat' dir='ltr'>indulgentiis</span> 
     </span>
     <span class='ocr_line' id='line_1_22' title="bbox 561 2049 1307 2132; baseline -0.004 -20"><span class='ocrx_word' id='word_1_95' title='bbox 561 2051 595 2112; x_wconf 92' lang='lat' dir='ltr'>ad</span> <span class='ocrx_word' id='word_1_96' title='bbox 620 2054 727 2128; x_wconf 88' lang='lat' dir='ltr'>instar,</span> <span class='ocrx_word' id='word_1_97' title='bbox 743 2059 785 2128; x_wconf 91' lang='lat' dir='ltr'>et,</span> <span class='ocrx_word' id='word_1_98' title='bbox 802 2061 955 2132; x_wconf 89' lang='lat' dir='ltr'>quatenus</span> <span class='ocrx_word' id='word_1_99' title='bbox 978 2068 1053 2132; x_wconf 92' lang='lat' dir='ltr'>opus</span> <span class='ocrx_word' id='word_1_100' title='bbox 1068 2052 1119 2125; x_wconf 93' lang='lat' dir='ltr'>sit,</span> <span class='ocrx_word' id='word_1_101' title='bbox 1135 2051 1233 2112; x_wconf 89' lang='lat' dir='ltr'>dictae</span> <span class='ocrx_word' id='word_1_102' title='bbox 1247 2049 1307 2111; x_wconf 89' lang='lat' dir='ltr'>col-</span> 
     </span>
     <span class='ocr_line' id='line_1_23' title="bbox 562 2142 1308 2223; baseline -0.005 -16"><span class='ocrx_word' id='word_1_103' title='bbox 562 2146 692 2222; x_wconf 89' lang='lat' dir='ltr'>legiatae</span> <span class='ocrx_word' id='word_1_104' title='bbox 713 2153 743 2207; x_wconf 92' lang='lat' dir='ltr'>et</span> <span class='ocrx_word' id='word_1_105' title='bbox 766 2145 944 2223; x_wconf 85' lang='lat' dir='ltr'>parochialis</span> <span class='ocrx_word' id='word_1_106' title='bbox 966 2145 1120 2218; x_wconf 90' lang='lat' dir='ltr'>ecclesiae,</span> <span class='ocrx_word' id='word_1_107' title='bbox 1147 2143 1240 2204; x_wconf 90' lang='lat' dir='ltr'>etiam</span> <span class='ocrx_word' id='word_1_108' title='bbox 1262 2142 1308 2203; x_wconf 93' lang='lat' dir='ltr'>iu-</span> 
     </span>
     <span class='ocr_line' id='line_1_24' title="bbox 561 2237 1308 2317; baseline -0.005 -17"><span class='ocrx_word' id='word_1_109' title='bbox 561 2247 703 2300; x_wconf 91' lang='lat' dir='ltr'>ramento</span> <span class='ocrx_word' id='word_1_110' title='bbox 725 2239 962 2300; x_wconf 87' lang='lat' dir='ltr'>confirmatione</span> <span class='ocrx_word' id='word_1_111' title='bbox 980 2239 1142 2317; x_wconf 88' lang='lat' dir='ltr'>apostolica</span> <span class='ocrx_word' id='word_1_112' title='bbox 1165 2237 1214 2297; x_wconf 93' lang='lat' dir='ltr'>vel</span> <span class='ocrx_word' id='word_1_113' title='bbox 1236 2253 1308 2314; x_wconf 93' lang='lat' dir='ltr'>qna-</span> 
     </span>
     <span class='ocr_line' id='line_1_25' title="bbox 563 2330 1310 2406; baseline -0.003 -14"><span class='ocrx_word' id='word_1_114' title='bbox 563 2333 609 2392; x_wconf 87' lang='lat' dir='ltr'>vis</span> <span class='ocrx_word' id='word_1_115' title='bbox 631 2332 775 2394; x_wconf 79' lang='lat' dir='ltr'>firmitate</span> <span class='ocrx_word' id='word_1_116' title='bbox 797 2330 855 2392; x_wconf 90' lang='lat' dir='ltr'>alia</span> <span class='ocrx_word' id='word_1_117' title='bbox 877 2333 1037 2406; x_wconf 88' lang='lat' dir='ltr'>roboratis,</span> <span class='ocrx_word' id='word_1_118' title='bbox 1054 2331 1177 2392; x_wconf 91' lang='lat' dir='ltr'>statutis</span> <span class='ocrx_word' id='word_1_119' title='bbox 1193 2342 1224 2391; x_wconf 89' lang='lat' dir='ltr'>el</span> <span class='ocrx_word' id='word_1_120' title='bbox 1237 2345 1310 2392; x_wconf 93' lang='lat' dir='ltr'>con-</span> 
     </span>
     <span class='ocr_line' id='line_1_26' title="bbox 562 2423 1311 2502; baseline -0.004 -16"><span class='ocrx_word' id='word_1_121' title='bbox 562 2425 792 2498; x_wconf 88' lang='lat' dir='ltr'>suetudinibus‚</span> <span class='ocrx_word' id='word_1_122' title='bbox 804 2425 975 2502; x_wconf 89' lang='lat' dir='ltr'>privilegiis</span> <span class='ocrx_word' id='word_1_123' title='bbox 987 2441 1121 2502; x_wconf 89' lang='lat' dir='ltr'>quoque,</span> <span class='ocrx_word' id='word_1_124' title='bbox 1135 2423 1265 2486; x_wconf 91' lang='lat' dir='ltr'>indultis</span> <span class='ocrx_word' id='word_1_125' title='bbox 1280 2431 1311 2484; x_wconf 93' lang='lat' dir='ltr'>et</span> 
     </span>
     <span class='ocr_line' id='line_1_27' title="bbox 563 2517 1311 2596; baseline -0.004 -17"><span class='ocrx_word' id='word_1_126' title='bbox 563 2517 675 2580; x_wconf 90' lang='lat' dir='ltr'>litteris</span> <span class='ocrx_word' id='word_1_127' title='bbox 697 2517 868 2595; x_wconf 90' lang='lat' dir='ltr'>apostolicis</span> <span class='ocrx_word' id='word_1_128' title='bbox 888 2519 946 2580; x_wconf 92' lang='lat' dir='ltr'>sub</span> <span class='ocrx_word' id='word_1_129' title='bbox 961 2519 1210 2596; x_wconf 88' lang='lat' dir='ltr'>quibuscumque</span> <span class='ocrx_word' id='word_1_130' title='bbox 1226 2524 1311 2577; x_wconf 93' lang='lat' dir='ltr'>teno-</span> 
     </span>
     <span class='ocr_line' id='line_1_28' title="bbox 564 2609 1312 2690; baseline -0.001 -18"><span class='ocrx_word' id='word_1_131' title='bbox 564 2612 649 2672; x_wconf 87' lang='lat' dir='ltr'>ribus</span> <span class='ocrx_word' id='word_1_132' title='bbox 671 2618 701 2672; x_wconf 92' lang='lat' dir='ltr'>et</span> <span class='ocrx_word' id='word_1_133' title='bbox 723 2611 842 2685; x_wconf 87' lang='lat' dir='ltr'>lormis,</span> <span class='ocrx_word' id='word_1_134' title='bbox 865 2625 900 2672; x_wconf 88' lang='lat' dir='ltr'>ac</span> <span class='ocrx_word' id='word_1_135' title='bbox 920 2627 991 2672; x_wconf 92' lang='lat' dir='ltr'>cum</span> <span class='ocrx_word' id='word_1_136' title='bbox 1015 2610 1176 2690; x_wconf 81' lang='lat' dir='ltr'>quibusvis</span> <span class='ocrx_word' id='word_1_137' title='bbox 1194 2609 1312 2671; x_wconf 88' lang='lat' dir='ltr'>clausu·</span> 
     </span>
     <span class='ocr_line' id='line_1_29' title="bbox 564 2703 1312 2780; baseline -0.004 -15"><span class='ocrx_word' id='word_1_138' title='bbox 564 2704 601 2766; x_wconf 91' lang='lat' dir='ltr'>lis</span> <span class='ocrx_word' id='word_1_139' title='bbox 623 2713 654 2766; x_wconf 89' lang='lat' dir='ltr'>et</span> <span class='ocrx_word' id='word_1_140' title='bbox 675 2705 805 2766; x_wconf 86' lang='lat' dir='ltr'>decretis</span> <span class='ocrx_word' id='word_1_141' title='bbox 828 2703 859 2764; x_wconf 93' lang='lat' dir='ltr'>in</span> <span class='ocrx_word' id='word_1_142' title='bbox 882 2719 996 2779; x_wconf 91' lang='lat' dir='ltr'>genere</span> <span class='ocrx_word' id='word_1_143' title='bbox 1022 2703 1070 2764; x_wconf 93' lang='lat' dir='ltr'>vel</span> <span class='ocrx_word' id='word_1_144' title='bbox 1093 2703 1124 2763; x_wconf 94' lang='lat' dir='ltr'>in</span> <span class='ocrx_word' id='word_1_145' title='bbox 1146 2703 1259 2780; x_wconf 91' lang='lat' dir='ltr'>specie,</span> <span class='ocrx_word' id='word_1_146' title='bbox 1281 2708 1312 2762; x_wconf 91' lang='lat' dir='ltr'>et</span> 
     </span>
     <span class='ocr_line' id='line_1_30' title="bbox 565 2795 1313 2874; baseline -0.005 -16"><span class='ocrx_word' id='word_1_147' title='bbox 565 2798 637 2858; x_wconf 88' lang='lat' dir='ltr'>alias</span> <span class='ocrx_word' id='word_1_148' title='bbox 659 2798 690 2859; x_wconf 95' lang='lat' dir='ltr'>in</span> <span class='ocrx_word' id='word_1_149' title='bbox 712 2796 902 2859; x_wconf 91' lang='lat' dir='ltr'>contrarium</span> <span class='ocrx_word' id='word_1_150' title='bbox 925 2795 1164 2874; x_wconf 88' lang='lat' dir='ltr'>praemissorum</span> <span class='ocrx_word' id='word_1_151' title='bbox 1184 2808 1313 2872; x_wconf 93' lang='lat' dir='ltr'>quomo·</span> 
     </span>
     <span class='ocr_line' id='line_1_31' title="bbox 566 2889 1309 2964; baseline -0.012 -10"><span class='ocrx_word' id='word_1_152' title='bbox 566 2891 682 2956; x_wconf 87' lang='lat' dir='ltr'>delibet</span> <span class='ocrx_word' id='word_1_153' title='bbox 701 2891 863 2964; x_wconf 82' lang='lat' dir='ltr'>concessis,</span> <span class='ocrx_word' id='word_1_154' title='bbox 879 2890 1069 2952; x_wconf 86' lang='lat' dir='ltr'>confirmatis</span> <span class='ocrx_word' id='word_1_155' title='bbox 1090 2897 1120 2950; x_wconf 91' lang='lat' dir='ltr'>et</span> <span class='ocrx_word' id='word_1_156' title='bbox 1143 2889 1309 2950; x_wconf 90' lang='lat' dir='ltr'>innovatis.</span> 
     </span>
     <span class='ocr_line' id='line_1_32' title="bbox 566 2981 1313 3060; baseline -0.009 -14"><span class='ocrx_word' id='word_1_157' title='bbox 566 2985 682 3059; x_wconf 87' lang='lat' dir='ltr'>Quibus</span> <span class='ocrx_word' id='word_1_158' title='bbox 704 2983 849 3046; x_wconf 91' lang='lat' dir='ltr'>omnibus</span> <span class='ocrx_word' id='word_1_159' title='bbox 870 2991 901 3044; x_wconf 91' lang='lat' dir='ltr'>et</span> <span class='ocrx_word' id='word_1_160' title='bbox 922 2982 1055 3060; x_wconf 91' lang='lat' dir='ltr'>singulis</span> <span class='ocrx_word' id='word_1_161' title='bbox 1077 2981 1204 3043; x_wconf 90' lang='lat' dir='ltr'>illorum</span> <span class='ocrx_word' id='word_1_162' title='bbox 1227 2987 1313 3040; x_wconf 91' lang='lat' dir='ltr'>teno-</span> 
     </span>
     <span class='ocr_line' id='line_1_33' title="bbox 566 3075 1315 3156; baseline -0.009 -17"><span class='ocrx_word' id='word_1_163' title='bbox 566 3093 615 3139; x_wconf 85' lang='lat' dir='ltr'>res</span> <span class='ocrx_word' id='word_1_164' title='bbox 637 3076 849 3156; x_wconf 91' lang='lat' dir='ltr'>praesenlibus</span> <span class='ocrx_word' id='word_1_165' title='bbox 875 3091 930 3155; x_wconf 89' lang='lat' dir='ltr'>pro</span> <span class='ocrx_word' id='word_1_166' title='bbox 953 3076 1044 3154; x_wconf 92' lang='lat' dir='ltr'>plene</span> <span class='ocrx_word' id='word_1_167' title='bbox 1072 3081 1102 3135; x_wconf 93' lang='lat' dir='ltr'>et</span> <span class='ocrx_word' id='word_1_168' title='bbox 1123 3075 1315 3135; x_wconf 87' lang='lat' dir='ltr'>sullicienter</span> 
     </span>
     <span class='ocr_line' id='line_1_34' title="bbox 567 3167 1315 3248; baseline -0.005 -16"><span class='ocrx_word' id='word_1_169' title='bbox 567 3170 771 3248; x_wconf 85' lang='lat' dir='ltr'>expressisse</span> <span class='ocrx_word' id='word_1_170' title='bbox 793 3167 830 3228; x_wconf 91' lang='lat' dir='ltr'>de</span> <span class='ocrx_word' id='word_1_171' title='bbox 852 3170 947 3230; x_wconf 92' lang='lat' dir='ltr'>verbo</span> <span class='ocrx_word' id='word_1_172' title='bbox 968 3171 1004 3230; x_wconf 90' lang='lat' dir='ltr'>ud</span> <span class='ocrx_word' id='word_1_173' title='bbox 1027 3167 1159 3230; x_wconf 89' lang='lat' dir='ltr'>verbum</span> <span class='ocrx_word' id='word_1_174' title='bbox 1190 3168 1315 3228; x_wconf 88' lang='lat' dir='ltr'>insertis</span> 
     </span>
     <span class='ocr_line' id='line_1_35' title="bbox 568 3261 1314 3340; baseline -0.003 -16"><span class='ocrx_word' id='word_1_175' title='bbox 568 3263 728 3335; x_wconf 88' lang='lat' dir='ltr'>babentes,</span> <span class='ocrx_word' id='word_1_176' title='bbox 752 3261 811 3322; x_wconf 92' lang='lat' dir='ltr'>illis</span> <span class='ocrx_word' id='word_1_177' title='bbox 832 3261 904 3322; x_wconf 87' lang='lat' dir='ltr'>alias</span> <span class='ocrx_word' id='word_1_178' title='bbox 926 3262 958 3323; x_wconf 90' lang='lat' dir='ltr'>in</span> <span class='ocrx_word' id='word_1_179' title='bbox 976 3278 1032 3324; x_wconf 93' lang='lat' dir='ltr'>suo</span> <span class='ocrx_word' id='word_1_180' title='bbox 1047 3262 1157 3323; x_wconf 91' lang='lat' dir='ltr'>robore</span> <span class='ocrx_word' id='word_1_181' title='bbox 1173 3277 1314 3340; x_wconf 88' lang='lat' dir='ltr'>perman·</span> 
     </span>
     <span class='ocr_line' id='line_1_36' title="bbox 567 3354 1315 3432; baseline -0.001 -15"><span class='ocrx_word' id='word_1_182' title='bbox 567 3357 658 3429; x_wconf 92' lang='lat' dir='ltr'>suris,</span> <span class='ocrx_word' id='word_1_183' title='bbox 681 3355 717 3416; x_wconf 92' lang='lat' dir='ltr'>ad</span> <span class='ocrx_word' id='word_1_184' title='bbox 739 3355 976 3432; x_wconf 87' lang='lat' dir='ltr'>praemissorum</span> <span class='ocrx_word' id='word_1_185' title='bbox 1005 3355 1150 3416; x_wconf 88' lang='lat' dir='ltr'>ellectum</span> <span class='ocrx_word' id='word_1_186' title='bbox 1171 3354 1226 3416; x_wconf 88' lang='lat' dir='ltr'>bac</span> <span class='ocrx_word' id='word_1_187' title='bbox 1248 3355 1315 3416; x_wconf 91' lang='lat' dir='ltr'>vice</span> 
     </span>
     <span class='ocr_line' id='line_1_37' title="bbox 569 3447 1315 3527; baseline -0.008 -15"><span class='ocrx_word' id='word_1_188' title='bbox 569 3452 728 3512; x_wconf 85' lang='lat' dir='ltr'>dumtaxat</span> <span class='ocrx_word' id='word_1_189' title='bbox 758 3449 932 3527; x_wconf 89' lang='lat' dir='ltr'>specialiter</span> <span class='ocrx_word' id='word_1_190' title='bbox 960 3455 990 3509; x_wconf 92' lang='lat' dir='ltr'>et</span> <span class='ocrx_word' id='word_1_191' title='bbox 1019 3463 1162 3525; x_wconf 85' lang='lat' dir='ltr'>expresse</span> <span class='ocrx_word' id='word_1_192' title='bbox 1190 3447 1315 3524; x_wconf 88' lang='lat' dir='ltr'>deroga·</span> 
     </span>
     <span class='ocr_line' id='line_1_38' title="bbox 569 3541 1313 3620; baseline -0.005 -16"><span class='ocrx_word' id='word_1_193' title='bbox 569 3557 651 3617; x_wconf 77' lang='lat' dir='ltr'>mue,</span> <span class='ocrx_word' id='word_1_194' title='bbox 668 3543 858 3620; x_wconf 89' lang='lat' dir='ltr'>caeterisque</span> <span class='ocrx_word' id='word_1_195' title='bbox 873 3541 1034 3604; x_wconf 90' lang='lat' dir='ltr'>contrariis</span> <span class='ocrx_word' id='word_1_196' title='bbox 1056 3541 1313 3619; x_wconf 90' lang='lat' dir='ltr'>quibuscumque.</span> 
     </span>
     <span class='ocr_line' id='line_1_39' title="bbox 569 3633 1317 3718; baseline -0.004 -21"><span class='ocrx_word' id='word_1_197' title='bbox 569 3635 785 3718; x_wconf 84' lang='lat' dir='ltr'>Praesentibus</span> <span class='ocrx_word' id='word_1_198' title='bbox 806 3636 964 3714; x_wconf 90' lang='lat' dir='ltr'>perpetuis</span> <span class='ocrx_word' id='word_1_199' title='bbox 993 3633 1105 3696; x_wconf 90' lang='lat' dir='ltr'>luturis</span> <span class='ocrx_word' id='word_1_200' title='bbox 1129 3635 1317 3712; x_wconf 88' lang='lat' dir='ltr'>temporibus</span> 
     </span>
     <span class='ocr_line' id='line_1_40' title="bbox 570 3730 720 3792; baseline -0.027 0"><span class='ocrx_word' id='word_1_201' title='bbox 570 3730 720 3792; x_wconf 90' lang='lat' dir='ltr'>valituris.</span> 
     </span>
    </p>

    <p class='ocr_par' dir='ltr' id='par_1_7' title="bbox 570 3822 1320 4553">
     <span class='ocr_line' id='line_1_41' title="bbox 611 3822 1318 3899; baseline -0.008 -13"><span class='ocrx_word' id='word_1_202' title='bbox 611 3825 629 3897; x_wconf 71' lang='grc' dir='ltr'><strong>ἓ</strong></span> <span class='ocrx_word' id='word_1_203' title='bbox 651 3823 679 3886; x_wconf 87' lang='grc'>7.</span> <span class='ocrx_word' id='word_1_204' title='bbox 700 3822 977 3898; x_wconf 84' lang='lat' dir='ltr'>Volumusautem,</span> <span class='ocrx_word' id='word_1_205' title='bbox 991 3822 1217 3884; x_wconf 90' lang='lat' dir='ltr'>ulearumdem</span> <span class='ocrx_word' id='word_1_206' title='bbox 1233 3836 1318 3899; x_wconf 91' lang='lat' dir='ltr'>prac-</span> 
     </span>
     <span class='ocr_line' id='line_1_42' title="bbox 570 3916 1318 3994; baseline -0.008 -14"><span class='ocrx_word' id='word_1_207' title='bbox 570 3921 706 3982; x_wconf 90' lang='lat' dir='ltr'>sentium</span> <span class='ocrx_word' id='word_1_208' title='bbox 724 3918 896 3980; x_wconf 90' lang='lat' dir='ltr'>litterarum</span> <span class='ocrx_word' id='word_1_209' title='bbox 915 3916 1129 3994; x_wconf 88' lang='lat' dir='ltr'>transumptis,</span> <span class='ocrx_word' id='word_1_210' title='bbox 1145 3931 1199 3976; x_wconf 90' lang='lat' dir='ltr'>seu</span> <span class='ocrx_word' id='word_1_211' title='bbox 1215 3930 1318 3976; x_wconf 88' lang='lat' dir='ltr'>exem·</span> 
     </span>
     <span class='ocr_line' id='line_1_43' title="bbox 571 4009 1319 4092; baseline -0.011 -18"><span class='ocrx_word' id='word_1_212' title='bbox 571 4014 640 4092; x_wconf 91' lang='lat' dir='ltr'>plis,</span> <span class='ocrx_word' id='word_1_213' title='bbox 657 4014 750 4074; x_wconf 90' lang='lat' dir='ltr'>etiarn</span> <span class='ocrx_word' id='word_1_214' title='bbox 773 4011 941 4090; x_wconf 87' lang='lat' dir='ltr'>impressis,</span> <span class='ocrx_word' id='word_1_215' title='bbox 964 4025 1058 4070; x_wconf 88' lang='lat' dir='ltr'>manu</span> <span class='ocrx_word' id='word_1_216' title='bbox 1080 4009 1211 4070; x_wconf 89' lang='lat' dir='ltr'>alicuius</span> <span class='ocrx_word' id='word_1_217' title='bbox 1234 4016 1319 4068; x_wconf 88' lang='lat' dir='ltr'>nota·</span> 
     </span>
     <span class='ocr_line' id='line_1_44' title="bbox 571 4101 1317 4184; baseline -0.012 -15"><span class='ocrx_word' id='word_1_218' title='bbox 571 4107 610 4169; x_wconf 89' lang='lat' dir='ltr'>rii</span> <span class='ocrx_word' id='word_1_219' title='bbox 633 4105 747 4184; x_wconf 90' lang='lat' dir='ltr'>publici</span> <span class='ocrx_word' id='word_1_220' title='bbox 774 4105 964 4181; x_wconf 87' lang='lat' dir='ltr'>subscriptis,</span> <span class='ocrx_word' id='word_1_221' title='bbox 986 4111 1017 4164; x_wconf 90' lang='lat' dir='ltr'>et</span> <span class='ocrx_word' id='word_1_222' title='bbox 1037 4101 1141 4178; x_wconf 88' lang='lat' dir='ltr'>sigillo</span> <span class='ocrx_word' id='word_1_223' title='bbox 1171 4115 1317 4180; x_wconf 89' lang='lat' dir='ltr'>personae</span> 
     </span>
     <span class='ocr_line' id='line_1_45' title="bbox 573 4193 1317 4276; baseline -0.009 -16"><span class='ocrx_word' id='word_1_224' title='bbox 573 4203 604 4261; x_wconf 95' lang='lat' dir='ltr'>in</span> <span class='ocrx_word' id='word_1_225' title='bbox 627 4199 778 4276; x_wconf 86' lang='lat' dir='ltr'>dignitate</span> <span class='ocrx_word' id='word_1_226' title='bbox 797 4196 997 4258; x_wconf 88' lang='lat' dir='ltr'>ecclesiastica</span> <span class='ocrx_word' id='word_1_227' title='bbox 1016 4197 1200 4257; x_wconf 88' lang='lat' dir='ltr'>constitutae</span> <span class='ocrx_word' id='word_1_228' title='bbox 1216 4193 1317 4254; x_wconf 94' lang='lat' dir='ltr'>muni-</span> 
     </span>
     <span class='ocr_line' id='line_1_46' title="bbox 573 4279 1318 4369; baseline -0.011 -13"><span class='ocrx_word' id='word_1_229' title='bbox 573 4294 622 4369; x_wconf 90' lang='lat' dir='ltr'>tis,</span> <span class='ocrx_word' id='word_1_230' title='bbox 645 4291 750 4354; x_wconf 91' lang='lat' dir='ltr'>eadem</span> <span class='ocrx_word' id='word_1_231' title='bbox 780 4279 918 4369; x_wconf 86' lang='lat' dir='ltr'>prorsus</span> <span class='ocrx_word' id='word_1_232' title='bbox 936 4289 1009 4350; x_wconf 88' lang='lat' dir='ltr'>fides</span> <span class='ocrx_word' id='word_1_233' title='bbox 1042 4289 1157 4367; x_wconf 92' lang='lat' dir='ltr'>ubique</span> <span class='ocrx_word' id='word_1_234' title='bbox 1179 4288 1318 4348; x_wconf 88' lang='lat' dir='ltr'>iocorum</span> 
     </span>
     <span class='ocr_line' id='line_1_47' title="bbox 572 4381 1320 4461; baseline -0.008 -14"><span class='ocrx_word' id='word_1_235' title='bbox 572 4386 764 4460; x_wconf 90' lang='lat' dir='ltr'>adbibeatur,</span> <span class='ocrx_word' id='word_1_236' title='bbox 781 4397 860 4461; x_wconf 89' lang='lat' dir='ltr'>quae</span> <span class='ocrx_word' id='word_1_237' title='bbox 881 4382 953 4460; x_wconf 90' lang='lat' dir='ltr'>ipsis</span> <span class='ocrx_word' id='word_1_238' title='bbox 969 4381 1181 4460; x_wconf 88' lang='lat' dir='ltr'>praesentibus</span> <span class='ocrx_word' id='word_1_239' title='bbox 1196 4381 1320 4442; x_wconf 87' lang='lat' dir='ltr'>adbibe-</span> 
     </span>
     <span class='ocr_line' id='line_1_48' title="bbox 573 4475 1264 4553; baseline -0.01 -12"><span class='ocrx_word' id='word_1_240' title='bbox 573 4487 672 4553; x_wconf 90' lang='lat' dir='ltr'>vetur,</span> <span class='ocrx_word' id='word_1_241' title='bbox 694 4479 719 4540; x_wconf 88' lang='lat' dir='ltr'>si</span> <span class='ocrx_word' id='word_1_242' title='bbox 741 4477 842 4540; x_wconf 88' lang='lat' dir='ltr'>loreut</span> <span class='ocrx_word' id='word_1_243' title='bbox 865 4476 1018 4537; x_wconf 86' lang='lat' dir='ltr'>exliibitee</span> <span class='ocrx_word' id='word_1_244' title='bbox 1042 4475 1092 4536; x_wconf 89' lang='lat' dir='ltr'>vel</span> <span class='ocrx_word' id='word_1_245' title='bbox 1113 4484 1264 4536; x_wconf 85' lang='lat' dir='ltr'>ostensae.</span> 
     </span>
    </p>

    <p class='ocr_par' dir='ltr' id='par_1_8' title="bbox 574 4567 1320 4836">
     <span class='ocr_line' id='line_1_49' title="bbox 614 4567 1319 4646; baseline -0.006 -14"><span class='ocrx_word' id='word_1_246' title='bbox 614 4572 725 4632; x_wconf 84' lang='lat' dir='ltr'>ilatum</span> <span class='ocrx_word' id='word_1_247' title='bbox 754 4569 884 4645; x_wconf 86' lang='lat' dir='ltr'>Romae,</span> <span class='ocrx_word' id='word_1_248' title='bbox 913 4567 1200 4646; x_wconf 63' lang='lat' dir='ltr'>spadanorum</span> <span class='ocrx_word' id='word_1_249' title='bbox 1231 4567 1319 4629; x_wconf 79' lang='lat' dir='ltr'>Maio</span> 
     </span>
     <span class='ocr_line' id='line_1_50' title="bbox 574 4661 1320 4740; baseline -0.011 -11"><span class='ocrx_word' id='word_1_250' title='bbox 574 4683 653 4740; x_wconf 89' lang='lat' dir='ltr'>rem,</span> <span class='ocrx_word' id='word_1_251' title='bbox 669 4665 726 4726; x_wconf 91' lang='lat' dir='ltr'>sub</span> <span class='ocrx_word' id='word_1_252' title='bbox 747 4663 864 4725; x_wconf 90' lang='lat' dir='ltr'>annulo</span> <span class='ocrx_word' id='word_1_253' title='bbox 886 4661 1058 4737; x_wconf 87' lang='lat' dir='ltr'>Piscatoris,</span> <span class='ocrx_word' id='word_1_254' title='bbox 1082 4663 1131 4724; x_wconf 92' lang='lat' dir='ltr'>die</span> <span class='ocrx_word' id='word_1_255' title='bbox 1158 4677 1230 4722; x_wconf 88' lang='lat' dir='ltr'>xxv.</span> <span class='ocrx_word' id='word_1_256' title='bbox 1248 4662 1320 4722; x_wconf 88' lang='lat' dir='ltr'>maii</span> 
     </span>
     <span class='ocr_line' id='line_1_51' title="bbox 575 4757 1268 4836; baseline -0.009 -14"><span class='ocrx_word' id='word_1_257' title='bbox 575 4775 738 4834; x_wconf 77' lang='lat' dir='ltr'>mcccxxv,</span> <span class='ocrx_word' id='word_1_258' title='bbox 762 4757 958 4836; x_wconf 87' lang='lat' dir='ltr'>pontificatus</span> <span class='ocrx_word' id='word_1_259' title='bbox 979 4757 1077 4818; x_wconf 90' lang='lat' dir='ltr'>nestri</span> <span class='ocrx_word' id='word_1_260' title='bbox 1099 4772 1180 4818; x_wconf 90' lang='lat' dir='ltr'>anno</span> <span class='ocrx_word' id='word_1_261' title='bbox 1204 4771 1268 4816; x_wconf 87' lang='lat' dir='ltr'>xvv.</span> 
     </span>
    </p>
   </div>
   <div class='ocr_carea' id='block_1_6' title="bbox 896 5325 1011 5390">
    <p class='ocr_par' dir='ltr' id='par_1_9' title="bbox 896 5325 1011 5390">
     <span class='ocr_line' id='line_1_52' title="bbox 896 5325 1011 5390; baseline -0.043 0"><span class='ocrx_word' id='word_1_262' title='bbox 896 5325 1011 5390; x_wconf 78' lang='lat' dir='ltr'>cellit.</span> 
     </span>
    </p>
   </div>
   <div class='ocr_carea' id='block_1_7' title="bbox 580 5514 1328 5961">
    <p class='ocr_par' dir='ltr' id='par_1_10' title="bbox 580 5514 1328 5961">
     <span class='ocr_line' id='line_1_53' title="bbox 580 5514 1326 5597; baseline -0.027 -8"><span class='ocrx_word' id='word_1_263' title='bbox 580 5523 804 5596; x_wconf 84' lang='lat' dir='ltr'>Putriorclrns,</span> <span class='ocrx_word' id='word_1_264' title='bbox 831 5520 1087 5597; x_wconf 83' lang='lat' dir='ltr'>Arcbiepiscopes</span> <span class='ocrx_word' id='word_1_265' title='bbox 1110 5523 1139 5576; x_wconf 87' lang='lat' dir='ltr'>et</span> <span class='ocrx_word' id='word_1_266' title='bbox 1158 5514 1326 5591; x_wconf 80' lang='lat' dir='ltr'>Episcopus</span> 
     </span>
     <span class='ocr_line' id='line_1_54' title="bbox 621 5603 1326 5689; baseline -0.023 -9"><span class='ocrx_word' id='word_1_267' title='bbox 621 5619 812 5689; x_wconf 82' lang='lat' dir='ltr'>bortuntnr,</span> <span class='ocrx_word' id='word_1_268' title='bbox 835 5621 873 5676; x_wconf 88' lang='lat' dir='ltr'>nt</span> <span class='ocrx_word' id='word_1_269' title='bbox 896 5611 1055 5674; x_wconf 84' lang='lat' dir='ltr'>netcrtbns</span> <span class='ocrx_word' id='word_1_270' title='bbox 1072 5627 1153 5671; x_wconf 66' lang='lat' dir='ltr'>notan</span> <span class='ocrx_word' id='word_1_271' title='bbox 1174 5603 1326 5684; x_wconf 87' lang='lat' dir='ltr'>snpercd·</span> 
     </span>
     <span class='ocr_line' id='line_1_55' title="bbox 622 5699 1327 5789; baseline -0.024 -15"><span class='ocrx_word' id='word_1_272' title='bbox 622 5713 703 5774; x_wconf 85' lang='lat' dir='ltr'>dont</span> <span class='ocrx_word' id='word_1_273' title='bbox 720 5708 897 5789; x_wconf 84' lang='lat' dir='ltr'>pastoral-is</span> <span class='ocrx_word' id='word_1_274' title='bbox 913 5704 1146 5768; x_wconf 81' lang='lat' dir='ltr'>sollicitudinis</span> <span class='ocrx_word' id='word_1_275' title='bbox 1161 5699 1285 5770; x_wconf 85' lang='lat' dir='ltr'>stadio,</span> <span class='ocrx_word' id='word_1_276' title='bbox 1298 5703 1327 5758; x_wconf 89' lang='lat' dir='ltr'>et</span> 
     </span>
     <span class='ocr_line' id='line_1_56' title="bbox 626 5792 1328 5884; baseline -0.023 -16"><span class='ocrx_word' id='word_1_277' title='bbox 626 5801 856 5882; x_wconf 77' lang='lat' dir='ltr'>dlarlstlfiaetes</span> <span class='ocrx_word' id='word_1_278' title='bbox 878 5801 913 5861; x_wconf 86' lang='lat' dir='ltr'>in</span> <span class='ocrx_word' id='word_1_279' title='bbox 936 5799 1130 5862; x_wconf 83' lang='lat' dir='ltr'>rnditncntis</span> <span class='ocrx_word' id='word_1_280' title='bbox 1144 5795 1217 5884; x_wconf 80' lang='lat' dir='ltr'>fidei</span> <span class='ocrx_word' id='word_1_281' title='bbox 1234 5792 1328 5853; x_wconf 84' lang='lat' dir='ltr'>insti-</span> 
     </span>
     <span class='ocr_line' id='line_1_57' title="bbox 625 5899 1049 5961; baseline -0.009 -2"><span class='ocrx_word' id='word_1_282' title='bbox 625 5902 767 5959; x_wconf 88' lang='lat' dir='ltr'>tnontnr</span> <span class='ocrx_word' id='word_1_283' title='bbox 788 5901 817 5956; x_wconf 89' lang='lat' dir='ltr'>et</span> <span class='ocrx_word' id='word_1_284' title='bbox 838 5899 1049 5961; x_wconf 80' lang='lat' dir='ltr'>erudiantur.</span> 
     </span>
    </p>
   </div>
   <div class='ocr_carea' id='block_1_8' title="bbox 1077 531 1573 580">
    <p class='ocr_par' dir='ltr' id='par_1_11' title="bbox 1077 531 1573 580">
     <span class='ocr_line' id='line_1_58' title="bbox 1077 531 1573 580; baseline -0.012 0"><span class='ocrx_word' id='word_1_285' title='bbox 1077 537 1140 580; x_wconf 70' lang='lat' dir='ltr'>litt.</span> <span class='ocrx_word' id='word_1_286' title='bbox 1165 533 1256 580; x_wconf 80' lang='lat' dir='ltr'><strong>PONT·</strong></span> <span class='ocrx_word' id='word_1_287' title='bbox 1280 531 1320 575; x_wconf 80' lang='lat' dir='ltr'>DE</span> <span class='ocrx_word' id='word_1_288' title='bbox 1342 531 1370 574; x_wconf 83' lang='lat' dir='ltr'>P.</span> <span class='ocrx_word' id='word_1_289' title='bbox 1395 531 1423 574; x_wconf 76' lang='lat' dir='ltr'>F.</span> <span class='ocrx_word' id='word_1_290' title='bbox 1449 531 1530 576; x_wconf 73' lang='lat' dir='ltr'>PARS</span> <span class='ocrx_word' id='word_1_291' title='bbox 1552 533 1573 576; x_wconf 90' lang='lat'>1.</span> 
     </span>
    </p>
   </div>
   <div class='ocr_carea' id='block_1_9' title="bbox 1520 696 1931 768">
    <p class='ocr_par' dir='ltr' id='par_1_12' title="bbox 1520 696 1931 768">
     <span class='ocr_line' id='line_1_59' title="bbox 1520 696 1931 768; baseline -0.012 -1"><span class='ocrx_word' id='word_1_292' title='bbox 1520 696 1765 768; x_wconf 74' lang='lat' dir='ltr'>Benedictus</span> <span class='ocrx_word' id='word_1_293' title='bbox 1782 697 1842 766; x_wconf 89' lang='grc' dir='ltr'>ΡΡ.</span> <span class='ocrx_word' id='word_1_294' title='bbox 1860 697 1931 766; x_wconf 83' lang='grc' dir='ltr'>ΧΝ.</span> 
     </span>
    </p>
   </div>
   <div class='ocr_carea' id='block_1_10' title="bbox 1389 899 2066 1103">
    <p class='ocr_par' dir='ltr' id='par_1_13' title="bbox 1389 899 2066 1103">
     <span class='ocr_line' id='line_1_60' title="bbox 1568 899 1887 979; baseline -0.003 -13"><span class='ocrx_word' id='word_1_295' title='bbox 1568 899 1756 968; x_wconf 78' lang='lat' dir='ltr'>Venerabilis</span> <span class='ocrx_word' id='word_1_296' title='bbox 1779 899 1887 979; x_wconf 84' lang='lat' dir='ltr'>trater,</span> 
     </span>
     <span class='ocr_line' id='line_1_61' title="bbox 1389 1019 2066 1103; baseline -0.006 -17"><span class='ocrx_word' id='word_1_297' title='bbox 1389 1019 1518 1087; x_wconf 84' lang='lat' dir='ltr'>salutern</span> <span class='ocrx_word' id='word_1_298' title='bbox 1539 1025 1571 1088; x_wconf 89' lang='lat' dir='ltr'>et</span> <span class='ocrx_word' id='word_1_299' title='bbox 1592 1021 1790 1103; x_wconf 81' lang='lat' dir='ltr'>apostolicare</span> <span class='ocrx_word' id='word_1_300' title='bbox 1815 1019 2066 1088; x_wconf 80' lang='lat' dir='ltr'>benedictionem.</span> 
     </span>
    </p>
   </div>
   <div class='ocr_carea' id='block_1_11' title="bbox 1357 1210 2327 4376">
    <p class='ocr_par' dir='ltr' id='par_1_14' title="bbox 1357 1210 2327 4376">
     <span class='ocr_line' id='line_1_62' title="bbox 1397 1210 2325 1293; baseline -0.004 -19"><span class='ocrx_word' id='word_1_301' title='bbox 1397 1211 1477 1274; x_wconf 82' lang='lat' dir='ltr'>Cum</span> <span class='ocrx_word' id='word_1_302' title='bbox 1509 1213 1645 1290; x_wconf 88' lang='lat' dir='ltr'>religiosi</span> <span class='ocrx_word' id='word_1_303' title='bbox 1680 1231 1777 1293; x_wconf 86' lang='lat' dir='ltr'>aeque</span> <span class='ocrx_word' id='word_1_304' title='bbox 1807 1231 1840 1276; x_wconf 92' lang='lat' dir='ltr'>ac</span> <span class='ocrx_word' id='word_1_305' title='bbox 1870 1211 1970 1275; x_wconf 89' lang='lat' dir='ltr'>divini</span> <span class='ocrx_word' id='word_1_306' title='bbox 2001 1210 2107 1272; x_wconf 88' lang='lat' dir='ltr'>cultus</span> <span class='ocrx_word' id='word_1_307' title='bbox 2169 1220 2258 1284; x_wconf 72' lang='lat' dir='ltr'>ronan.</span> <span class='ocrx_word' id='word_1_308' title='bbox 2277 1233 2325 1270; x_wconf 70' lang='lat' dir='ltr'>vua</span> 
     </span>
     <span class='ocr_line' id='line_1_63' title="bbox 1357 1279 2325 1427; baseline -0.013 -61"><span class='ocrx_word' id='word_1_309' title='bbox 1357 1306 1561 1384; x_wconf 90' lang='lat' dir='ltr'>promovendi</span> <span class='ocrx_word' id='word_1_310' title='bbox 1576 1307 1705 1370; x_wconf 88' lang='lat' dir='ltr'>studiosi</span> <span class='ocrx_word' id='word_1_311' title='bbox 1722 1307 1780 1369; x_wconf 93' lang='lat' dir='ltr'>viri</span> <span class='ocrx_word' id='word_1_312' title='bbox 1796 1307 1832 1368; x_wconf 90' lang='lat' dir='ltr'>ad</span> <span class='ocrx_word' id='word_1_313' title='bbox 1849 1323 1904 1368; x_wconf 92' lang='lat' dir='ltr'>nos</span> <span class='ocrx_word' id='word_1_314' title='bbox 1919 1304 2105 1378; x_wconf 91' lang='lat' dir='ltr'>detulerint,</span> <span class='ocrx_word' id='word_1_315' title='bbox 2128 1279 2325 1427; x_wconf 49' lang='lat' dir='ltr'>{iffffi‘sdssfllfllj</span> 
     </span>
     <span class='ocr_line' id='line_1_64' title="bbox 1359 1381 2327 1482; baseline -0.004 -24"><span class='ocrx_word' id='word_1_316' title='bbox 1359 1396 1511 1476; x_wconf 93' lang='lat' dir='ltr'>optimum</span> <span class='ocrx_word' id='word_1_317' title='bbox 1535 1397 1609 1474; x_wconf 89' lang='lat' dir='ltr'>lore,</span> <span class='ocrx_word' id='word_1_318' title='bbox 1633 1400 1658 1461; x_wconf 94' lang='lat' dir='ltr'>si</span> <span class='ocrx_word' id='word_1_319' title='bbox 1681 1402 1794 1462; x_wconf 88' lang='lat' dir='ltr'>nostris</span> <span class='ocrx_word' id='word_1_320' title='bbox 1807 1400 1838 1463; x_wconf 87' lang='lat' dir='ltr'>S.</span> <span class='ocrx_word' id='word_1_321' title='bbox 1852 1399 1974 1462; x_wconf 87' lang='lat' dir='ltr'>loarinis</span> <span class='ocrx_word' id='word_1_322' title='bbox 1995 1397 2026 1460; x_wconf 92' lang='lat' dir='ltr'>in</span> <span class='ocrx_word' id='word_1_323' title='bbox 2050 1397 2108 1458; x_wconf 87' lang='lat' dir='ltr'>La·</span> <span class='ocrx_word' id='word_1_324' title='bbox 2129 1381 2327 1482; x_wconf 49' lang='lat' dir='ltr'>,ggss&#39;ffifflffilss</span> 
     </span>
     <span class='ocr_line' id='line_1_65' title="bbox 1360 1488 2326 1566; baseline -0.008 -16"><span class='ocrx_word' id='word_1_325' title='bbox 1360 1497 1478 1566; x_wconf 88' lang='lat' dir='ltr'>terano,</span> <span class='ocrx_word' id='word_1_326' title='bbox 1502 1490 1533 1554; x_wconf 89' lang='lat' dir='ltr'>S.</span> <span class='ocrx_word' id='word_1_327' title='bbox 1558 1492 1639 1554; x_wconf 88' lang='lat' dir='ltr'>Petri</span> <span class='ocrx_word' id='word_1_328' title='bbox 1663 1493 1694 1554; x_wconf 93' lang='lat' dir='ltr'>in</span> <span class='ocrx_word' id='word_1_329' title='bbox 1717 1493 1864 1556; x_wconf 81' lang='lat' dir='ltr'>Vaticano</span> <span class='ocrx_word' id='word_1_330' title='bbox 1886 1501 1916 1556; x_wconf 91' lang='lat' dir='ltr'>et</span> <span class='ocrx_word' id='word_1_331' title='bbox 1939 1493 1969 1554; x_wconf 89' lang='lat' dir='ltr'>S.</span> <span class='ocrx_word' id='word_1_332' title='bbox 1993 1490 2108 1552; x_wconf 86' lang='lat' dir='ltr'>Mariae</span> <span class='ocrx_word' id='word_1_333' title='bbox 2129 1488 2326 1543; x_wconf 59' lang='lat' dir='ltr'>mercimoniae,</span> 
     </span>
     <span class='ocr_line' id='line_1_66' title="bbox 1360 1583 2109 1662; baseline -0.004 -15"><span class='ocrx_word' id='word_1_334' title='bbox 1360 1583 1481 1647; x_wconf 80' lang='lat' dir='ltr'>Maioris</span> <span class='ocrx_word' id='word_1_335' title='bbox 1502 1585 1752 1661; x_wconf 81' lang='lat' dir='ltr'>patriarchalibus</span> <span class='ocrx_word' id='word_1_336' title='bbox 1775 1587 1919 1662; x_wconf 66' lang='lat' dir='ltr'>Basilice,</span> <span class='ocrx_word' id='word_1_337' title='bbox 1943 1585 2017 1647; x_wconf 89' lang='lat' dir='ltr'>certi</span> <span class='ocrx_word' id='word_1_338' title='bbox 2033 1599 2109 1645; x_wconf 92' lang='lat' dir='ltr'>con-</span> 
     </span>
     <span class='ocr_line' id='line_1_67' title="bbox 1360 1679 2107 1755; baseline -0.005 -15"><span class='ocrx_word' id='word_1_339' title='bbox 1360 1679 1568 1741; x_wconf 87' lang='lat' dir='ltr'>stituerentur</span> <span class='ocrx_word' id='word_1_340' title='bbox 1590 1680 1738 1755; x_wconf 90' lang='lat' dir='ltr'>ministri,</span> <span class='ocrx_word' id='word_1_341' title='bbox 1764 1681 1799 1740; x_wconf 90' lang='lat' dir='ltr'>ad</span> <span class='ocrx_word' id='word_1_342' title='bbox 1822 1679 2020 1742; x_wconf 89' lang='lat' dir='ltr'>instruendos</span> <span class='ocrx_word' id='word_1_343' title='bbox 2041 1691 2107 1750; x_wconf 92' lang='lat' dir='ltr'>eos,</span> 
     </span>
     <span class='ocr_line' id='line_1_68' title="bbox 1361 1771 2110 1852; baseline -0.004 -20"><span class='ocrx_word' id='word_1_344' title='bbox 1361 1771 1413 1852; x_wconf 91' lang='lat' dir='ltr'>qui</span> <span class='ocrx_word' id='word_1_345' title='bbox 1435 1789 1450 1832; x_wconf 92' lang='lat' dir='ltr'>a</span> <span class='ocrx_word' id='word_1_346' title='bbox 1472 1771 1591 1834; x_wconf 81' lang='lat' dir='ltr'>batavia</span> <span class='ocrx_word' id='word_1_347' title='bbox 1618 1773 1790 1850; x_wconf 68' lang='lat' dir='ltr'>apostolica</span> <span class='ocrx_word' id='word_1_348' title='bbox 1816 1774 1847 1834; x_wconf 94' lang='lat' dir='ltr'>in</span> <span class='ocrx_word' id='word_1_349' title='bbox 1876 1771 2023 1850; x_wconf 88' lang='lat' dir='ltr'>praelatas</span> <span class='ocrx_word' id='word_1_350' title='bbox 2045 1777 2110 1831; x_wconf 90' lang='lat' dir='ltr'>tres</span> 
     </span>
     <span class='ocr_line' id='line_1_69' title="bbox 1362 1864 2111 1942; baseline -0.007 -14"><span class='ocrx_word' id='word_1_351' title='bbox 1362 1864 1502 1928; x_wconf 81' lang='lat' dir='ltr'>basilicas</span> <span class='ocrx_word' id='word_1_352' title='bbox 1523 1865 1718 1942; x_wconf 86' lang='lat' dir='ltr'>ablegantur,</span> <span class='ocrx_word' id='word_1_353' title='bbox 1738 1874 1772 1928; x_wconf 93' lang='lat' dir='ltr'>ut</span> <span class='ocrx_word' id='word_1_354' title='bbox 1794 1867 1833 1927; x_wconf 93' lang='lat' dir='ltr'>ibi</span> <span class='ocrx_word' id='word_1_355' title='bbox 1855 1882 1922 1927; x_wconf 89' lang='lat' dir='ltr'>sese</span> <span class='ocrx_word' id='word_1_356' title='bbox 1942 1871 2111 1926; x_wconf 87' lang='lat' dir='ltr'>exerceant</span> 
     </span>
     <span class='ocr_line' id='line_1_70' title="bbox 1363 1959 2111 2038; baseline 0 -19"><span class='ocrx_word' id='word_1_357' title='bbox 1363 1959 1398 2022; x_wconf 90' lang='lat' dir='ltr'>iis</span> <span class='ocrx_word' id='word_1_358' title='bbox 1418 1959 1583 2021; x_wconf 90' lang='lat' dir='ltr'>servilibus</span> <span class='ocrx_word' id='word_1_359' title='bbox 1594 1961 1747 2038; x_wconf 86' lang='lat' dir='ltr'>operibus,</span> <span class='ocrx_word' id='word_1_360' title='bbox 1764 1961 1927 2038; x_wconf 86' lang='lat' dir='ltr'>quaeipsis</span> <span class='ocrx_word' id='word_1_361' title='bbox 1942 1960 2111 2036; x_wconf 87' lang='lat' dir='ltr'>imponun-</span> 
     </span>
     <span class='ocr_line' id='line_1_71' title="bbox 1365 2051 2111 2131; baseline -0.008 -15"><span class='ocrx_word' id='word_1_362' title='bbox 1365 2063 1415 2116; x_wconf 88' lang='lat' dir='ltr'>tur</span> <span class='ocrx_word' id='word_1_363' title='bbox 1437 2052 1576 2114; x_wconf 90' lang='lat' dir='ltr'>ubeunda</span> <span class='ocrx_word' id='word_1_364' title='bbox 1599 2054 1860 2131; x_wconf 87' lang='lat' dir='ltr'>persiciendaque,</span> <span class='ocrx_word' id='word_1_365' title='bbox 1878 2061 2043 2130; x_wconf 86' lang='lat' dir='ltr'>antequam</span> <span class='ocrx_word' id='word_1_366' title='bbox 2059 2051 2111 2110; x_wconf 92' lang='lat' dir='ltr'>iis-</span> 
     </span>
     <span class='ocr_line' id='line_1_72' title="bbox 1363 2142 2111 2221; baseline -0.004 -15"><span class='ocrx_word' id='word_1_367' title='bbox 1363 2145 1433 2207; x_wconf 92' lang='lat' dir='ltr'>dem</span> <span class='ocrx_word' id='word_1_368' title='bbox 1445 2146 1630 2208; x_wconf 88' lang='lat' dir='ltr'>concedatur</span> <span class='ocrx_word' id='word_1_369' title='bbox 1645 2146 1881 2208; x_wconf 87' lang='lat' dir='ltr'>matrimonialis</span> <span class='ocrx_word' id='word_1_370' title='bbox 1892 2142 2111 2221; x_wconf 91' lang='lat' dir='ltr'>impedimenti</span> 
     </span>
     <span class='ocr_line' id='line_1_73' title="bbox 1365 2237 2111 2318; baseline -0.007 -18"><span class='ocrx_word' id='word_1_371' title='bbox 1365 2239 1524 2312; x_wconf 89' lang='lat' dir='ltr'>relaxatio,</span> <span class='ocrx_word' id='word_1_372' title='bbox 1547 2239 1696 2317; x_wconf 88' lang='lat' dir='ltr'>adquam</span> <span class='ocrx_word' id='word_1_373' title='bbox 1719 2238 1967 2318; x_wconf 90' lang='lat' dir='ltr'>consequendam</span> <span class='ocrx_word' id='word_1_374' title='bbox 1980 2237 2111 2298; x_wconf 86' lang='lat' dir='ltr'>Romam</span> 
     </span>
     <span class='ocr_line' id='line_1_74' title="bbox 1365 2330 2112 2408; baseline -0.001 -18"><span class='ocrx_word' id='word_1_375' title='bbox 1365 2333 1537 2408; x_wconf 84' lang='lat' dir='ltr'>advenerc;</span> <span class='ocrx_word' id='word_1_376' title='bbox 1561 2348 1595 2392; x_wconf 93' lang='lat' dir='ltr'>cu</span> <span class='ocrx_word' id='word_1_377' title='bbox 1617 2340 1719 2393; x_wconf 90' lang='lat' dir='ltr'>autem</span> <span class='ocrx_word' id='word_1_378' title='bbox 1742 2332 1919 2393; x_wconf 86' lang='lat' dir='ltr'>huiusmodi</span> <span class='ocrx_word' id='word_1_379' title='bbox 1941 2330 2112 2391; x_wconf 91' lang='lat' dir='ltr'>institutio·</span> 
     </span>
     <span class='ocr_line' id='line_1_75' title="bbox 1365 2423 2113 2502; baseline -0.007 -15"><span class='ocrx_word' id='word_1_380' title='bbox 1365 2441 1439 2488; x_wconf 89' lang='lat' dir='ltr'>nem</span> <span class='ocrx_word' id='word_1_381' title='bbox 1469 2425 1661 2502; x_wconf 88' lang='lat' dir='ltr'>dirigendam</span> <span class='ocrx_word' id='word_1_382' title='bbox 1685 2441 1766 2500; x_wconf 80' lang='lat' dir='ltr'>esse,</span> <span class='ocrx_word' id='word_1_383' title='bbox 1790 2433 1825 2488; x_wconf 91' lang='lat' dir='ltr'>ut</span> <span class='ocrx_word' id='word_1_384' title='bbox 1847 2425 1906 2486; x_wconf 92' lang='lat' dir='ltr'>rite</span> <span class='ocrx_word' id='word_1_385' title='bbox 1929 2423 2113 2501; x_wconf 89' lang='lat' dir='ltr'>utiliterque</span> 
     </span>
     <span class='ocr_line' id='line_1_76' title="bbox 1366 2514 2112 2599; baseline -0.008 -18"><span class='ocrx_word' id='word_1_386' title='bbox 1366 2526 1489 2599; x_wconf 84' lang='lat' dir='ltr'>possent</span> <span class='ocrx_word' id='word_1_387' title='bbox 1517 2519 1658 2580; x_wconf 86' lang='lat' dir='ltr'>homines</span> <span class='ocrx_word' id='word_1_388' title='bbox 1686 2518 1730 2579; x_wconf 92' lang='lat' dir='ltr'>illi</span> <span class='ocrx_word' id='word_1_389' title='bbox 1761 2517 1975 2580; x_wconf 87' lang='lat' dir='ltr'>sacramentali</span> <span class='ocrx_word' id='word_1_390' title='bbox 2003 2514 2112 2576; x_wconf 88' lang='lat' dir='ltr'>Poeni·</span> 
     </span>
     <span class='ocr_line' id='line_1_77' title="bbox 1368 2607 2112 2688; baseline -0.008 -14"><span class='ocrx_word' id='word_1_391' title='bbox 1368 2612 1462 2674; x_wconf 87' lang='lat' dir='ltr'>tentia</span> <span class='ocrx_word' id='word_1_392' title='bbox 1477 2612 1622 2688; x_wconf 83' lang='lat' dir='ltr'>abstergi,</span> <span class='ocrx_word' id='word_1_393' title='bbox 1637 2620 1667 2672; x_wconf 92' lang='lat' dir='ltr'>et</span> <span class='ocrx_word' id='word_1_394' title='bbox 1678 2611 1789 2673; x_wconf 80' lang='lat' dir='ltr'>Altaris</span> <span class='ocrx_word' id='word_1_395' title='bbox 1805 2611 2003 2674; x_wconf 84' lang='lat' dir='ltr'>sacramento</span> <span class='ocrx_word' id='word_1_396' title='bbox 2018 2607 2112 2685; x_wconf 92' lang='lat' dir='ltr'>digne</span> 
     </span>
     <span class='ocr_line' id='line_1_78' title="bbox 1368 2705 2113 2783; baseline -0.007 -17"><span class='ocrx_word' id='word_1_397' title='bbox 1368 2706 1434 2766; x_wconf 90' lang='lat' dir='ltr'>lieri</span> <span class='ocrx_word' id='word_1_398' title='bbox 1458 2705 1629 2783; x_wconf 88' lang='lat' dir='ltr'>participes,</span> <span class='ocrx_word' id='word_1_399' title='bbox 1653 2719 1731 2782; x_wconf 90' lang='lat' dir='ltr'>qnae</span> <span class='ocrx_word' id='word_1_400' title='bbox 1753 2706 1830 2779; x_wconf 91' lang='lat' dir='ltr'>duo,</span> <span class='ocrx_word' id='word_1_401' title='bbox 1855 2709 1974 2782; x_wconf 90' lang='lat' dir='ltr'>praeter</span> <span class='ocrx_word' id='word_1_402' title='bbox 1995 2717 2113 2764; x_wconf 86' lang='lat' dir='ltr'>sacram</span> 
     </span>
     <span class='ocr_line' id='line_1_79' title="bbox 1367 2795 2112 2876; baseline -0.004 -18"><span class='ocrx_word' id='word_1_403' title='bbox 1367 2798 1404 2858; x_wconf 94' lang='lat' dir='ltr'>ad</span> <span class='ocrx_word' id='word_1_404' title='bbox 1425 2806 1543 2876; x_wconf 86' lang='lat' dir='ltr'>septem</span> <span class='ocrx_word' id='word_1_405' title='bbox 1566 2796 1706 2858; x_wconf 88' lang='lat' dir='ltr'>ecclesias</span> <span class='ocrx_word' id='word_1_406' title='bbox 1731 2795 2016 2876; x_wconf 89' lang='lat' dir='ltr'>peregrinationem</span> <span class='ocrx_word' id='word_1_407' title='bbox 2038 2795 2112 2858; x_wconf 87' lang='lat' dir='ltr'>San-</span> 
     </span>
     <span class='ocr_line' id='line_1_80' title="bbox 1368 2886 2115 2970; baseline -0.008 -16"><span class='ocrx_word' id='word_1_408' title='bbox 1368 2899 1550 2970; x_wconf 88' lang='lat' dir='ltr'>clarumque</span> <span class='ocrx_word' id='word_1_409' title='bbox 1581 2886 1738 2952; x_wconf 86' lang='lat' dir='ltr'>Scalarum</span> <span class='ocrx_word' id='word_1_410' title='bbox 1767 2905 1942 2964; x_wconf 89' lang='lat' dir='ltr'>ascensum,</span> <span class='ocrx_word' id='word_1_411' title='bbox 1975 2889 2013 2950; x_wconf 92' lang='lat' dir='ltr'>ub</span> <span class='ocrx_word' id='word_1_412' title='bbox 2044 2889 2115 2965; x_wconf 85' lang='lat' dir='ltr'>ipsis</span> 
     </span>
     <span class='ocr_line' id='line_1_81' title="bbox 1367 2981 2115 3064; baseline -0.005 -18"><span class='ocrx_word' id='word_1_413' title='bbox 1367 2985 1504 3064; x_wconf 87' lang='lat' dir='ltr'>exposcit</span> <span class='ocrx_word' id='word_1_414' title='bbox 1526 2983 1660 3046; x_wconf 86' lang='lat' dir='ltr'>batavia:</span> <span class='ocrx_word' id='word_1_415' title='bbox 1685 2999 1819 3061; x_wconf 92' lang='lat' dir='ltr'>cumque</span> <span class='ocrx_word' id='word_1_416' title='bbox 1840 2999 1873 3044; x_wconf 89' lang='lat' dir='ltr'>ea</span> <span class='ocrx_word' id='word_1_417' title='bbox 1893 2981 1931 3044; x_wconf 93' lang='lat' dir='ltr'>de</span> <span class='ocrx_word' id='word_1_418' title='bbox 1951 2999 1985 3044; x_wconf 91' lang='lat' dir='ltr'>re</span> <span class='ocrx_word' id='word_1_419' title='bbox 2006 2997 2115 3060; x_wconf 91' lang='lat' dir='ltr'>oppor-</span> 
     </span>
     <span class='ocr_line' id='line_1_82' title="bbox 1371 3075 2114 3153; baseline -0.007 -14"><span class='ocrx_word' id='word_1_420' title='bbox 1371 3086 1445 3140; x_wconf 92' lang='lat' dir='ltr'>tuna</span> <span class='ocrx_word' id='word_1_421' title='bbox 1474 3077 1662 3140; x_wconf 88' lang='lat' dir='ltr'>ediderimus</span> <span class='ocrx_word' id='word_1_422' title='bbox 1691 3078 1848 3151; x_wconf 84' lang='lat' dir='ltr'>mandata,</span> <span class='ocrx_word' id='word_1_423' title='bbox 1880 3076 1976 3138; x_wconf 92' lang='lat' dir='ltr'>veluti</span> <span class='ocrx_word' id='word_1_424' title='bbox 1999 3075 2114 3153; x_wconf 91' lang='lat' dir='ltr'>perspi-</span> 
     </span>
     <span class='ocr_line' id='line_1_83' title="bbox 1369 3168 2184 3246; baseline -0.005 -12"><span class='ocrx_word' id='word_1_425' title='bbox 1369 3186 1464 3234; x_wconf 88' lang='lat' dir='ltr'>cuum</span> <span class='ocrx_word' id='word_1_426' title='bbox 1496 3171 1531 3232; x_wconf 86' lang='lat' dir='ltr'>sn</span> <span class='ocrx_word' id='word_1_427' title='bbox 1558 3186 1596 3231; x_wconf 93' lang='lat' dir='ltr'>ex</span> <span class='ocrx_word' id='word_1_428' title='bbox 1625 3169 1737 3231; x_wconf 90' lang='lat' dir='ltr'>nostris</span> <span class='ocrx_word' id='word_1_429' title='bbox 1767 3169 1864 3231; x_wconf 89' lang='lat' dir='ltr'>literis</span> <span class='ocrx_word' id='word_1_430' title='bbox 1894 3168 2058 3246; x_wconf 84' lang='lat' dir='ltr'>encyclicis</span> <span class='ocrx_word' id='word_1_431' title='bbox 2078 3169 2115 3231; x_wconf 92' lang='lat' dir='ltr'>ad</span> <span class='ocrx_word' id='word_1_432' title='bbox 2180 3184 2184 3190; x_wconf 90' lang='lat'>·</span> 
     </span>
     <span class='ocr_line' id='line_1_84' title="bbox 1372 3261 2117 3342; baseline -0.008 -14"><span class='ocrx_word' id='word_1_433' title='bbox 1372 3263 1548 3328; x_wconf 82' lang='lat' dir='ltr'>Gardiuales</span> <span class='ocrx_word' id='word_1_434' title='bbox 1569 3261 1772 3342; x_wconf 86' lang='lat' dir='ltr'>praelatarum</span> <span class='ocrx_word' id='word_1_435' title='bbox 1796 3262 1993 3324; x_wconf 88' lang='lat' dir='ltr'>Basilicarum</span> <span class='ocrx_word' id='word_1_436' title='bbox 2018 3262 2117 3323; x_wconf 90' lang='lat' dir='ltr'>arcbi-</span> 
     </span>
     <span class='ocr_line' id='line_1_85' title="bbox 1371 3355 2116 3439; baseline -0.007 -18"><span class='ocrx_word' id='word_1_437' title='bbox 1371 3359 1566 3439; x_wconf 82' lang='lat' dir='ltr'>presbyteros</span> <span class='ocrx_word' id='word_1_438' title='bbox 1600 3356 1676 3420; x_wconf 90' lang='lat' dir='ltr'>datis</span> <span class='ocrx_word' id='word_1_439' title='bbox 1707 3355 1939 3434; x_wconf 90' lang='lat' dir='ltr'>decimoquinto</span> <span class='ocrx_word' id='word_1_440' title='bbox 1971 3355 2116 3417; x_wconf 87' lang='lat' dir='ltr'>kalendas</span> 
     </span>
     <span class='ocr_line' id='line_1_86' title="bbox 1371 3450 2117 3528; baseline -0.007 -14"><span class='ocrx_word' id='word_1_441' title='bbox 1371 3453 1516 3516; x_wconf 90' lang='lat' dir='ltr'>lebruarii</span> <span class='ocrx_word' id='word_1_442' title='bbox 1544 3452 1676 3514; x_wconf 90' lang='lat' dir='ltr'>labentis</span> <span class='ocrx_word' id='word_1_443' title='bbox 1706 3451 1799 3525; x_wconf 90' lang='lat' dir='ltr'>anni;</span> <span class='ocrx_word' id='word_1_444' title='bbox 1830 3450 1979 3528; x_wconf 91' lang='lat' dir='ltr'>nobisque</span> <span class='ocrx_word' id='word_1_445' title='bbox 2004 3450 2117 3510; x_wconf 91' lang='lat' dir='ltr'>exinde</span> 
     </span>
     <span class='ocr_line' id='line_1_87' title="bbox 1372 3543 2116 3623; baseline -0.008 -15"><span class='ocrx_word' id='word_1_446' title='bbox 1372 3555 1456 3609; x_wconf 93' lang='lat' dir='ltr'>certo</span> <span class='ocrx_word' id='word_1_447' title='bbox 1477 3545 1663 3619; x_wconf 89' lang='lat' dir='ltr'>constiterit,</span> <span class='ocrx_word' id='word_1_448' title='bbox 1686 3551 1802 3623; x_wconf 90' lang='lat' dir='ltr'>quanto</span> <span class='ocrx_word' id='word_1_449' title='bbox 1824 3543 1890 3604; x_wconf 89' lang='lat' dir='ltr'>zelo</span> <span class='ocrx_word' id='word_1_450' title='bbox 1912 3543 2057 3605; x_wconf 94' lang='lat' dir='ltr'>nonnulli</span> <span class='ocrx_word' id='word_1_451' title='bbox 2079 3558 2116 3602; x_wconf 91' lang='lat' dir='ltr'>ex</span> 
     </span>
     <span class='ocr_line' id='line_1_88' title="bbox 1373 3636 2117 3717; baseline -0.011 -14"><span class='ocrx_word' id='word_1_452' title='bbox 1373 3640 1538 3713; x_wconf 87' lang='lat' dir='ltr'>canonicis,</span> <span class='ocrx_word' id='word_1_453' title='bbox 1561 3639 1689 3717; x_wconf 89' lang='lat' dir='ltr'>aliisque</span> <span class='ocrx_word' id='word_1_454' title='bbox 1710 3636 1919 3698; x_wconf 86' lang='lat' dir='ltr'>ecclesiasticis</span> <span class='ocrx_word' id='word_1_455' title='bbox 1935 3636 2011 3696; x_wconf 92' lang='lat' dir='ltr'>viris</span> <span class='ocrx_word' id='word_1_456' title='bbox 2032 3650 2117 3712; x_wconf 88' lang='lat' dir='ltr'>prae·</span> 
     </span>
     <span class='ocr_line' id='line_1_89' title="bbox 1374 3730 2117 3808; baseline -0.011 -12"><span class='ocrx_word' id='word_1_457' title='bbox 1374 3734 1503 3796; x_wconf 85' lang='lat' dir='ltr'>latarum</span> <span class='ocrx_word' id='word_1_458' title='bbox 1520 3733 1724 3806; x_wconf 87' lang='lat' dir='ltr'>basilicarum,</span> <span class='ocrx_word' id='word_1_459' title='bbox 1744 3737 1938 3792; x_wconf 91' lang='lat' dir='ltr'>momentuso</span> <span class='ocrx_word' id='word_1_460' title='bbox 1953 3730 2039 3808; x_wconf 92' lang='lat' dir='ltr'>operi</span> <span class='ocrx_word' id='word_1_461' title='bbox 2055 3745 2117 3789; x_wconf 89' lang='lat' dir='ltr'>ma·</span> 
     </span>
     <span class='ocr_line' id='line_1_90' title="bbox 1374 3822 2118 3901; baseline -0.013 -10"><span class='ocrx_word' id='word_1_462' title='bbox 1374 3844 1451 3891; x_wconf 88' lang='lat' dir='ltr'>num</span> <span class='ocrx_word' id='word_1_463' title='bbox 1473 3829 1648 3900; x_wconf 91' lang='lat' dir='ltr'>admovere,</span> <span class='ocrx_word' id='word_1_464' title='bbox 1661 3825 1752 3885; x_wconf 90' lang='lat' dir='ltr'>alacri</span> <span class='ocrx_word' id='word_1_465' title='bbox 1773 3839 1894 3901; x_wconf 87' lang='lat' dir='ltr'>semper</span> <span class='ocrx_word' id='word_1_466' title='bbox 1910 3823 2015 3884; x_wconf 91' lang='lat' dir='ltr'>animo</span> <span class='ocrx_word' id='word_1_467' title='bbox 2036 3822 2118 3882; x_wconf 90' lang='lat' dir='ltr'>solli·</span> 
     </span>
     <span class='ocr_line' id='line_1_91' title="bbox 1373 3915 2118 3984; baseline -0.011 0"><span class='ocrx_word' id='word_1_468' title='bbox 1373 3922 1463 3984; x_wconf 90' lang='lat' dir='ltr'>citam</span> <span class='ocrx_word' id='word_1_469' title='bbox 1481 3921 1696 3981; x_wconf 89' lang='lat' dir='ltr'>mandatorum</span> <span class='ocrx_word' id='word_1_470' title='bbox 1709 3927 1889 3980; x_wconf 90' lang='lat' dir='ltr'>nostrorum</span> <span class='ocrx_word' id='word_1_471' title='bbox 1901 3915 2118 3978; x_wconf 89' lang='lat' dir='ltr'>executionem</span> 
     </span>
     <span class='ocr_line' id='line_1_92' title="bbox 1375 4009 2118 4094; baseline -0.015 -15"><span class='ocrx_word' id='word_1_472' title='bbox 1375 4025 1540 4093; x_wconf 79' lang='lat' dir='ltr'>urgentes3</span> <span class='ocrx_word' id='word_1_473' title='bbox 1565 4015 1674 4094; x_wconf 90' lang='lat' dir='ltr'>gaudio</span> <span class='ocrx_word' id='word_1_474' title='bbox 1696 4014 1829 4092; x_wconf 90' lang='lat' dir='ltr'>quodam</span> <span class='ocrx_word' id='word_1_475' title='bbox 1856 4010 1945 4088; x_wconf 89' lang='lat' dir='ltr'>plane</span> <span class='ocrx_word' id='word_1_476' title='bbox 1967 4009 2118 4086; x_wconf 82' lang='lat' dir='ltr'>singulari</span> 
     </span>
     <span class='ocr_line' id='line_1_93' title="bbox 1373 4103 2119 4191; baseline -0.013 -19"><span class='ocrx_word' id='word_1_477' title='bbox 1373 4111 1519 4191; x_wconf 90' lang='lat' dir='ltr'>perlundi</span> <span class='ocrx_word' id='word_1_478' title='bbox 1541 4125 1597 4172; x_wconf 88' lang='lat' dir='ltr'>nos</span> <span class='ocrx_word' id='word_1_479' title='bbox 1617 4107 1785 4182; x_wconf 76' lang='lat' dir='ltr'>sensiinus3</span> <span class='ocrx_word' id='word_1_480' title='bbox 1811 4111 1937 4182; x_wconf 92' lang='lat' dir='ltr'>totoque</span> <span class='ocrx_word' id='word_1_481' title='bbox 1950 4103 2055 4164; x_wconf 88' lang='lat' dir='ltr'>animo</span> <span class='ocrx_word' id='word_1_482' title='bbox 2069 4103 2119 4164; x_wconf 91' lang='lat' dir='ltr'>de·</span> 
     </span>
     <span class='ocr_line' id='line_1_94' title="bbox 1376 4197 2119 4266; baseline -0.013 0"><span class='ocrx_word' id='word_1_483' title='bbox 1376 4205 1453 4266; x_wconf 89' lang='lat' dir='ltr'>bitus</span> <span class='ocrx_word' id='word_1_484' title='bbox 1466 4219 1590 4265; x_wconf 88' lang='lat' dir='ltr'>summo</span> <span class='ocrx_word' id='word_1_485' title='bbox 1605 4203 1754 4265; x_wconf 90' lang='lat' dir='ltr'>bonorum</span> <span class='ocrx_word' id='word_1_486' title='bbox 1770 4199 1912 4260; x_wconf 93' lang='lat' dir='ltr'>omnium</span> <span class='ocrx_word' id='word_1_487' title='bbox 1928 4197 2044 4260; x_wconf 86' lang='lat' dir='ltr'>auctori</span> <span class='ocrx_word' id='word_1_488' title='bbox 2057 4197 2119 4258; x_wconf 88' lang='lat' dir='ltr'>Deo</span> 
     </span>
     <span class='ocr_line' id='line_1_95' title="bbox 1376 4297 1724 4376; baseline -0.02 -16"><span class='ocrx_word' id='word_1_489' title='bbox 1376 4300 1487 4376; x_wconf 89' lang='lat' dir='ltr'>gratias</span> <span class='ocrx_word' id='word_1_490' title='bbox 1508 4297 1724 4376; x_wconf 90' lang='lat' dir='ltr'>persolvimus.</span> 
     </span>
    </p>
   </div>
   <div class='ocr_carea' id='block_1_12' title="bbox 1414 4385 2340 4490">
    <p class='ocr_par' dir='ltr' id='par_1_15' title="bbox 1414 4385 2340 4490">
     <span class='ocr_line' id='line_1_96' title="bbox 1414 4385 2340 4490; baseline -0.016 -37"><span class='ocrx_word' id='word_1_491' title='bbox 1414 4393 1433 4467; x_wconf 69' lang='lat'>5</span> <span class='ocrx_word' id='word_1_492' title='bbox 1456 4391 1482 4452; x_wconf 89' lang='lat' dir='ltr'>l.</span> <span class='ocrx_word' id='word_1_493' title='bbox 1507 4390 1593 4454; x_wconf 88' lang='lat' dir='ltr'>llaud</span> <span class='ocrx_word' id='word_1_494' title='bbox 1616 4397 1718 4451; x_wconf 90' lang='lat' dir='ltr'>tumen</span> <span class='ocrx_word' id='word_1_495' title='bbox 1734 4388 1851 4466; x_wconf 88' lang='lat' dir='ltr'>expleri</span> <span class='ocrx_word' id='word_1_496' title='bbox 1871 4387 1993 4448; x_wconf 90' lang='lat' dir='ltr'>animus</span> <span class='ocrx_word' id='word_1_497' title='bbox 2010 4385 2119 4462; x_wconf 89' lang='lat' dir='ltr'>gaudio</span> <span class='ocrx_word' id='word_1_498' title='bbox 2157 4387 2340 4490; x_wconf 44' lang='lat' dir='ltr'>iassinqpoffi</span> 
     </span>
    </p>
   </div>
   <div class='ocr_carea' id='block_1_13' title="bbox 1375 4455 2340 5967">
    <p class='ocr_par' dir='ltr' id='par_1_16' title="bbox 1375 4455 2340 5040">
     <span class='ocr_line' id='line_1_97' title="bbox 1375 4455 2339 4568; baseline -0.018 -17"><span class='ocrx_word' id='word_1_499' title='bbox 1375 4489 1487 4568; x_wconf 89' lang='lat' dir='ltr'>potuit,</span> <span class='ocrx_word' id='word_1_500' title='bbox 1510 4505 1580 4552; x_wconf 92' lang='lat' dir='ltr'>cum</span> <span class='ocrx_word' id='word_1_501' title='bbox 1602 4488 1733 4550; x_wconf 91' lang='lat' dir='ltr'>subinde</span> <span class='ocrx_word' id='word_1_502' title='bbox 1760 4489 1894 4549; x_wconf 91' lang='lat' dir='ltr'>relatum</span> <span class='ocrx_word' id='word_1_503' title='bbox 1917 4488 1951 4548; x_wconf 90' lang='lat' dir='ltr'>ad</span> <span class='ocrx_word' id='word_1_504' title='bbox 1978 4503 2034 4548; x_wconf 92' lang='lat' dir='ltr'>nos</span> <span class='ocrx_word' id='word_1_505' title='bbox 2055 4485 2120 4548; x_wconf 88' lang='lat' dir='ltr'>lue·</span> <span class='ocrx_word' id='word_1_506' title='bbox 2139 4455 2179 4543; x_wconf 61' lang='lat' dir='ltr'>fos</span> <span class='ocrx_word' id='word_1_507' title='bbox 2214 4495 2339 4554; x_wconf 69' lang='lat' dir='ltr'>necessaria</span> 
     </span>
     <span class='ocr_line' id='line_1_98' title="bbox 1376 4550 2340 4658; baseline -0.008 -14"><span class='ocrx_word' id='word_1_508' title='bbox 1376 4586 1428 4658; x_wconf 93' lang='lat' dir='ltr'>rit,</span> <span class='ocrx_word' id='word_1_509' title='bbox 1446 4583 1621 4646; x_wconf 86' lang='lat' dir='ltr'>buiusnvodi</span> <span class='ocrx_word' id='word_1_510' title='bbox 1641 4581 1792 4648; x_wconf 82' lang='lat' dir='ltr'>homines,</span> <span class='ocrx_word' id='word_1_511' title='bbox 1811 4583 1883 4642; x_wconf 92' lang='lat' dir='ltr'>dum</span> <span class='ocrx_word' id='word_1_512' title='bbox 1899 4582 1990 4642; x_wconf 89' lang='lat' dir='ltr'>sacris</span> <span class='ocrx_word' id='word_1_513' title='bbox 2006 4581 2122 4642; x_wconf 88' lang='lat' dir='ltr'>instru·</span> <span class='ocrx_word' id='word_1_514' title='bbox 2140 4550 2267 4650; x_wconf 37' lang='lat' dir='ltr'>&amp;traxerat</span> <span class='ocrx_word' id='word_1_515' title='bbox 2283 4557 2340 4603; x_wconf 54' lang='lat'><strong>&#39;3⁰⁰&#39;</strong></span> 
     </span>
     <span class='ocr_line' id='line_1_99' title="bbox 1376 4674 2122 4752; baseline -0.013 -9"><span class='ocrx_word' id='word_1_516' title='bbox 1376 4680 1532 4743; x_wconf 89' lang='lat' dir='ltr'>ctiunibus</span> <span class='ocrx_word' id='word_1_517' title='bbox 1548 4680 1582 4738; x_wconf 87' lang='lat' dir='ltr'>ad</span> <span class='ocrx_word' id='word_1_518' title='bbox 1595 4677 1827 4740; x_wconf 77' lang='lat' dir='ltr'>contessionem</span> <span class='ocrx_word' id='word_1_519' title='bbox 1841 4689 2019 4752; x_wconf 88' lang='lat' dir='ltr'>sacramque</span> <span class='ocrx_word' id='word_1_520' title='bbox 2030 4674 2122 4736; x_wconf 84' lang='lat' dir='ltr'>Com-</span> 
     </span>
     <span class='ocr_line' id='line_1_100' title="bbox 1377 4767 2123 4852; baseline -0.012 -17"><span class='ocrx_word' id='word_1_521' title='bbox 1377 4775 1561 4835; x_wconf 89' lang='lat' dir='ltr'>munionem</span> <span class='ocrx_word' id='word_1_522' title='bbox 1585 4779 1743 4852; x_wconf 88' lang='lat' dir='ltr'>parantur,</span> <span class='ocrx_word' id='word_1_523' title='bbox 1767 4769 1870 4846; x_wconf 89' lang='lat' dir='ltr'>detegi</span> <span class='ocrx_word' id='word_1_524' title='bbox 1891 4783 1981 4846; x_wconf 89' lang='lat' dir='ltr'>saepe</span> <span class='ocrx_word' id='word_1_525' title='bbox 2001 4767 2123 4844; x_wconf 85' lang='lat' dir='ltr'>saepius</span> 
     </span>
     <span class='ocr_line' id='line_1_101' title="bbox 1378 4861 2121 4945; baseline -0.011 -17"><span class='ocrx_word' id='word_1_526' title='bbox 1378 4867 1598 4945; x_wconf 76' lang='lat' dir='ltr'>mysteriorum</span> <span class='ocrx_word' id='word_1_527' title='bbox 1631 4864 1721 4938; x_wconf 84' lang='lat' dir='ltr'>fidei,</span> <span class='ocrx_word' id='word_1_528' title='bbox 1755 4871 1848 4941; x_wconf 92' lang='lat' dir='ltr'>atque</span> <span class='ocrx_word' id='word_1_529' title='bbox 1874 4877 1984 4922; x_wconf 91' lang='lat' dir='ltr'>eorum</span> <span class='ocrx_word' id='word_1_530' title='bbox 2017 4861 2121 4933; x_wconf 91' lang='lat' dir='ltr'>etiam,</span> 
     </span>
     <span class='ocr_line' id='line_1_102' title="bbox 1378 4953 2124 5040; baseline -0.011 -20"><span class='ocrx_word' id='word_1_531' title='bbox 1378 4977 1455 5040; x_wconf 87' lang='lat' dir='ltr'>quae</span> <span class='ocrx_word' id='word_1_532' title='bbox 1468 4959 1656 5020; x_wconf 78' lang='lat' dir='ltr'>trecassitote</span> <span class='ocrx_word' id='word_1_533' title='bbox 1670 4957 1767 5019; x_wconf 85' lang='lat' dir='ltr'>medii</span> <span class='ocrx_word' id='word_1_534' title='bbox 1780 4953 1929 5018; x_wconf 89' lang='lat' dir='ltr'>noscenda</span> <span class='ocrx_word' id='word_1_535' title='bbox 1942 4961 2025 5029; x_wconf 91' lang='lat' dir='ltr'>sunt,</span> <span class='ocrx_word' id='word_1_536' title='bbox 2040 4953 2124 5030; x_wconf 83' lang='lat' dir='ltr'>igna-</span> 
     </span>
    </p>

    <p class='ocr_par' dir='ltr' id='par_1_17' title="bbox 1379 5049 2125 5318">
     <span class='ocr_line' id='line_1_103' title="bbox 1379 5049 2124 5132; baseline -0.008 -18"><span class='ocrx_word' id='word_1_537' title='bbox 1379 5070 1439 5128; x_wconf 92' lang='lat' dir='ltr'>ros,</span> <span class='ocrx_word' id='word_1_538' title='bbox 1463 5053 1593 5132; x_wconf 91' lang='lat' dir='ltr'>ideoque</span> <span class='ocrx_word' id='word_1_539' title='bbox 1618 5051 1702 5124; x_wconf 90' lang='lat' dir='ltr'>tales,</span> <span class='ocrx_word' id='word_1_540' title='bbox 1716 5051 1769 5128; x_wconf 95' lang='lat' dir='ltr'>qui</span> <span class='ocrx_word' id='word_1_541' title='bbox 1785 5049 2056 5112; x_wconf 75' lang='lat' dir='ltr'>sacramentorum</span> <span class='ocrx_word' id='word_1_542' title='bbox 2072 5062 2124 5108; x_wconf 92' lang='lat' dir='ltr'>ne·</span> 
     </span>
     <span class='ocr_line' id='line_1_104' title="bbox 1379 5141 2124 5224; baseline -0.009 -18"><span class='ocrx_word' id='word_1_543' title='bbox 1379 5152 1494 5224; x_wconf 90' lang='lat' dir='ltr'>queant</span> <span class='ocrx_word' id='word_1_544' title='bbox 1509 5144 1574 5206; x_wconf 87' lang='lat' dir='ltr'>tieri</span> <span class='ocrx_word' id='word_1_545' title='bbox 1592 5143 1763 5223; x_wconf 88' lang='lat' dir='ltr'>participes.</span> <span class='ocrx_word' id='word_1_546' title='bbox 1777 5143 1834 5205; x_wconf 88' lang='lat' dir='ltr'>Cui</span> <span class='ocrx_word' id='word_1_547' title='bbox 1847 5143 1974 5220; x_wconf 90' lang='lat' dir='ltr'>quidem</span> <span class='ocrx_word' id='word_1_548' title='bbox 1988 5141 2124 5202; x_wconf 90' lang='lat' dir='ltr'>maximo</span> 
     </span>
     <span class='ocr_line' id='line_1_105' title="bbox 1380 5235 2125 5318; baseline -0.013 -16"><span class='ocrx_word' id='word_1_549' title='bbox 1380 5240 1460 5302; x_wconf 87' lang='lat' dir='ltr'>malo</span> <span class='ocrx_word' id='word_1_550' title='bbox 1482 5238 1624 5318; x_wconf 91' lang='lat' dir='ltr'>quamvis</span> <span class='ocrx_word' id='word_1_551' title='bbox 1645 5236 1807 5299; x_wconf 90' lang='lat' dir='ltr'>memorali</span> <span class='ocrx_word' id='word_1_552' title='bbox 1824 5235 1958 5297; x_wconf 91' lang='lat' dir='ltr'>ministri</span> <span class='ocrx_word' id='word_1_553' title='bbox 1980 5241 2125 5312; x_wconf 90' lang='lat' dir='ltr'>opportu-</span> 
     </span>
    </p>

    <p class='ocr_par' dir='ltr' id='par_1_18' title="bbox 1381 5325 2156 5967">
     <span class='ocr_line' id='line_1_106' title="bbox 1381 5325 2126 5408; baseline -0.012 -14"><span class='ocrx_word' id='word_1_554' title='bbox 1381 5351 1417 5394; x_wconf 96' lang='lat' dir='ltr'>na</span> <span class='ocrx_word' id='word_1_555' title='bbox 1434 5349 1496 5395; x_wconf 91' lang='lat' dir='ltr'>nnn</span> <span class='ocrx_word' id='word_1_556' title='bbox 1515 5332 1674 5408; x_wconf 88' lang='lat' dir='ltr'>negligant</span> <span class='ocrx_word' id='word_1_557' title='bbox 1690 5329 1825 5392; x_wconf 88' lang='lat' dir='ltr'>remedia</span> <span class='ocrx_word' id='word_1_558' title='bbox 1840 5327 1985 5388; x_wconf 89' lang='lat' dir='ltr'>adhibere</span> <span class='ocrx_word' id='word_1_559' title='bbox 1999 5325 2126 5386; x_wconf 89' lang='lat' dir='ltr'>assiduis</span> 
     </span>
     <span class='ocr_line' id='line_1_107' title="bbox 1382 5419 2125 5502; baseline -0.012 -13"><span class='ocrx_word' id='word_1_560' title='bbox 1382 5427 1647 5502; x_wconf 83' lang='lat' dir='ltr'>institutionibus3</span> <span class='ocrx_word' id='word_1_561' title='bbox 1664 5425 1777 5485; x_wconf 91' lang='lat' dir='ltr'>exinde</span> <span class='ocrx_word' id='word_1_562' title='bbox 1793 5431 1972 5484; x_wconf 89' lang='lat' dir='ltr'>tamennon</span> <span class='ocrx_word' id='word_1_563' title='bbox 1991 5421 2035 5495; x_wconf 88' lang='lat' dir='ltr'>lit,</span> <span class='ocrx_word' id='word_1_564' title='bbox 2048 5419 2125 5497; x_wconf 92' lang='lat' dir='ltr'>quin</span> 
     </span>
     <span class='ocr_line' id='line_1_108' title="bbox 1382 5513 2156 5600; baseline -0.017 -17"><span class='ocrx_word' id='word_1_565' title='bbox 1382 5529 1504 5600; x_wconf 89' lang='lat' dir='ltr'>praeter</span> <span class='ocrx_word' id='word_1_566' title='bbox 1530 5517 1773 5580; x_wconf 89' lang='lat' dir='ltr'>sollicitudinem</span> <span class='ocrx_word' id='word_1_567' title='bbox 1793 5523 1826 5574; x_wconf 89' lang='lat' dir='ltr'>et</span> <span class='ocrx_word' id='word_1_568' title='bbox 1851 5513 2000 5586; x_wconf 85' lang='lat' dir='ltr'>laborem,</span> <span class='ocrx_word' id='word_1_569' title='bbox 2033 5525 2127 5588; x_wconf 90' lang='lat' dir='ltr'>quem</span> <span class='ocrx_word' id='word_1_570' title='bbox 2154 5578 2156 5583; x_wconf 10' lang='grc' dir='ltr'><strong><em>ἢ</em></strong></span> 
     </span>
     <span class='ocr_line' id='line_1_109' title="bbox 1383 5605 2128 5688; baseline -0.012 -15"><span class='ocrx_word' id='word_1_571' title='bbox 1383 5611 1552 5688; x_wconf 86' lang='lat' dir='ltr'>evangelici</span> <span class='ocrx_word' id='word_1_572' title='bbox 1575 5610 1620 5671; x_wconf 93' lang='lat' dir='ltr'>illi</span> <span class='ocrx_word' id='word_1_573' title='bbox 1646 5608 1777 5687; x_wconf 86' lang='lat' dir='ltr'>operarii</span> <span class='ocrx_word' id='word_1_574' title='bbox 1805 5613 1976 5682; x_wconf 88' lang='lat' dir='ltr'>agnoscunt</span> <span class='ocrx_word' id='word_1_575' title='bbox 1997 5605 2053 5664; x_wconf 90' lang='lat' dir='ltr'>sibi</span> <span class='ocrx_word' id='word_1_576' title='bbox 2075 5619 2128 5664; x_wconf 91' lang='lat' dir='ltr'>ue·</span> 
     </span>
     <span class='ocr_line' id='line_1_110' title="bbox 1382 5697 2129 5778; baseline -0.019 -11"><span class='ocrx_word' id='word_1_577' title='bbox 1382 5706 1514 5767; x_wconf 89' lang='lat' dir='ltr'>cessario</span> <span class='ocrx_word' id='word_1_578' title='bbox 1535 5701 1745 5775; x_wconf 81' lang='lat' dir='ltr'>sulveundum,</span> <span class='ocrx_word' id='word_1_579' title='bbox 1757 5715 1914 5778; x_wconf 91' lang='lat' dir='ltr'>quemque</span> <span class='ocrx_word' id='word_1_580' title='bbox 1929 5698 2049 5758; x_wconf 92' lang='lat' dir='ltr'>lubenti</span> <span class='ocrx_word' id='word_1_581' title='bbox 2064 5697 2129 5757; x_wconf 89' lang='lat' dir='ltr'>anl-</span> 
     </span>
     <span class='ocr_line' id='line_1_111' title="bbox 1384 5791 2129 5877; baseline -0.016 -16"><span class='ocrx_word' id='word_1_582' title='bbox 1384 5817 1435 5861; x_wconf 92' lang='lat' dir='ltr'>mu</span> <span class='ocrx_word' id='word_1_583' title='bbox 1457 5797 1636 5877; x_wconf 86' lang='lat' dir='ltr'>perierunt,</span> <span class='ocrx_word' id='word_1_584' title='bbox 1663 5795 1796 5872; x_wconf 89' lang='lat' dir='ltr'>idipsum</span> <span class='ocrx_word' id='word_1_585' title='bbox 1824 5807 1966 5853; x_wconf 91' lang='lat' dir='ltr'>moerore</span> <span class='ocrx_word' id='word_1_586' title='bbox 1997 5791 2129 5870; x_wconf 90' lang='lat' dir='ltr'>quodam</span> 
     </span>
     <span class='ocr_line' id='line_1_112' title="bbox 1384 5887 2128 5967; baseline -0.017 -12"><span class='ocrx_word' id='word_1_587' title='bbox 1384 5907 1447 5955; x_wconf 93' lang='lat' dir='ltr'>non</span> <span class='ocrx_word' id='word_1_588' title='bbox 1475 5891 1585 5952; x_wconf 85' lang='lat' dir='ltr'>alliciat</span> <span class='ocrx_word' id='word_1_589' title='bbox 1616 5887 1878 5967; x_wconf 88' lang='lat' dir='ltr'>dispensationem</span> <span class='ocrx_word' id='word_1_590' title='bbox 1911 5889 2128 5961; x_wconf 87' lang='lat' dir='ltr'>exposcentes,</span> 
     </span>
    </p>
   </div>
   <div class='ocr_carea' id='block_1_14' title="bbox 0 0 2461 6980">
    <p class='ocr_par' dir='ltr' id='par_1_19' title="bbox 0 0 2461 6980">
     <span class='ocr_line' id='line_1_113' title="bbox 0 0 2461 6980; baseline 0 0"><span class='ocrx_word' id='word_1_591' title='bbox 0 0 2461 6980; x_wconf 95' lang='lat' dir='ltr'> </span> 
     </span>
    </p>
   </div>
  </div>
 </body>
</html>
