4708 6978
65 577 103 630 fa.
115 573 140 626 G.
160 569 225 622 1747

71 903 83 944 ,ι
123 897 234 940 tataere-

56 955 82 1014 ιιι
91 957 158 996 untur
173 948 234 1012 ιμ-

55 1009 102 1054 ulae
130 1002 232 1055 iudtcn,

56 1061 88 1106 uisi
98 1057 123 1102 ad
138 1055 233 1118 reiigio-

56 1123 94 1160 ιιι
116 1109 232 1156 reducunt

56 1175 85 1214 ιιι

75 2110 177 2157 iudicium
191 2107 228 2154 iu-

55 2167 85 2210 siti
96 2164 157 2210 debet
167 2162 228 2224 rigo-
269 2187 271 2191 ·

55 2217 228 2332 libllllilif

17 2325 18 2370 ἶ
55 2327 135 2370 resitue
161 2322 226 2369 rudr-

54 2378 138 2424 cratibus

18 4293 19 4296 ,
77 4265 222 4313 cirattcbeat

18 4325 19 4378 g
60 4317 162 4365 debueras
176 4331 223 4366 rua

61 4373 138 4432 nutriri,
147 4378 166 4418 et
176 4385 222 4420 om·

18 4467 19 4470 ,
62 4428 221 4476 uesrntarcsac

62 4475 150 4526 temutes

886 585 1084 631 ueuubtcut's
1106 586 1169 632 xlv.

253 711 283 767 et
305 707 498 768 mandamus.
521 709 585 770 lam
606 708 644 772 de
658 707 721 785 ipsa
736 704 915 768 huiusmodi
931 721 1000 767 cau·

252 815 354 860 sarum
377 800 610 864 introductione
638 808 747 862 notum
771 807 818 861 est
838 801 998 861 decretum

251 893 390 954 eiusdem
413 891 542 955 concilii
564 893 739 956 Tridentini
762 893 818 953 cit.
845 891 925 956 Sese.
941 891 995 964 25,

252 999 319 1062 cap.
345 985 387 1046 19
402 987 437 1048 de
453 985 620 1066 Regulum,
645 994 682 1048 ut
697 986 727 1047 si
742 983 814 1063 puis
828 990 925 1048 autea
942 985 997 1046 ltc-

251 1075 356 1140 bitum
377 1086 487 1157 sponte
499 1081 671 1152 diariaerit,
689 1081 880 1142 nullatenus
895 1080 936 1142 ad
951 1079 997 1142 ol·

251 1173 420 1252 legandum
442 1189 673 1252 quamcumque.
690 1189 821 1235 causam
842 1174 998 1235 admitta-

251 1269 320 1336 tur,
343 1265 397 1327 sed
418 1265 459 1328 cd
480 1267 712 1330 monasterium
734 1266 839 1328 redire
860 1271 998 1345 cogatur

250 1362 281 1418 ct
305 1364 467 1436 tamquam
489 1367 638 1438 apostata
661 1359 841 1436 pactarum
864 1360 996 1421 iuterim

248 1450 435 1514 veronulla
460 1451 629 1533 priuilegio
650 1469 729 1514 auae
757 1451 924 1532 religionis
947 1453 997 1514 iu·

248 1549 355 1606 cetur.
381 1545 426 1606 En
441 1561 502 1624 quo
516 1546 670 1625 sequitur,
694 1546 870 1622 regularem
892 1555 997 1625 postu·

248 1636 366 1700 laniem
389 1638 539 1700 iudicium
562 1639 629 1700 fueri
651 1641 776 1701 desuae
797 1637 996 1718 professionis

246 1729 405 1805 nullitate,
422 1732 459 1792 ab
474 1732 538 1809 ipso
560 1731 664 1793 iudicii
677 1731 786 1793 limine
797 1731 920 1809 repelli,
936 1733 996 1793 nisi

246 1829 368 1886 constet
382 1839 457 1886 eum
469 1825 500 1886 in
517 1822 676 1902 religionis
690 1841 763 1886 suae
777 1824 918 1888 claustris
931 1841 996 1888 mo

245 1916 309 1976 rari
330 1925 362 1978 et
382 1917 521 1980 habitum
544 1917 719 1996 regularem
742 1918 954 1997 resumpsisse,
970 1920 995 1981 si

245 2008 350 2087 ipsum
371 2017 459 2072 antea
480 2012 667 2090 deposuerit.

288 2103 331 2163 lie
352 2104 586 2182 probationibus
612 2122 706 2180 vero,
730 2106 800 2168 licet
822 2121 885 2168 non
907 2105 996 2182 igno-

246 2211 366 2270 remus,
389 2196 468 2276 apud
490 2199 664 2278 superiores
681 2199 850 2275 regulares,
867 2199 995 2264 Ordina-

245 2288 373 2366 riosque
401 2288 541 2352 locorum
568 2307 626 2352 usu
650 2300 811 2371 receptum
833 2293 938 2366 luisse,
961 2291 992 2354 iu

244 2398 280 2444 re
303 2383 379 2444 tanti
402 2384 572 2460 momenti,
596 2385 706 2448 iudicia
727 2402 780 2447 sua
809 2385 938 2447 fundare
961 2385 993 2448 iu

243 2475 528 2540 eutraiudicialibus
549 2479 808 2554 attestationibus,
826 2487 994 2557 quantun-

244 2569 292 2629 vis
308 2569 485 2632 iuramento
501 2571 640 2646 firmatis,
657 2587 734 2651 quae
748 2571 791 2634 ad
806 2577 993 2650 perpetuom

243 2661 410 2740 dicuntur;
433 2664 491 2727 boc
517 2673 622 2729 tamen
644 2669 822 2730 decaetero
849 2669 992 2747 usurpari

242 2756 464 2835 probibemus3
481 2758 633 2834 volentes,
646 2769 738 2840 atque
754 2762 892 2824 districte
907 2777 995 2824 man-

242 2850 369 2925 dantes,
391 2859 427 2912 ut
449 2849 486 2911 ad
515 2851 715 2914 adstruendas
744 2855 938 2933 probationes
960 2855 992 2916 in

242 2941 423 3004 huiusmodi
445 2945 543 3006 causis
564 2948 759 3022 necessarias,
783 2963 877 3010 verus
898 2958 929 3010 et
947 2947 994 3009 iu-

241 3035 359 3098 dicialis
387 3052 546 3116 processus
576 3041 707 3101 omnino
734 3041 933 3104 conficiatur:
958 3042 990 3102 in

241 3145 305 3206 quo
327 3137 359 3190 et
380 3132 501 3194 articuli
523 3133 777 3197 euluibeanturex
790 3144 876 3213 parte
898 3135 990 3210 illius,

241 3221 297 3299 qui
319 3223 467 3286 adversus
488 3225 712 3304 professionem
740 3229 819 3304 agit3
842 3235 873 3289 et
895 3229 991 3291 inter·

240 3315 397 3392 rogatoria
418 3316 534 3381 dentur
548 3320 585 3381 ab
598 3334 634 3380 ea
649 3328 747 3398 parte,
763 3337 841 3399 quae
862 3330 921 3384 stat
936 3338 993 3400 pro

240 3409 338 3487 ipsius
358 3409 556 3488 professionis
572 3412 747 3490 validitate;
770 3422 801 3476 et
821 3423 912 3476 testes
928 3425 990 3478 tam

239 3517 337 3580 super
358 3505 616 3584 articuli5,qr1am
639 3507 723 3570 iuxta
746 3509 922 3572 huiusmodi
945 3510 993 3572 in-

239 3598 447 3674 terrogatoria
468 3599 706 3677 examinentur3
728 3610 838 3679 utque,
861 3604 917 3666 bac
931 3604 992 3666 for·

240 3705 290 3750 ma
304 3705 368 3750 nou
386 3699 516 3766 servata,
530 3707 688 3770 processus
700 3695 776 3772 ipse,
792 3703 824 3758 et
835 3698 990 3760 sententia

239 3783 454 3860 dependenter
477 3784 515 3846 ab
534 3799 570 3846 eo
589 3786 715 3863 prolata,
735 3788 898 3851 insanabili
920 3785 991 3853 nul-

239 3875 337 3937 litatis
348 3876 425 3937 vitio
437 3893 583 3940 corruere
594 3889 792 3956 censeantur,
802 3881 885 3942 salva
897 3884 989 3944 etiam

238 3968 443 4046 dispositione
455 3970 530 4032 iuris
544 3975 729 4048 communis,
742 3973 839 4052 quoad
852 3973 908 4036 alia
921 3975 992 4038 nul·

240 4062 336 4124 litatis
358 4063 467 4141 capita,
489 4065 514 4126 si
536 4081 614 4143 quae
635 4063 714 4128 forte
738 4068 769 4128 in
787 4067 849 4146 ipsa
873 4083 989 4147 proces-

239 4173 294 4220 sus
315 4157 533 4235 compilatione
553 4159 793 4222 intervenerint.

282 4249 348 4313 Sub
369 4251 475 4312 cadem
490 4265 587 4330 poena
603 4251 766 4326 uirilitatis,
780 4254 988 4331 decernimus,

239 4351 334 4422 atque
364 4343 541 4418 statuimus,
565 4352 599 4407 ut
627 4345 659 4407 iu
682 4345 739 4408 froc
768 4347 879 4409 iudicio
905 4349 989 4412 citari

238 4443 272 4498 et
292 4435 393 4499 audiri
414 4436 544 4498 debeant
559 4443 628 4498 tum
643 4436 821 4502 defensares
836 4450 991 4504 monaste·

238 4531 290 4605 rii,
320 4545 376 4592 seu
404 4529 559 4604 coenobii,
583 4529 615 4590 in
642 4545 704 4608 quo
732 4531 888 4609 professus
919 4543 989 4596 vota

238 4624 383 4700 religiosa
405 4623 549 4702 suscepit,
566 4631 633 4686 tum
656 4625 751 4702 ipsius
767 4624 896 4703 professi
917 4645 990 4690 con·

237 4715 417 4794 sanguinei,
438 4717 505 4777 sive
526 4716 704 4796 propinqui,
720 4718 786 4780 sive
801 4719 864 4796 alii,
878 4722 990 4800 quibus

237 4808 319 4869 bona
347 4823 402 4868 sua
431 4806 556 4869 donavit
587 4815 641 4870 aut
667 4811 773 4886 cessit;
800 4827 865 4873 uno
893 4813 988 4876 verbo

238 4916 360 4975 omnes,
373 4914 509 4978 quorum
524 4901 654 4965 interest
669 4903 751 4964 illius
766 4904 988 4982 professionem

237 4995 403 5069 sustineri;
427 4993 458 5052 in
482 4993 589 5071 primis
615 5004 722 5057 autem
746 4997 765 5058 ii
788 4998 987 5080 citentu1·(si

237 5087 419 5166 superstites
438 5084 571 5164 fuerint)
592 5087 646 5165 qui
662 5089 785 5152 indicati
801 5100 895 5154 erunt
912 5103 988 5156 tam-

237 5193 332 5256 quam
360 5187 516 5253 atrctores,
543 5188 596 5241 aut
623 5182 786 5260 complices
813 5195 916 5248 metus
944 5189 987 5250 ei·

237 5272 308 5333 dem
331 5271 458 5346 incussi,
472 5279 506 5332 ut
530 5273 607 5334 votis
628 5272 746 5336 invitus
767 5293 800 5339 se
815 5279 987 5358 obstringe·

237 5371 296 5424 ret.
320 5362 586 5438 Quemadmodum
609 5380 682 5427 vero
704 5366 737 5429 in
759 5368 849 5430 citata
874 5373 987 5432 consti·

238 5460 360 5520 tutione
382 5466 497 5533 nostra,
514 5475 592 5537 quae
608 5459 717 5539 incipit
732 5462 790 5522 oct
805 5463 988 5526 miseratio-

237 5568 285 5625 ιι,
310 5551 517 5626 decrevimus,
535 5560 568 5614 ut
590 5552 622 5614 in
643 5554 776 5632 singulis
797 5557 986 5621 dioecesibus

237 5647 274 5708 ab
294 5645 455 5709 Ordiuario
476 5645 617 5723 deputari
639 5645 764 5710 deberet
786 5647 897 5727 aliquis
917 5667 986 5728 pro·

238 5740 330 5801 bitate
352 5755 387 5802 ac
407 5739 544 5802 doctrina
565 5743 810 5818 commendatus,
833 5744 920 5806 cuius
942 5746 984 5806 oi-

237 5833 343 5896 dcium
364 5842 444 5896 esset
468 5835 501 5896 iu
524 5835 622 5896 causis
651 5835 930 5900 matrimonialibus
952 5841 983 5902 iu

236 5929 349 5992 iudicio
369 5939 451 5990 stare
471 5944 527 6007 pro
548 5929 705 5994 validitate
727 5931 984 6009 matrimonialia

343 6085 395 6131 tur.
410 6081 480 6130 Pani.
496 6080 527 6128 dc
543 6082 617 6142 Prop.
632 6081 694 6130 Fide
708 6083 790 6132 Partis
805 6085 823 6130 l.
839 6082 893 6132 Vol.
909 6085 952 6132 tlt,

1725 567 1783 630 atti
1833 565 1933 620 nuo.
1954 565 2023 620 1747

1056 720 1141 766 nunc
1163 706 1306 768 omnibus
1334 713 1365 770 et
1384 707 1516 784 singulis
1546 707 1686 769 locorum
1717 703 1804 768 Ordi-

1057 796 1151 858 nariis
1174 800 1411 874 committimus,
1429 807 1460 862 et
1475 799 1668 873 mandamus,
1686 805 1721 860 ut
1735 813 1803 876 per·

1054 905 1162 954 sonam
1184 892 1318 970 aliquam
1338 891 1702 970 similibusqualitatrbus
1717 906 1804 969 prae·

1055 983 1149 1044 ditum
1166 984 1197 1046 in
1213 985 1277 1048 suis
1292 984 1801 1064 respectivedioecesibuseligaut,

1055 1077 1103 1138 cui
1126 1077 1286 1158 defensori
1307 1081 1543 1160 professionum
1566 1094 1681 1141 munus
1703 1079 1803 1157 impo-
1846 1093 2034 1158 aptansapta-

1054 1179 1148 1247 naut3
1172 1179 1271 1250 utque
1303 1173 1375 1236 lruic
1402 1173 1506 1236 omnia
1534 1173 1728 1247 demandata,
1754 1146 2034 1258 iu-{r⁰,⁸r⁸g⁰¹}1¹{p⁰ula⁰n¹ss

1053 1264 1169 1338 iuncta,
1181 1273 1212 1326 et
1224 1266 1396 1344 respective
1410 1267 1556 1344 applicata
1571 1283 1637 1328 esse
1658 1281 1801 1328 censeau·
1819 1252 1875 1300 ⁶¹¹⁸·

1052 1364 1116 1432 tur,
1128 1373 1342 1437 quaecumque
1357 1376 1412 1422 nos
1425 1360 1455 1422 in
1469 1360 1641 1439 praecitatis
1654 1359 1751 1422 literis
1763 1358 1801 1421 de

1054 1450 1245 1513 matrimonii
1268 1451 1429 1515 defensore
1442 1451 1627 1529 statuimus,
1644 1468 1699 1515 nos
1714 1452 1799 1514 enim

1053 1545 1158 1605 eadem
1181 1545 1297 1619 omnia,
1314 1547 1525 1624 praesentium
1548 1555 1668 1621 tenore,
1685 1547 1722 1608 ad
1744 1546 1800 1608 bu-

1053 1635 1185 1697 iusmodi
1207 1639 1433 1714 professionum
1455 1640 1641 1714 defensores,
1658 1654 1801 1718 expresse

1052 1728 1264 1806 extendimus,
1290 1738 1323 1793 et
1346 1732 1517 1811 respective
1542 1732 1742 1811 applicamus,
1769 1739 1799 1793 et

1051 1824 1149 1898 quoad
1172 1823 1245 1886 istos
1265 1825 1328 1902 pari
1345 1825 1436 1887 modo
1451 1825 1553 1888 locum
1569 1825 1681 1888 babere
1697 1825 1800 1888 decer-

1051 1913 1165 1976 nimus.
1191 1917 1223 1978 ld
1241 1917 1341 1979 solum
1358 1917 1554 1996 peculiariter
1569 1935 1623 1996 pro
1637 1917 1799 1981 defensore

1051 2006 1249 2084 professionis
1270 2010 1301 2070 in
1325 2011 1539 2088 praesentibus
1559 2018 1743 2086 statuentes,
1765 2018 1799 2073 ut

1050 2099 1166 2162 scilicet
1186 2101 1335 2180 quidquid
1357 2118 1413 2182 pro
1435 2104 1530 2182 ipsius
1552 2103 1728 2178 honorario,
1745 2111 1798 2166 aut

1051 2195 1205 2268 mercede,
1230 2195 1295 2256 sive
1317 2211 1373 2274 pro
1400 2196 1543 2276 expensis
1564 2197 1597 2259 iu
1619 2196 1799 2258 defensione

1049 2301 1156 2348 causac
1177 2289 1422 2364 occurrentibus,
1448 2290 1550 2372 eidem
1579 2291 1797 2368 praestandum
1825 2307 2029 2364 curusexpensrs

1049 2393 1116 2440 esse
1137 2380 1231 2442 iudex
1254 2382 1425 2459 prudenter
1450 2384 1615 2446 arbitratus
1637 2383 1743 2459 fuerit,
1767 2385 1795 2448 id
1815 2365 2029 2460 ‘r'ffi'caffea'lsaeffl'

1050 2487 1142 2534 omne
1163 2473 1201 2536 ab
1221 2475 1282 2536 illis
1301 2476 1418 2538 exsolvi
1434 2479 1554 2554 debeat,
1571 2478 1714 2556 quibusa
1730 2497 1796 2560 pro

1050 2564 1128 2626 fesso
1150 2568 1328 2630 renunciata
1349 2567 1478 2634 fuerunt
1493 2572 1572 2635 bona
1587 2575 1619 2635 iu
1635 2573 1797 2650 religionis

1049 2657 1192 2734 ingressu
1213 2661 1351 2736 dimissa;
1372 2663 1396 2724 si
1420 2679 1495 2725 vero
1516 2665 1548 2726 bi
1568 2681 1632 2728 nou
1648 2667 1794 2742 existant,

1048 2759 1101 2814 aut
1115 2753 1139 2812 si
1156 2753 1310 2833 professus
1322 2757 1400 2818 nibil
1417 2758 1668 2823 renunciandum
1683 2760 1799 2823 babue-

1049 2845 1101 2921 rit,
1124 2847 1186 2923 ipsa
1208 2847 1328 2926 religio,
1345 2859 1500 2929 quatenus
1514 2867 1555 2914 eu
1569 2853 1630 2915 illis
1651 2855 1702 2929 sit,
1718 2871 1798 2933 quae

1049 2941 1227 3018 temporalia
1251 2941 1330 3004 bona
1359 2945 1531 3022 possident,
1554 2948 1591 3009 ad
1618 2948 1797 3010 huiusmodi

1047 3031 1220 3096 solutiones
1249 3043 1409 3099 teneatur:
1436 3038 1462 3098 si
1483 3047 1589 3100 autem
1617 3057 1674 3101 nec
1695 3039 1796 3102 adsint

1050 3125 1126 3186 bona
1143 3129 1336 3203 renunciata,
1347 3146 1403 3192 uec
1414 3130 1494 3194 Ordo
1506 3131 1667 3209 Regularis
1682 3133 1796 3213 dequo

1047 3219 1162 3294 agitur,
1179 3220 1347 3300 quidquam
1368 3224 1531 3302 possideat,
1546 3235 1620 3290 tunc
1641 3227 1796 3292 defensori

1047 3314 1245 3392 professionis
1258 3317 1384 3380 satisfiat
1397 3333 1437 3380 eu
1451 3322 1592 3398 pecuniis
1607 3323 1796 3386 muletarum

1047 3408 1130 3471 illius
1154 3409 1326 3486 tribunalis,
1350 3411 1382 3473 iu
1403 3428 1465 3491 quo
1486 3429 1573 3478 causa
1594 3417 1706 3488 agitata
1728 3417 1794 3480 fue·

1048 3502 1099 3577 rit,
1121 3503 1186 3564 sive
1208 3504 1353 3581 alterius,
1377 3515 1469 3586 prout
1490 3509 1522 3570 in
1544 3509 1612 3572 aliis
1633 3513 1795 3589 praedictis

1048 3593 1145 3658 literis
1165 3599 1328 3662 uostrisde
1349 3601 1541 3664 matrimonii
1561 3602 1722 3667 defensore
1737 3613 1795 3666 sta-

1049 3691 1175 3752 tuimus.

1087 3783 1159 3844 lata
1181 3783 1309 3848 demum
1322 3789 1475 3850 sententia
1491 3791 1682 3868 asuperiore
1702 3808 1794 3869 regu·

1047 3874 1793 3963 lmmwmmmfflmmwffi

1048 3977 1109 4030 tate
1129 3969 1327 4048 professionis
1349 3977 1550 4052 pronunciata
1572 3976 1795 4058 meritaeque

1046 4064 1201 4141 professus
1215 4068 1455 4148 appellationem
1471 4073 1793 4150 interponat,-causarn

1047 4159 1166 4222 finitam
1195 4177 1346 4224 essenon
1373 4163 1542 4227 dubitatur.
1575 4163 1607 4226 Si
1629 4181 1703 4228 vero
1724 4183 1793 4246 pro·
1820 4182 2025 4241 oeronscuspar-

1046 4249 1143 4314 fessus
1164 4256 1199 4316 ad
1223 4255 1356 4316 iudicem
1376 4257 1528 4320 secundae
1556 4259 1720 4322 instantiae
1741 4279 1791 4342 ap·
1812 4237 2025 4338 ffikfflss‘ffiffifflu.

1045 4345 1219 4422 pellerent,
1243 4347 1292 4408 vel
1315 4349 1408 4410 etiam
1430 4349 1562 4412 ulterius
1584 4355 1690 4414 eadem
1704 4369 1792 4416 causa
1811 4344 1922 4392 staurus.

1046 4439 1237 4500 retractanda
1259 4439 1370 4519 fuerit;
1394 4443 1426 4504 iu
1442 4444 1588 4508 omnibus
1611 4445 1692 4508 hisce
1712 4447 1793 4508 iudi·

1045 4531 1099 4592 ciis
1120 4531 1266 4596 volumus
1287 4535 1431 4598 similiter
1457 4537 1655 4600 defensorem
1676 4538 1792 4618 profes-

1044 4623 1139 4684 sionis
1152 4639 1192 4684 ει
1212 4623 1311 4688 cilicio
1326 4626 1508 4706 deputatum
1523 4630 1728 4708 intervenire,
1742 4649 1792 4695 eo·

1045 4719 1386 4797 rtemp1·orsusm0do,
1414 4739 1477 4801 quo
1498 4723 1531 4786 in
1559 4726 1650 4788 citata
1677 4730 1790 4792 cousti-

1045 4813 1166 4874 tutioue
1187 4815 1392 4890 decrevimus,
1414 4816 1609 4880 defensorem
1631 4823 1791 4885 matrimo·
1838 4825 1954 4881 toriae
1968 4835 2023 4872 sen·

1044 4907 1100 4982 nii,
1124 4907 1155 4966 in
1185 4907 1316 4972 secunda
1339 4917 1371 4970 et
1398 4910 1539 4974 ulteriori
1559 4913 1721 4992 nutantia,
1744 4919 1791 4980 iu·
1809 4879 2023 4998 lfa‘lffiuffisss'ffl}

1043 5001 1122 5062 dicio
1142 5015 1267 5079 semper
1294 5005 1407 5066 adesse.
1442 5005 1485 5066 Ac
1512 5007 1602 5069 sicuti
1634 5021 1790 5087 praeterea
1809 4986 2020 5086 pgpehappcttarr

1042 5093 1219 5170 statuimus,
1230 5095 1589 5160 liuiusmodidefensoris
1600 5111 1700 5178 partes
1712 5118 1790 5178 esse,

1043 5189 1232 5249 asententia
1259 5187 1367 5252 iudicis
1391 5189 1510 5268 primae
1541 5191 1705 5256 instantiae
1734 5213 1790 5274 pro

1043 5281 1234 5342 matrimonii
1257 5283 1402 5346 nullitate
1425 5285 1481 5346 lata
1503 5285 1540 5346 ad
1561 5287 1718 5350 ulterioris
1743 5289 1790 5350 iu·

1041 5375 1171 5437 stantiae
1184 5375 1317 5438 iudicem
1333 5391 1516 5455 provocare3
1533 5385 1563 5442 et
1578 5379 1709 5442 formam
1722 5397 1792 5460 pro-

1041 5469 1190 5546 sequendi
1220 5470 1371 5534 iudicium
1394 5473 1425 5533 in
1454 5473 1655 5537 ulterioribus
1682 5477 1791 5540 buius-

1042 5563 1124 5624 modi
1151 5563 1305 5625 instantiis
1331 5566 1598 5644 praescripsimus;
1627 5569 1668 5629 ita
1696 5585 1789 5647 porro

1041 5654 1204 5730 volumus,
1227 5664 1262 5718 ut
1290 5657 1434 5719 defensor
1463 5659 1661 5738 professionis
1682 5680 1698 5723 a
1717 5679 1788 5725 sen·
1808 5655 2021 5766 ,Pafgfgssoffg'gfilj

1041 5749 1137 5810 tentia
1159 5749 1192 5810 iu
1208 5750 1306 5827 prima
1328 5752 1474 5814 instantia
1490 5769 1544 5831 pro
1561 5753 1705 5815 nullitate
1719 5770 1789 5834 pro·
1806 5765 1859 5824 tate
1882 5763 2020 5817 processio-

1039 5838 1182 5903 fessiouis
1213 5845 1293 5906 calita
1324 5844 1477 5924 appellare
1508 5846 1637 5908 omniuo
1667 5847 1786 5924 debeat,
1806 5816 2020 5927 ῗὲἶηῗιῗζῖζῖοἶῖ

1039 5943 1131 6014 atque
1154 5937 1185 5998 iu
1207 5940 1353 6016 secunda,
1368 5957 1423 6004 seu
1446 5941 1586 6004 ulteriori
1609 5941 1787 6007 huiusmodi
1806 5947 1883 5992 attur.

1654 6102 1680 6144 44
