4798 6978
960 567 1156 614 andnumans
1178 568 1243 613 xiv.

1796 550 1855 616 623
1905 547 1959 602 An.
1973 549 2003 602 C.
2024 547 2093 602 1755

328 693 385 756 bus
406 689 583 754 huiusmodi
604 703 728 768 semper
750 689 954 753 intervenisse
966 695 997 749 et
1011 688 1074 749 sni·
1128 693 1159 748 et
1182 685 1212 750 S.
1223 686 1258 748 R.
1274 687 1308 748 E.
1332 687 1508 752 cardinales
1528 696 1559 751 et
1574 688 1755 752 eorumdem
1772 687 1873 754 Cardi-

328 782 1070 864 iragiumsuumineaelectionetulisseconstat.
1128 778 1246 842 nalium
1278 782 1559 859 congregationes,
1589 791 1620 844 et
1644 783 1768 862 quosvis
1800 783 1874 845 alios

327 880 454 956 Quando
469 887 572 942 autem
588 877 757 959 capitulum
772 878 992 940 canonicorum
1008 891 1072 937 non

327 975 487 1050 habeatur,
505 974 524 1036 ii
536 973 670 1053 parochi,
686 975 751 1034 sive
765 973 822 1035 suli
840 973 906 1035 sire
921 989 992 1035 cum
1007 971 1073 1033 aliis

327 1068 537 1132 ecclesiasticis
565 1069 657 1143 viris,
685 1069 768 1130 iuxta
795 1069 922 1130 modum
949 1067 1072 1140 itidem,

327 1179 419 1226 usum
431 1171 462 1225 et
473 1163 730 1226 consuetudinem
743 1163 781 1224 de
792 1162 958 1239 praeterito
970 1177 1072 1222 serva·

327 1257 446 1332 tam,ad
455 1256 569 1318 Vicarii
579 1255 752 1334 capitularis
764 1255 948 1318 electionem
959 1253 1072 1316 haben·

327 1352 397 1413 dam
410 1351 563 1414 accedant.
582 1349 639 1414 Sed
659 1350 690 1414 iu
706 1350 790 1413 hisce
805 1350 1010 1414 electionibus
1021 1348 1073 1410 Vi·

326 1444 479 1506 cariorum
495 1444 713 1522 capitularium
734 1459 1004 1523 quorumcumque
1020 1459 1074 1503 vo·

326 1535 443 1612 lumus,
456 1537 660 1616 praecipimus
676 1547 706 1598 et
721 1537 912 1611 mandamus,
926 1543 960 1599 ut
975 1536 1074 1598 oxnni-

327 1645 368 1692 uo
378 1638 544 1692 serventur
554 1630 791 1693 constitutiones
802 1629 931 1694 Consilii
945 1629 1072 1691 Triden-

329 1719 397 1798 tini,
409 1724 587 1802 praesertim
600 1723 780 1786 insessione
791 1723 940 1799 vigesima
951 1731 1071 1801 quarta,

327 1820 426 1898 capite
447 1819 665 1882 decimosexto

102 1917 135 1959 m
147 1915 309 1971 quandove
366 1914 385 1989 ἓ
406 1913 435 1975 ι.
460 1913 589 1990 insuper
610 1912 754 1975 volumus
776 1920 806 1974 et
827 1911 1021 1987 mandamus
1037 1919 1072 1973 ut

79 1971 309 2084 ἓῖἷιιὲιῖωέιιιῖἓῖ
328 2007 359 2070 in
381 2007 418 2068 iis
440 2008 531 2081 locis,
555 2007 587 2068 in
616 2007 726 2084 quibus
758 2023 829 2066 ven.
854 2005 962 2066 iratres
984 2005 1072 2066 dnti-

80 2074 308 2188 ἓιξαξζῖἶῗιῇῗ
326 2103 414 2164 stites
441 2101 592 2164 Ordinarii
619 2101 804 2162 eorumdem
836 2100 976 2160 locorum
999 2098 1072 2159 resi-

326 2193 492 2269 dentialeS,
515 2210 619 2271 neque
640 2193 808 2272 capitulum
838 2192 1069 2265 canonicorum,

327 2303 429 2366 neque
452 2288 597 2365 parochos
619 2287 650 2347 in
672 2286 735 2348 suis
750 2285 927 2347 civitatibus
942 2291 972 2346 et
988 2285 1069 2348 dioc-

328 2380 446 2443 cesibns
478 2379 607 2455 habent,
631 2380 682 2441 sed
711 2379 870 2440 dumtaxat
898 2377 1071 2440 sacerdotes

325 2474 442 2553 aliquot
462 2482 494 2535 et
516 2473 700 2535 missionarii
723 2473 925 2550 reperiuntur
941 2487 995 2550 per
1010 2477 1071 2532 ter·

328 2575 430 2630 rasel
451 2567 559 2646 oppida
581 2566 720 2645 dispersi,
743 2566 784 2627 ita
806 2575 852 2640 nt,
869 2581 939 2627 cum
961 2580 1070 2643 quern-

325 2661 401 2723 libet
422 2660 601 2724 antistitem
623 2657 773 2720 eiusmodi
797 2659 875 2720 mori
898 2658 1069 2735 contingat,

325 2755 453 2817 insimul
478 2753 647 2815 convenire
675 2753 806 2814 minime
833 2752 971 2827 valeant,
995 2759 1070 2813 tunc

325 2848 464 2910 l'icarius
485 2847 636 2923 generalis
657 2847 715 2906 iam
729 2864 744 2907 a
757 2846 901 2908 defuncto
922 2845 1070 2907 antistite

323 2941 527 3014 constitutus,
556 2939 621 3017 ipso
652 2938 730 2999 iacto
756 2936 950 3014 intelligatur
971 2937 1010 2999 sit
1038 2943 1069 2998 et

323 3034 472 3096 habeatur
498 3032 636 3094 lliearius
663 3030 850 3109 capitularis,
880 3046 951 3092 cum
977 3046 1069 3109 snpra

324 3127 475 3206 expressis
497 3125 691 3189 facultatibus
713 3125 747 3187 ad
769 3121 905 3186 vicarios
924 3123 1069 3203 capitula·

323 3235 373 3282 res
394 3225 431 3283 de
452 3220 521 3282 iure
542 3218 762 3298 spectantibus,
778 3225 980 3296 exerceatque
1001 3232 1069 3278 mu-

324 3329 383 3376 nus
404 3313 517 3376 llicarii
532 3311 707 3390 capitularis
722 3310 911 3386 huiusmodi,
927 3310 1024 3374 donee
1038 3317 1070 3372 et

324 3422 486 3487 quousque
507 3421 606 3466 novus
621 3405 758 3466 antistes
768 3405 805 3466 ab
820 3407 926 3466 eadem
941 3404 1069 3483 Aposto-

324 3500 380 3562 liea
402 3503 457 3561 hac
479 3497 587 3560 Sancta
611 3497 689 3560 Sede
721 3497 898 3574 designatus
925 3496 998 3559 illuc
1020 3501 1068 3560 ad-

323 3592 459 3666 venerit,
473 3608 505 3652 ac
516 3593 658 3668 regimen
670 3591 848 3668 susceperit.
873 3587 990 3655 Verum
1004 3605 1070 3668 pre

323 3687 361 3747 be
383 3684 607 3761 intelligentes
623 3683 704 3747 hand
720 3684 806 3746 lacile
822 3685 854 3745 in
872 3683 980 3745 iisdem
996 3684 1069 3746 locis

323 3779 452 3858 reperiri
480 3779 697 3840 ecclesiasticos
725 3779 827 3852 viros,
855 3778 907 3856 qui
929 3777 995 3838 sive
1016 3776 1068 3839 do-

324 3881 424 3936 ctores
445 3876 511 3934 sire
534 3873 683 3935 licentiati
698 3873 731 3934 iu
748 3873 815 3934 inre
829 3873 976 3934 canonico
992 3873 1023 3933 in
1039 3890 1070 3934 a·

324 3966 405 4044 liqna
416 3967 593 4028 studiorum
605 3967 808 4028 universitate
818 3965 947 4040 inerint,
961 3981 1067 4043 queru-

323 4060 489 4122 admodum
505 4075 560 4136 pro
574 4059 745 4122 vicariatus
760 4059 925 4122 cuiuslibet
940 4061 1006 4119 sire
1021 4075 1069 4121 ca-

322 4153 463 4232 pitularis
487 4153 553 4214 sive
581 4152 733 4229 generalis
764 4169 895 4214 munere
924 4153 1068 4214 obeundo

323 4247 510 4324 x·eqniritur;
533 4261 589 4307 nos
601 4247 780 4308 earumdem
796 4247 931 4324 partium
946 4245 1068 4308 calami-

323 4348 399 4402 tates
420 4339 686 4411 commiserantes,
708 4349 815 4400 tenore
836 4348 867 4402 et
887 4339 1068 4400 auctoritate

323 4433 457 4512 paribus
481 4449 712 4512 quemcumque
729 4433 761 4493 in
778 4432 937 4495 vicarium
953 4433 1068 4511 capitu·

325 4527 433 4601 larem,
456 4536 491 4589 ut
513 4528 734 4604 praemittitur,
758 4527 789 4588 in
812 4525 929 4587 casibus
951 4528 1069 4588 antedi·

323 4622 379 4682 ctis
402 4620 601 4697 eligendum,
624 4619 792 4682 dummodo
814 4619 848 4680 ad
877 4619 1069 4695 gnberuium

324 4724 354 4776 et
376 4716 519 4791 regimen
536 4713 644 4775 habilis
661 4722 692 4775 et
713 4713 842 4775 idoneus
864 4713 967 4789 luerit,
985 4729 1069 4776 nuuc

324 4825 379 4886 pro
401 4814 475 4870 tunc
490 4808 582 4869 talem
605 4823 670 4868 esse
694 4816 724 4869 el
746 4807 848 4868 haberi
872 4806 1015 4868 volumus
1038 4813 1068 4869 et

323 4901 523 4977 declaramus
545 4901 674 4978 perinde
688 4917 721 4962 ac
734 4903 759 4960 si
775 4899 881 4962 doctor
894 4901 960 4962 sive
976 4901 1070 4963 licen·

323 4995 417 5056 tiatus
438 4995 470 5055 iu
494 4997 561 5056 iure
581 4996 726 5056 canonico
748 4993 853 5056 inerit.

114 5099 306 5162 concreantur
362 5088 430 5164 gd.
455 5089 661 5149 decernentes
684 5089 807 5150 easdem
828 5094 1007 5166 praesentes
1036 5089 1069 5150 li-

90 5163 210 5250 {gnanus
227 5155 306 5199 sisau-
324 5194 415 5258 teras,
432 5192 461 5246 et
483 5186 516 5245 in
532 5185 575 5245 cis
590 5193 734 5246 coartenta
749 5199 973 5262 quaecumque,
989 5199 1069 5245 sem·

323 5293 377 5356 per
392 5279 491 5352 iunia,
506 5276 602 5338 valida
617 5284 648 5338 et
660 5277 789 5338 eilicacia
800 5278 933 5338 existere
947 5285 978 5338 et
990 5275 1066 5352 iore,

321 5387 456 5449 suosque
467 5371 620 5450 plenarios
632 5379 662 5432 et
675 5371 812 5449 integros
824 5373 952 5433 ellectus
964 5371 1067 5432 sortiri

321 5479 352 5532 et
363 5470 504 5532 obtinere
515 5468 638 5541 debere,
652 5475 682 5530 et
696 5468 756 5530 illis
771 5469 806 5529 ad
819 5483 894 5546 quos
906 5473 1021 5542 spectat
1035 5473 1066 5526 et

322 5580 377 5644 pro
401 5573 540 5642 tempore
561 5565 822 5642 quandocumque
847 5559 1006 5638 spectabit,
1033 5557 1065 5620 iu

321 5657 466 5719 omnibus
486 5665 517 5719 et
539 5673 593 5734 per
620 5657 723 5718 omnia
752 5655 929 5733 plenissime
959 5653 1066 5715 suiira-

322 5753 398 5828 gari,
421 5752 525 5829 sicque
536 5760 568 5811 et
586 5767 649 5812 non
671 5749 761 5812 aliter
776 5749 807 5810 in
823 5748 995 5829 praemissis
1011 5763 1066 5824 per

320 5859 532 5922 quoscumque
542 5843 657 5904 iudices
672 5843 843 5904 ordinarios
854 5851 886 5902 et
898 5841 1063 5918 delegatos,

321 5939 586 6000 etiancansarunr
609 5936 711 6016 palatii
733 5935 890 6015 apostolici
911 5937 1065 5998 auditores

1129 890 1323 953 quacumque
1344 875 1587 954 praeeminentia
1602 883 1633 938 et
1644 883 1792 957 potestate
1804 877 1875 941 iuu-

1129 975 1237 1045 gentes
1252 977 1283 1032 et
1306 968 1481 1045 iuncturos,
1498 970 1624 1032 iudicari
1639 978 1670 1033 et
1686 971 1807 1033 deliniri
1823 970 1873 1033 de·

1128 1061 1215 1122 here:
1240 1077 1272 1124 ac
1295 1061 1420 1124 irritum
1442 1069 1472 1124 et
1495 1062 1588 1124 inane
1616 1063 1764 1142 quidquid
1786 1081 1874 1127 secus

1127 1170 1221 1232 snper
1245 1153 1293 1216 his
1318 1172 1333 1215 a
1356 1171 1525 1234 quoquam,
1548 1156 1656 1234 quavis
1677 1157 1871 1233 auctoritate,

1127 1248 1261 1310 scienter
1275 1248 1325 1311 vel
1340 1249 1522 1326 ignoranter
1533 1249 1701 1326 contigerit
1715 1251 1870 1313 attentari.

1166 1345 1235 1420 §b
1260 1344 1328 1409 Non
1351 1346 1545 1411 obstantibus
1576 1348 1762 1428 apostolicis,
1786 1366 1819 1411 ac
1841 1351 1872 1412 in
1891 1350 2104 1449 tlggffigilurwss·

1127 1438 1353 1501 universalibus
1385 1439 1687 1520 provincialibusque
1720 1449 1750 1504 et
1781 1458 1873 1520 syno-
1979 1436 1985 1447 '

1127 1532 1246 1595 dalibus
1266 1534 1404 1596 conciliis
1426 1534 1514 1596 editis
1530 1535 1726 1610 generalibus
1741 1537 1791 1598 vel
1807 1552 1873 1615 spe·

1128 1626 1252 1688 cialibus
1274 1627 1548 1690 constitutionibus
1569 1635 1600 1690 et
1616 1629 1872 1706 ordinationibus,

1127 1725 1158 1780 et
1180 1719 1430 1798 quibuscumque
1457 1721 1523 1783 aliis
1545 1719 1676 1784 decretis
1703 1722 1735 1784 in
1758 1737 1873 1800 genere

1128 1811 1178 1874 vel
1200 1811 1233 1874 in
1255 1814 1366 1890 specie,
1380 1821 1433 1876 ant
1454 1815 1526 1876 alias
1538 1815 1570 1876 in
1585 1816 1775 1879 contrarium
1788 1821 1872 1896 p'rae-

1127 1909 1294 1970 missorum
1330 1909 1559 1987 quomodolibet
1591 1911 1764 1986 concessis,
1800 1926 1873 1973 cou-

1128 2003 1258 2064 firmatis
1278 2009 1309 2064 et
1332 2004 1499 2078 innovatis,
1516 2005 1688 2083 ceterisque
1711 2005 1872 2068 contrariis

1127 2096 1384 2174 quibuscumque.
1409 2097 1574 2160 Caeterum
1598 2115 1664 2174 vos,
1680 2098 1871 2162 venerabiles
1889 2092 2103 2203 qussffiffqffl

1127 2188 1248 2262 iratres,
1265 2189 1368 2252 dilecti
1390 2190 1458 2264 filii,
1476 2191 1583 2254 iisdem
1606 2208 1741 2271 quoque,
1759 2193 1871 2272 quibus
1889 2199 2073 2246 massionaaxos.

1126 2281 1285 2344 indiarum
1306 2282 1515 2346 Orientalium
1536 2285 1721 2364 apostolicos
1736 2286 1871 2350 llicarios

1125 2375 1306 2452 prosequuti
1329 2375 1456 2453 luimus,
1472 2379 1643 2456 apostolicis
1659 2379 1760 2442 vorbis
1777 2388 1806 2442 et
1821 2381 1870 2442 ad-

1127 2471 1352 2535 hortationibus
1374 2474 1601 2550 prosequimur.
1625 2475 1730 2552 itaque
1748 2491 1786 2535 ex
1800 2492 1871 2555 apo-

1124 2566 1248 2628 stolieae
1259 2566 1472 2646 providentiae
1482 2568 1734 2648 auctoritatisque
1749 2577 1872 2632 nostrae

1125 2661 1255 2734 ratione,
1278 2659 1413 2721 maxime
1434 2661 1469 2722 ad
1492 2661 1716 2739 procurandam
1737 2662 1870 2725 salntem

1124 2753 1301 2815 animarum
1316 2760 1559 2828 consentaneae
1575 2753 1663 2818 nobis
1674 2764 1812 2835 suscepta
1827 2762 1872 2816 at·

1124 2863 1185 2925 que
1203 2847 1372 2926 unicuique
1387 2852 1526 2910 vestrum
1549 2855 1719 2926 praecepta,
1734 2851 1870 2914 animad-

1124 2941 1249 3016 vertite,
1266 2947 1379 3018 quanta
1399 2940 1439 3002 sit
1461 2939 1616 3020 apostolici
1638 2942 1779 3004 muueris
1800 2943 1870 3005 uni·

1124 3034 1237 3113 cuique
1260 3040 1400 3094 vestrum
1433 3033 1574 3096 iniuncta
1595 3051 1685 3110 cura,
1708 3042 1801 3114 atque
1822 3051 1869 3098 ea·

1125 3133 1250 3205 propter
1278 3127 1418 3202 satagite,
1441 3135 1476 3189 ut
1500 3143 1555 3206 per
1576 3127 1711 3190 assiduos
1737 3128 1868 3205 labores,

1125 3219 1320 3296 vigilantiam
1349 3219 1531 3297 pastoralem
1562 3219 1869 3301 sollicitudinemque

1124 3313 1329 3387 contendatis,
1353 3328 1393 3375 ue
1414 3312 1565 3390 quispiam
1587 3313 1700 3376 Christi
1729 3313 1869 3377 fidelium

1124 3406 1211 3468 robis
1231 3406 1468 3468 commissorum
1485 3413 1515 3466 et
1531 3407 1568 3467 de
1588 3405 1700 3485 quibus
1721 3407 1799 3468 ratio
1820 3424 1868 3468 su-

1125 3515 1233 3578 premo
1263 3508 1422 3577 pastorum
1451 3498 1586 3578 Principi
1616 3505 1743 3562 aeterno
1775 3500 1869 3564 iudici

1124 3591 1280 3653 reddenda
1300 3598 1358 3667 est,
1375 3599 1495 3672 pereat;
1510 3594 1562 3654 sed
1578 3593 1693 3671 potius,
1710 3601 1744 3656 ut
1759 3609 1869 3656 omnes

1123 3693 1281 3748 aeternam
1307 3685 1439 3748 salutem
1466 3693 1707 3764 consequantur,
1730 3695 1761 3749 et
1783 3689 1869 3751 vobis

1123 3797 1242 3843 merces
1257 3780 1367 3840 vestris
1383 3779 1502 3840 meritis
1517 3776 1618 3840 debita
1634 3796 1649 3839 a
1664 3780 1744 3842 insto
1766 3797 1870 3843 remu·

1124 3882 1268 3936 ueratore
1289 3875 1350 3934 lleo
1373 3873 1538 3935 tribuatur.
1572 3871 1634 3934 Nos
1655 3873 1781 3935 interim
1804 3891 1869 3936 cae-
1904 3905 1907 3910 ’

1123 3969 1208 4030 lestis
1229 3967 1370 4046 praesidii
1391 3967 1543 4045 auspicem
1560 3967 1754 4044 apostolicam
1777 3968 1869 4030 bene·

1123 4061 1290 4123 dictionem
1302 4061 1335 4122 in
1347 4060 1475 4140 populos
1490 4060 1583 4121 etiam
1599 4067 1773 4122 vestrarum
1788 4061 1870 4123 dioe-

1123 4169 1226 4216 cesum
1243 4152 1295 4214 rel
1309 4153 1542 4232 provinciarum
1558 4151 1801 4215 redundaturum
1817 4171 1869 4216 vo-

1123 4247 1180 4322 bis,
1204 4247 1397 4308 venerabiles
1419 4245 1541 4321 iratres,
1566 4245 1670 4310 dilecti
1694 4246 1761 4322 ulii,
1784 4262 1870 4325 pera-

1124 4348 1247 4402 manter
1268 4341 1479 4418 impertimur.

1163 4435 1182 4510 ἐ
1211 4434 1238 4496 7.
1272 4433 1425 4497 Volumus
1462 4440 1585 4506 autem,
1623 4441 1658 4496 ut
1689 4435 1869 4497 earumdem

1124 4528 1333 4607 praesentium
1356 4528 1518 4588 literarum
1540 4528 1745 4606 transumptis
1766 4544 1820 4590 seu
1839 4543 1869 4589 c-

1124 4620 1270 4698 xemplis,
1300 4621 1392 4681 etiam
1421 4621 1577 4698 impressis
1599 4627 1629 4681 et
1651 4637 1667 4681 a
1693 4620 1868 4698 Congrege-

1125 4715 1215 4775 tionis
1238 4729 1332 4774 venri.
1358 4712 1490 4774 humum
1512 4719 1692 4776 nostrorum
1715 4715 1745 4776 S.
1770 4713 1806 4775 R.
1832 4715 1865 4776 E.

1124 4806 1332 4868 Cardinalinm
1369 4807 1502 4882 negotiis
1534 4806 1749 4885 Propagaudae
1784 4807 1868 4869 Fidei

1123 4901 1366 4978 praepositorum
1396 4898 1550 4962 Praeiecto
1572 4908 1603 4962 et
1627 4903 1792 4962 secretario
1812 4917 1868 4980 pro

1124 5001 1263 5071 tempore
1284 4992 1490 5054 existentibus
1511 4991 1701 5072 subscriptis,
1718 5000 1748 5054 et
1763 4993 1866 5071 sigillo

1123 5086 1261 5147 eiusdem
1293 5085 1552 5162 Congregationis
1583 5086 1724 5161 munitis,
1759 5089 1867 5150 eadem

1123 5196 1248 5257 prorsus
1274 5179 1348 5240 tides
1369 5179 1562 5254 adhibeatur,
1585 5195 1663 5256 quae
1690 5180 1761 5258 ipsis
1783 5197 1867 5259 prae·

1122 5271 1261 5334 sentibus
1288 5271 1498 5348 adhiberetur,
1527 5273 1552 5334 si
1582 5271 1685 5334 iorent
1714 5273 1866 5335 exhibitae

1122 5365 1171 5424 vel
1193 5373 1342 5426 ostensae.

1161 5459 1272 5519 ilatum
1303 5459 1430 5532 Romae,
1462 5459 1542 5536 apud
1570 5459 1602 5522 S.
1625 5459 1754 5520 Mariam
1775 5459 1866 5521 blain-

1121 5568 1200 5628 rem,
1222 5552 1281 5614 snb
1295 5551 1412 5614 annulo
1427 5552 1598 5628 Piscatoris,
1612 5551 1661 5614 die
1677 5568 1745 5614 viu.
1769 5568 1865 5628 augu-

1120 5650 1159 5709 sti
1181 5663 1334 5724 uuccnr,
1358 5647 1555 5726 pontificatus
1580 5647 1680 5708 nostri
1708 5661 1790 5708 auno
1811 5661 1863 5706 xv.

1901 4442 2012 4501 Exempl.
2028 4445 2097 4491 lidos.
