4820 6980
93 540 146 593 An.
161 542 192 594 (l.
214 541 283 595 1748

95 690 295 754 nemeamqu-
351 691 422 736 nxv.
437 673 589 752 Quamdiu
601 690 675 738 vero
687 675 765 737 vixit
773 678 931 749 Damasus,
945 672 1055 750 igneus

81 753 133 844 Hit
148 747 294 844 tutin·
312 769 364 832 tue
386 770 585 833 inimicorum
606 769 694 832 furor
707 770 807 832 veruo
828 769 931 833 dorosa
952 768 1056 830 cinere

313 871 413 926 tectus
434 863 566 928 delituit.
592 864 680 926 Tunc
701 879 776 925 vero
798 863 928 938 exarsit,
951 861 1056 924 incen-

312 959 463 1038 diumque
484 959 639 1035 excitavit,
662 975 745 1034 curn,
767 959 894 1042 Damaso
922 956 1054 1030 sublato,

312 1051 438 1117 Siricins
462 1053 495 1115 in
521 1052 603 1115 Petri
631 1052 813 1118 cathedram
841 1055 969 1113 evectus
996 1055 1052 1110 est.

305 1151 499 1212 ,innumerae
529 1147 776 1224 criminationeS,
808 1147 1000 1222 calumniae,
1023 1164 1056 1208 ac

312 1244 470 1306 irrisiones
498 1244 531 1304 in
556 1244 782 1320 Hieronymum
813 1248 991 1318 congestae,
1019 1240 1057 1302 de

311 1337 423 1416 quibus
449 1336 492 1399 sic
512 1335 565 1399 ille
591 1336 812 1412 conqueritur:
837 1334 930 1397 Alius
958 1334 1056 1394 inces-

310 1446 383 1491 sum
403 1445 508 1492 meum
530 1425 797 1492 calumniabatur
818 1433 848 1489 et
864 1429 980 1500 ritune
1002 1426 1056 1489 illc

311 1523 414 1585 veluti
437 1520 643 1596 detrahebat:
665 1522 716 1584 bic
733 1520 944 1600 simplicitate
964 1520 1056 1583 aliud

310 1613 552 1692 suspicabatur.
576 1615 720 1690 Quocirca
735 1631 804 1677 cum
828 1631 863 1676 eo
878 1629 927 1676 res
949 1628 1056 1691 perve-

313 1713 420 1787 nisset,
438 1718 473 1774 ut
495 1710 555 1772 iam
577 1711 630 1771 vix
645 1709 704 1771 sibi
726 1717 826 1788 posset
848 1708 1057 1784 Hieronymus

312 1814 506 1885 temperare,
530 1805 654 1866 tandem
676 1804 773 1866 Roma
796 1803 886 1878 abiit,
909 1809 1001 1879 atque
1023 1799 1055 1861 in

312 1913 424 1975 agrum
444 1913 477 1959 se
498 1899 626 1975 recepit,
653 1896 705 1960 ubi
726 1913 796 1959 suas
817 1895 852 1958 ad
881 1894 1056 1958 Harcellam

312 1991 397 2055 dedit
412 1991 525 2054 literas.
547 1988 604 2054 Sed
620 1991 821 2053 remotiorem
835 2005 989 2052 secessum
1004 2005 1056 2052 an-

311 2087 430 2162 halans,
444 2086 543 2150 oblata
564 2085 620 2147 sibi
643 2085 873 2164 opportunitate
894 2083 928 2146 in
950 2081 1057 2146 Orien-

311 2188 376 2244 tem
396 2182 546 2256 abeundi,
569 2195 606 2242 eo
627 2195 757 2259 pergere
784 2179 909 2256 statuit3
933 2179 1057 2256 iamque

312 2275 474 2352 navigium
496 2290 738 2348 conscensurus,
765 2275 800 2336 ad
829 2272 964 2335 nsettan
984 2272 1058 2334 scri-

311 2369 383 2446 psit,
399 2384 548 2448 suamque
569 2383 641 2430 cum
663 2367 754 2429 Paula
769 2374 799 2429 et
815 2365 947 2430 Halania
967 2365 1056 2426 iami-

312 2464 495 2538 liaritatem,
519 2477 612 2540 quam
634 2460 772 2524 maledici
798 2458 1054 2533 criminabantur,

311 2555 437 2634 egregie
470 2556 650 2618 vindicavit.
683 2554 827 2616 Meminit
856 2569 981 2632 quoque
1010 2553 1058 2615 in-

312 2652 476 2726 iuriarum,
499 2665 573 2728 quas
605 2656 779 2727 acceperat:
811 2647 926 2710 latetur
950 2655 1055 2709 tamen

311 2761 345 2808 se
365 2760 464 2824 aequo
488 2743 591 2806 animo
617 2759 665 2806 eas
690 2743 783 2818 terre,
812 2741 969 2821 proposito
998 2741 1056 2804 sibi

311 2839 455 2919 exemplo
477 2837 591 2902 Christi
613 2837 751 2912 Domini,
773 2837 826 2914 qui
848 2835 997 2900 aiudaeis
1011 2853 1056 2897 se-

312 2934 421 2996 ductor
451 2941 482 2995 33
509 2931 726 2994 daemoniacus
751 2938 798 2992 est
827 2930 962 3008 babitus3
990 2939 1058 2992 tan-

312 3025 446 3106 demque
480 3025 656 3088 conoludit:
696 3024 766 3088 Scio
795 3041 852 3104 per
884 3021 996 3087 bonam
1026 3030 1056 3084 et

312 3119 431 3184 malam
452 3120 573 3200 [3333
592 3118 756 3197 perveniri
778 3117 819 3182 ad
841 3133 939 3198 repna
961 3117 1058 3178 coelo-

312 3229 396 3278 rum.

81 3317 295 3471 Rfflwqffffffi
353 3329 437 3376 nxvr.
463 3313 541 3376 Cum
563 3311 660 3390 igitur
681 3312 801 3391 privato
822 3312 961 3388 consilio,
976 3316 1056 3394 quod

108 3428 295 3526 ieronymi:
314 3417 419 3472 tamen
431 3423 598 3488 pravorum
618 3406 781 3469 hominum
798 3409 957 3470 molestiae
977 3409 1059 3470 exci-

82 3479 295 3580 gfflssfflfflt
313 3510 433 3580 larunt,
455 3517 546 3564 suum
562 3501 599 3562 ab
617 3501 699 3563 Urbe
720 3501 885 3564 discessum
908 3501 1059 3580 Hierony*

83 3591 142 3634 Μ·
314 3611 385 3660 mus
405 3594 588 3672 decreverit,
604 3608 668 3656 non
690 3601 735 3656 est
756 3611 812 3657 cur
833 3594 928 3657 ullam
949 3595 1058 3658 disces-

313 3707 364 3753 sus
396 3704 518 3752 causam
546 3687 579 3750 in
608 3686 754 3752 Siricium
784 3687 999 3764 retundamus,
1023 3697 1058 3751 ut

313 3783 390 3847 scite
419 3781 621 3845 ratiocinatur
641 3780 690 3843 vir
714 3782 853 3851 eruditus
879 3784 1058 3846 Dominicus

313 3877 478 3941 Vallarsius
510 3874 543 3937 in
569 3875 632 3937 vita
657 3873 688 3938 S.
717 3875 898 3954 Hieronymi
927 3885 1001 3940 333.
1034 3886 1058 3944 2

315 3989 445 4052 operum
473 3971 586 4034 Sancti
617 3969 763 4033 Doctoris
790 3973 943 4034 editionis
971 3975 1058 4038 Vero-

314 4067 421 4130 nensis
436 4081 522 4130 3333
537 4079 716 4140 uncertain,
736 4081 803 4143 cap.
821 4068 876 4128 16.
900 4067 1005 4146 Neque
1019 4066 1058 4131 ab

315 4176 358 4234 eo,
382 4159 521 4239 loquitur
543 4159 580 4222 de
601 4159 722 4235 Siricio,
745 4164 792 4220 est
813 4159 873 4223 illa
895 4161 1059 4238 conflicta-

316 4255 442 4316 tionum
468 4251 581 4315 Sancti
602 4251 715 4314 Patris
743 4267 815 4315 cum
836 4255 972 4316 aemulis
993 4271 1060 4318 33-

315 4347 416 4426 lisqua
448 4343 630 4408 bominibus
662 4363 760 4410 causa
788 4349 978 4425 repetenda:
1006 4349 1058 4410 sed

316 4441 381 4516 ipse
403 4441 527 4518 utiquc,
544 4440 620 4518 quid
636 4458 751 4504 causae
772 4442 888 4522 tuerit,
906 4443 1060 4521 Hieronp-

315 4550 387 4598 333
409 4533 510 4607 nouit,
526 4539 557 4596 et
571 4535 680 4614 fossus
694 4537 742 4596 est
756 4534 889 4613 epistola
902 4537 959 4600 40.
983 4538 1056 4611 Nos,

318 4627 485 4707 inquiens,
510 4625 603 4690 uitiis
630 4627 841 4704 detrabentes,
872 4630 1059 4711 offendimus

316 4722 484 4800 plurimos.
502 4721 561 4785 Sed
576 4737 634 4783 nec
648 4719 723 4784 illud
740 4721 848 4786 Siricio
863 4725 977 4805 opponi
992 4733 1059 4804 pot·

316 4823 373 4891 est,
396 4815 478 4895 quod
502 4815 728 4892 Hieronymum
750 4817 782 4877 in
807 4833 881 4880 eum
902 4819 1060 4894 dignitatis

317 4909 464 4985 gradum,
491 4924 585 4994 quern
615 4909 760 4972 Damasus
791 4909 838 4972 illi
865 4912 1058 4986 contulerat,

317 5017 381 5064 non
404 5001 587 5077 restituerit,
615 5001 744 5082 ideoque
765 5009 811 5066 tot
838 5004 916 5068 bella
938 5013 969 5068 et
989 5021 1063 5068 con-

316 5094 475 5157 tentiones
496 5094 529 5156 in
544 5093 770 5173 Hieronymum
785 5099 967 5175 exarserint,
983 5117 1062 5179 qnae

317 5186 455 5266 alioquin
476 5185 534 5250 sub
555 5187 654 5251 Siricii
679 5179 781 5252 tutela'
799 5191 928 5254 Sanctus
950 5192 1061 5255 Doctor

318 5279 486 5358 effugisset.
510 5279 580 5343 Non
602 5281 688 5343 enim
704 5298 795 5344 coeco
809 5285 901 5346 modo
916 5286 953 5346 de
968 5286 1061 5347 rebus

317 5382 459 5437 anostra
489 5382 588 5438 aetate
609 5375 683 5436 adeo
706 5375 820 5438 dissitis
846 5377 997 5440 iudicium
1018 5378 1061 5441 ie-

318 5467 452 5531 rendum
473 5475 534 5545 est;
557 5483 660 5546 neque
680 5463 867 5532 coniecturis
892 5473 1060 5548 agendum,

318 5560 372 5623 ubi
393 5561 426 5622 in
450 5577 572 5624 summa
593 5577 700 5624 rerum
728 5561 859 5640 caligine
887 5580 1059 5627 versamur.

318 5653 420 5728 Quian
445 5649 574 5733 quod'si
603 5654 728 5718 illorum
756 5661 933 5734 temporum
959 5674 993 5720 33
1014 5673 1061 5719 re-

318 5760 391 5808 rum
411 5747 624 5810 conditionem
650 5757 840 5828 spectemus,
866 5749 994 5812 tortasse
1014 5751 1061 5813 in-

318 5838 418 5916 telligi
433 5840 558 5921 poterit,
572 5857 636 5904 non
651 5842 719 5904 sine
733 5859 820 5906 causa
835 5842 1061 5922 Hieronymum

319 5931 449 5998 aSiricii
469 5933 675 5999 familiaritate
696 5935 790 6000 luisse
810 5935 1005 6016 seiunctum
1022 5955 1062 6003 ne

941 549 1138 598 nnnnntcvus
1159 549 1223 596 xiv.

1780 530 1837 595 757
1888 531 1942 584 An.
1956 533 1987 586 0.
2008 527 2077 583 1748

1112 669 1257 749 alioquin,
1280 673 1412 752 quaein
1439 674 1665 752 Hieronymum
1693 669 1857 734 fervebant

1112 766 1191 841 odia,
1215 767 1246 828 in
1270 767 1415 830 Siricium
1437 773 1707 830 converterentur.

1152 877 1249 923 nxvrr.
1274 856 1357 924 Abiit
1374 861 1470 923 Roma
1484 860 1694 938 Hieronymus
1714 876 1778 922 non
1795 859 1855 921 iam
1894 865 1969 912 Haud
1984 864 2089 930 culpan·

1113 953 1221 1018 Siricio
1243 962 1296 1016 ant
1323 953 1489 1017 mandante
1509 961 1562 1016 aut
1588 953 1781 1033 impellente,
1804 953 1854 1014 sed
1876 919 2089 1032 gibussiibiiiil

1112 1050 1237 1128 proprio
1248 1055 1332 1112 actus
1347 1049 1486 1126 consilio,
1498 1057 1591 1128 atque
1602 1047 1677 1112 illud
1693 1047 1857 1125 Evangelii
1876 1027 1928 1126 3¹¹2,
1946 1026 2089 1128 fflffiffiffl

1114 1144 1269 1206 monitum
1291 1149 1456 1222 sequutus:
1484 1143 1516 1204 Si
1538 1160 1590 1204 333
1605 1142 1765 1221 persecut-i
1787 1143 1857 1222 fue·
1875 1135 1917 1182 ¹¹²·

1113 1237 1184 1299 rint
1210 1237 1245 1298 iu
1277 1237 1409 1299 civitate
1436 1238 1520 1309 ista,
1550 1237 1656 1317 sapite
1684 1235 1719 1296 iu
1744 1235 1854 1298 aliam.

1113 1332 1235 1394 Poterat
1256 1347 1330 1394 sane
1352 1331 1478 1398 Sinicius
1503 1331 1668 1410 prohibere
1689 1345 1730 1392 ne
1750 1329 1857 1392 Hiero-

1114 1443 1228 1507 nymus
1255 1428 1292 1488 ab
1313 1427 1396 1488 Urbe
1426 1423 1598 1488 recederet:
1632 1424 1715 1487 nulla
1738 1431 1856 1498 tamen,

1113 1538 1191 1601 quae
1218 1521 1365 1584 siricium
1393 1519 1619 1596 obstringeret,
1642 1518 1772 1595 urgebat
1794 1518 1855 1579 lex.

1114 1614 1221 1694 Neque
1243 1613 1425 1692 Hieronymi
1446 1629 1548 1692 opera,
1561 1614 1619 1676 etsi
1639 1612 1758 1674 Damasi
1781 1618 1859 1673 tem-

1115 1725 1188 1788 pore
1208 1707 1519 1783 commendatissima,
1537 1723 1636 1786 usque
1657 1707 1731 1768 adeo
1753 1721 1860 1768 neces·

1113 1804 1187 1864 saria
1210 1810 1275 1865 erat
1296 1803 1354 1864 sub
1369 1802 1490 1877 Siricio,
1506 1810 1552 1877 nt,
1569 1799 1694 1879 dempto
1709 1800 1860 1878 Hierony·
1882 1844 1886 1850 .

1114 1908 1177 1970 mo,
1190 1903 1221 1958 et
1236 1896 1401 1974 apostolico
1423 1895 1548 1958 muneri
1569 1893 1697 1956 terendo
1719 1901 1749 1955 et
1766 1892 1859 1955 totius

1114 1989 1200 2052 Orbis
1222 1989 1369 2053 Catholici
1391 1987 1671 2052 consultationibus
1690 1985 1857 2064 expedien-

1113 2085 1159 2148 dis
1182 2084 1281 2162 impar
1309 2093 1387 2145 esset
1419 2081 1558 2158 Siricius,
1588 2080 1690 2145 Sancti
1721 2081 1858 2143 Doctnris

1113 2178 1263 2260 praesidio
1285 2179 1462 2240 destitutus.
1487 2178 1613 2241 Constat
1635 2178 1720 2240 enim
1741 2195 1758 2240 e
1779 2178 1857 2240 Pon·

1113 2276 1203 2338 titieis
1225 2273 1327 2338 Siricii
1347 2272 1447 2335 literis
1468 2289 1503 2335 ac
1523 2271 1787 2352 responsionibus,
1811 2271 1859 2333 ni-

1113 2368 1211 2429 bilin
1233 2369 1270 2428 iis
1291 2383 1465 2442 occurrere,
1490 2367 1569 2444 quod
1593 2367 1730 2430 multum
1753 2365 1857 2428 Ponti-

1113 2461 1178 2523 ficis
1199 2475 1254 2538 pro
1275 2459 1422 2522 catholica
1442 2459 1595 2536 religione
1610 2468 1703 2539 atque
1717 2459 1857 2522 ecclesia-

1112 2554 1186 2616 stica
1206 2552 1366 2632 disciplina
1394 2553 1534 2615 studium
1564 2569 1763 2632 summopere
1791 2569 1856 2615 non

1113 2648 1326 2712 commendet:
1350 2651 1424 2711 adeo
1445 2648 1576 2710 eximiae
1597 2647 1668 2710 iliae
1681 2657 1766 2723 sunt,
1783 2648 1857 2710 adeo

1112 2745 1237 2819 solidae,
1259 2761 1293 2806 ac
1313 2743 1472 2821 pastoralis
1493 2741 1709 2817 solicitudinis,
1725 2743 1858 2820 vigilan·

1114 2840 1183 2916 tiae,
1212 2856 1246 2901 ao
1271 2837 1438 2900 maiestatis
1467 2837 1534 2900 zelo
1562 2838 1679 2916 ubique
1706 2836 1854 2900 retentae:

1113 2937 1186 3000 irinc
1206 2952 1329 2998 summo
1351 2936 1388 2998 ab
1408 2936 1551 2999 omnibus
1567 2937 1722 3000 habentur
1742 2938 1775 2999 in
1790 2953 1859 3015 pre·

1115 3030 1169 3107 tio,
1192 3037 1269 3104 esto,
1299 3030 1395 3093 inscio
1417 3030 1623 3106 Hieronymo,
1646 3030 1764 3094 inerint
1786 3047 1859 3092 oon-

1113 3127 1253 3204 scriptae.
1281 3124 1390 3186 Petrus
1420 3123 1570 3186 Constant
1596 3125 1629 3186 in
1657 3123 1857 3202 praelatione,

1114 3237 1207 3301 quam
1228 3217 1330 3283 Siricii
1352 3217 1449 3279 literis
1463 3218 1634 3296 anteponit,
1648 3217 1772 3296 fatetur,
1787 3236 1858 3282 curn

1115 3334 1221 3380 amore
1242 3313 1361 3392 potius,
1378 3327 1472 3390 quoru
1494 3313 1694 3375 auctoritate
1708 3316 1857 3392 populu-ru

1115 3411 1247 3474 recisse.
1277 3410 1323 3472 Ne
1343 3420 1447 3473 autem
1470 3410 1556 3490 quis,
1586 3410 1768 3489 Hieronymi
1789 3425 1860 3473 sen·

1115 3507 1246 3567 tentiam
1278 3511 1443 3584 sequutus,
1467 3504 1613 3569 Siricinm
1634 3513 1687 3566 ant
1715 3503 1860 3583 inexper-

1114 3609 1194 3676 tum,
1210 3606 1263 3661 aut
1283 3597 1388 3661 minus
1410 3600 1577 3677 providum
1590 3600 1769 3676 arbitretur,
1786 3601 1860 3662 baec

1113 3693 1234 3758 subdit:
1261 3695 1346 3767 Quae
1368 3697 1477 3754 autent
1498 3691 1540 3754 ad
1561 3709 1617 3754 nos
1645 3681 1858 3771 peruenerunt

1115 3787 1218 3866 ipsius
1241 3785 1383 3863 Scripta,
1407 3801 1567 3847 333333
1587 3785 1662 3866 fidei
1683 3786 1860 3850 catbolicae

1115 3888 1146 3943 et
1171 3879 1345 3943 canonicae
1369 3879 1560 3957 disciplinae
1585 3880 1760 3944 seruandae
1790 3887 1860 3942 stu·

1116 3975 1205 4037 diurn
1227 3973 1366 4051 spirant.

1155 4067 1322 4130 uxv111.Si
1350 4083 1459 4130 arcana
1487 4067 1616 4130 Divinae
1644 4067 1859 4134 Providentiae
1877 4061 2091 4162 Urffi⁰¹⁰¹¹l¹¹¹¹¹⁸

1115 4161 1242 4224 consilia
1254 4159 1772 4236 scrutariliceret,ducedennadi0
1784 4162 1859 4224 Has·
1878 4116 2091 4218 :arbiriffl'ictrbl

1114 4255 1242 4330 silionsi,
1267 4255 1316 4317 vel
1337 4254 1408 4328 alio,
1430 4255 1570 4333 quisquis
1592 4255 1645 4316 ille
1664 4255 1770 4331 luerit,
1786 4256 1859 4318 scri·
1878 4227 2020 4325 {swabi
2035 4228 2091 4324 ibi?

1115 4355 1203 4429 ptore
1224 4348 1305 4410 vitae
1326 4349 1357 4413 S.
1380 4345 1575 4426 Hieronymi,
1599 4365 1691 4428 quam
1713 4349 1745 4410 in
1767 4350 1859 4412 citato
1877 4331 1990 4390 ΜΝ*

1117 4453 1192 4505 tom.
1219 4441 1254 4503 ll
1276 4440 1443 4505 vallarsius
1465 4440 1572 4517 edidit,
1601 4441 1681 4504 haud
1704 4442 1859 4506 dubitare-

1117 4552 1186 4598 mus
1208 4551 1358 4610 asserere,
1381 4536 1491 4611 Deum,
1514 4535 1568 4614 qui
1588 4536 1684 4598 satius
1711 4537 1801 4599 duxit
1822 4535 1860 4598 de

1116 4631 1205 4692 malis
1224 4631 1304 4693 bona
1332 4628 1445 4708 iacere,
1468 4637 1561 4710 quam
1581 4631 1661 4693 mala
1688 4630 1774 4694 nulla
1795 4647 1860 4695 esse

1116 4724 1309 4803 permittere,
1332 4725 1504 4787 maximum
1526 4741 1564 4786 ex
1585 4726 1812 4804 conspiratione
1825 4727 1859 4789 in

1117 4817 1343 4894 Hieronymum
1355 4818 1470 4881 Hamae
1485 4818 1713 4900 fantasiasque
1728 4820 1764 4881 ab
1779 4820 1861 4890 Urbe

1117 4927 1239 4974 recessu
1254 4912 1394 4974 elicuisse
1408 4911 1545 4990 bonum:
1569 4918 1604 4975 ut
1619 4912 1771 4976 nimirum
1786 4914 1862 4978 San·

1117 5013 1184 5068 ctus
1216 5005 1364 5068 Doctora
1393 5005 1522 5084 publicis
1551 5007 1685 5085 negotiis
1712 5015 1743 5078 et
1770 5007 1861 5070 Urbis

1117 5099 1247 5178 strepitu
1276 5099 1520 5173 remotissimae,
1541 5115 1697 5162 sacrarum
1724 5099 1861 5179 Scriptu-

1118 5208 1224 5254 rarum
1245 5191 1348 5254 studio
1369 5200 1453 5256 totus
1475 5200 1608 5270 vacaret,
1630 5211 1762 5272 suasque
1783 5193 1864 5272 vigi·

1118 5284 1172 5347 lias
1193 5302 1226 5349 ac
1246 5301 1336 5348 curas
1356 5302 1477 5364 omnes,
1500 5287 1589 5350 nullo
1611 5287 1804 5367 probibente,
1828 5287 1861 5350 in

1120 5379 1310 5458 praeclarum
1331 5379 1409 5444 illud
1430 5397 1506 5460 opus
1534 5383 1737 5446 utilissimum
1764 5399 1862 5463 aeque

1118 5488 1152 5534 ac
1178 5474 1519 5538 commendatissimum
1546 5473 1712 5538 conterret.
1750 5475 1862 5540 Verum

1118 5567 1286 5641 enimuero,
1310 5569 1352 5630 ita
1371 5568 1508 5647 loquitur
1528 5570 1660 5648 scriptor
1674 5571 1754 5634 vitae
1775 5573 1861 5649 apud

1121 5659 1329 5734 Vallarsiuru,
1339 5677 1411 5742 pap.
1420 5662 1502 5736 243,
1517 5661 1602 5725 bunc
1614 5681 1667 5744 epo
1679 5664 1802 5746 felicem
1815 5667 1862 5728 di·

1117 5754 1234 5826 uerirn,
1257 5753 1356 5816 buius
1377 5757 1474 5836 pupae
1494 5764 1640 5820 eventurn
1669 5760 1861 5840 corripentis

1122 5845 1246 5909 Gbrlstl
1274 5846 1395 5911 iudicio
1419 5849 1653 5929 dispensatura,
1678 5868 1767 5932 quem
1786 5869 1863 5934 pru-

1117 5955 1231 6001 corum
1252 5939 1417 6006 bominum
1437 5943 1714 6020 persecutionibus
1726 5955 1861 6028 partum
