4838 6982
97 586 156 638 An.
173 589 202 638 C.
225 588 294 640 1755

952 603 1147 647 assentatus
1172 603 1232 647 xlv.

323 739 396 802 erqo
408 722 495 784 ratio
511 721 602 786 illius
613 722 777 802 priuileqii
792 722 861 804 suit
872 737 971 784 causa
985 737 1067 782 mor-

325 817 380 888 tis,
403 815 560 876 nimirum
582 816 663 894 quod
682 823 812 893 propter
830 813 997 876 Christum
1019 830 1066 873 oc-

325 908 383 969 cisi
404 912 483 969 suut
504 913 564 974 etc.
592 906 677 982 Quin
692 908 789 969 etium
806 905 948 970 Ecclesia
963 905 1065 966 eodem

324 1000 412 1062 modo
433 1001 521 1062 iuter
549 1005 710 1077 murtqres
732 1006 884 1062 rcumerat
912 994 1065 1077 quoslihet

322 1109 437 1171 pucros
458 1093 506 1155 cel
528 1092 687 1175 insontes,
711 1095 764 1172 qui
792 1094 827 1154 iu
850 1092 913 1172 leqe
940 1091 1066 1171 qratiue

323 1205 379 1266 pro
401 1188 581 1250 christiana
604 1187 757 1267 reliqione
777 1187 900 1248 mortui
920 1191 1010 1256 suut,
1028 1190 1065 1246 ut

324 1286 451 1344 constat
472 1298 511 1344 em
532 1280 678 1344 omnihus
707 1280 854 1342 historiis
876 1277 1065 1340 ecclesiasti·

324 1377 382 1446 cis,
404 1380 434 1436 et
457 1391 495 1436 eu
517 1376 604 1437 modo
627 1373 773 1452 loquendi
796 1375 989 1438 Sanctorum
1004 1377 1062 1432 etc.

326 1469 429 1546 Neque
449 1469 533 1530 enim
554 1470 697 1546 qratiam
716 1467 840 1531 Christi
861 1467 969 1528 miuus
992 1463 1066 1527 libe

324 1561 441 1622 ruliter
461 1576 559 1630 nureo,
583 1575 676 1638 quoru
698 1577 731 1621 eo
758 1568 903 1637 ternpore,
929 1573 1066 1618 contrau-

324 1654 477 1722 uicatur,
507 1669 603 1730 noque
634 1652 748 1714 horum
779 1668 862 1712 mors
889 1651 997 1712 minus
1018 1655 1064 1710 est

322 1753 453 1823 proptor
475 1745 651 1819 Christum,
676 1762 770 1824 quom
798 1746 948 1816 illorum;
971 1744 1065 1804 immo

323 1839 547 1916 quodammodo
577 1839 710 1900 uidetur
735 1837 917 1916 conpressius
941 1853 978 1898 ac
1000 1837 1065 1915 for-

323 1932 441 1994 mulius
463 1947 525 1992 esse
536 1937 666 2012 propter
682 1932 865 1996 Christum:
888 1945 972 2000 nam,
992 1928 1064 1996 licet

323 2039 426 2084 omues
449 2024 614 2103 interfecti
641 2025 709 2085 siut
732 2025 766 2084 iu
789 2023 897 2084 odium
928 2021 1064 2092 Christi,

325 2125 429 2180 tomen
451 2116 501 2179 illi
521 2118 643 2194 priores
665 2119 848 2181 innocentes
865 2117 968 2177 solum
983 2129 1064 2173 mor-

325 2212 374 2272 tui
394 2217 472 2272 sunt
489 2210 575 2272 inter
590 2210 806 2288 quaerendum
831 2209 1015 2280 Christum;
1031 2205 1065 2267 hi

321 2320 394 2377 aero
416 2303 663 2382 interficiuntur
676 2309 804 2382 propter·
818 2302 910 2380 fidem
927 2299 1061 2372 Christi,

322 2403 353 2458 et
374 2397 415 2459 acl
437 2396 701 2458 destruendomet
718 2395 917 2456 euertendam
939 2391 1065 2471 reliqio-

323 2505 392 2550 nem
420 2490 499 2550 eius.
532 2487 592 2549 llst
612 2505 685 2570 erqo
710 2505 770 2566 pur
799 2488 941 2548 omnium
964 2486 1061 2547 ratio.

323 2583 526 2659 Eiusdemqne
548 2584 723 2643 sententiae
741 2591 815 2644 sunt
829 2596 951 2661 quoque
963 2579 1065 2640 Estins

323 2675 358 2735 iu
379 2675 402 2738 4
422 2681 517 2747 seut,
535 2674 609 2736 dist.
627 2674 658 2748 4,
686 2676 705 2750 ς
724 2673 780 2744 21,
796 2691 875 2735 cers.
894 2673 1065 2735 Praetereo

322 2783 385 2828 nou
397 2768 473 2840 leoe,·
486 2768 655 2830 Caldiualis
670 2769 803 2829 Lauraea
821 2768 854 2828 iu
867 2770 888 2828 3
901 2763 954 2827 lib.
968 2770 1064 2835 seut,

1122 717 1336 783 Bibliothecae
1357 719 1506 790 Petrum,
1532 719 1584 781 ubi
1600 720 1693 782 etiam
1709 733 1779 798 paq.
1793 717 1859 778 681

1122 815 1266 876 meminit
1287 813 1324 875 de
1345 813 1411 875 aliis
1437 815 1551 892 pueris,
1575 812 1627 892 qui
1650 813 1683 873 in
1711 811 1863 891 praedicta

1122 906 1282 968 vandalica
1303 906 1518 986 persecutione
1531 906 1604 969 lorti
1624 905 1728 968 animo
1748 909 1864 982 marty·

1122 1000 1201 1062 rium
1229 1000 1403 1062 subierunt.
1440 997 1489 1066 rot
1517 1007 1546 1061 et
1580 998 1741 1080 infantuli
1772 999 1863 1080 [uere
1905 1035 1907 1040 .

1121 1093 1362 1172 quamplurimi,
1377 1110 1453 1172 quos
1468 1094 1638 1173 qen-itrices
1659 1097 1806 1154 materno
1818 1107 1863 1151 se-

1120 1184 1301 1264 quebantur
1321 1185 1451 1266 affectu,
1468 1186 1553 1249 alioe
1568 1186 1752 1265 qaudentcs,
1776 1184 1860 1248 oliuo

1122 1279 1249 1352 tristes,
1281 1277 1365 1342 oliae
1391 1278 1609 1342 retrahentes:
1631 1278 1717 1342 aliae
1747 1277 1863 1358 qauda-

1120 1369 1207 1446 baut,
1222 1388 1253 1432 se
1268 1380 1426 1448 martyros
1440 1372 1613 1449 papatissa·
1634 1370 1719 1434 oliae
1733 1371 1863 1434 molien-

1121 1465 1158 1526 do
1180 1465 1302 1526 dilucio
1331 1463 1600 1543 rebaptizationis
1626 1462 1819 1527 nitebantur
1843 1481 1863 1526 o

1120 1559 1314 1638 consessione
1328 1558 1402 1637 fidoi
1417 1574 1572 1620 reuocare.
1596 1555 1733 1619 Nullum
1757 1561 1863 1618 tamen

1121 1657 1199 1712 tuuc
1220 1667 1276 1712 nec
1297 1649 1515 1713 blandimenta
1537 1651 1697 1720 uicerunt,
1721 1666 1776 1711 nec
1792 1667 1863 1712 car·

1120 1743 1205 1806 ualis
1232 1745 1336 1822 pietus
1362 1743 1498 1821 aliquem
1530 1743 1704 1826 iucliuuqit
1730 1743 1771 1806 od
1801 1748 1862 1804 ler-

1121 1853 1201 1899 rom.

1157 1931 1176 2005 ἓ
1200 1931 1247 1993 lh.
1270 1931 1396 2006 Pueros,
1412 1947 1545 2012 quorum
1562 1931 1700 2005 nom-ina,
1716 1931 1762 1992 uti
1777 1946 1861 2008 prae·
1889 1940 2005 1986 secunao

1120 2026 1315 2099 notavimus,
1345 2024 1376 2085 in
1404 2024 1658 2102 hlartprologium
1685 2023 1861 2086 Romanum
1879 2005 2093 2112 &libitima

1880 2100 2047 2210 {trerrtltassoemnt
2058 2113 2093 2148 re·

1119 2125 1192 2178 sunt
1213 2117 1319 2188 relata,
1342 2117 1457 2194 quique
1479 2117 1561 2178 inter
1583 2123 1735 2194 martyres
1757 2132 1861 2178 recen·

1119 2220 1245 2286 santur,
1277 2224 1454 2289 sequuntur
1475 2211 1605 2286 caeteri,
1635 2227 1769 2289 quorum
1791 2211 1862 2272 reli-

1120 2304 1209 2381 quiae
1239 2304 1380 2381 martyrii
1402 2311 1474 2364 nota
1504 2304 1661 2380 signatae,
1685 2321 1757 2378 seu,
1781 2303 1863 2381 quod

1120 2397 1245 2474 perinde
1260 2404 1318 2471 est,
1334 2412 1405 2458 curn
1420 2395 1554 2474 ampulla
1575 2395 1746 2473 sanguinis,
1764 2396 1795 2456 in
1811 2411 1864 2456 ve·

1121 2489 1235 2552 teribus
1257 2489 1504 2551 Christianorum
1526 2489 1719 2551 coemeteriis
1734 2489 1864 2550 luerunt

1120 2591 1276 2660 repertae,
1299 2599 1360 2643 una
1388 2597 1457 2643 com
1488 2583 1611 2662 proprio
1637 2582 1788 2660 cuiusque
1808 2598 1863 2643 no-

1120 2675 1205 2734 mine
1226 2691 1259 2734 ac
1282 2674 1468 2736 indicatione
1489 2689 1653 2750 annorum,
1670 2674 1781 2752 quibus
1794 2691 1863 2736 san·

1119 2767 1159 2828 cti
1181 2766 1225 2827 illi
1246 2766 1370 2844 pueruli
1393 2782 1447 2845 pro
1471 2767 1592 2830 Christo
1608 2768 1698 2830 occisi
1713 2775 1798 2830 sunt.
1816 2767 1860 2830 Ad

322 2869 407 2938 port.
430 2861 464 2932 2,
487 2861 567 2938 disp.
590 2861 636 2922 20
658 2861 694 2922 cle
714 2861 884 2936 Martqrio,
910 2859 1005 2922 artic.
1029 2857 1062 2930 4,
1090 2838 1093 2946 l
1119 2859 1148 2922 id
1171 2861 1271 2939 ipsum
1301 2859 1528 2934 evincendum,
1552 2861 1624 2922 satis
1647 2869 1710 2934 est,
1734 2868 1769 2922 ut
1791 2877 1863 2938 prae

322 2969 411 3014 uuor.
428 2953 483 3025 34,
500 2971 557 3015 nec
579 2969 642 3016 non
664 2954 736 3015 bon.
760 2969 854 3014 mem.
871 2953 957 3016 Card.
982 2951 1067 3013 Cotti

324 3052 397 3108 tora.
422 3047 455 3118 2,
480 3047 515 3108 ia
536 3050 557 3108 3
588 3051 677 3124 part.
703 3052 799 3108 tract.
824 3045 859 3106 de
888 3044 1063 3122 Baptismo,

322 3143 442 3217 quaest.
461 3142 494 3211 2,
513 3137 588 3202 duh.
604 3141 637 3211 2,
661 3139 680 3214 ἓ
702 3140 730 3212 1,
748 3145 778 3200 et
795 3143 868 3198 tom.
885 3136 919 3208 4,
935 3141 1019 3212 part.
1033 3135 1063 3206 1,

323 3233 358 3293 de
374 3232 513 3294 l'eritote
527 3231 711 3312 Reliqiouis,
730 3247 798 3308 cop.
813 3231 866 3302 14,
883 3232 901 3305 ἓ
915 3231 945 3302 3,
964 3246 995 3290 u.
1007 3230 1062 3290 15.

1120 2951 1258 3014 manibus
1272 2953 1421 3014 habeatur
1435 2968 1512 3030 opus
1531 2954 1794 3015 accuratissimum
1811 2953 1862 3015 bo-

1119 3061 1174 3107 nae
1197 3046 1366 3107 memoriae
1388 3046 1526 3108 canonici
1542 3045 1633 3108 hlarci
1647 3048 1774 3109 Antonii
1791 3048 1860 3110 Bol-

1119 3138 1195 3200 detti
1210 3138 1246 3199 de
1257 3137 1451 3200 coemeteriis
1467 3146 1654 3201 sauctorum
1677 3139 1861 3218 Martyrum

1091 3248 1093 3269 ¹
1118 3235 1149 3291 et
1170 3236 1311 3292 ueterum
1334 3229 1608 3304 Christianorum,
1628 3229 1684 3294 uhi
1704 3249 1776 3313 paq.
1794 3233 1863 3296 344

107 3331 173 3378 onae
188 3333 306 3379 aceresia·
362 3327 381 3400 ἓ
404 3325 450 3386 11.
474 3325 655 3386 Proximum
677 3333 734 3399 est,
757 3332 792 3386 ut
813 3340 847 3386 ea
868 3325 1062 3399 colligantur,
1091 3307 1093 3423 j
1119 3322 1246 3385 affertur
1267 3322 1426 3400 inscriptio
1439 3323 1616 3400 sepulcralis
1639 3323 1743 3402 lapidis
1760 3325 1790 3389 S.
1805 3327 1862 3387 Do·

86 3387 159 3430 sticis
189 3397 302 3432 monum.

87 3445 110 3484 a
123 3441 220 3495 priamo,
234 3441 302 3496 quoa
322 3436 401 3500 quae
410 3419 499 3480 sacris
511 3417 655 3481 ecclesiae
666 3417 877 3478 monumentis
889 3416 1064 3492 consignata
1091 3432 1093 3479 r
1118 3415 1196 3476 rotei
1218 3415 1363 3492 noartyris
1384 3423 1471 3476 sexto
1493 3415 1642 3478 infantiae
1664 3433 1770 3479 mense
1791 3419 1863 3480 sub-

323 3513 533 3591 reperiuntur.
560 3510 781 3572 Percurrentes
810 3509 1063 3587 hiartyrologinm
1091 3488 1093 3565 l
1120 3501 1187 3583 l'ati;
1209 3523 1280 3586 paq.
1307 3510 1376 3568 363
1404 3507 1513 3568 similis
1541 3508 1700 3587 inscriptio
1728 3509 1759 3572 S.
1783 3511 1862 3576 Aua-

88 3505 230 3549 puerorom
254 3505 304 3539 no-

90 3557 160 3590 mina
193 3547 246 3591 sint
276 3547 302 3592 ln

90 3599 217 3656 llartyrol.
253 3603 304 3646 llo-

91 3664 156 3700 man.
175 3653 256 3698 illata.

322 3606 507 3680 Romanam,
531 3603 701 3681 reperimus
715 3603 825 3681 quinto
847 3601 913 3664 idus
936 3601 1065 3663 ianuarii

321 3699 457 3761 habitam
476 3698 668 3781 mentionem
682 3696 861 3758 Antiochiae
875 3694 952 3758 Celsi
965 3695 1066 3756 cuius-

322 3793 390 3854 dam
417 3791 517 3870 pueri,
539 3791 592 3868 qui
614 3806 675 3851 una
696 3805 766 3851 cum
794 3788 980 3852 hiarcionilla
1002 3805 1065 3849 ma·
1090 3788 1093 3907 q

323 3894 369 3947 tre
386 3886 513 3963 aliisque
537 3884 681 3945 iratribus
696 3884 727 3945 in
744 3885 849 3944 odium
865 3882 934 3944 fidei
951 3883 1065 3945 Christi

322 3981 380 4042 luit
402 3980 535 4054 occisus;
553 3979 652 4057 pridie
673 3978 741 4038 idus
761 3975 919 4050 februarii,
933 3975 1064 4036 Alexan·

321 4073 404 4136 driae
419 4073 555 4134 Modestii
572 4081 602 4133 et
617 4071 774 4132 Ammonii
791 4069 973 4144 infantium3
997 4083 1061 4128 xvi.

321 4167 468 4230 kalendas
490 4165 569 4239 iulii,
594 4164 755 4226 Tharsila
779 4161 881 4226 Cilicia
908 4159 961 4224 SS.
985 4177 1064 4222 mar-

323 4269 426 4337 tyrum
457 4257 578 4318 lulittae
600 4258 707 4317 matris
733 4264 763 4318 et
784 4255 897 4331 Quirici
925 4255 979 4316 lilii
1003 4265 1065 4316 ter·

323 4353 399 4415 tium
427 4352 533 4413 aetatis
561 4367 634 4412 suae
655 4366 774 4412 annum
800 4349 948 4426 agentisq
964 4348 1064 4410 idibus

320 4445 399 4521 iulii,
416 4444 619 4507 Alexandriae
634 4447 740 4508 decem
755 4444 937 4520 inlantiun13
954 4444 1063 4521 quinto

320 4537 466 4598 kalendas
479 4537 617 4600 eiusdem
632 4539 758 4613 mensis,
770 4536 929 4598 Mediolani
946 4537 991 4599 Ss.
1006 4536 1065 4598 Na·

250 4663 252 4668 ·
320 4630 393 4690 narii
407 4639 439 4691 et
460 4631 538 4694 Celsi
555 4631 692 4708 pueruli;
716 4633 935 4692 decimosexto
957 4630 1064 4692 kalen·

320 4725 370 4784 das
391 4724 586 4803 septembris,
610 4727 773 4802 cartagine
793 4726 826 4788 in
848 4725 949 4787 Africa
970 4725 1063 4787 blaxi-

320 4817 364 4876 mi
385 4819 491 4894 pueri3
509 4821 689 4882 duodecimo
706 4819 853 4881 kalendas
867 4819 1065 4898 septembris,

320 4909 352 4970 in
376 4910 515 4972 Sardinia
538 4911 640 4974 Ciselli
656 4920 687 4973 et
701 4913 859 4975 Camerini
881 4927 1062 4992 puerorum;

319 5003 533 5065 decimonono
548 5003 694 5068 kalendas
706 5007 849 5081 octobris,
862 5007 974 5068 Romae
990 5006 1064 5068 Cre·

318 5096 429 5156 scentii
444 5099 547 5175 pueri,
564 5099 683 5162 decimo
698 5100 806 5180 quinto
821 5099 967 5161 kalendas
982 5099 1063 5161 eius-

323 5191 392 5250 dem
419 5191 544 5266 mensis,
574 5193 790 5268 Augustoduni
812 5193 842 5257 S.
867 5193 991 5255 Flocelli
1016 5193 1062 5254 in-

319 5280 422 5358 iantis;
435 5283 536 5346 idibus
548 5286 737 5361 novembris
751 5287 871 5349 Paulilli
883 5287 983 5366 pueri,
996 5288 1061 5366 qui,

319 5374 351 5435 in
383 5374 544 5438 vandalica
574 5379 730 5460 densatim
761 5381 975 5458 persecutione
1006 5396 1062 5458 per

321 5470 463 5547 Africam,
477 5473 662 5549 martyrium
678 5474 822 5550 pertulit3
838 5474 956 5537 decimo
971 5475 1062 5553 quin-

320 5574 349 5628 to
370 5564 516 5627 kalendas
537 5567 645 5628 eodem
667 5581 785 5641 mense,
807 5568 987 5630 Antiochiae
1008 5569 1062 5628 Ba-

318 5659 404 5721 rulae
432 5657 575 5735 inlantis;
606 5666 712 5720 octavo
735 5660 801 5722 idus
823 5660 1004 5735 decembris,
1028 5661 1060 5720 in

319 5753 418 5814 Airita
450 5753 480 5816 S·
512 5753 643 5814 hlaiorici
670 5753 899 5815 adolescentuli.
933 5753 975 5815 De
1004 5754 1061 5815 hoc

319 5847 459 5908 hlaiorico
482 5845 620 5923 loquitur
641 5861 764 5923 quoque
787 5845 890 5908 Victor
906 5846 1060 5908 Victensis

319 5937 373 6002 lih.
397 5939 420 5999 5
440 5939 476 6001 cle
497 5938 721 6000 Pco·secutioae
743 5939 923 6012 laudatico,
950 5943 1059 6001 tom.8

1118 3600 1213 3674 stasii,
1234 3615 1306 3679 paq.
1326 3603 1395 3661 365
1417 3599 1472 3661 alia
1489 3601 1519 3663 S.
1535 3601 1715 3678 serenillae,
1728 3619 1861 3680 quorum

1119 3702 1250 3771 uterque
1260 3693 1319 3755 luit
1330 3694 1431 3772 primo
1445 3694 1583 3756 ineuntis
1598 3695 1705 3756 aetatis
1719 3711 1800 3758 anno
1815 3699 1862 3759 in-

1120 3787 1281 3863 terlectos3
1305 3788 1411 3849 eadem
1440 3788 1549 3848 itidem
1576 3802 1647 3868 paq.
1669 3791 1739 3851 365
1763 3790 1864 3868 Epita-

1118 3881 1225 3958 phium
1256 3879 1438 3941 asscribitur
1469 3878 1500 3942 S.
1531 3882 1702 3944 Bonilaciae
1732 3885 1860 3963 trimae;

1118 3988 1188 4051 paq.
1222 3971 1292 4034 432
1323 3972 1457 4034 alterum
1485 3974 1516 4038 S.
1540 3976 1658 4036 Aurelii
1687 3976 1859 4055 quadrimi3

1090 4078 1092 4087 ·
1119 4081 1176 4127 neo
1198 4081 1261 4127 non
1277 4065 1334 4126 alia
1345 4066 1403 4126 tria
1418 4065 1456 4127 de
1470 4067 1569 4128 ‘tribus
1584 4068 1755 4130 infantibus
1770 4071 1862 4148 quin·

1118 4159 1305 4236 quennibus,
1329 4160 1475 4220 Decentio
1502 4161 1654 4222 nimirum
1681 4178 1752 4242 paq.
1777 4163 1859 4236 345,

1119 4251 1238 4312 'libaria
1258 4267 1331 4331 paq.
1354 4252 1432 4324 363,
1453 4254 1585 4316 Candida
1609 4271 1682 4334 paq.
1706 4256 1786 4318 366.
1805 4257 1861 4317 De·

1119 4360 1206 4405 mum
1227 4346 1337 4406 similia
1360 4357 1563 4408 monumenta
1591 4349 1707 4425 profert
1729 4351 1767 4412 de
1786 4350 1861 4411 duo·

1118 4437 1186 4512 hus,
1210 4438 1263 4515 qui
1283 4445 1407 4501 sextum
1439 4455 1502 4502 non
1530 4450 1725 4504 excesserant
1755 4445 1860 4504 aetatis

1118 4546 1253 4606 annum,
1276 4531 1410 4594 alterum
1438 4534 1587 4596 nimirum
1614 4536 1652 4596 de
1673 4534 1704 4598 S.
1729 4536 1859 4598 Doroteo

1117 4643 1188 4706 paq.
1203 4626 1283 4700 372,
1296 4627 1428 4689 alterum
1444 4631 1481 4690 de
1493 4628 1523 4691 S.
1537 4629 1683 4706 diogenis
1697 4646 1769 4710 paq.
1780 4629 1857 4692 381.

1118 4721 1265 4797 idemque
1279 4722 1444 4783 canonicus
1456 4722 1588 4783 Boldetti
1599 4721 1653 4786 lih.
1670 4728 1700 4796 1,
1716 4740 1782 4801 cup.
1800 4724 1857 4796 48,

1117 4830 1188 4894 paq.
1218 4814 1299 4887 261,
1327 4823 1489 4893 postquam
1514 4815 1589 4878 scite
1613 4824 1858 4894 praenotaverat,

1118 4925 1181 4970 non
1202 4908 1303 4970 solum
1325 4910 1574 4972 Bethleemiticos
1595 4911 1791 4986 innocentes
1807 4913 1859 4974 sed

1117 5011 1147 5063 et
1167 5011 1446 5082 numerosamque,
1463 5004 1516 5082 qui
1537 5005 1708 5066 successivo
1720 5012 1859 5082 tempore
1954 5037 1955 5040 =

1117 5110 1172 5173 pro
1196 5097 1306 5158 Chrish
1331 5097 1390 5158 hde
1411 5106 1544 5162 mortem
1566 5097 1701 5177 perpessi
1721 5105 1805 5172 sunt,
1824 5104 1858 5157 ut

1118 5197 1152 5249 ut
1168 5188 1311 5264 infantes,
1327 5189 1438 5266 dignos
1458 5205 1535 5266 esse,
1552 5191 1663 5269 quihus
1685 5198 1859 5267 martyrum

1116 5281 1219 5343 cultus
1234 5282 1426 5358 exhibeatur,
1439 5284 1553 5360 subdit,
1568 5283 1777 5346 saevientibus
1792 5297 1860 5360 per·

1115 5377 1339 5453 secutionibus,
1360 5381 1473 5457 ubique
1496 5377 1858 5457 terrarum,p1·aesertim

1116 5485 1190 5530 vero
1211 5469 1337 5546 Romae,
1354 5472 1507 5535 idolorum
1528 5474 1661 5536 cultores
1683 5473 1762 5550 ipsos
1783 5485 1859 5548 quo·

1116 5579 1176 5639 que
1197 5579 1307 5640 pueros
1328 5566 1362 5627 in
1384 5566 1489 5628 odium
1510 5567 1581 5629 fidei
1602 5566 1716 5628 Claristi
1744 5564 1858 5626 iutere-

1116 5656 1222 5717 misse:
1246 5658 1284 5719 Ia
1304 5659 1414 5735 pueris
1430 5675 1547 5738 quoque
1561 5660 1668 5721 uirtus
1690 5659 1795 5720 maior
1809 5671 1858 5718 oe·

1117 5754 1183 5809 tute
1204 5767 1305 5810 artrtos
1326 5767 1400 5812 suos
1423 5753 1630 5834 consessionis
1654 5753 1748 5815 laude
1767 5758 1858 5812 trun-

1115 5844 1251 5917 scendit,
1274 5852 1312 5906 ut
1333 5848 1489 5924 martyrii
1511 5849 1610 5908 uestri
1633 5845 1760 5909 heatunt
1783 5847 1857 5908 Cre·

1113 5953 1180 6016 qens
1209 5944 1238 6000 et
1269 5955 1366 6001 semus
1395 5948 1424 6002 et
1455 5949 1543 6004 aetas
1572 5941 1673 6014 omnis
1706 5935 1855 6004 ornaret.-

1784 579 1842 640 587
1893 577 1946 632 An.
1961 583 1991 634 C.
2013 575 2081 634 1755

2023 1941 2091 1998 quod

2007 1974 2092 2051 loquis
