4744 6976
33 419 35 448 l

74 533 206 606 mdfflb

33 745 37 820 l

33 983 34 1014 p
99 955 216 1002 l-lssnoeffl·

33 1009 216 1060 immmm

33 1049 35 1134 l
70 1063 216 1118 :ondirtaccon-

33 1137 34 1168 ι
69 1119 125 1185 ,sagax
147 1109 216 1172 lucras

70 1211 216 1274 aqvbimtde

33 1275 34 1314 l
72 1268 217 1330 mommolo·

73 1325 214 1388 fflfflfflfl

72 1384 141 1430 mm

33 2775 34 2784 ,
85 2747 101 2778 n
112 2729 219 2792 legultqos

33 2795 34 2808 ¹
71 2788 141 2833 oderis
154 2794 220 2840 tegre

70 2839 220 2886 dissidentem

69 2899 103 2940 artu
120 2903 158 2937 nou
176 2889 220 2936 ad-

70 2944 221 2992 murmurabe-

70 2999 221 3054 quaeramiueet

70 3052 220 3114 mmmm

70 3113 197 3163 episcoporum.

33 4625 35 4636 v
98 4605 225 4663 lrcbitpiseo

73 4661 227 4720 pudneiuris·

74 4713 181 4760 orationem
202 4714 226 4760 iu

73 4765 178 4830 tantares,
197 4768 226 4814 atl

75 4829 128 4864 rann
146 4833 227 4868 aalma·

75 4881 107 4915 nra
120 4873 227 4930 deputatos

75 4932 139 4971 mm

856 533 1055 582 eeunorcrus
1075 531 1141 580 xxv.
1690 508 1750 572 tte
1799 506 1988 562 An.c.1745

231 661 388 738 concessis,
410 661 504 724 etiam
525 659 603 723 mari
624 671 806 736 magnoseu
819 654 902 718 bulla
918 671 970 716 au·

231 773 290 831 rea,
318 764 371 819 aut
399 755 490 818 aliter
517 755 715 833 nuncupatis,
747 751 920 830 specialiter
940 759 972 815 et

232 867 370 932 expresse
392 849 430 912 de
450 848 631 928 apostolicae
658 847 816 926 potestatis
836 845 972 925 plenitu-

232 948 300 1011 dine
314 943 494 1024 plenissime
508 941 714 1018 derogaverit.
727 940 830 1014 Quum
846 939 973 1018 insuper

232 1046 334 1103 noster
349 1052 474 1117 quoque
484 1035 697 1116 praedecessor
708 1034 909 1098 innocentius
920 1032 974 1095 Pa·

232 1151 265 1214 pa
279 1133 317 1196 X.
334 1132 368 1194 in
383 1132 446 1194 suis
461 1131 578 1210 pariter
591 1128 691 1192 literis
705 1127 877 1207 apostolicis
892 1142 973 1189 anno

233 1241 394 1288 xocxxvu.
408 1224 496 1298 datis,
509 1239 588 1302 quae
602 1221 773 1302 incipiunt:
794 1222 873 1284 Cum
887 1219 973 1281 sicot

231 1319 420 1398 occepimus,
442 1319 630 1381 confirmans
642 1315 793 1395 praefatae
807 1328 974 1390 congrega-

232 1414 323 1476 tionis
345 1411 570 1475 resolutionem
591 1410 704 1472 editam
724 1409 757 1471 in
773 1423 861 1470 causa
875 1410 975 1486 Ange·

232 1507 408 1586 lopolitooc
429 1505 588 1568 indiarum
608 1501 853 1566 Occidentalium
878 1513 975 1562 novae

231 1601 404 1680 Hispaniae,
427 1596 640 1678 approbaverit
654 1595 749 1674 ipsius
764 1593 975 1672 congregatio·

233 1696 278 1758 nis
300 1693 501 1768 sententiam,
532 1706 610 1770 quae
636 1691 674 1752 ad
700 1689 893 1769 propositum
921 1688 977 1750 du-

231 1789 337 1852 bium:
359 1787 410 1850 An
431 1784 519 1850 bullo
541 1784 596 1847 Pii
621 1784 650 1846 V.
675 1797 785 1846 xxxiv.
808 1782 844 1844 io
866 1781 977 1843 ord-ine

232 1883 277 1962 (ea
297 1882 463 1953 nimirum,
485 1877 572 1941 cuius
593 1893 651 1940 nos
669 1877 811 1954 superius
832 1875 976 1938 memini-

232 1977 315 2055 mus)
338 1991 482 2037 coacesso
500 1973 655 2044 instante,
672 1976 703 2034 ct
716 1970 920 2049 supplicante
933 1985 979 2030 se-

232 2069 399 2130 renissimo
421 2083 493 2146 repe
513 2065 680 2138 cctbotico,
704 2081 768 2126 con
788 2063 830 2126 od
851 2063 980 2142 petitio-

233 2177 302 2226 cenr
332 2159 544 2241 disputatione
569 2158 614 2220 sit
642 2163 789 2220 rceocctc
818 2156 854 2218 in
881 2154 978 2219 bullis

236 2256 441 2318 Senatorum
455 2251 661 2334 Pontificum,
678 2252 713 2313 in
728 2248 842 2330 qatt'bos
857 2264 979 2328 cacemp-

235 2350 337 2424 tiopea
353 2346 564 2427 Reputoriom
578 2347 790 2425 mitigantur,
803 2343 976 2423 respondit:

234 2443 401 2523 Agendum
422 2457 494 2502 cunt
520 2438 741 2510 sanctissimo,
768 2455 812 2500 cc
833 2436 909 2498 vetit
932 2435 980 2497 dc·

235 2537 376 2608 clarore,
405 2533 527 2598 bullont
553 2551 617 2598 non
643 2550 705 2594 csac
728 2537 919 2604 revocatam,
942 2531 980 2593 il-

236 2631 301 2694 lom
325 2635 432 2692 tomen
452 2644 517 2690 noo
537 2627 725 2708 soffropora',
747 2627 813 2688 nisi
834 2627 871 2688 in
893 2625 979 2698 locis,

236 2722 293 2787 ubi
314 2728 361 2786 eat
384 2723 524 2803 desectos
539 2721 763 2800 parochorum.
779 2723 881 2796 Quum
895 2720 981 2782 deni-

236 2833 297 2896 que
320 2817 379 2895 ipsi
403 2815 546 2878 catholici
576 2815 794 2894 Hispaniarum
822 2829 922 2892 reges,
945 2814 982 2875 de

235 2925 396 2974 sacrorum
410 2923 566 2972 canonum
581 2907 775 2972 observantia
788 2908 904 2987 optime
918 2923 984 2968 me-

238 3003 302 3079 riti,
326 3012 358 3064 et
379 3003 418 3065 de
438 3001 614 3064 Tridentini
643 3002 771 3065 Concilii
797 3001 982 3064 executione

236 3097 361 3172 soliciti,
383 3095 539 3175 Episcopis
559 3111 615 3175 per
635 3095 735 3157 indias
755 3094 813 3156 sibi
832 3094 984 3157 subiectas

237 3189 414 3254 constitutis
439 3204 531 3268 opem
558 3189 838 3268 auctoritatemque
857 3186 985 3267 praesti·

237 3284 347 3358 terint,
370 3289 405 3346 ut
424 3281 565 3358 legitima
586 3281 801 3344 iurisdictione
814 3280 847 3343 in
863 3280 984 3357 regula·

237 3393 286 3439 res
313 3376 491 3439 animarum
518 3390 624 3438 curam
651 3381 831 3440 exercentes
859 3373 892 3438 in
920 3374 985 3436 suis

236 3469 411 3549 respective
431 3467 632 3544 dioecesibus,
649 3467 982 3553 pacifice-druerentur:

237 3564 300 3626 iam
322 3569 453 3636 constat,
475 3561 548 3640 ipsis
569 3560 736 3624 latentibus
758 3561 920 3641 Hispaniae
934 3575 987 3622 ua-

238 3655 335 3718 tionis
353 3655 565 3734 scriptoribus,
588 3653 748 3718 neminem
769 3669 808 3716 ex
829 3653 987 3730 [tegulari-

236 3751 296 3814 bus
319 3765 404 3812 nunc
425 3748 457 3812 iu
477 3748 515 3810 iis
536 3747 715 3824 regionibus
729 3747 766 3809 ad
779 3748 921 3810 obeunda
935 3763 985 3826 pa-

239 3841 386 3906 rochialia
407 3840 515 3904 munia
537 3842 568 3902 in
590 3831 735 3919 personas
753 3841 921 3903 saeculares
936 3843 988 3904 ad-

239 3936 336 4011 mitti,
353 3935 413 3998 nisi
427 3933 551 4013 praevio
566 3933 708 3996 examine
723 3939 755 3996 et
769 3933 987 4012 approbatione

240 4029 465 4109 Episcoporum
496 4026 653 4102 localium,
682 4026 749 4089 sive
775 4027 912 4106 ipsorum
940 4043 988 4089 re-

239 4123 379 4202 spective
393 4119 583 4196 officialiom3
599 4127 630 4182 et
645 4128 708 4182 tam
718 4120 849 4184 Consilii
859 4120 988 4183 iriden-

241 4216 299 4278 tini
318 4217 449 4287 decreta,
466 4229 560 4293 quam
575 4214 785 4277 Romanorum
801 4214 987 4278 Pontificum

240 4308 481 4372 constitutiones
502 4307 691 4370 huiusmodi·
707 4308 838 4370 decretis
860 4323 990 4372 consen·

241 4410 359 4478 taneas,
382 4402 416 4465 in
437 4401 598 4482 praedictis
619 4399 799 4480 regionibus
822 4419 915 4465 suum
940 4420 988 4464 ro-

242 4498 302 4561 bur
324 4504 356 4560 et
378 4495 607 4559 observantiam
628 4493 780 4570 obtinere.

281 4592 301 4667 ἓ
324 4590 354 4652 5.
377 4588 485 4668 Neque
507 4605 597 4668 porro
619 4587 652 4651 iu
674 4588 768 4652 lndiis
783 4589 989 4653 Orientalibus

244 4685 351 4763 ignota
380 4690 457 4746 sunt
487 4683 670 4745 eorumdem
700 4683 937 4760 apostolicorum
959 4691 990 4746 et

243 4776 458 4842 consiliarium
479 4777 676 4838 decretorum
691 4783 819 4838 statuta:
835 4777 990 4855 siquidem

245 4889 284 4934 ex
304 4870 431 4933 civitate
461 4867 573 4943 Goana,
606 4867 808 4932 celeberrimo
834 4869 868 4932 in
896 4870 990 4932 ludiis

244 4963 453 5030 Orientalibus
464 4962 638 5025 Lusitaniae
654 4977 752 5039 regno
766 4961 912 5032 subiectis
926 4979 991 5026 em*

246 5061 344 5138 porio,
367 5057 548 5136 nuperrime
569 5057 753 5133 accepimus,
776 5057 990 5119 venerabilem

244 5153 374 5216 irati-em
394 5152 582 5213 modernum
602 5149 699 5227 ipsius
717 5150 850 5212 civitatis
864 5151 990 5214 Archis-

245 5247 417 5324 pisoopum,
440 5243 504 5322 ipso
527 5242 708 5320 praesertim
733 5241 857 5306 lavente
879 5243 991 5306 citeris-

245 5339 325 5400 simo
347 5338 382 5399 in
402 5336 526 5399 Christo
548 5335 611 5398 filio
626 5345 733 5398 nostro
748 5336 863 5399 Ioanne
876 5337 992 5400 illustri

174 5480 175 5486 1
246 5429 453 5508 Portugall'rae
480 5436 511 5491 et
538 5428 755 5506 lllgarbiorum
785 5445 872 5506 rege,
904 5431 992 5495 cuius

247 5532 407 5605 perspecta
427 5525 521 5603 pietas
537 5531 568 5586 et
582 5522 802 5586 ecclesiasticae
815 5523 993 5604 discipliuae

248 5618 334 5680 zelus
356 5619 410 5679 hac
435 5619 529 5679 etiam
556 5617 588 5678 in
610 5632 645 5677 re
665 5615 833 5680 clarissime
857 5620 993 5682 emicue-

248 5719 336 5788 runt,
362 5719 455 5794 atque
485 5712 651 5773 adiuvante
678 5709 790 5773 dilecto
812 5711 994 5776 ixlio'nobili

248 5806 318 5867 viro
349 5805 525 5892 biarchione
556 5803 749 5880 Casiri-novi
780 5805 812 5868 in
834 5806 994 5883 praedictis

250 5900 429 5979 regionibus
450 5913 612 5980 pro-rege,
629 5915 662 5978 ac
682 5905 811 5962 strenuo
825 5899 928 5976 regiae
941 5916 995 5962 vo-
1027 5969 1029 5975 k

1027 653 1155 716 luntatis
1175 650 1374 729 administr03
1397 663 1573 713 concessam
1594 646 1651 710 sibi
1674 646 1770 709 adri·

1028 748 1154 811 dentina
1177 746 1299 825 Synodo
1327 743 1573 807 iurisdictionem
1593 749 1625 804 et
1645 739 1771 804 iaculta-
1822 735 1823 740 ’

1028 850 1103 917 tem,
1126 842 1224 921 quoad
1246 854 1376 903 examen
1398 845 1429 900 et
1449 836 1701 916 approbationem
1714 837 1773 898 lle·

1029 937 1185 1016 galerium
1206 935 1241 996 ad
1256 934 1431 996 animarum
1445 945 1553 995 curam
1566 945 1771 1008 personarum

1028 1029 1231 1094 saecularium
1262 1027 1491 1108 deputatorum,
1524 1025 1606 1087 intra
1627 1024 1773 1088 dioecesis

1028 1141 1102 1188 suae
1124 1125 1213 1198 lines,
1235 1120 1425 1202 plenissime,
1448 1127 1484 1182 ut
1505 1135 1558 1198 per
1584 1124 1662 1194 orat,
1686 1133 1772 1180 exer·

1029 1219 1137 1281 coisse.

1069 1314 1088 1388 ἓ
1109 1311 1138 1374 6.
1157 1311 1215 1375 Sed
1231 1311 1376 1390 quoniam
1392 1325 1513 1383 eorum,
1529 1324 1608 1388 quae
1622 1306 1703 1372 bene
1716 1311 1777 1367 sta·
1793 1308 2006 1409 cfipptffinctoiffi

1029 1413 1095 1468 tuta
1125 1412 1211 1480 sunt,
1241 1420 1380 1483 quaeque
1402 1402 1437 1465 ad
1460 1403 1612 1482 optimum
1636 1400 1773 1464 ecclesia·
1793 1416 1934 1462 aaeraaer
1948 1425 2007 1461 eon-

1031 1515 1102 1562 rum
1122 1506 1239 1562 statum
1270 1491 1406 1560 maxime
1435 1496 1606 1577 pertinent,
1628 1500 1774 1573 perpetua
1793 1469 2007 1575 ffissussissnfflmffi

1032 1601 1062 1656 et
1083 1593 1236 1670 generalis
1253 1592 1406 1667 executio,
1423 1598 1515 1669 atque
1529 1590 1709 1653 inconcussa
1723 1587 1775 1649 ob·
1794 1577 1822 1623 ¹¹¹
1837 1575 1957 1623 ⁰⁰1¹¹¹b¹¹⁸
1968 1577 2009 1620 111·
2107 1605 2111 1614 -

1031 1687 1199 1761 servantia,
1222 1701 1411 1765 magnopere
1431 1685 1518 1747 nobis
1539 1683 1623 1746 cordi
1644 1697 1711 1744 esse
1726 1681 1778 1743 de-
1794 1629 2009 1738 gisiruunrlnmogrffixi·

1346 1779 1352 1790 .
1679 1776 1685 1788 .
1796 1737 1845 1784 bus
1866 1736 1950 1782 locum
1964 1735 2009 1781 be-

1032 1782 1100 1859 bet3
1123 1796 1226 1860 neque
1240 1780 1513 1852 committendum,
1528 1785 1565 1839 ut
1579 1776 1662 1840 ullus
1678 1791 1709 1837 m
1725 1790 1777 1854 pe
1796 1792 1856 1839 bera
1873 1789 1993 1837 cetron.

1033 1882 1152 1939 starum
1180 1873 1280 1937 dubiis
1301 1880 1333 1934 et
1359 1871 1578 1935 controversiis
1605 1870 1706 1932 aditus
1729 1883 1777 1947 pa·

1035 1969 1149 2032 teatin
1170 1966 1348 2031 huiusmodi
1374 1981 1482 2028 rerum
1514 1980 1639 2041 genere,
1664 1964 1695 2025 in
1718 1978 1779 2041 quo

1035 2063 1208 2124 maximum
1219 2059 1437 2123 ecclesiasticae
1449 2058 1627 2138 disciplinae
1639 2073 1779 2120 momen·

1035 2163 1103 2218 tum
1115 2155 1264 2232 vertitur;
1282 2154 1393 2218 idcirco
1408 2161 1495 2216 motu
1508 2151 1643 2232 proprio,
1655 2157 1687 2212 et
1697 2159 1780 2212 certa

1035 2250 1229 2324 scientiaea
1257 2255 1377 2310 matura
1404 2246 1625 2309 deliberatione
1654 2244 1779 2317 nostris,

1035 2342 1136 2421 deque
1150 2341 1332 2421 apostolicae
1344 2341 1500 2419 potestatis
1511 2337 1718 2418 plenitudine,
1730 2354 1781 2400 vo

1036 2437 1153 2511 lomus,
1174 2435 1339 2497 statuimus
1360 2440 1391 2497 et
1411 2434 1603 2509 ordinamus,
1628 2433 1782 2512 praedicta

1036 2529 1236 2592 Tridentinae
1267 2527 1381 2608 Synodi
1413 2529 1550 2604 decreta,
1583 2528 1782 2606 singulasque

1036 2624 1213 2704 apostolicas
1234 2623 1483 2698 constitutiones,
1500 2630 1563 2684 tam
1577 2639 1593 2683 a
1607 2623 1782 2700 praedeces·

1037 2717 1156 2781 soribus
1177 2719 1302 2792 nostris,
1329 2732 1421 2796 quam
1443 2733 1459 2778 a
1480 2716 1579 2790 uobis,
1603 2716 1636 2777 in
1660 2730 1782 2778 eorum·

1038 2812 1109 2874 dem
1130 2812 1326 2876 decretorum
1353 2813 1635 2888 confirmationem,
1657 2811 1784 2890 amplia-

1039 2907 1157 2969 tionem
1177 2914 1208 2968 et
1229 2906 1445 2969 extensionem
1467 2907 1572 2982 editas,
1595 2911 1695 2984 quoad
1714 2905 1785 2984 Epi-

1037 3015 1202 3078 scoporum
1222 3001 1300 3072 iura,
1325 3016 1359 3063 ac
1379 3000 1515 3064 debitam
1537 3000 1608 3080 ipsis
1622 2999 1784 3062 subiectio-

1040 3109 1114 3156 nem
1128 3111 1144 3155 a
1158 3093 1352 3171 regularibus
1371 3094 1547 3156 animarum
1560 3109 1667 3157 curam
1682 3110 1785 3174 perso·

1040 3201 1151 3250 narum
1166 3187 1370 3251 saecularium
1384 3187 1612 3263 exercentibus
1626 3193 1661 3251 ut
1673 3203 1787 3267 nempe

1040 3281 1208 3359 Regulares
1230 3281 1298 3360 ipsi,
1311 3283 1404 3346 etiam
1419 3284 1621 3360 quantumvis
1636 3283 1784 3359 exempti,

1041 3375 1078 3436 ad
1098 3374 1275 3438 huiusmodi
1293 3392 1400 3439 curam
1415 3376 1602 3451 obeundam,
1617 3374 1685 3439 sine
1700 3391 1786 3455 prae·

1041 3469 1093 3532 vio
1107 3467 1342 3532 Ordinariorum
1363 3468 1503 3532 locorum
1523 3470 1665 3540 examine
1688 3477 1718 3532 et
1737 3485 1787 3549 ap-

1041 3562 1234 3640 probatione,
1256 3561 1399 3625 accedere
1420 3567 1473 3625 aut
1492 3562 1525 3624 in
1547 3579 1582 3624 ea
1595 3579 1628 3624 se
1642 3565 1787 3640 ingerere

1042 3662 1211 3736 nequeant,
1228 3662 1259 3718 et
1280 3655 1313 3717 in
1335 3655 1372 3717 iis
1387 3655 1543 3731 omnibus,
1559 3671 1637 3735 quae
1651 3657 1687 3719 ad
1702 3671 1788 3734 prae·

1042 3750 1154 3814 dictam
1181 3765 1289 3812 curam
1317 3751 1536 3828 quoquomodo
1563 3751 1722 3829 pertinere
1743 3749 1787 3812 di·

1043 3849 1247 3921 grossantur,
1276 3843 1459 3905 eorumdem
1484 3843 1720 3907 ordinariorum
1740 3843 1787 3906 iu·

1042 3937 1225 4012 risdiotioni,
1248 3937 1417 3998 visitationi
1437 3944 1469 3998 et
1490 3937 1674 4001 correctioni
1688 3938 1787 4000 subia-

1043 4037 1147 4106 ceant,
1177 4032 1319 4109 deinceps
1347 4039 1411 4093 tam
1438 4030 1471 4092 in
1498 4030 1652 4110 praedicta
1673 4031 1786 4105 Goaria,

1044 4137 1136 4200 qoam
1157 4122 1190 4184 in
1213 4121 1340 4200 reliquis
1354 4121 1510 4184 indiarum
1525 4122 1731 4186 Orientalium
1744 4124 1788 4186 ci-

1044 4215 1202 4291 vitatibus,
1224 4215 1414 4278 dioecesibus
1436 4222 1528 4294 atque
1548 4217 1727 4294 provinciis,
1744 4217 1786 4278 lo-

1044 4325 1115 4372 cum
1142 4309 1272 4371 omnino
1302 4308 1426 4384 habere,
1456 4326 1489 4372 ac
1516 4319 1667 4390 perpetuo
1689 4319 1720 4373 et
1740 4313 1788 4374 in-

1044 4402 1308 4466 commutabiliter
1339 4403 1495 4466 observari
1526 4403 1654 4468 debere:
1685 4405 1788 4469 decer·
1821 4423 2021 4472 exeantatus

1046 4503 1156 4558 nentes
1176 4503 1207 4558 et
1229 4496 1437 4574 declarantes,
1470 4507 1646 4577 praesentes
1668 4509 1789 4563 nostras
1807 4479 2021 4588 ξὲἷῗέἓέἧῃῆζῖ

1045 4587 1149 4651 literas
1176 4605 1283 4652 omnes
1310 4597 1342 4652 et
1362 4591 1502 4668 singulos
1533 4593 1692 4670 regulares
1713 4609 1787 4673 quo·
1807 4586 2020 4698 {gffl“3„,¹,¹fi‡‘,*j

1044 4697 1253 4762 rumcumque
1267 4689 1330 4744 tam
1344 4684 1601 4763 mendicantium,
1617 4702 1710 4766 quam
1725 4704 1788 4752 non
1808 4692 1905 4739 uendit

1047 4775 1290 4840 mendicantium
1311 4777 1473 4854 ordinum,
1490 4779 1683 4857 militiarum,
1695 4783 1790 4845 etiam

1046 4869 1077 4934 S.
1105 4871 1227 4933 loannis
1260 4871 1545 4950 Hierosolymitani,
1572 4874 1790 4952 congregatio·

1047 4980 1135 5041 nunt,
1160 4964 1366 5039 societatum,
1382 4966 1476 5028 etiam
1502 4965 1581 5042 lesu,
1603 4975 1634 5030 et
1655 4968 1790 5030 cuiusvis

1047 5059 1174 5120 alterius
1204 5057 1341 5121 instituti
1371 5057 1466 5120 etiam
1485 5059 1610 5138 speciali
1630 5063 1792 5124 mentione

1047 5150 1144 5228 digni,
1167 5167 1201 5212 ao
1221 5149 1393 5212 necessario
1414 5158 1445 5212 et
1466 5151 1499 5213 in
1514 5152 1676 5215 individuo
1690 5153 1792 5233 expri-

1048 5244 1165 5319 mendi,
1188 5261 1221 5306 ac
1242 5244 1401 5322 quibusvis
1425 5243 1594 5322 privilegiis
1615 5252 1646 5307 et
1668 5263 1794 5326 exemp-

1048 5337 1184 5399 tionibus
1203 5337 1335 5414 suliulti,
1358 5337 1488 5399 omnino
1510 5345 1627 5400 arctare
1648 5347 1678 5402 et
1693 5340 1792 5402 allice-

1049 5443 1093 5502 re,
1116 5439 1235 5508 cosque¹
1250 5428 1286 5490 ad
1301 5429 1474 5507 plenariam
1488 5439 1520 5493 et
1535 5432 1693 5508 integram
1706 5449 1792 5511 prae-

1048 5523 1214 5584 missorum
1228 5523 1455 5586 observantiam
1467 5523 1533 5586 iore
1544 5525 1708 5589 elllcaciter
1718 5528 1794 5590 obli·

1050 5622 1146 5692 gatos.

1089 5709 1108 5785 ἓ
1130 5710 1157 5772 7.
1174 5710 1303 5790 lnsuper
1318 5713 1439 5775 easdem
1451 5720 1638 5793 praesentes,
1650 5717 1744 5779 etiam
1756 5735 1795 5781 ex
1877 5735 2027 5782 praesentas

1049 5822 1097 5880 eo,
1120 5807 1201 5883 quod
1229 5806 1403 5884 superiores
1431 5808 1599 5885 regulares,
1630 5817 1662 5872 et
1682 5815 1794 5875 caeteri
1814 5785 2027 5900 ξξιέἓηᾱῗὲξξῗ

1050 5899 1238 5980 quicumque
1258 5900 1292 5961 in
1313 5900 1486 5980 praemissis
1510 5903 1661 5970 interesse
1681 5905 1795 5969 haben·
1814 5896 1913 5943 'must-
