4798 6978
349 506 404 558 An.
418 505 448 560 0.
469 506 536 560 1741
588 504 647 568 712

567 659 633 720 ros,
665 644 858 708 venerabiles
887 644 1011 721 fratres,
1043 645 1098 724 qui
1125 641 1312 726 populorum

567 753 659 800 curae
679 747 800 801 vestrae
818 738 1055 802 commissorum
1077 755 1178 802 mores
1193 745 1223 802 et
1239 755 1313 802 usus

566 830 661 908 probe
682 832 789 906 nostis,
806 847 861 910 pro
875 831 1023 908 singulari
1039 831 1187 911 sapientia
1198 839 1311 910 vestra,

566 939 639 1002 prae
659 924 787 987 caeteris
807 924 920 988 clarius
941 925 1127 1004 intelligitis.
1152 925 1212 990 Nos
1226 943 1311 1002 sane,

566 1017 678 1095 quibus
699 1017 731 1081 in
753 1018 809 1082 bac
829 1018 954 1082 sublimi
977 1019 1314 1100 apostolicaeprocura·

565 1112 658 1175 tionis
672 1112 795 1192 specula
809 1113 986 1176 constitutis
1008 1113 1146 1193 undique
1168 1113 1311 1190 gentium

564 1207 668 1270 nuntii
690 1206 874 1282 afferuntur,
899 1205 1039 1284 lacrymis
1059 1207 1130 1268 satis
1152 1206 1311 1284 deplorare

565 1317 629 1364 non
652 1317 826 1380 possumus,
842 1301 1094 1378 augustissimam
1116 1299 1314 1379 quadragesi-

565 1392 653 1456 malis
664 1393 775 1457 ieiunii
789 1392 1017 1456 observantiam
1032 1393 1072 1455 ob
1086 1393 1225 1466 nimiam,
1242 1392 1311 1456 nul-

565 1487 601 1549 lis
623 1486 770 1562 legitimis
791 1487 976 1564 urgentibus
997 1487 1105 1563 causis,
1127 1486 1244 1566 ubique
1265 1487 1312 1550 in·

565 1580 799 1644 discriminatim
811 1581 1005 1662 dispensandi
1017 1581 1206 1657 facilitatem,
1219 1581 1311 1659 plane

564 1676 715 1738 sublatam
743 1691 825 1753 esse3
849 1677 890 1737 ita
917 1681 952 1737 ut
974 1675 1162 1739 orthodoxae
1183 1675 1311 1760 quidem

565 1771 728 1848 religionis
748 1770 882 1833 cultores
898 1773 1011 1833 merito
1032 1775 1219 1848 querantur;
1241 1769 1311 1832 hae·

565 1881 670 1928 resum
685 1879 760 1927 vero
775 1870 939 1927 sectatores
960 1863 1091 1925 illudant
1113 1871 1144 1924 et
1154 1863 1308 1925 exultent.

564 1958 758 2021 Perniciosae
785 1956 857 2020 huic
878 1956 1073 2036 corruptelae
1099 1956 1311 2035 plurimorum

564 2052 692 2130 insuper
713 2049 870 2114 licentiam
892 2050 1068 2113 adiunctam
1089 2065 1154 2113 esse
1175 2050 1311 2126 graviter

564 2143 724 2221 dolemus;
757 2161 835 2224 quae
865 2159 963 2223 usque
994 2142 1067 2205 adeo
1098 2143 1248 2218 invaluit,
1275 2149 1310 2205 ut

564 2237 649 2300 nulla
678 2236 835 2317 apostolici
867 2235 1020 2312 instituti,
1052 2235 1311 2314 sacratissimique

563 2332 719 2412 praecepti
740 2331 842 2394 habita
864 2331 996 2406 ratione,
1018 2329 1210 2394 ieiuniorum
1231 2335 1310 2392 tem-

563 2441 649 2504 pore,
671 2426 823 2504 palamst
848 2426 978 2502 impune
998 2424 1036 2486 ab
1057 2425 1164 2487 iisdem
1190 2424 1310 2500 agiten-

564 2524 617 2581 tur
637 2520 792 2594 conriria,
814 2526 846 2582 et
867 2518 976 2597 epulae
997 2517 1179 2580 interdictae
1193 2517 1310 2596 promi-

563 2627 636 2675 scue
657 2612 842 2674 inferantur.

349 2709 546 2810 lurupnturx·
602 2706 672 2780 Η.
697 2706 881 2784 Eapropter,
910 2703 1172 2784 quemadmodum
1197 2705 1310 2784 quibus

332 2764 484 2866 ἒνῖἳῗὲἧαῖξ.
501 2774 545 2812 ⁹⁸⁸
563 2802 657 2876 curis,
683 2800 932 2864 solicitudinibus
953 2805 983 2863 et
1009 2799 1177 2877 angoribus
1199 2816 1310 2878 urgea-

563 2911 647 2971 mur,
668 2910 741 2958 oum
762 2894 1006 2958 fraternitatibus
1027 2895 1138 2958 restris
1170 2911 1310 2960 commu·

562 2989 719 3066 nicamus3
749 2989 791 3050 ita
818 2987 918 3052 facere
940 3004 1003 3050 non
1035 3003 1209 3068 possumus,
1232 2989 1308 3067 quin

561 3096 618 3159 pro
653 3081 796 3146 iniuncto
827 3081 915 3144 nobis
947 3097 1093 3160 supremo
1124 3082 1307 3144 sacrosancti

561 3176 749 3256 apostolatus
779 3175 890 3250 officio,
921 3182 952 3236 et
977 3175 1228 3236 ardentissimum
1249 3174 1309 3237 fra-

562 3271 746 3332 ternitatum
775 3278 948 3331 vestrarum
977 3267 1080 3330 zelum
1101 3269 1137 3330 ad
1161 3274 1309 3346 opportu

560 3378 640 3425 num
670 3362 753 3424 hisce
784 3361 871 3424 malis
902 3359 1112 3424 adhibendum
1133 3360 1307 3426 remedium

474 3489 476 3492 ·
561 3457 747 3532 excitemus,
771 3463 802 3518 et
823 3457 859 3518 ad
891 3462 1100 3532 congruentes
1128 3455 1306 3518 huiusmodi

561 3549 705 3612 abusibus
719 3550 844 3629 penitus
858 3549 1048 3628 extirpandis
1062 3549 1146 3626 leges
1160 3550 1308 3627 praescri-

560 3643 675 3706 bendas
695 3643 895 3705 meditemur.
926 3643 1059 3718 Interea,
1082 3657 1154 3704 ren.
1183 3642 1304 3719 iratres,

561 3737 707 3814 gaudium
729 3743 761 3797 et
782 3752 894 3800 corona
919 3743 1036 3811 nostra,
1060 3735 1220 3797 nobiscum
1235 3753 1306 3799 con·

560 3830 749 3906 siderantes,
778 3829 858 3891 nihil
887 3830 948 3891 fleo
969 3827 1133 3907 acceptius,
1156 3827 1234 3890 nihil
1256 3844 1308 3906 pa-

559 3923 667 3986 storali
700 3923 876 3985 ministerio
908 3928 1017 3985 nostro
1048 3920 1193 3998 dignius,
1226 3921 1306 3984 nihil

561 4016 707 4094 gregibus
727 4031 820 4078 curae
841 4023 964 4078 nostrae
983 4015 1155 4078 commissis
1184 4013 1305 4092 utilius,

560 4127 655 4192 quam
684 4119 718 4174 ut
747 4111 857 4174 verbo·
873 4119 905 4173 et
933 4112 1075 4191 exemplo
1104 4120 1304 4191 praeeuntes,

560 4205 776 4269 christifideles
797 4207 832 4268 ad
855 4213 918 4268 tam
939 4206 1106 4270 salutarem
1122 4207 1306 4271 christianae

559 4302 769 4382 poenitentiae
789 4311 820 4364 et
841 4300 962 4379 pietatis
979 4301 1232 4363 exercitationem
1246 4301 1307 4364 ala·

559 4397 641 4460 erius
654 4397 892 4475 suscipiendam,
905 4393 1153 4459 constantissime
1166 4395 1305 4457 retinen·

559 4491 641 4566 dam,
663 4496 696 4551 et
717 4505 763 4565 ea,
792 4505 852 4568 qua
879 4490 1020 4551 instituta
1046 4487 1117 4562 fuit,
1146 4486 1305 4565 disciplina

559 4574 766 4662 peragendam
801 4583 1019 4646 vehementius
1052 4581 1303 4657 inflammemus,

559 4677 647 4740 omni
668 4693 758 4768 opera
780 4684 872 4756 atque
890 4675 1042 4740 industria
1063 4677 1254 4751 studeamus,
1271 4683 1305 4737 nt
1345 4735 1347 4738 .

560 4770 666 4836 fideles
687 4770 793 4850 populi
813 4772 846 4832 in
868 4777 1032 4850 conspectu
1049 4769 1113 4845 Dei,
1129 4785 1185 4848 per
1204 4777 1305 4832 auste-

559 4865 675 4927 riorem
686 4865 875 4928 ieiuniorum
891 4864 1131 4940 observantiam,
1148 4863 1224 4924 tales
1239 4879 1305 4941 per·

560 4964 719 5033 maneant,
740 4959 845 5037 quales
866 4959 899 5021 in
921 4958 987 5036 ipso
1012 4957 1143 5036 paschali
1163 4955 1240 5019 festo
1261 4956 1306 5020 di·

561 5069 661 5131 gnum
681 5063 728 5118 est
749 5054 896 5118 inveniri.

329 5145 542 5245 „m¹{{,'f⁸,¹¹,‚⁵,j²g{,‘{
600 5151 619 5225 ἓ
634 5149 663 5212 3.
681 5149 826 5212 Debitum
841 5149 938 5226 igitur
952 5157 1099 5228 paternae
1109 5147 1305 5210 uniuscuius-

328 5251 407 5314 assur
429 5252 484 5298 sinc
503 5255 541 5299 te·
561 5261 622 5324 que
637 5254 777 5308 vestrum
792 5242 960 5307 sedulitatis
976 5251 1007 5307 et
1022 5245 1154 5306 caritatis
1169 5243 1303 5305 officium

328 5305 421 5362 grtlnra
448 5316 541 5362 causa,
563 5341 568 5352 .
960 5340 965 5350 .
1239 5341 1244 5352 .
1283 5341 1288 5352 .

328 5370 375 5405 nac
391 5359 542 5407 unrvsrsua-
561 5356 629 5402 rure
651 5340 795 5418 postulat,
819 5347 854 5402 ut
880 5339 1026 5402 omnibus
1054 5348 1163 5401 notum
1189 5338 1306 5402 factatis

327 5413 406 5514 Ἢ
427 5414 542 5514 ξὲΰζῶῗ
560 5443 591 5497 et
612 5435 822 5510 annuntietis,
846 5434 965 5496 nemini
993 5433 1118 5513 quidem
1138 5433 1207 5496 sine
1230 5432 1306 5511 legi-

356 5524 389 5567 ra.
561 5528 635 5590 tima
657 5545 756 5604 causa,
778 5535 810 5590 et
832 5530 868 5591 de
889 5529 1053 5607 utriusque
1073 5529 1183 5591 medici
1206 5532 1306 5592 consi·

560 5621 618 5700 lio;
640 5621 835 5684 multitudini
862 5639 947 5697 vero,
978 5621 1076 5684 veluti
1103 5623 1231 5702 populo,
1253 5633 1305 5687 aut

346 5734 350 5764 ι
477 5781 478 5786 ἵ
559 5713 687 5791 civitati,
701 5723 756 5784 aut,
767 5716 853 5793 genti
869 5714 1136 5779 indiscriminatim
1153 5717 1303 5796 integrae,

559 5807 686 5871 nonnisi
708 5809 888 5886 gravissima
917 5816 948 5871 et
970 5817 1104 5886 urgente
1125 5812 1305 5874 necessitate

560 5907 590 5964 et
612 5902 644 5963 in
666 5903 784 5966 casibus
811 5918 866 5981 per
895 5920 978 5966 sacra
1009 5919 1164 5968 canonum
1191 5911 1304 5968 statuta

1090 523 1154 568 litu.
1179 521 1270 569 PONT·
1295 522 1335 568 nn
1357 523 1386 568 P·
1409 524 1439 572 lt,
1463 524 1551 572 PARS*
1568 525 1589 570 Ι.

1369 645 1574 726 praescriptis,
1597 661 1669 708 oum
1690 643 1790 708 debita
1817 646 2001 726 apostolicae
2020 647 2114 711 buius

1369 735 1496 800 Sanctae
1517 737 1604 802 Sedis
1624 739 1812 816 reverentia,
1828 755 1845 799 a
1859 740 2114 817 quadragesimali

1368 828 1486 893 ieiunio
1500 829 1772 911 dispensationem,
1787 831 1887 909 toties,
1903 833 2023 912 quoties
2038 850 2114 913 opus

1367 919 1474 998 fuerit,
1505 922 1747 1000 concedendam,
1769 940 1828 988 nec
1854 926 1997 989 audacter
2018 926 2116 990 fiden-

1368 1021 1479 1092 terque
1499 1018 1719 1094 usurpandam,
1742 1033 1801 1080 nec
1820 1018 1952 1097 superbe
1979 1027 2012 1083 et
2031 1036 2116 1084 arro-

1369 1115 1479 1184 ganter
1499 1111 1536 1173 ab
1557 1111 1709 1188 Ecclesia,
1731 1111 1811 1175 sicut
1830 1113 1943 1176 alicubi
1965 1115 1998 1176 in
2026 1131 2114 1179 more

1367 1203 1504 1281 positum
1519 1220 1585 1266 esse
1606 1207 1790 1285 accepimus,
1806 1221 1871 1270 esse
1885 1209 2112 1287 postulandam.

1406 1295 1426 1372 ἓ
1446 1295 1476 1358 i.
1493 1296 1710 1360 Gravissimam
1725 1315 1800 1363 vero
1816 1308 2045 1382 urgentemque
2060 1321 2114 1367 ne·
2145 1307 2241 1404 sunau
2256 1322 2317 1360 oms

1367 1389 1541 1452 cessitatem
1561 1393 1619 1454 etsi
1642 1408 1705 1454 non
1726 1400 1773 1456 est
1794 1412 1849 1458 cur
1873 1395 1959 1457 robis
1980 1397 2115 1476 explica·
2133 1369 2317 1460 iiiuiffmm*

1367 1497 1453 1559 mus,
1476 1484 1624 1548 nolumus
1650 1492 1756 1549 tamen
1776 1505 1832 1551 vos
1859 1489 2015 1567 ignorare,
2042 1509 2115 1556 cum

1366 1575 1545 1640 huiusmodi
1567 1581 1759 1657 necessitate,
1787 1590 1819 1644 et
1839 1584 2020 1648 servandam
2048 1602 2116 1651 esse

1366 1670 1562 1748 potissimum
1573 1673 1696 1737 unicam
1706 1677 1942 1755 comestionem,
1952 1681 2031 1743 sicut
2042 1681 2116 1744 alias

1367 1762 1415 1825 hic
1437 1765 1563 1842 Romae,
1579 1784 1612 1829 ac
1633 1784 1689 1830 nos
1710 1768 1768 1848 ipsi
1789 1771 1847 1834 hoc
1867 1787 1950 1834 anno
1972 1777 2115 1851 urgenti-

1367 1856 1422 1918 bus
1443 1858 1541 1921 causis
1563 1859 1785 1940 dispensantes,
1801 1879 1944 1943 expresse
1965 1869 2115 1945 praescri·

1366 1951 1499 2030 psimus;
1522 1961 1552 2016 et
1574 1952 1670 2017 licitas
1691 1963 1784 2036 atque
1805 1957 1983 2023 interdictas
2006 1963 2115 2042 epulas
2133 1962 2315 2059 miltidasi-

1366 2045 1540 2122 promiscue
1560 2048 1693 2111 minime
1713 2053 1906 2129 apponendas
1926 2069 2004 2116 esse.
2133 2019 2313 2128 osiidii!

1406 2137 1475 2212 §b
1499 2139 1593 2202 Porro
1614 2143 1876 2220 quemadmodum
1902 2145 1940 2208 de
1960 2149 2114 2214 eiusmodi
2133 2121 2314 2229 ‘ubilationis

1367 2229 1559 2308 indulgentia
1582 2238 1645 2296 tam
1667 2245 1756 2300 caute
1776 2237 1992 2318 impertienda,
2019 2242 2045 2305 si
2067 2261 2114 2308 se·
2133 2229 2312 2346 {ffimhssiisslssss

1366 2341 1419 2388 cus
1440 2326 1541 2402 tieret,
1558 2343 1613 2390 nos
1631 2345 1811 2408 persuasum
1833 2333 1994 2411 habemus,
2010 2338 2116 2402 distri·
2134 2345 2197 2381 Μ-
2251 2380 2255 2390 ·

1366 2426 1447 2480 ctam
1475 2435 1621 2499 supremo
1643 2423 1750 2487 divino
1770 2424 1867 2488 ludici
1896 2429 2052 2494 redditum
2075 2433 2115 2495 iri

1364 2513 1531 2590 rationem,
1556 2515 1597 2577 ita
1618 2517 1840 2580 conscientiam
1865 2521 2117 2604 uniuscuiusque

1366 2614 1507 2670 vestrum
1521 2611 1711 2674 onerandam
1725 2627 1792 2674 esse
1806 2611 1958 2678 ducimus.
1981 2617 2116 2682 insimul

1364 2698 1573 2764 fraternitates
1595 2701 1718 2766 Vestras
1733 2721 1876 2782 rogamus
1898 2716 1940 2786 et,
1957 2710 1989 2773 in
2009 2711 2117 2774 Domi-

1365 2808 1406 2855 no
1432 2792 1648 2873 exhortantes,
1677 2798 1889 2877 obsecramus,
1912 2810 1948 2865 ut
1969 2805 2113 2884 populos,
2165 2839 2169 2847 ·

1364 2887 1419 2966 qui
1449 2904 1652 2952 communem
1683 2895 1827 2957 omnium
1860 2898 2114 2963 christifidelium

1364 2982 1591 3060 poenitentiam
1616 3002 1650 3048 ac
1680 2987 1873 3066 disciplinam
1901 3007 2024 3054 servare
2056 3010 2116 3056 ne-
2179 3002 2305 3066 prapaes,
2362 3033 2363 3056 t

1364 3083 1491 3154 queant,
1514 3093 1714 3142 commonere
1736 3083 1893 3160 satagatis,
1916 3101 1955 3148 ne
1976 3102 2032 3165 per
2052 3089 2114 3150 alia
2133 3059 2301 3167 ἶῖοὲιῖῗρῖἒῗὶἓ

1364 3171 1485 3249 pietatis
1506 3187 1609 3250 opera,
1631 3180 1666 3235 ut
1687 3191 1741 3236 sua
1761 3175 1873 3255 cuique
1896 3163 2298 3264 devotiosug·{{,¹,⁰,¹1',¹,{¹{¹„¹⁰‘⁰
2362 3167 2363 3190 ³

1364 3271 1464 3342 geret,
1488 3271 1607 3344 peccata
1629 3283 1683 3329 sua
1711 3269 1834 3348 expiare
1855 3280 1886 3334 et
1907 3273 1969 3335 fleo
1995 3275 2114 3338 satisfa-
2271 3253 2275 3263 ¹

1363 3374 1433 3420 cere
1449 3359 1628 3436 negligant;
1651 3361 1826 3439 quinimmo
1840 3367 1984 3430 sanandis
1999 3369 2114 3432 vulne·

1363 3453 1461 3529 ribus,
1478 3453 1591 3532 quibus
1608 3454 1743 3518 humana
1765 3456 1929 3522 infirmitas
1942 3463 2113 3542 sauciatur,

1363 3545 1546 3622 diligentem
1567 3545 1712 3610 adbibere
1739 3550 1883 3614 studeant
1904 3555 2112 3632 curationem,

1363 3647 1400 3700 ut
1420 3639 1522 3717 culpas
1543 3640 1582 3702 de
1602 3641 1761 3704 mundano
1777 3643 1907 3720 putrere
1927 3655 2113 3726 contractas,

1362 3734 1438 3796 dnm
1459 3732 1675 3811 castanieiunia
1696 3733 1868 3814 decoquere
1883 3753 1945 3800 non
1965 3750 2113 3822 possunt,

1363 3826 1411 3905 pia
1431 3842 1536 3906 opera,
1558 3827 1737 3891 orationum
1757 3829 1902 3908 suffragia
1923 3837 1955 3895 et
1977 3834 2114 3900 eleemo-

1362 3934 1458 4000 synae
1478 3935 1608 3983 munera
1624 3921 1790 3985 redimant.
1814 3925 1943 3988 interim
1965 3928 2114 3994 solatium

1362 4022 1393 4076 et
1414 4013 1557 4076 levamen
1572 4027 1636 4076 non
1651 4014 1722 4078 lere
1742 4020 1879 4082 moerori
1900 4029 2008 4084 nostro
2028 4041 2112 4104 apa·

1361 4109 1468 4171 storali
1497 4108 1655 4187 vigilantia
1681 4120 1714 4174 et
1739 4112 1863 4176 caritate
1892 4123 1995 4178 vestra
2023 4132 2111 4194 prae-

1362 4202 1521 4278 stolantes,
1544 4219 1578 4266 ac
1598 4211 1684 4266 certo
1705 4205 1795 4268 nobis
1821 4206 2012 4286 pollicentes,
2039 4227 2113 4290 apo·

1361 4296 1501 4358 stolicam
1524 4297 1784 4374 benedictionem,
1806 4315 1878 4363 cnm
1903 4301 1992 4367 uberi
2014 4304 2111 4368 caele-

1361 4392 1458 4453 stium
1485 4389 1704 4453 charismatum
1733 4393 1816 4472 copia
1842 4395 2052 4474 coniunctam,
2076 4399 2111 4462 in

1362 4485 1486 4548 eosdem
1508 4482 1637 4562 populos
1651 4492 1770 4547 vestros
1784 4487 2038 4567 redundaturum,
2054 4507 2110 4555 ro·

1362 4577 1424 4653 bis,
1453 4576 1646 4639 venerabiles
1674 4577 1802 4654 fratres,
1831 4591 2029 4658 peramanter
2050 4584 2109 4646 im-

1361 4672 1527 4750 pertimur.

1400 4765 1470 4841 §h
1502 4763 1653 4828 Volumus
1680 4774 1802 4844 autem,
1830 4773 1865 4830 ut
1896 4771 2107 4855 praesentium
2164 4777 2310 4839 passuum

1362 4857 1577 4936 transumptis
1600 4858 1666 4920 sire
1687 4855 1847 4939 exemplis,
1871 4863 1964 4924 etiam
1980 4865 2108 4944 impres·
2127 4834 2279 4932 ἓὲῗεῗῆἳῗιῗῖ
2292 4828 2310 4874 fl'

1360 4953 1412 5028 sis,
1431 4966 1526 5013 manu
1547 4951 1677 5014 alicuius
1698 4954 1812 5015 notarii
1832 4954 1948 5032 publici
1975 4957 2110 5020 subscri·

1362 5043 1432 5124 ptis,
1448 5051 1480 5108 et
1500 5044 1604 5121 sigillo
1624 5059 1771 5123 personae
1793 5046 1993 5125 indignitate
2013 5051 2109 5114 eccle-

1361 5138 1480 5200 siastica
1494 5138 1679 5200 constitutae
1695 5139 1836 5214 munitis,
1854 5141 1962 5203 eadem
1983 5158 2108 5221 prorsus

1361 5231 1478 5309 ubique
1494 5230 1568 5293 fides
1590 5231 1782 5308 adhibeatur,
1799 5247 1876 5310 quae
1898 5237 2109 5312 praesentibus

1361 5323 1559 5388 adhiberetur
1574 5333 1605 5388 et
1620 5325 1759 5388 adbiberi
1773 5336 1887 5404 posset,
1902 5329 1927 5390 si
1942 5328 2045 5392 forent
2058 5347 2109 5393 ex·

1361 5419 1476 5482 hibitae
1498 5420 1548 5481 vel
1571 5428 1722 5483 ostensae.

1401 5515 1513 5578 batum
1541 5513 1666 5591 Romae,
1696 5513 1777 5594 apud
1805 5511 1835 5578 S.
1859 5517 1987 5581 Mariam
2018 5521 2108 5584 Maio-

1362 5627 1429 5674 rem
1450 5611 1508 5673 sub
1528 5611 1644 5674 annulo
1666 5610 1838 5688 Piscatoris,
1860 5613 1911 5676 die
1933 5628 2009 5676 xxx.
2038 5601 2124 5678 maii'

1361 5721 1528 5780 unacum,
1545 5705 1742 5784 pontificatus
1762 5707 1861 5768 nostri
1882 5721 1963 5770 anno
1984 5725 2007 5769 r.
