4744 6976
27 3953 29 4004 l

27 4011 29 4068 i

27 4169 29 4286 l

27 2631 29 2670 t
101 2626 188 2673 lonfifov
207 2635 234 2669 o·

73 2682 235 2727 ruotitnecessa·

27 2737 29 2770 t
73 2735 235 2780 mulnissaoon-

27 2799 28 2802 ¹
73 2788 192 2848 mirionum
209 2796 236 2831 e-

27 2881 28 2886 ,
73 2842 164 2888 dhonon.

90 4304 122 4347 ιιι
132 4314 168 4358 pro
179 4303 237 4350 obti-

75 4355 131 4400 ιιιιι
159 4368 238 4403 earum

74 4409 238 4469 ovttervantia

74 4473 106 4524 ιιι
121 4465 238 4510 coactivam

75 4517 196 4564 ursaonariis
215 4529 239 4564 o·

27 4639 28 4644 ἳ
75 4579 106 4624 pti
115 4581 161 4618 etat.

877 613 1074 666 benemerita
1095 614 1159 664 XIV.

246 741 392 824 impedita
422 753 516 822 quam
546 744 630 805 certe
656 737 773 804 sublata
795 745 851 814 est,
875 737 989 818 quippe

247 839 326 921 quod
348 835 565 901 christifideles
586 834 728 914 pervim
749 839 933 912 metumque
953 833 989 894 ad

247 932 401 997 idolorum
421 929 537 1009 templa
565 931 749 1006 trahuntnr3
772 927 856 991 unde
877 927 991 990 timen-

246 1028 320 1090 dum
341 1032 400 1102 est,
427 1042 469 1089 ne
496 1025 677 1104 proximum
706 1024 869 1086 immineat
898 1020 991 1083 sacris

246 1118 444 1182 missionibus
457 1117 628 1180 excidium:
646 1129 705 1178 nec
718 1115 905 1178 fraternitati
921 1120 991 1175 tuae

247 1229 304 1275 nec
333 1211 401 1274 aliis
421 1211 454 1273 in
476 1211 567 1273 vinea
593 1210 648 1272 Dei
677 1209 924 1272 adlaborantibns
945 1207 991 1268 in·

245 1313 319 1369 sunt
339 1304 433 1378 vires,
461 1302 573 1382 quibus
594 1318 649 1383 per
670 1303 736 1364 vim
756 1301 851 1364 etiam
871 1298 994 1361 christi-

247 1399 364 1474 fideles,
380 1404 416 1461 nt
437 1397 546 1472 vestris
561 1397 713 1460 mandatis
730 1396 774 1471 ei,
791 1411 850 1473 qua
865 1411 919 1473 par
933 1398 991 1466 est,

247 1493 423 1556 reverentii
443 1492 598 1567 obediant,
620 1491 689 1568 cogi
713 1490 843 1568 possint.
875 1485 993 1550 Tartari

248 1588 374 1667 pariter,
397 1592 429 1648 et
449 1586 507 1664 ipsi
539 1585 656 1658 fideles,
684 1591 748 1645 tam
779 1584 861 1645 intra
883 1579 993 1642 Pehini

247 1681 381 1755 moenia,
404 1695 499 1758 quam
520 1680 554 1740 in
575 1677 743 1752 suburbiis,
765 1674 823 1738 sub
838 1674 924 1751 gravi
939 1675 993 1735 dn-

248 1791 300 1837 rae
319 1773 480 1836 servitutis
502 1773 575 1848 iugo
596 1772 755 1848 degentes,
778 1771 864 1832 omni
886 1765 994 1848 procul

249 1868 343 1931 dubio
358 1866 494 1945 antiquis
508 1863 712 1940 indulgentiis
725 1860 995 1941 permissionibus·

249 1979 311 2044 que
331 1977 387 2041 per
407 1961 537 2023 abusum
565 1959 777 2032 inhaerentes,
800 1973 841 2018 ne
862 1973 878 2016 a
900 1953 995 2018 domi-

249 2059 299 2120 nis
319 2055 356 2117 ad
376 2055 600 2134 imperatorem
613 2051 804 2124 deferantur,
821 2047 996 2129 apostolica·

249 2167 322 2214 rum
342 2146 603 2213 constitutionum
628 2143 856 2207 observantiam
876 2141 998 2220 pericu-

249 2245 289 2308 lis
313 2261 347 2306 ac
378 2241 542 2307 tormentis
573 2239 821 2320 posthabebunt3
855 2233 997 2316 quamvis

249 2338 427 2401 fraternitas
449 2344 501 2398 tua
522 2333 635 2412 aliique
663 2332 851 2395 missionarii
872 2347 927 2410 per
947 2345 998 2408 pa·

249 2432 380 2494 storales
399 2429 631 2492 exhortationes
645 2441 776 2489 monere
790 2423 999 2501 obtestarique

250 2525 384 2588 minime
405 2523 561 2586 omittant.

293 2624 312 2698 5
332 2620 361 2681 ι.
385 2618 425 2680 ιιι
445 2616 536 2680 ιιιιιι
556 2622 592 2678 ut
612 2613 798 2678 fraternitati
821 2621 890 2676 tuae
907 2609 1000 2688 repli-

253 2731 370 2791 cemus,
393 2718 462 2792 post
482 2715 661 2789 susceptum
677 2707 843 2771 consilium
859 2719 998 2780 onusque

253 2824 309 2888 per
330 2814 375 2871 tot
391 2819 488 2867 annos
504 2802 661 2865 retinendi
675 2801 855 2879 servarique
869 2797 1001 2861 faciendi

252 2901 367 2981 patrios
388 2897 536 2961 Sinarum
556 2897 634 2958 ritus
656 2896 831 2976 priscasque
846 2906 999 2956 caeremo-

252 2995 331 3072 nias,
353 2992 518 3074 propositis
539 2998 585 3053 tot
600 2991 756 3068 tantisque
771 2989 804 3050 in
820 2988 918 3050 varias
933 3002 1000 3065 par·

253 3098 300 3152 tes
319 3087 515 3151 trahentibus
543 3084 644 3149 dubiis
671 3091 702 3145 et
727 3080 998 3161 disputationibus

250 3191 320 3263 post
346 3183 530 3245 diuturnam
557 3177 892 3254 accuratissimamque,
916 3174 1001 3236 adhi-

250 3277 324 3340 bitis
346 3273 517 3352 diligentiis
549 3272 768 3350 requisitisque
788 3269 899 3333 debitis
920 3269 1001 3332 noti·

252 3371 316 3446 tiis,
337 3383 512 3446 eorumque
540 3366 660 3429 rituum
680 3373 712 3426 et
732 3363 1000 3427 caeremoniarum

251 3464 488 3536 discussionem,
509 3461 577 3522 fieri
599 3475 639 3521 ne
653 3465 784 3538 poterat,
800 3464 836 3520 ut
849 3457 916 3518 sine
929 3473 1000 3534 gra-

251 3558 380 3619 vissimo
401 3553 607 3618 conscientiae
633 3567 749 3629 angore
769 3550 895 3614 consilia
917 3551 1001 3613 tanti

251 3650 449 3734 providentie
480 3654 564 3727 capta
592 3653 622 3709 et
649 3645 885 3708 constitutiones
916 3644 1001 3706 tanti

252 3744 399 3826 sapientia
419 3741 592 3821 propositae
619 3739 750 3818 amplius
772 3739 1000 3802 differrenturt

253 3841 358 3912 Certe,
373 3838 399 3898 si
413 3834 582 3898 obfirmatis
597 3841 799 3912 patronorum
816 3832 1001 3912 proscripto-

253 3948 327 3996 rum
342 3931 465 3993 ritnum
479 3927 808 4004 caeremoniarumque
822 3924 1001 3988 huiusmodi

252 4025 395 4089 sensibus
415 4022 559 4099 votisque
576 4035 737 4082 assensum
750 4020 1001 4097 satisfactumque

253 4119 373 4193 fnisset,
396 4129 560 4194 nunquam
580 4113 715 4193 profecto
735 4113 910 4178 advenisset
925 4119 1002 4174 tem-

254 4227 312 4290 pus
339 4209 455 4288 (verba
486 4214 538 4269 tua
567 4205 773 4286 usurpamus)
803 4206 1002 4282 angustiandi

255 4321 326 4366 vasa
346 4304 467 4365 carnisf
489 4299 551 4362 Nos
572 4299 698 4379 quidem
720 4315 783 4362 non
806 4301 894 4374 latet,
915 4298 1003 4361 vobis

255 4398 362 4460 deesse
381 4396 511 4474 cogendi
539 4394 808 4474 compellendique
829 4397 927 4472 vires:
950 4395 1003 4456 sed

254 4494 370 4555 scimus
390 4499 423 4552 et
443 4488 518 4552 certi
539 4503 661 4563 sumus,
679 4489 819 4551 eamdem
834 4488 936 4549 inesse
950 4503 1003 4547 vo·

255 4587 301 4648 bis
323 4585 485 4658 virtutem,
519 4597 612 4659 qnam
641 4581 795 4643 habebant
825 4579 914 4644 ssmt
936 4582 1004 4644 lesu

257 4679 374 4743 Christi
394 4672 532 4755 Apostoli
563 4673 602 4754 (si
623 4681 729 4736 tamen
757 4675 923 4752 apostolico
945 4675 1005 4753 spi·

255 4774 319 4834 ritu
341 4769 426 4834 ducti
440 4768 475 4829 ad
491 4769 698 4846 Evangelium
713 4770 953 4848 praedicandum
968 4769 1003 4832 ad

256 4863 479 4927 remotissimos
491 4863 621 4940 populos
635 4863 815 4942 accessistis)
834 4863 900 4942 qni,
917 4879 1005 4944 repo-

257 4963 367 5019 nentes
397 4969 526 5018 omnem
555 4955 699 5018 fiduciam
727 4957 759 5018 in
789 4971 840 5034 eo,
870 4959 924 5036 qui
953 4974 1004 5020 eos

257 5049 458 5124 confortabat,
474 5049 549 5123 neo,
564 5055 595 5132 et
616 5049 767 5111 ferventis
788 5051 924 5114 caritatis
938 5051 1004 5112 zelo

257 5151 288 5204 ιι
308 5141 396 5204 verbi
418 5141 517 5204 divini
538 5141 712 5205 ministerio
733 5158 797 5205 uon
812 5143 913 5206 solnm
929 5159 1004 5220 gen-

258 5243 303 5296 tes
322 5236 360 5297 ad
388 5233 579 5296 credendum
610 5236 829 5314 perducebant,
858 5237 911 5300 sed
939 5253 1006 5299 cre·

258 5329 365 5390 dentes
395 5327 501 5401 etiam,
524 5341 604 5388 rrova
636 5328 707 5391 fidei
734 5330 876 5406 germina
897 5329 1005 5393 collec-

258 5427 389 5498 tumque
410 5419 477 5482 lesu
504 5419 619 5482 Christi
646 5435 773 5498 gregem
800 5422 1005 5501 providentis·

258 5514 335 5577 sime
355 5513 518 5590 regebant,
541 5520 573 5575 et
593 5515 730 5576 suaviter
751 5514 936 5596 fortiterque
957 5518 1004 5579 iu·

259 5607 431 5670 condebant
452 5614 484 5668 et
505 5605 679 5669 excitabant
700 5607 737 5668 ad
758 5607 834 5672 illnd
849 5610 1007 5674 iucundis·

259 5701 374 5762 simum
403 5698 614 5780 spectaculum
634 5717 650 5761 a
672 5701 806 5764 llinucio
831 5703 932 5764 Felice
955 5704 1005 5766 de·

259 5795 423 5872 scriptum,
453 5793 634 5872 praesertim
656 5795 710 5856 ubi
730 5796 769 5857 ob
794 5795 897 5857 oculos
918 5797 1006 5875 ponit

260 5885 409 5950 laetitiam
441 5887 705 5965 christifidelium,
738 5889 807 5969 qui,
839 5891 1006 5953 intentatas

261 5979 362 6044 minas
391 5979 572 6061 obiectaque
601 5989 758 6048 tormenta
784 5984 1004 6064 despicientes,

1714 599 1770 667 atr
1821 603 1921 660 ahc.
1942 573 2029 659 1744'

1046 736 1221 802 libertatem
1244 754 1332 802 suam
1353 742 1499 804 adversus
1520 755 1609 820 reges
1630 747 1662 804 et
1678 740 1792 820 princi-

1046 848 1099 910 pes
1120 832 1292 910 erigebant,
1313 835 1371 898 soli
1391 836 1453 898 Deo
1475 836 1633 899 cedebant.

1087 927 1155 1001 §ii
1179 927 1303 1004 lugenti
1324 945 1395 991 cum
1417 930 1514 991 animi
1530 931 1628 994 nostri
1644 931 1748 995 dolore
1763 939 1794 994 et
1819 945 2025 993 persecutionem

1048 1021 1193 1097 graviori,
1223 1038 1316 1100 quam
1347 1023 1493 1102 explicari
1523 1024 1628 1103 possit,
1651 1041 1795 1088 moerore
1812 997 2027 1106 igvifflssmfffssfi

1048 1121 1139 1176 tuum
1163 1116 1341 1194 excepimus
1367 1133 1439 1179 sane
1461 1119 1611 1182 nuntium
1633 1121 1670 1183 de
1691 1135 1795 1198 perse·
1814 1103 2027 1206 ξξξὶᾗθξξθῗξῐζξζ

1048 1207 1224 1271 cutionibus
1245 1210 1312 1272 istic
1326 1212 1474 1274 adversus
1486 1221 1710 1275 sacrosanctam
1724 1213 1796 1275 iesu
1814 1210 2028 1272 gorrnonpocurs

1050 1302 1163 1364 Christi
1200 1303 1386 1380 religionem
1421 1305 1648 1369 saevientibus:
1683 1321 1796 1368 verum
1815 1279 1848 1314 ’θ’

1050 1393 1132 1472 qnod
1152 1395 1331 1459 huiusmodi
1355 1398 1596 1475 persecutiones,
1618 1398 1644 1460 si
1665 1399 1796 1461 minime

1049 1487 1182 1550 fuissent
1216 1491 1378 1570 proscripti
1414 1491 1493 1555 ritus
1524 1493 1798 1570 caeremoniaeqne

1051 1583 1208 1660 Sinenses,
1231 1585 1257 1646 si
1277 1585 1408 1648 minime
1434 1583 1572 1650 sublatae
1597 1585 1729 1648 inissent
1749 1586 1798 1649 in-

1051 1679 1229 1756 dulgentiae
1249 1681 1533 1760 permissionesque
1560 1681 1675 1744 laudati
1698 1680 1798 1745 Caroli

1051 1772 1204 1835 Ambrosii
1235 1773 1438 1852 Patriarohae,
1466 1775 1518 1837 ιιι
1546 1776 1725 1838 desinerent
1747 1775 1799 1837 vel

1052 1867 1191 1929 mitiores
1213 1868 1337 1944 fierent,
1359 1868 1425 1932 sive
1446 1869 1640 1948 praedicandi
1658 1869 1799 1947 Evange-

1052 1963 1130 2025 lium
1151 1962 1277 2025 libertas
1298 1963 1397 2040 magis
1424 1962 1619 2036 coalesceret,
1642 1979 1699 2025 nec
1720 1962 1803 2024 cbri-

1052 2057 1201 2119 stifideles
1221 2057 1258 2117 ad
1280 2055 1435 2119 idolorum
1455 2057 1570 2135 templa
1592 2065 1798 2135 raperentur:

1054 2152 1128 2213 haec
1149 2166 1190 2214 ne
1210 2150 1231 2211 ii
1253 2151 1380 2230 quidem
1400 2149 1469 2226 sibi,
1493 2149 1617 2229 quires
1638 2149 1723 2210 iuxta
1743 2149 1802 2211 hu-

1055 2261 1165 2307 manae
1186 2245 1369 2325 prudentiae
1395 2242 1518 2320 regulas
1539 2241 1719 2318 diiudicant,
1744 2258 1802 2304 un-

1055 2355 1147 2418 quam
1170 2339 1417 2420 persuadebunt:
1440 2346 1556 2417 quanto
1578 2336 1676 2414 magis
1695 2337 1802 2398 eadem

1055 2433 1087 2494 in
1110 2433 1251 2496 animum
1281 2448 1454 2510 numquam
1480 2432 1631 2494 inducent
1651 2446 1745 2492 snum
1767 2430 1801 2505 ii,

1055 2528 1168 2606 quibus
1179 2543 1234 2606 pro
1248 2534 1407 2606 comperto
1419 2525 1639 2604 exploratoque
1651 2531 1708 2600 est,
1721 2522 1802 2603 quod

1056 2621 1220 2684 christiana
1241 2619 1361 2697 Religio
1372 2621 1467 2682 inter
1481 2618 1710 2699 persecutiones
1724 2632 1804 2679 sem-

1057 2731 1110 2793 per
1131 2715 1301 2778 increverit
1316 2711 1559 2792 adoleveritque.
1575 2711 1726 2774 Omnibus
1741 2710 1803 2772 iam
1842 2721 1954 2786 ,notram
1972 2730 2033 2766 eon-

1057 2819 1168 2874 notum
1189 2818 1247 2885 est,
1270 2811 1303 2872 in
1325 2809 1416 2872 rebus
1437 2807 1473 2868 ιιι
1499 2806 1700 2869 orthodoxam
1721 2805 1803 2867 Reli·
1822 2774 2036 2875 ἓὲῖιῖξῃὸἓέιᾶἰ

1058 2906 1184 2982 gionem
1206 2901 1414 2982 spectantibus
1438 2899 1618 2979 patientiam
1640 2897 1706 2960 sive
1729 2897 1803 2960 tole
1821 2880 2036 2982 fflgfflffiffli·

1057 3000 1201 3073 rantiam,
1224 2996 1277 3059 nbi
1299 2997 1337 3058 de
1357 2993 1577 3074 superstitione
1607 2992 1658 3054 vel
1679 2992 1804 3055 idolola-

1058 3093 1115 3155 trici
1136 3093 1249 3169 agitur,
1273 3090 1362 3153 nullo
1383 3095 1469 3167 pacto
1485 3087 1591 3150 haberi
1606 3103 1710 3165 posse:
1728 3094 1804 3150 tune

1057 3185 1250 3262 enim,inxta
1261 3181 1502 3246 Tertullianum:
1521 3181 1629 3245 Omnia
1640 3181 1803 3258 patientia

1057 3278 1245 3344 huiusmodi
1272 3275 1470 3340 idololotria.
1496 3276 1655 3350 Ceterum,
1673 3275 1804 3336 unicum

1057 3392 1090 3438 ac
1110 3373 1269 3451 singulare
1300 3371 1458 3447 solatium,
1490 3385 1552 3448 quo
1579 3385 1635 3431 nos
1664 3368 1804 3431 dolentes

1057 3475 1296 3546 moerentesque
1326 3465 1535 3539 consolamur,
1563 3463 1636 3526 inde
1663 3462 1802 3542 affertur,

1058 3563 1140 3640 qnod
1161 3577 1200 3623 ex
1215 3560 1276 3622 tuis
1290 3559 1390 3621 literis
1404 3556 1619 3637 perspicimus,
1636 3563 1666 3618 te
1681 3571 1736 3634 pro
1752 3556 1803 3617 de·

1058 3656 1120 3717 bita
1140 3653 1312 3733 apostolicis
1333 3649 1607 3715 constitutionibus
1628 3654 1659 3710 et
1674 3647 1804 3710 decretis

1058 3747 1251 3810 observantia
1272 3745 1367 3825 probe
1387 3744 1563 3807 studiosum
1584 3742 1737 3820 planeque
1757 3757 1804 3802 ac-

1059 3855 1187 3904 censum
1201 3855 1277 3901 esse.
1294 3837 1502 3914 Quamobrem
1513 3835 1589 3910 fore,
1602 3835 1634 3896 in
1647 3835 1736 3896 Patre
1747 3833 1806 3894 mi-

1057 3933 1295 3997 sericordiarum
1317 3939 1347 3994 et
1368 3932 1430 3993 Deo
1461 3930 1556 3992 totius
1588 3927 1805 3990 consolationis

1059 4027 1255 4101 confidimus,
1278 4032 1313 4089 ut
1335 4023 1549 4088 christifideles
1569 4022 1725 4100 proposito
1747 4018 1807 4081 fra·

1060 4121 1212 4183 ternitatis
1233 4125 1305 4181 tuae
1325 4117 1480 4196 exemplo,
1503 4116 1581 4190 zelo,
1607 4115 1710 4194 opera,
1734 4130 1806 4175 con·

1058 4214 1135 4276 siliis
1155 4221 1185 4276 et
1201 4212 1327 4274 monitis
1341 4211 1477 4286 excitati,
1493 4209 1696 4272 orthodoxam
1712 4207 1806 4269 fidem

1059 4309 1215 4384 integram
1229 4303 1495 4384 reliquiarumque
1509 4301 1692 4380 gentilitatis
1706 4300 1807 4362 omni·

1060 4417 1100 4464 no
1122 4415 1233 4479 puram
1262 4406 1445 4478 putamque,
1474 4399 1510 4459 ad
1540 4395 1686 4475 principis
1712 4394 1806 4457 etiam

1060 4494 1263 4556 tenebrarum
1292 4497 1508 4570 contemptum
1534 4488 1805 4570 despicatumque,

1060 4587 1213 4649 constanti
1234 4592 1358 4664 pectore
1380 4583 1529 4664 profiteri,
1546 4590 1576 4644 et
1590 4597 1693 4644 coram
1706 4581 1808 4642 homi·

1061 4681 1152 4743 nibus
1172 4679 1275 4741 lesum
1303 4677 1463 4740 Christum
1488 4675 1630 4760 confiteri
1651 4691 1715 4738 non
1737 4689 1809 4735 ern·

1060 4774 1196 4836 bescant.
1231 4771 1308 4835 Nam
1338 4770 1422 4833 utile
1452 4775 1499 4831 cst
1527 4775 1557 4831 et
1584 4767 1741 4840 satutare,
1773 4773 1808 4829 ut

1061 4867 1092 4930 S.
1118 4867 1287 4948 Cyprianus
1308 4865 1475 4945 Episcopus
1488 4871 1520 4926 et
1534 4863 1651 4942 Martyr
1665 4862 1761 4924 verbo
1776 4868 1812 4924 et.

1061 4978 1154 5042 opere
1179 4960 1295 5034 docuit,
1325 4975 1397 5021 cam
1417 4975 1450 5018 ιι
1476 4956 1651 5036 Episcopus
1676 4971 1733 5034 per
1753 4955 1809 5034 fir-

1061 5057 1258 5118 mamentum
1286 5051 1359 5132 fidei
1391 5047 1555 5133 frutribus
1584 5045 1714 5128 praebet
1737 5047 1807 5109 imi-

1063 5147 1209 5210 tandum.
1234 5147 1354 5209 interea
1375 5161 1392 5206 a
1413 5144 1569 5206 bonorum
1590 5142 1731 5204 omnium
1749 5140 1809 5203 lar·

1062 5242 1162 5318 gitore
1183 5242 1245 5303 Deo
1275 5239 1466 5301 uberrimam
1494 5234 1674 5298 caelestium
1696 5234 1810 5296 chans-

1061 5340 1181 5396 matnm
1203 5333 1323 5411 copiam
1342 5329 1530 5394 fraternitati
1551 5336 1622 5392 tuae
1643 5343 1808 5406 apprecan·

1062 5435 1119 5503 tes,
1142 5426 1338 5507 apostolicam
1364 5422 1613 5485 benedictionem
1642 5422 1710 5500 tibi,
1733 5438 1806 5485 ven.

1062 5521 1168 5596 irater,
1191 5519 1285 5581 etiam
1307 5521 1503 5597 peramanter
1524 5515 1735 5594 impertimur.

1101 5615 1214 5676 Datum
1229 5615 1354 5686 Romae,
1368 5611 1448 5690 apud
1463 5609 1495 5673 S.
1509 5609 1635 5674 llariam
1649 5610 1807 5690 Maiorem,

1061 5705 1119 5768 sub
1140 5704 1256 5767 annulo
1278 5701 1448 5777 Piscatorh,
1472 5701 1520 5764 die
1545 5715 1612 5762 xxx.
1636 5700 1809 5766 decembris

1063 5811 1252 5874 uncorum,
1274 5795 1471 5875 pontificatus
1492 5795 1592 5856 nostri
1613 5809 1694 5859 anno
1715 5813 1746 5860 v.

1311 5953 1564 5972 Ἣ
