4732 7014
100 3839 225 3885 [sordium.

907 599 1102 646 bnnnbtcvds
1125 599 1187 645 xlv.

275 719 538 800 quibuscumque:
570 719 716 783 volumus
743 720 886 798 insuper,
920 726 955 782 ut
976 735 1023 780 ea-

275 814 419 876 rumdem
449 814 660 890 praesentium
690 814 905 891 transumptis,
928 813 1022 874 etiam

276 909 448 986 impressis,
482 921 577 968 manu
605 906 734 969 alicuius
763 907 876 968 notarii
908 905 1020 986 publici

274 999 463 1080 subscriptis,
485 1009 516 1064 et
536 1000 639 1078 sigillo
660 1017 809 1080 personae
831 1001 863 1061 in
883 999 1023 1062 ecclesia-

273 1095 346 1156 stica
367 1095 518 1171 dignitate
539 1095 724 1156 constitutae
749 1093 891 1168 munitis,
914 1094 1021 1153 eadem

275 1203 400 1264 prorsus
428 1185 503 1250 tides
525 1187 556 1250 in
586 1187 698 1250 iudicio
723 1196 754 1249 et
776 1195 862 1249 entra
883 1185 1021 1247 adhibea-

275 1290 336 1356 tur,
364 1297 443 1359 quae
470 1281 683 1360 praesentibus
711 1281 784 1360 ipsis
811 1280 1020 1355 adhiberetur,

275 1376 300 1437 si
321 1375 424 1438 forent
445 1375 600 1436 exhibitae
622 1375 672 1436 vel
693 1383 843 1436 ostensae.

314 1471 427 1532 Datum
454 1469 586 1543 Romae,
611 1469 690 1546 apud
721 1468 752 1532 S.
776 1468 902 1529 blaciam
930 1467 1021 1528 Maio-

276 1577 353 1636 rem,
367 1562 427 1624 sub
447 1561 563 1622 annulo
581 1561 750 1634 Piscatoris,
766 1561 816 1624 die
833 1575 865 1620 x.
889 1559 1019 1622 ianuarii

275 1671 443 1731 nuceum,
465 1655 574 1736 pontil.
600 1654 697 1717 nostri
719 1670 802 1716 anno
825 1671 846 1715 1.

522 1867 774 1879 --——-———=-*—·

615 2034 680 2097 llll.

275 2225 411 2287 ll'vvvttv'v's
438 2223 623 2303 apostolicis
653 2221 827 2284 conuuittit
859 2218 1023 2296 inquirere

314 2324 344 2380 ct
367 2321 488 2399 reservo
515 2323 640 2380 statum
669 2314 874 2394 colleqt'orunv
895 2311 1022 2391 potatifi-

315 2413 451 2484 ciorum,
476 2412 568 2473 intro
591 2409 711 2472 limites
725 2407 876 2487 proprior
893 2404 1021 2485 leqotio-

315 2508 365 2568 nis
387 2504 598 2568 existentium
620 2501 675 2584 (1).

274 2690 507 2758 venerabilibus
535 2688 680 2756 tratribus
709 2686 832 2752 canillo
862 2681 1020 2760 iconiensi,

315 2785 456 2852 Fabricio
469 2781 661 2859 Patracensi,
671 2779 783 2864 lqnatio
797 2777 935 2844 michaeli
945 2777 1021 2842 dae-

315 2878 506 2956 sareensi,et
517 2879 617 2942 lucae
629 2871 785 2940 halchiort
800 2871 1019 2939 nicomediensi

315 2970 561 3055 trohteptsoopts
583 2974 615 3035 et
637 2967 801 3034 ordinariis
832 2965 953 3033 tloatrie
975 2971 1020 3031 at-

316 3084 373 3150 que
397 3066 484 3133 huius
513 3061 547 3131 S.
569 3061 660 3129 Sedis
689 3061 832 3139 Viennae,
866 3059 1019 3141 Poloniae,

314 3157 515 3320 magalon
539 3155 643 3236 Rheni,
667 3161 698 3223 et
720 3153 815 3239 Belqii
849 3153 1019 3238 respective

434 3382 676 3454 Benedictus
702 3383 761 3450 ΡΡ.
787 3381 858 3448 xlv.

473 3534 671 3604 venerabiles
693 3534 820 3610 tratres,

308 3637 436 3704 salutern
459 3638 492 3699 et
512 3629 709 3713 apostolicam
733 3627 984 3695 benedictionem.

315 3827 427 3903 Quanti
450 3823 485 3884 ad
514 3820 695 3886 catholicam
716 3821 929 3896 Religionem,
953 3837 1020 3882 rem

274 3919 528 3990 ecclesiasticam,
556 3916 794 3992 animarumque
820 3913 952 3975 salutern
974 3914 1021 3974 in-

274 4013 375 4088 tersit,
399 4018 433 4073 ut
448 4009 548 4071 clerici
564 4009 599 4070 ad
616 4005 789 4070 Sanctuarii
808 4006 1019 4068 ministerium

272 4107 446 4183 vineaeque
463 4101 636 4164 dominicae
650 4100 769 4162 cultum
785 4099 843 4160 rite
860 4099 970 4177 pieque
984 4101 1020 4160 ab

273 4202 405 4262 ineunte
416 4204 515 4258 aetate
530 4195 735 4256 instituantur
751 4199 782 4254 et
798 4192 1018 4268 informentur,

271 4293 346 4354 satis
365 4305 520 4368 superque
542 4286 753 4364 intelligentes
775 4287 1019 4362 praedecessores

273 4384 373 4448 nostri
393 4382 526 4445 Romani
547 4381 722 4453 Pontifices,
746 4377 835 4454 nihil,
860 4379 892 4440 in
914 4395 975 4456 quo
990 4397 1018 4440 a·

272 4478 438 4558 postolicae
452 4473 654 4538 solicitudinis
665 4473 801 4534 officium
816 4473 944 4534 alacrius
960 4473 1020 4534 col-

273 4572 373 4634 locare
404 4571 573 4647 gestirent,
603 4583 760 4644 unquam,
789 4567 923 4628 maxime
953 4575 1019 4646 post

273 4665 475 4727 Tridentinae
503 4661 619 4740 Synodi
646 4669 813 4735 statutum,
844 4659 1019 4721 holtuevunt

272 4757 450 4835 antiquius,
483 4771 575 4833 quam
598 4761 632 4815 ut
659 4752 899 4814 saluberrimum
927 4754 1020 4814 serni-

271 4851 433 4914 nariorum
465 4849 581 4926 ubique
611 4848 678 4908 sive
704 4847 925 4922 erigemlorum
952 4847 1019 4907 sive

270 4944 364 5007 novis
385 4943 504 5019 legibus
525 4941 809 5002 confirmandorum
830 4941 896 5000 sive
917 4941 1018 5018 ponti-

269 5037 359 5099 ficiae
379 5035 569 5098 auctoritatis
590 5034 856 5112 pecuniarumque
876 5034 1019 5095 subsidiis

268 5129 547 5209 provehendarum
558 5143 633 5205 opus
648 5127 813 5188 studiosius
827 5128 1019 5204 susciperent

267 5230 301 5284 et
323 5223 554 5284 accuratissime
576 5227 737 5297 urgerent.

311 5317 332 5392 θ
356 5315 384 5376 1.
409 5317 514 5394 ltaque
542 5330 605 5375 non
634 5313 734 5374 solum
764 5311 903 5374 unitivam
934 5329 1019 5390 prae-

268 5410 481 5487 scriptamque
492 5408 528 5468 ab
542 5407 604 5485 ipsa
616 5406 796 5467 Tridentini
812 5405 934 5484 Synodo
947 5421 1017 5466 nor-

269 5517 357 5563 mam
371 5501 594 5579 approbarunt‚
610 5506 640 5560 el
657 5507 690 5559 ut
705 5498 938 5572 cathedralium,
956 5515 1020 5559 nve-

268 5594 532 5673 tropolitanarum
560 5593 664 5654 ethis
696 5592 850 5652 maiorum
881 5592 1019 5654 ecclesia-

266 5705 342 5754 rum
360 5688 571 5763 Antistitibus,
588 5689 663 5750 dum
679 5687 787 5748 iisdem
801 5686 917 5762 singuli
933 5702 1019 5763 prae-

268 5785 422 5848 ficiuntur
443 5781 589 5857 ecclesiis,
613 5787 665 5843 aut
686 5779 941 5853 seminariorum,
965 5777 1018 5841 ubi

311 5997 342 6054 (1)
358 5999 396 6040 Ex
411 6000 473 6053 App.
489 5995 556 6040 Bull.
572 5997 596 6038 P.
612 5995 643 6039 de
658 5997 731 6052 Prop.
747 5993 808 6040 Fide
822 5994 871 6039 vol.
887 5997 926 6050 11.,
938 6005 994 6050 pag.
1010 5996 1042 6038 85.

1079 729 1179 782 erecta
1202 737 1265 783 non
1285 721 1427 798 luissent,
1450 723 1609 798 erectioni,
1626 724 1751 784 onerata
1773 737 1822 784 eo-

1079 815 1223 876 rumdem
1244 815 1422 894 praesulum
1445 817 1641 892 conscientia,
1661 819 1744 878 inter
1758 833 1824 880 cae

1080 913 1144 967 tera
1166 909 1345 983 praestanda
1366 925 1421 988 pro
1436 911 1555 972 viribus
1576 911 1823 973 incumbendum

1079 999 1273 1076 iniungatur,
1296 1001 1518 1080 decreverunt3
1542 1019 1653 1066 verum
1669 1005 1763 1066 etiam
1778 1021 1824 1064 se-

1080 1094 1208 1155 minaria
1235 1095 1411 1158 huiusmodi
1440 1098 1505 1159 sive
1533 1097 1676 1175 collegia,
1705 1104 1766 1160 tam
1790 1083 1842 1160 in¹

1079 1187 1133 1249 hac
1162 1187 1240 1248 almd
1268 1189 1350 1251 Urbe
1372 1205 1465 1268 quam
1491 1192 1561 1254 alibi
1583 1209 1616 1254 ac
1642 1191 1824 1271 praesertim

1079 1280 1111 1342 in
1127 1281 1192 1342 istis
1208 1282 1396 1358 legationum
1413 1293 1588 1348 vestrarum
1604 1287 1739 1365 partibus
1750 1301 1825 1364 pon·

1079 1373 1179 1437 illiciis
1190 1377 1378 1454 sumptibus,
1388 1378 1471 1440 unde
1483 1380 1637 1458 pontificia
1648 1379 1726 1442 dicta
1737 1388 1822 1453 sunt,

1079 1474 1144 1530 tum
1168 1469 1337 1546 excitanda,
1351 1479 1419 1533 tum
1442 1473 1649 1549 instauranda,
1673 1473 1823 1536 tumsub

1077 1564 1240 1624 stentanda
1257 1571 1459 1640 curaverunt,
1476 1567 1638 1646 praecipue
1654 1567 1735 1628 inter
1749 1567 1824 1628 alios

1079 1654 1128 1716 lei.
1143 1659 1259 1719 record.
1273 1657 1440 1734 Gregorius
1454 1660 1532 1722 11111.
1548 1665 1578 1721 et
1590 1659 1730 1722 Urbanus
1743 1661 1820 1723 11111.

1118 1749 1187 1823 52.
1212 1751 1274 1813 Nos
1293 1769 1378 1827 sane,
1402 1754 1458 1815 etsi
1483 1760 1610 1832 propter
1631 1755 1824 1830 gravissimas

976 1921 984 1940 α
1080 1853 1229 1923 notasque
1251 1847 1407 1908 universis
1429 1848 1585 1924 angustias
1607 1847 1755 1926 pontificii
1777 1863 1826 1909 ae-

1079 1939 1162 2014 rarii,
1186 1941 1235 2002 cui
1257 1939 1365 2015 eliuso,
1381 1942 1562 2020 mutuisque
1576 1942 1704 2019 acceptis
1716 1941 1824 2018 ingen·

1079 2032 1159 2094 tibus
1181 2034 1381 2110 pecuniarum
1409 2035 1540 2096 summis
1567 2035 1745 2098 iamdudum
1772 2035 1825 2096 ob-

1079 2127 1183 2202 noxio,
1200 2135 1235 2189 ut
1250 2128 1352 2204 aliquo
1367 2136 1453 2206 pacto
1468 2129 1704 2206 opitularemur,
1720 2145 1756 2191 er
1773 2131 1823 2192 de·

1078 2221 1183 2282 tractis
1213 2222 1485 2302 p1·ius,quantum
1512 2223 1577 2284 lieri
1606 2223 1718 2301 potuit,
1740 2238 1825 2285 sum-

1079 2314 1181 2391 ptibus
1207 2315 1240 2374 in
1267 2317 1465 2378 commodum
1494 2325 1636 2378 nostrum
1662 2318 1824 2396 nostrique

1078 2407 1180 2486 palatii
1193 2409 1409 2470 ministrorum
1419 2410 1629 2472 emolumenta
1641 2410 1823 2488 impenden-

1078 2502 1134 2576 dis,
1146 2503 1326 2580 compendia
1339 2503 1437 2566 lacere
1448 2504 1632 2582 incepimus,
1643 2505 1731 2566 nohis
1742 2504 1823 2566 haud

1078 2593 1144 2656 lore
1174 2595 1372 2674 pollicemur,
1403 2602 1437 2659 ut
1464 2597 1614 2676 praeclara
1642 2597 1823 2660 eorumdem

1077 2688 1345 2768 praedecessorum
1359 2699 1538 2753 nostrorum
1554 2691 1610 2753 hac
1624 2693 1656 2752 in
1671 2709 1705 2754 re
1719 2708 1824 2755 exem-

1077 2785 1124 2862 pla
1147 2801 1383 2863 persequamur·;
1409 2793 1512 2846 tamen
1528 2785 1658 2846 minime
1672 2787 1820 2863 patimur,

1078 2879 1159 2940 inter
1180 2879 1242 2956 ipsa
1263 2880 1445 2940 sacrosancti
1472 2879 1666 2958 Apostolntus
1691 2881 1822 2959 auspicia

1077 2987 1287 3050 quascumque
1309 2980 1429 3032 nostrae
1450 2973 1631 3050 apostolicae
1645 2973 1822 3049 vigilantiae

1077 3073 1177 3144 partes
1188 3065 1296 3126 iisdem
1308 3065 1481 3126 seminariis
1492 3065 1691 3144 collegiisque
1705 3065 1820 3130 deesse.

1077 3161 1111 3222 ln
1133 3160 1189 3222 hac
1210 3159 1295 3220 enim
1318 3159 1400 3220 Urbe
1422 3159 1564 3220 omnium
1586 3161 1748 3221 nationum
1770 3163 1824 3223 do-

1078 3253 1192 3314 micilio
1214 3269 1229 3312 a
1252 3252 1359 3330 primis
1381 3253 1470 3313 annis
1491 3255 1683 3329 commorati,
1707 3253 1740 3315 in
1761 3255 1821 3316 col·

1077 3347 1158 3422 legio
1179 3346 1325 3420 instituti,
1350 3345 1533 3407 muneribus
1558 3347 1649 3407 etiam
1672 3347 1823 3426 amplissi-

1078 3441 1136 3500 mis
1157 3439 1221 3500 lere
1242 3454 1365 3518 semper
1385 3439 1533 3516 occupati,
1547 3439 1641 3516 probe
1663 3442 1820 3516 novimus,

1077 3547 1291 3611 quaecumque
1312 3532 1453 3608 quamvis
1467 3533 1583 3609 optima
1598 3533 1749 3609 instituta,
1763 3535 1821 3596 nisi

1076 3641 1165 3702 saepe
1185 3625 1304 3702 saepius
1316 3624 1513 3701 advigilatur,
1529 3641 1544 3686 a
1561 3627 1717 3704 primaeva
1733 3629 1821 3690 disci-

1077 3717 1160 3798 plina
1180 3718 1297 3778 sensim
1318 3717 1493 3779 desciscere.
1516 3719 1595 3794 Quin
1612 3719 1674 3798 ipsa
1689 3723 1824 3783 semina-

1077 3812 1121 3872 ria
1143 3819 1174 3871 et
1188 3809 1314 3886 collegia
1337 3810 1397 3884 hic,
1413 3811 1478 3872 sive
1492 3812 1550 3873 sub
1564 3812 1657 3874 vanius
1673 3815 1739 3876 slve
1754 3816 1822 3893 plo·

1078 3906 1171 3977 rium,
1185 3913 1237 3965 aut
1249 3920 1286 3965 ex
1303 3919 1397 3966 venn.
1411 3903 1557 3966 iratribus
1569 3906 1681 3968 nostris
1694 3907 1724 3970 S.
1735 3908 1770 3969 11.
1783 3909 1818 3970 Ε.

1078 3997 1300 4072 Cardinalibus,
1317 4005 1369 4059 aut
1384 3997 1538 4060 Romanae
1555 3999 1664 4062 Curiae
1679 4002 1820 4078 praelatis

1077 4099 1299 4170 protectorum,
1322 4092 1389 4151 sive
1408 4093 1466 4153 suh
1487 4092 1615 4154 alicuius
1644 4095 1820 4171 Congrege-

1076 4185 1170 4246 tionis
1190 4183 1373 4247 eorumdem
1392 4185 1603 4248 cardinalium
1619 4196 1650 4248 et
1671 4189 1820 4266 praelato-

1076 4295 1148 4342 rum
1169 4281 1262 4341 ductu
1294 4279 1488 4357 auspicioque
1517 4281 1612 4357 posita
1639 4297 1694 4359 pro
1720 4283 1819 4345 adole-

1075 4373 1228 4435 scentium
1250 4388 1313 4434 non
1329 4373 1419 4434 modo
1441 4373 1543 4436 ltaliae
1556 4373 1607 4436 sed
1627 4377 1720 4436 etiam
1736 4386 1822 4438 exte-

1075 4483 1180 4530 rarum
1203 4468 1376 4542 nationum,
1392 4468 1427 4529 ad
1449 4467 1611 4531 missiones
1625 4470 1819 4548 potissimum

1075 4562 1107 4624 in
1124 4561 1351 4623 haereticorum
1365 4569 1395 4622 et
1412 4561 1585 4623 infidelium
1602 4564 1737 4641 partibus
1752 4580 1821 4642 per-

1075 4657 1204 4732 agendas
1239 4653 1403 4732 aliquando
1435 4655 1676 4732 mittendorum,
1714 4659 1820 4720 educa-

1075 4749 1177 4823 tione,
1199 4748 1313 4809 scimus
1340 4748 1497 4809 interdum
1520 4749 1669 4826 paralius
1695 4767 1819 4830 quoque

1076 4843 1209 4920 inspecta
1232 4849 1324 4918 atque
1345 4841 1502 4916 recognita
1525 4841 1628 4918 luisse,
1652 4851 1685 4904 ut
1706 4845 1820 4922 siquid

1076 4945 1143 4998 tum
1165 4936 1197 4995 in
1220 4935 1377 5008 doctrinis,
1401 4942 1469 4996 lum
1483 4935 1516 4995 in
1532 4938 1680 5011 moribus,
1704 4945 1771 4999 tum
1787 4940 1819 5000 in

1073 5029 1248 5106 sumptibus
1270 5027 1415 5105 paulatim
1443 5027 1588 5090 declinari
1617 5031 1818 5106 constitisset,

1076 5123 1105 5183 id
1126 5123 1161 5183 ad
1184 5121 1351 5198 pristinum
1372 5128 1487 5183 statum
1502 5131 1675 5200 opportune
1697 5141 1820 5187 revoca-

1075 5224 1178 5291 retur3
1208 5217 1470 5293 quemadmodum
1502 5215 1530 5276 id
1559 5233 1648 5296 saepe
1678 5219 1820 5280 accidisse

1075 5309 1267 5386 exploratum
1289 5308 1446 5383 habentes,
1460 5323 1523 5370 non
1539 5310 1606 5371 sine
1621 5311 1706 5387 gravi
1721 5313 1819 5375 cordis

1074 5403 1171 5463 nostri
1194 5417 1334 5462 moerore
1349 5418 1626 5464 commemoramus
1642 5405 1756 5482 pluries
1772 5423 1819 5468 re·

1074 5507 1197 5576 perium
1210 5513 1286 5572 esse,
1297 5513 1351 5575 per
1363 5497 1586 5573 negligentiam
1603 5499 1819 5562 ministrorum

1073 5593 1183 5663 studia,
1207 5606 1319 5666 mores,
1343 5591 1460 5652 reditus
1482 5609 1514 5652 ac
1537 5602 1707 5670 proventus
1736 5603 1819 5656 recta

1074 5686 1148 5747 ferri
1170 5686 1202 5746 in
1226 5684 1368 5746 exitium.
1397 5685 1602 5759 Quamobrem
1630 5689 1740 5749 amotis
1762 5689 1820 5749 rni-

1075 5777 1179 5840 nistris
1200 5793 1263 5838 non
1286 5777 1463 5840 curantibus
1485 5779 1557 5840 novi
1572 5780 1703 5856 suffecti,
1720 5787 1751 5842 et
1766 5798 1819 5842 an·

1765 585 1801 647 15
1852 586 1906 638 An.
1921 587 1951 639 0.
1973 587 2040 638 1741
