4764 6972
880 570 1078 618 Btzrtnbtcvt's
1100 572 1163 616 dlv.

252 689 409 767 quosdam,
425 689 479 767 qni
501 691 579 767 apud
602 689 805 753 sanctitatem
827 698 912 753 tuam
938 690 995 768 ipsi

252 781 348 843 labem
371 781 515 844 infamiae
537 797 702 860 aspergere
722 793 796 845 sunt
817 785 929 848 conati.
954 784 996 845 Te

252 874 347 950 igitur
368 875 461 936 etiam
479 883 570 954 atque
592 876 684 937 etiam
700 891 787 952 rogo,
805 886 840 938 ut
860 893 915 955 pro
933 885 995 950 tua,

252 967 383 1045 quaein
406 968 555 1030 universo
583 968 700 1030 ttundo
728 969 913 1043 celebratur,
938 969 997 1032 cle-

252 1061 380 1136 mentia,
403 1062 488 1123 illius
503 1063 656 1124 rationem
671 1064 792 1139 habeas,
809 1081 889 1126 neve
905 1065 994 1126 fidem

253 1153 366 1216 tribuas
389 1170 498 1216 eorum
522 1157 621 1231 dictis,
638 1156 690 1235 qui
713 1157 812 1218 eidem
835 1157 998 1218 adversan-

254 1255 313 1309 tur.
337 1247 495 1310 Praeclara
527 1250 643 1311 etenim
666 1267 745 1328 quae
772 1251 866 1326 gessit
892 1265 996 1327 opera,

252 1339 411 1418 animique
439 1341 535 1418 ipsius
562 1341 686 1415 candor,
709 1359 742 1404 ac
771 1341 895 1403 fervens
916 1341 998 1403 Beli-

253 1432 352 1508 gionis
373 1433 524 1507 studium,
547 1435 692 1495 eumdem
713 1433 870 1496 declarant
892 1443 998 1496 eontra

252 1525 299 1586 ius
319 1533 351 1586 et
373 1541 509 1604 aequum
524 1526 561 1587 ab
580 1525 762 1587 adversariis
783 1526 997 1588 insimulatum

1721 553 1779 616 {55
1828 551 1883 604 An.
1897 553 1927 604 (i.
1949 550 2020 604 1744

1052 705 1085 751 ae
1107 689 1331 754 studiosissime
1352 693 1517 756 defunctus
1539 700 1596 766 est,
1619 691 1691 752 alias
1712 689 1798 752 nobis

1053 783 1178 847 tradidit
1199 786 1377 864 apostolicas
1408 787 1510 848 literas
1531 793 1660 860 vestras,
1686 783 1798 862 quibus

1052 877 1206 952 synodum
1243 888 1379 940 nostram
1415 878 1603 939 libaniticam
1635 877 1799 938 confirma-

1055 969 1107 1030 tis:
1143 962 1216 1048 q'nas
1248 973 1376 1049 quidem
1403 971 1522 1046 literas,
1554 987 1612 1049 qua
1640 969 1719 1030 filios
1747 967 1800 1028 ob

1053 1063 1307 1140 sequentissimos
1334 1066 1420 1126 decet
1448 1064 1642 1136 reverentia,
1667 1055 1801 1137 suscepi-

1053 1169 1139 1216 mus:
1170 1156 1363 1217 obsecrantes
1393 1158 1491 1219 lleum
1520 1156 1678 1233 optinum
1707 1153 1800 1215 Maxi-

1054 1263 1154 1324 mum,
1178 1258 1213 1310 ut
1235 1265 1313 1326 quae
1335 1250 1369 1311 in
1392 1265 1424 1310 ea
1447 1251 1563 1328 synodo
1594 1256 1667 1311 sunt
1689 1245 1802 1309 consti-

1055 1350 1132 1415 tuta,
1154 1357 1247 1419 opere
1271 1343 1470 1421 impleamus:
1498 1343 1577 1420 quod
1600 1340 1711 1402 sanetis
1732 1355 1800 1417 pre-

1053 1436 1140 1498 cibus
1171 1435 1304 1508 resilio,
1334 1443 1365 1496 et
1392 1435 1554 1514 apostoliea
1586 1433 1800 1496 benedictione

1055 1528 1138 1603 freti,
1161 1545 1218 1590 nos
1245 1527 1377 1590 facturos
1405 1543 1575 1605 speramns.
1595 1525 1730 1600 -Quod
1754 1541 1801 1588 re-

251 1617 357 1680 fuisse.
376 1652 414 1665 -
430 1620 508 1682 llaec
530 1620 649 1694 omnia,
674 1619 871 1683 sanctissime
898 1620 997 1694 Pater,
1025 1603 1027 1687 l
1054 1623 1176 1700 liquum
1199 1627 1256 1694 est,
1280 1636 1335 1681 vos
1363 1621 1455 1682 etiam
1478 1627 1569 1698 atque
1596 1619 1707 1693 etiam,
1729 1619 1801 1680 Bea-

251 1712 394 1790 preeibus
410 1729 425 1772 a
440 1719 470 1773 te
485 1728 576 1789 quam
599 1727 763 1790 possumus
777 1713 999 1774 studiosissime
1025 1692 1028 1765 f

253 1805 427 1879 contendo,
456 1804 579 1882 tuisque
601 1804 716 1866 iterum
738 1806 850 1866 sanetis
871 1805 999 1882 pedibus
1025 1783 1028 1837 ἶ

252 1895 473 1958 demississime
494 1897 596 1958 oscula
618 1897 768 1973 defigens,
781 1897 879 1960 Deum
901 1911 955 1958 oro
969 1904 1000 1959 et

253 1989 402 2064 obtestor,
426 1997 461 2051 ut
483 1991 518 2052 ad
541 1990 657 2051 multos
679 1999 710 2052 te
724 2005 822 2052 annos
843 2005 955 2051 sanum
970 1998 1000 2050 et

253 2082 444 2146 ineolumem
466 2090 579 2144 servet.
593 2115 631 2128 -
647 2084 757 2145 Datum
779 2085 811 2144 in
834 2083 998 2146 Conventa

1055 1716 1173 1777 tissime
1203 1714 1308 1786 Pater,
1339 1728 1496 1790 rogamus
1519 1720 1554 1773 ut
1575 1711 1728 1772 antedicto
1749 1711 1803 1772 Pa-

1054 1807 1205 1870 triarchae
1221 1814 1327 1868 nostro
1341 1821 1404 1866 una
1418 1819 1488 1866 curn
1505 1803 1632 1881 reliquis
1648 1803 1802 1864 consuetis

1055 1900 1267 1980 spiritualibus
1289 1898 1473 1960 muneribus
1489 1897 1619 1975 pallium
1641 1897 1803 1958 confirma-

1056 1994 1149 2056 tionis
1164 1993 1312 2068 miltatis;
1329 1999 1420 2069 atque
1435 1991 1550 2052 iterum
1563 2005 1661 2067 prono
1676 2005 1803 2067 corpore

1055 2087 1089 2148 ad
1114 2095 1228 2148 terram
1244 2085 1494 2165 procumbentes,
1512 2091 1631 2145 sanctos
1645 2084 1736 2160 pedes
1751 2099 1803 2144 ve·

253 2176 376 2238 brissae
399 2177 431 2238 in
454 2177 631 2239 Chesroano
653 2178 770 2239 diexu.
787 2177 931 2250 octobris,
948 2193 1000 2238 an·
1026 2204 1029 2261 1
1055 2188 1135 2243 stros
1165 2187 1348 2241 reverenter
1380 2176 1613 2252 deosculamur,
1643 2177 1803 2254 Deumque

254 2285 295 2330 no
317 2286 497 2331 xooextrn.
514 2301 551 2315 -
568 2269 746 2332 sanctitatis
772 2277 842 2330 tuae
863 2269 1001 2331 humilli-

252 2379 323 2424 mus
344 2372 376 2423 et
396 2363 693 2440 obsequentissimus
721 2378 830 2423 servus
860 2368 891 2423 et
919 2378 1000 2424 erea-

254 2464 324 2518 tura
345 2488 384 2502 -
406 2457 514 2519 Simon
536 2456 645 2517 Petrus
674 2456 809 2518 Bvodius
830 2455 1000 2516 Patriarcha

253 2549 479 2613 Antiochenus

375 2760 529 2837 srrsroxa
551 2790 875 2837 aeentaersooaonun

325 2899 362 2943 er
383 2897 602 2944 narsooronuu
624 2897 668 2942 au
690 2898 936 2946 sanerrssruuu.

294 3131 314 3172 ‹
337 3110 537 3174 Sanctissimo
568 3125 601 3170 ae
632 3107 812 3170 Beatissimo
843 3108 942 3183 Patri,
970 3125 1003 3172 ac

253 3204 388 3267 nomino
403 3210 520 3276 nostro,
537 3199 703 3262 Benedieto
718 3200 797 3264 llll.
808 3201 896 3264 Pont.
909 3203 1001 3277 blax,

257 3297 372 3362 Christi
404 3294 528 3356 Domini
557 3293 678 3356 llieario
700 3303 732 3356 et
754 3295 834 3356 Petri
867 3294 1002 3373 Apostoli

254 3388 435 3453 successori.
449 3419 486 3432 -
501 3384 699 3448 sanctissime
719 3386 807 3448 Pater
825 3421 858 3430 -
875 3385 936 3448 Nos
948 3389 1003 3448 hr-

256 3479 441 3560 ehiepiseopi
464 3489 495 3541 et
517 3479 659 3557 Episcopi
678 3480 891 3542 Antiochenae
911 3481 1002 3554 sedis,

257 3573 438 3637 sanctitatis
460 3579 582 3632 vestrae
602 3572 697 3645 servi,
714 3573 749 3632 ad
772 3587 863 3650 puros
886 3579 1004 3633 vestros

256 3667 350 3748 pedes
372 3665 524 3727 submisse
546 3680 579 3726 ac
593 3673 777 3726 reverenter
792 3665 949 3741 provoluti
966 3665 1003 3726 si-

257 3761 452 3837 gnifieamus,
469 3757 767 3820 reverendissimum
782 3757 901 3820 Patrem
926 3757 1005 3820 laco-

257 3855 333 3915 bum
354 3852 393 3912 dc
413 3850 495 3914 Luca
527 3851 704 3926 ablegatum
726 3857 878 3924 vestrum,
900 3851 1004 3912 statim

259 3954 351 4025 atque
371 3945 434 4006 huc
455 3944 609 4024 pervenit,
626 3943 803 4021 apostolicas
818 3945 853 4004 ad
869 3959 924 4004 nos
939 3943 1007 4005 lite-

258 4057 306 4101 ras
326 4045 445 4100 vestras
466 4036 642 4114 pertulisse,
664 4037 775 4114 quibus
796 4035 882 4098 lectis
903 4043 934 4098 et
955 4053 1007 4098 au-

259 4131 340 4206 ditis,
368 4129 627 4192 reverendissimo
656 4129 785 4190 domino
812 4127 932 4192 Simoni
953 4128 1007 4190 Pa·

259 4225 411 4288 triarchae
427 4241 443 4284 a
459 4222 627 4286 Sanctitate
637 4229 738 4283 vestra
753 4223 883 4284 constitu
890 4230 919 4283 to
935 4222 1006 4283 obe-

260 4317 410 4380 dientiam
426 4315 637 4390 exhibuimus,
651 4322 733 4376 tanta
746 4329 818 4375 eum
829 4315 1005 4376 animorum

260 4409 476 4483 consensione,
493 4414 528 4468 ut
549 4422 643 4467 nemo
665 4415 808 4468 nostrum
830 4414 936 4468 eontra
957 4408 1007 4468 vel

261 4504 391 4576 hiscere,
413 4501 464 4562 vel
486 4516 587 4562 unum
608 4498 741 4560 verbum
760 4498 899 4578 proferre
916 4517 1007 4562 ausus

260 4597 310 4658 sit.
329 4597 422 4673 idque
437 4595 470 4654 in
485 4593 670 4672 obsequium
689 4579 864 4653 sanctitatis
888 4599 1007 4654 vestrae

261 4696 291 4750 et
315 4685 400 4749 Sedis
425 4684 632 4764 Apostolieae:
660 4691 706 4745 est
731 4685 815 4745 enim
844 4683 932 4746 nobis
956 4701 1007 4746 ex-

261 4780 416 4859 ploratum
443 4785 474 4839 et
501 4783 698 4854 compertum
723 4776 926 4854 Apostolieam
953 4775 1007 4839 se·

262 4875 330 4937 dem
351 4888 419 4934 esse
441 4879 561 4950 petram
582 4869 770 4931 orthodoxae
787 4869 868 4943 fidei,
884 4886 1007 4948 quama

263 4966 429 5028 maioribus
454 4964 568 5025 nostris
593 4962 780 5040 accepimus:
805 4977 923 5040 nosque
938 4963 1008 5024 uni-

261 5060 343 5121 versi
374 5058 470 5137 parati
503 5071 612 5118 sumus
645 5056 832 5131 sanguinem
865 5063 1006 5117 nostrum

262 5154 295 5215 in
315 5153 400 5215 illius
415 5151 545 5228 gratiam
560 5149 758 5228 profundere.
781 5148 897 5210 Gratias
912 5148 1008 5224 igitur

264 5245 423 5310 Sanctitati
444 5250 567 5304 vestrae
588 5242 708 5317 agimus
730 5257 823 5319 quarn
844 5257 1007 5318 possumus

264 5339 412 5401 maximas
432 5337 471 5398 de
491 5335 653 5413 apostoliea
675 5349 767 5412 quam
795 5334 894 5395 nostri
915 5335 1007 5410 gessi-

264 5433 318 5494 stis
338 5448 422 5505 eura,
436 5431 467 5490 in
489 5430 547 5490 hoe
568 5427 749 5506 praesertim
765 5426 940 5488 calamitoso
960 5443 1007 5488 re·

265 5540 335 5586 runa
356 5529 456 5596 statu,
479 5521 512 5582 in
533 5537 594 5599 quo
626 5535 749 5580 eramus
779 5521 950 5581 constituti.
970 5552 1007 5565 -

265 5617 348 5680 ldem
359 5613 639 5676 reverendissimus
654 5611 810 5688 ablegatus
824 5621 937 5686 vester,
954 5616 1007 5691 qui

265 5725 396 5772 munere
416 5723 473 5769 suo
487 5707 568 5784 apud
582 5723 638 5767 nos
659 5705 841 5784 prudenter,
853 5706 1008 5783 sapienter

1056 2289 1201 2350 rogamus
1222 2279 1257 2333 nt
1278 2269 1479 2332 Sanctitatem
1507 2277 1643 2332 vestram
1667 2269 1719 2329 diu
1740 2285 1802 2329 ser·

1056 2376 1109 2428 vet
1131 2365 1332 2428 ineolumem.
1357 2364 1469 2425 amen.
1488 2395 1526 2408 -
1541 2363 1652 2423 Datum
1671 2362 1702 2422 in
1726 2362 1804 2425 Con-

1056 2467 1154 2520 ventu
1178 2457 1297 2518 hrissae
1311 2457 1344 2517 in
1361 2457 1547 2529 Chesroano,
1570 2454 1619 2515 die
1641 2453 1803 2515 undecima

1056 2553 1200 2626 octobris,
1228 2567 1312 2612 anno
1341 2549 1454 2612 Christi
1477 2563 1656 2610 uoecxxxu.
1674 2579 1712 2594 ·-
1728 2547 1804 2609 san·

1056 2645 1170 2708 etitatis
1198 2652 1319 2705 vestrae
1345 2640 1515 2704 humillimi
1537 2649 1568 2702 et
1593 2641 1806 2718 obsequentis·

1056 2739 1127 2799 simi
1158 2737 1238 2798 servi
1271 2734 1499 2813 Archiepiscopi
1531 2741 1562 2795 et
1593 2733 1735 2811 Episcopi
1767 2765 1805 2778 -

1057 2831 1138 2892 Elias
1151 2830 1244 2891 Areae
1258 2861 1296 2874 -
1311 2827 1469 2905 Philippus
1484 2825 1610 2904 Lystrae
1624 2858 1662 2871 -
1679 2825 1807 2904 Stepha-

1057 2941 1116 2985 nus
1132 2923 1216 2984 Botri
1227 2954 1265 2968 -
1276 2919 1396 2983 Gabriel
1413 2919 1608 2981 Ptolemaidis
1619 2919 1806 2995 -lgnatius

1057 3016 1131 3094 ‘fyri
1146 3047 1184 3062 -
1199 3016 1328 3076 loannes
1360 3013 1517 3090 Beryti-
1534 3012 1662 3075 Michael
1692 3013 1805 3073 Panea-

1057 3111 1103 3172 dis
1120 3143 1154 3154 -
1171 3108 1279 3170 Tobias
1300 3105 1454 3185 Neapolis.
1479 3105 1523 3183 (l)

1096 3201 1295 3264 intellexistis
1310 3201 1383 3273 iam,
1397 3199 1587 3260 venerabiles
1602 3199 1723 3272 fratres,
1741 3213 1807 3258 om·
1859 3217 2036 3282 coassumpto

1059 3294 1229 3374 nipotentis
1251 3294 1304 3354 Dei
1327 3308 1394 3370 ope,
1413 3291 1597 3353 Antiocheni
1613 3291 1807 3354 Patriarchae
1825 3269 1995 3318 ³¹¹⁰⁰¹¹'¹⁰¹¹¹³·

1058 3389 1204 3452 electioni
1226 3389 1322 3450 tinem
1350 3400 1470 3447 summa
1491 3402 1565 3448 cum
1586 3401 1659 3464 paee
1681 3385 1806 3463 imposi-

1059 3491 1139 3558 tum,
1163 3489 1193 3544 et
1214 3497 1248 3542 ca
1270 3479 1402 3553 ratione,
1426 3495 1518 3556 quam
1548 3495 1620 3554 nos,
1643 3478 1706 3540 Deo
1728 3479 1805 3556 ipso,

1058 3584 1094 3638 ut
1115 3583 1272 3652 putemne,
1296 3572 1479 3649 inspirante,
1501 3571 1729 3650 proposuimus.
1761 3570 1806 3633 si-

1058 3683 1133 3731 mon
1156 3667 1263 3728 Petrus
1285 3664 1421 3726 Evodius
1442 3665 1577 3726 Damasei
1599 3663 1809 3741 Archiepiseo-

1059 3777 1116 3840 pus
1137 3761 1172 3820 ad
1195 3756 1435 3836 patriarchatum
1453 3767 1577 3818 evectus
1600 3761 1656 3816 est.
1681 3760 1809 3834 Aposto-

1059 3855 1115 3916 lica
1142 3859 1247 3913 nostra
1279 3849 1387 3910 Brevia
1420 3849 1569 3925 singulari
1601 3849 1807 3910 veneratione

1059 3952 1181 4022 recepta
1202 3949 1333 4033 sunt,et
1348 3942 1525 4003 executioni
1548 3943 1700 4004 mandata.
1717 3942 1807 4003 Pater

1060 4037 1183 4100 lacobus
1195 4035 1343 4096 Lucensis
1357 4034 1514 4110 ablegatus
1529 4035 1713 4111 apostolicus
1727 4033 1808 4094 mul·

1061 4137 1089 4192 ta
1111 4144 1182 4192 eum
1204 4127 1294 4190 leude
1314 4144 1347 4188 se
1369 4127 1472 4203 gessit.
1498 4127 1562 4188 [luo
1585 4126 1630 4187 illi
1652 4123 1808 4203 praesules
1862 4143 2039 4210 prpusqug.

1061 4223 1143 4284 Blias
1163 4227 1194 4283 et
1215 4220 1333 4294 Tobias,
1358 4219 1423 4297 qui,
1446 4227 1481 4281 ut
1502 4218 1604 4296 paullo
1632 4227 1703 4280 ante
1724 4218 1810 4278 audi·
1828 4197 2037 4245 ¹⁰⁰t¹⁵⁰b¹¹¹¹⁸⁵¹⁰·

1060 4315 1126 4389 stis,
1149 4315 1180 4375 in
1204 4314 1410 4375 Patriarcham
1427 4313 1516 4374 electi
1537 4310 1672 4386 fucrant,
1688 4312 1742 4371 vix
1757 4328 1810 4372 au·

1062 4411 1123 4474 dita
1155 4407 1346 4469 Patriarchae
1371 4407 1524 4469 electione
1550 4423 1566 4466 a
1595 4406 1685 4467 nobis
1712 4403 1807 4480 faeta,

1060 4501 1164 4561 statim
1181 4500 1418 4578 acquieverunt,
1435 4509 1466 4561 et
1482 4499 1603 4578 ipsimet
1617 4496 1810 4560 Patriarchae

1061 4609 1127 4654 sese
1147 4591 1357 4665 subiicientes,
1376 4592 1475 4669 palam
1497 4590 1633 4669 profecto
1654 4589 1807 4665 fecerunt,

1062 4695 1176 4764 quanta
1198 4685 1237 4746 sit
1257 4701 1368 4746 eorum
1391 4700 1462 4760 erga
1483 4683 1564 4746 hanc
1592 4683 1733 4746 sanctam
1756 4681 1810 4744 se·

1062 4781 1134 4841 dem
1167 4777 1351 4839 obedientia.
1386 4777 1663 4840 commendatione
1694 4774 1809 4854 pariter

1062 4887 1184 4932 summa
1213 4870 1299 4946 digni
1322 4879 1395 4932 sunt
1423 4869 1650 4946 hechiepiseopi
1672 4875 1703 4930 et
1724 4883 1810 4946 prae·

1061 4965 1143 5025 sufes
1164 4963 1348 5036 maronitae,
1376 4969 1445 5024 tum
1472 4963 1565 5024 etiarn
1587 4969 1650 5023 tota
1678 4961 1809 5022 Maroni-

1062 5063 1166 5118 tarum
1187 5071 1273 5132 gens.
1308 5055 1441 5116 Proinde
1461 5069 1517 5114 nos
1545 5051 1731 5130 amplissima
1759 5053 1808 5114 illa
1849 5061 2040 5126 ¹qrogxeuaro-

1061 5149 1179 5225 elogia,
1202 5149 1314 5226 quibus
1342 5148 1471 5209 Romani
1500 5147 1663 5208 Pontifices
1685 5148 1810 5225 praede·
1828 5116 2040 5234 ἓὲξζζῑῗῡὲἒαξέξῖ

1062 5257 1195 5304 cessores
1211 5243 1309 5303 nostri
1324 5257 1393 5303 eam
1407 5242 1662 5315 cohonestarunt,
1675 5240 1809 5302 libenter
1828 5224 1939 5272 ²¹¹¹⁶¹¹³¹¹⁸
1952 5224 2020 5271 ⁶³²²·

1062 5335 1301 5396 subscribimus:
1322 5349 1393 5397 curn
1410 5335 1481 5396 Pius
1498 5332 1549 5394 tv.
1571 5333 1602 5394 in
1625 5332 1808 5411 quibusdam

1062 5430 1127 5490 suis
1148 5429 1321 5506 apostolicis
1336 5428 1433 5489 literis
1448 5425 1661 5499 affirmaverit,
1678 5433 1723 5488 tot
1738 5425 1808 5487 mil-

1062 5521 1101 5583 lia
1133 5521 1316 5596 hominurn,
1346 5520 1458 5598 quibus
1491 5519 1704 5598 componitur,
1727 5534 1809 5580 nun·

1063 5631 1155 5694 quam
1177 5616 1315 5675 adorasse
1336 5612 1422 5688 Baal3
1445 5612 1510 5690 qui,
1533 5611 1655 5672 tametsi
1678 5610 1810 5672 haereti·

1062 5709 1105 5770 cis
1125 5717 1156 5768 et
1177 5706 1377 5768 schismaticis
1399 5704 1603 5779 circumsessi,
1623 5719 1745 5783 semper
1768 5710 1809 5763 ta·

308 5921 336 5977 (l)
350 5921 434 5968 Lectio
448 5920 534 5968 literis
548 5919 718 5966 Patriarchae
732 5922 759 5964 ot
772 5919 927 5966 praesulum
942 5921 1143 5978 Maronitarum,
1156 5920 1196 5966 ite
1208 5917 1327 5984 Pontifex
1339 5927 1434 5962 rursus
1447 5915 1551 5962 loeutus
1565 5917 1618 5962 est:
