4744 6976
83 555 149 613 duc.
165 547 219 602 1744

244 677 364 741 illarum
385 680 525 758 partium
535 680 724 742 missionarii
735 695 880 759 suprema
894 678 990 742 buius

242 772 431 852 Apostolicae
452 771 540 836 Sedis
559 776 681 837 decreta
702 791 735 835 se
756 774 898 854 excipere
919 790 989 852 pro-

242 865 308 929 fassi
328 873 415 950 sunt,
438 866 527 930 nobis
549 867 723 945 expositum
744 866 816 942 luit,
829 865 865 928 ad
880 883 990 930 omnes

241 960 365 1021 demum
387 959 424 1020 iis
444 958 597 1023 derebus
623 960 851 1022 controversias
880 961 990 1022 sedan-

241 1052 303 1127 das,
327 1067 360 1114 ac
381 1052 609 1130 praedictarum
641 1053 843 1116 ecelesiarum
872 1060 989 1115 statum

239 1145 487 1222 componendum
509 1152 603 1222 atque
625 1145 827 1220 firmandum,
844 1145 889 1208 nil
904 1145 986 1209 aliud

241 1238 297 1300 iam
318 1237 481 1316 reliquum
502 1253 579 1312 esse,
607 1253 700 1317 quam
721 1244 756 1300 ut
777 1239 814 1301 ad
835 1239 989 1302 nonnulla

240 1330 400 1409 postulata,
421 1344 501 1408 quae
522 1345 561 1392 eu
582 1337 669 1409 parte
689 1328 867 1408 aliquorum
883 1347 990 1410 opera·

240 1425 358 1485 riorum
389 1422 570 1484 huiusmodi
602 1421 691 1484 nobis
720 1423 987 1500 proponebantur,

238 1531 393 1592 congruae
414 1514 618 1578 resolutiones
634 1523 665 1578 et
679 1516 897 1592 responsiones
918 1532 990 1595 apo·

237 1608 342 1671 stolica
364 1607 549 1670 auctoritate
574 1607 753 1686 prodirent;
785 1623 932 1686 magnam
954 1610 988 1673 in

236 1717 324 1780 spem
345 1699 442 1763 erecti
463 1713 584 1776 snmus,
607 1700 684 1776 iore,
708 1709 755 1777 ut,
783 1701 911 1764 sublatis
933 1717 988 1780 per

238 1802 411 1875 opportuna
433 1794 582 1874 rescripta
595 1794 767 1874 propositis
789 1795 989 1858 dubitationi-

239 1889 305 1963 bus,
328 1903 363 1949 ac
383 1887 515 1948 finitivis
541 1889 672 1950 demum
700 1887 867 1950 nostriset
895 1887 988 1952 huius

239 1980 430 2060 apostolicae
445 1979 532 2043 Sedis
543 1963 695 2042 mandatis
709 1988 803 2058 atque
818 1983 988 2059 praeceptis

236 2073 326 2136 editis
354 2089 389 2135 ac
417 2072 643 2149 promulgatis,
670 2079 795 2151 optatus
823 2072 987 2151 aliquando

238 2165 309 2228 linis
341 2165 560 2244 imponeretur
596 2165 754 2227 dinturnis
785 2165 988 2244 molestisqne

235 2257 499 2332 dissensionibus,
527 2271 607 2334 quae
635 2256 869 2336 praedicationis
893 2272 989 2320 evan-

236 2347 353 2426 gelicae
373 2350 408 2412 in
429 2349 593 2429 praedictis
614 2349 730 2426 Regnis
752 2349 828 2411 olim
849 2350 988 2412 dissemi-

236 2450 327 2504 natae
342 2440 482 2504 lructum
497 2441 558 2504 late
572 2442 760 2517 inlicientes,
776 2441 917 2521 ipsasque
933 2459 987 2504 no·

236 2549 348 2597 varum
370 2535 573 2597 ecclesiarum
594 2534 716 2596 soboles
731 2536 914 2597 vehementi
929 2536 989 2598 dis·

235 2629 412 2692 cordianum
444 2627 571 2690 turbine
600 2629 763 2704 agitantes,
786 2643 824 2689 eo
848 2643 915 2690 rem
937 2629 986 2692 ad·

235 2723 403 2796 duxerant,
422 2729 455 2784 ut
467 2727 512 2782 tot
524 2720 618 2782 Verbi
631 2721 686 2782 Dei
698 2736 864 2800 praecones
879 2722 987 2786 eximii

234 2813 305 2874 sine
326 2830 416 2876 causa
437 2813 536 2876 adhuc
558 2812 728 2889 laborasse,
752 2813 916 2894 largosque
937 2832 988 2878 su·

235 2909 326 2969 dores
341 2911 372 2967 ct
386 2906 574 2983 sanguinem
587 2907 701 2985 ipsum,
715 2907 829 2970 irustra
843 2907 987 2972 alludisse

235 3001 433 3064 viderentur.

76 3113 217 3172 rpuuaron.
274 3092 347 3168 52.
371 3093 412 3155 Ut
434 3093 520 3154 enim
542 3092 640 3156 multa
655 3101 896 3171 praetereamus,
909 3111 988 3175 quae

67 3167 219 3266 {ffugi
235 3185 397 3248 retroactis
418 3185 611 3264 temporibus
628 3187 682 3247 hac
702 3185 736 3246 in
751 3203 785 3248 re
796 3187 986 3264 acciderunt;

67 3273 219 3375 ffgjssdiffggffi
235 3279 429 3354 grandiores,
452 3293 528 3356 quas
549 3277 726 3353 innuimus,
758 3281 987 3341 controversiae

67 3381 110 3426 ua
234 3372 292 3433 hoc
314 3372 381 3450 ipso
407 3371 539 3433 ineunte
569 3371 691 3433 saeculo
718 3379 902 3449 eruperunt,
932 3386 987 3433 sou

235 3465 338 3542 potius
359 3471 527 3526 renovatae
547 3463 689 3538 luerunt,
713 3480 839 3543 qunma
860 3465 984 3527 lehrec.

234 3557 473 3635 praedecessore
500 3563 607 3618 nostro
640 3555 802 3621 Clemente
829 3557 907 3636 Papa
932 3559 984 3621 xl.

234 3650 360 3722 missus,
380 3650 416 3710 ad
438 3665 525 3710 oram
542 3649 757 3712 Coromandeli
779 3650 897 3729 appulit
911 3651 983 3713 bon.

234 3757 331 3804 mem.
345 3741 475 3804 Carolus
490 3741 634 3816 Thomas,
650 3747 726 3805 tunc
736 3741 909 3804 Patriarcha
924 3745 987 3804 An·

234 3835 410 3908 tiochenus,
433 3850 506 3898 cnm
527 3842 679 3912 potestate
708 3835 816 3911 Legati
837 3852 852 3895 a
874 3835 987 3898 Latere

232 3928 267 3989 in
289 3927 385 3990 indiis
406 3925 615 3990 Orientalibus
635 3927 871 3990 commissarius
886 3936 918 3990 et
934 3927 986 3990 Vi·

232 4019 344 4083 sitator
363 4021 570 4098 Apostolum,
593 4019 703 4082 deinde
726 4020 820 4082 huius
841 4020 872 4084 S.
893 4021 929 4083 lt.
948 4022 983 4083 E.

234 4113 614 4178 Cardinalis'lonrnonius
627 4121 837 4191 nuncupatus.
847 4113 876 4175 ls
887 4115 984 4191 enim,

228 4223 270 4268 eo
281 4223 357 4269 oum
368 4206 547 4285 appulisset,
560 4205 596 4266 ad
614 4207 765 4268 trutinam
781 4206 894 4268 vocatis
907 4223 985 4270 non-

234 4300 333 4362 nullis
355 4300 556 4374 ceremoniis,
579 4315 658 4377 quae
679 4299 717 4360 ab
737 4299 892 4379 aliquibus
913 4301 987 4363 mis·

233 4393 379 4454 sionariis
391 4393 636 4455 observabantur
647 4392 696 4454 vel
708 4394 984 4472 permittebantur,

234 4487 272 4548 ab
293 4487 362 4548 aliis
383 4501 459 4548 vero
483 4493 640 4564 tamquam
654 4486 841 4548 christianae
862 4488 986 4564 pietatis

233 4579 363 4658 spiritui
388 4578 518 4641 minime
544 4579 721 4640 ooniormes
753 4579 983 4655 reiiciebantor,

234 4671 320 4734 irnde
341 4671 563 4735 discordlarum
583 4678 614 4732 et
629 4671 911 4734 funestissimarum
927 4674 987 4735 dis·

234 4763 436 4842 putationum
467 4764 603 4840 semina,
637 4763 803 4841 exploratis
838 4780 891 4839 ea,
925 4782 985 4844 qua

234 4873 289 4934 par
311 4863 390 4930 erat,
420 4857 599 4933 diligentia,
623 4856 711 4918 lactis
732 4865 763 4918 et
783 4858 987 4920 circumstan-

69 4960 171 5030 ⁴..tiriacus
183 4963 218 5010 ru·
236 4950 330 5025 tiis,e
345 4965 380 5011 re
401 4949 577 5012 Christiana
598 4965 665 5012 esse
686 4951 798 5028 suique
812 4951 903 5013 officii
919 4967 987 5029 par·

34 5065 35 5124 3
66 5019 218 5124 32:23,ssss
236 5049 283 5104 tes
304 5043 432 5118 exigere
447 5042 606 5116 iudicavit,
623 5042 727 5120 plures
746 5042 923 5104 huiusmodi
937 5059 986 5105 ce-

34 5135 35 5196 }
67 5122 219 5217 {Tgfflfflfl'
235 5137 393 5196 aemonias
404 5134 493 5211 gravi
512 5135 676 5196 interdicto
688 5135 881 5212 proscribere
894 5143 987 5214 atque

235 5229 400 5304 damnare3
424 5228 550 5307 latoque
570 5229 671 5290 edicto
692 5244 747 5290 seu
768 5230 904 5303 decreto,
920 5244 987 5290 cer-

235 5327 301 5382 tam
336 5321 541 5383 missionariis
575 5335 718 5383 normam
753 5323 984 5399 praescribere,

235 5431 330 5493 quam
345 5415 378 5478 in
394 5413 563 5477 excolendo
574 5416 736 5478 Dominico
750 5415 803 5477 illo
815 5418 899 5492 hgro
911 5431 987 5478 cun-

234 5508 277 5568 cti
297 5515 475 5584 servarent,
489 5517 524 5570 ut
535 5509 640 5570 [livini
656 5509 754 5572 Verbi
767 5525 888 5585 semen,
901 5525 986 5587 prae·

234 5595 307 5656 cisis
323 5596 397 5657 lolio
412 5606 443 5659 et
458 5598 616 5676 vepribus,
630 5597 704 5660 altas
717 5615 811 5676 agere
825 5599 941 5660 radices
955 5606 986 5658 et

235 5687 414 5751 felicissime
430 5695 532 5768 posset
543 5691 716 5769 propagari.
730 5691 816 5766 Quod
831 5689 986 5768 quidema

875 562 1074 608 bssunblcrus
1096 563 1161 609 xlv.

1722 546 1779 610 167
1828 544 1883 600 An.
1897 547 1928 600 d.
1949 548 2021 600 1744

1046 695 1079 740 se
1100 679 1220 743 editum
1242 681 1404 744 decretum
1425 698 1441 742 a
1463 681 1649 745 missionum
1671 682 1798 746 illarum

1047 773 1289 851 provincialibus
1317 781 1348 836 et
1380 773 1593 852 superioribus
1620 775 1678 837 sub
1698 792 1798 855 poena

1046 866 1380 928 excommunicationis
1401 867 1480 928 latae
1501 869 1684 943 sententiae,
1702 885 1717 928 a
1732 885 1798 932 cae-

1046 957 1121 1019 teris
1143 973 1218 1020 vero
1239 958 1371 1021 subditis
1392 959 1594 1023 missionariis
1617 963 1676 1024 sub
1698 977 1796 1042 poena

1045 1051 1260 1129 suspensionis
1274 1067 1290 1112 a
1305 1051 1424 1113 Divinis
1446 1052 1511 1130 ipso
1532 1053 1611 1116 lacto
1633 1055 1797 1119 incurren-

1047 1141 1113 1218 dae,
1135 1143 1359 1205 inviolabiliter
1383 1143 1541 1206 observari
1563 1155 1595 1208 et
1616 1148 1796 1211 executioni

1045 1234 1187 1297 mandari
1209 1237 1374 1315 praecepit,
1397 1237 1495 1300 donec
1516 1238 1606 1301 aliter
1620 1239 1803 1318 Apostolioa'

1047 1327 1140 1392 Sedes
1154 1329 1343 1406 provideret.
1361 1330 1551 1410 Exemplum
1562 1341 1668 1395 antem
1678 1332 1795 1397 decreti

1047 1420 1199 1485 eiusmodi
1221 1431 1279 1498 est,
1302 1423 1463 1486 videlicet:

1086 1514 1252 1577 «carolus
1284 1515 1417 1577 Thomas
1452 1515 1590 1580 llaillard
1623 1520 1661 1581 de
1696 1519 1794 1582 'lour-
1844 1543 1978 1587 uentum
1994 1541 2029 1589 ao

1046 1620 1121 1681 non,
1144 1607 1199 1667 Dei
1219 1615 1251 1670 et
1279 1608 1472 1686 apostolicae
1502 1606 1589 1672 Sedis
1618 1611 1714 1688 gratia
1740 1613 1795 1674 Pa·
1812 1594 2029 1696 ξξξῇξῑῇξξζξξέζ

1046 1699 1178 1761 triarcha
1199 1701 1428 1777 Antiochenus,
1453 1701 1646 1766 sanctissimi
1668 1704 1795 1768 Domini
1813 1699 1881 1748 ¹¹¹¹¹
1895 1710 1991 1748 ΜΝ·

1046 1790 1149 1853 Nostri
1180 1792 1351 1855 Clementis
1380 1794 1491 1857 Divina
1517 1795 1714 1858 Providentia
1742 1797 1795 1858 Pa·

1045 1901 1101 1962 pae
1122 1879 1175 1949 ill.
1192 1885 1346 1965 praelatus
1360 1885 1559 1963 domesticus,
1575 1888 1705 1969 eiusque
1719 1906 1796 1969 pon-

1044 1978 1141 2040 tificio
1161 1978 1237 2040 solio
1258 1980 1414 2056 assistens,
1433 1977 1561 2044 'necnon
1584 1981 1715 2046 Sanctae
1735 1982 1794 2045 llo-

1045 2085 1155 2132 manae
1177 2077 1209 2132 et
1233 2070 1424 2134 Universalis
1452 2073 1666 2151 inquisitionis
1687 2085 1794 2138 contra

1046 2163 1231 2226 haereticam
1253 2164 1438 2242 pravitatem
1453 2166 1624 2242 consultor,
1641 2183 1675 2229 ac
1695 2169 1729 2230 in
1745 2170 1795 2233 ln·

1045 2256 1102 2318 diis
1121 2256 1338 2320 -Orientalibus
1368 2263 1399 2319 et
1427 2258 1577 2322 Sinarum
1605 2261 1739 2339 lmperio
1760 2263 1796 2324 fi-

1045 2349 1227 2428 nitimisque
1248 2349 1360 2412 lnsulis
1382 2352 1619 2415 commissarios
1634 2364 1665 2415 et
1680 2353 1795 2417 visita·

1047 2452 1094 2504 tor
1111 2443 1304 2521 Apostolicus
1318 2459 1390 2505 oum
1404 2443 1549 2507 iacnltate
1563 2443 1671 2522 Legati
1692 2445 1730 2508 de
1752 2448 1794 2510 la·

1046 2545 1111 2597 tere
1131 2543 1192 2598 etc.
1216 2533 1272 2614 (l).

1084 2629 1794 2709 aintergraviores,quibuspremimur,curas
1838 2647 2007 2695 amantum.

1045 2737 1100 2798 pro
1120 2721 1288 2800 Apostolici
1303 2721 1477 2784 visitatoris
1492 2738 1626 2785 munere
1641 2725 1741 2800 nobis,
1758 2725 1793 2788 li·
1819 2734 1822 2740 ’

1045 2821 1093 2877 cet
1108 2823 1195 2877 tanto
1210 2815 1299 2877 oneri
1314 2815 1494 2893 imparibus,
1508 2815 1661 2892 iniuncto,
1674 2833 1708 2879 ea
1719 2836 1794 2882 sane

1045 2915 1091 2968 est
1123 2908 1304 2985 praecipua,
1326 2923 1400 2969 cum
1421 2923 1478 2968 nos
1504 2907 1577 2970 hnc·
1596 2909 1706 2972 missos
1726 2905 1792 2974 'esse
1818 2899 1819 2904 ¹
1841 2921 1842 2926 ’

1044 2998 1277 3062 consideramus
1297 2998 1333 3060 ad
1349 3002 1585 3078 expurgandum
1600 2991 1794 3068 dominicium

1044 3108 1155 3169 agrum
1176 3109 1192 3153 a
1213 3093 1342 3153 zizaniis
1364 3092 1487 3154 novella
1513 3093 1627 3156 Christi
1651 3099 1792 3173 germina

1044 3185 1318 3259 suffocantibuset
1329 3185 1367 3247 de
1378 3185 1486 3246 alienis
1497 3187 1627 3264 peccatis
1639 3191 1793 3254 rationem

1043 3293 1111 3338 esse
1125 3277 1311 3352 reddituros,
1328 3278 1382 3356 qui
1397 3287 1556 3340 aeternam
1571 3279 1625 3340 Dei
1640 3281 1793 3344 ultionem

1044 3387 1100 3450 pro
1123 3370 1237 3432 nostris
1259 3386 1434 3449 numquam
1449 3372 1520 3438 satis
1541 3373 1702 3450 expiandis
1724 3376 1794 3438 iore

1044 3464 1262 3526 lormidamus:
1287 3465 1500 3542 quamohrem,
1517 3465 1621 3527 statim
1642 3473 1736 3546 atque
1756 3470 1792 3533 ad

1045 3559 1097 3619 has
1118 3557 1278 3620 indiarum
1300 3572 1366 3618 oras
1388 3557 1577 3635 appulimus,
1600 3560 1715 3621 mentis
1737 3577 1793 3623 no-

1043 3656 1125 3711 strae
1146 3649 1251 3712 oculos
1278 3664 1334 3727 per
1355 3651 1541 3711 vastissimas
1566 3649 1633 3712 illas
1654 3651 1796 3716 Orienta-

1044 3743 1088 3805 les
1108 3742 1263 3818 Regiones
1285 3743 1550 3818 circumierantes,
1574 3744 1650 3806 dnm
1680 3761 1792 3824 corpus

1043 3836 1192 3916 pertinaci
1215 3835 1324 3898 morbo
1345 3836 1458 3898 iaceret
1478 3834 1655 3910 detentum,
1672 3839 1794 3902 missio-

1043 3944 1121 3991 num
1144 3929 1341 3991 necessitates
1362 3927 1503 4006 undique
1522 3929 1685 4006 inquirere
1704 3948 1792 3994 cura·

1044 4022 1159 4095 vimus,
1173 4031 1208 4084 ut
1224 4021 1333 4084 iisdem
1355 4037 1410 4100 pro
1432 4020 1552 4097 viribus
1567 4023 1605 4083 de
1616 4031 1791 4100 opportuno

1043 4114 1183 4176 remedio
1200 4113 1456 4192 prospiceremus.
1481 4115 1519 4176 nt
1534 4113 1661 4192 quidem
1677 4119 1792 4181 merito

1043 4207 1127 4270 inter
1147 4207 1261 4285 primas
1283 4215 1407 4268 nostrae
1433 4207 1623 4271 solicitudini
1650 4225 1792 4274 occurre

1044 4306 1120 4361 runt
1135 4314 1233 4360 novae
1249 4298 1373 4359 Domini
1388 4299 1497 4363 vineae
1512 4304 1544 4364 in
1560 4304 1676 4382 Regnis
1688 4307 1793 4369 bladu-

1044 4391 1127 4452 rensi
1146 4398 1176 4452 et
1193 4391 1345 4465 Maissnr.,
1362 4394 1579 4474 recentiusque
1596 4398 1791 4474 Carnatensi,

1044 4484 1153 4546 iisdem
1174 4483 1240 4545 lere
1262 4483 1393 4561 legibus,
1421 4487 1548 4565 parique
1569 4487 1686 4566 labore,
1703 4491 1740 4554 ab
1761 4506 1793 4552 e-

1044 4576 1213 4651 vangelicis
1234 4573 1394 4639 Societatis
1415 4577 1483 4640 lesu
1505 4581 1652 4657 operariis
1673 4582 1793 4644 Lusita·

1044 4669 1092 4730 nis
1114 4676 1145 4730 et
1166 4667 1258 4730 Gallis
1281 4669 1445 4746 plantatae,
1464 4671 1517 4732 ubi
1540 4672 1622 4734 inter
1644 4675 1793 4737 Ethnico·

1044 4777 1117 4823 rom
1151 4769 1245 4840 atque
1276 4762 1443 4838 gentilium
1475 4767 1724 4842 persecutiones,
1758 4785 1792 4830 ac

1045 4854 1129 4915 inter
1151 4860 1196 4914 tot
1218 4854 1299 4916 vitae
1314 4856 1505 4932 asperitates,
1519 4857 1657 4920 virentes
1678 4860 1793 4936 germi-

1045 4954 1121 5008 nant
1144 4946 1304 5022 Evangelii
1335 4947 1489 5026 palmites,
1512 4951 1642 5013 assiduis
1671 4953 1792 5013 missio-

1044 5039 1207 5100 nariorum
1242 5038 1406 5101 sudoribus
1441 5041 1571 5118 irrigati.
1610 5043 1687 5106 llluc
1719 5059 1793 5106 sane

1044 5131 1223 5207 fuissemus,
1238 5133 1304 5194 'non
1326 5133 1431 5195 minus
1448 5134 1557 5196 laboris
1580 5151 1674 5214 qnam
1690 5138 1793 5214 gaudii

1044 5225 1077 5286 in
1094 5225 1216 5288 Christo
1231 5225 1298 5286 lesu
1314 5227 1477 5304 participes
1501 5244 1567 5290 csse
1587 5229 1792 5291 vehementer

1044 5321 1205 5399 cupientes
1219 5320 1280 5381 nisi
1294 5320 1353 5384 hoc
1368 5323 1456 5383 nobis
1468 5322 1614 5384 diuturna
1627 5324 1793 5386 infirmitas

1044 5413 1263 5492 prohibuisset.
1280 5414 1365 5487 Quod
1381 5421 1485 5475 autem
1505 5430 1561 5492 per
1573 5431 1627 5476 nos
1643 5417 1724 5494 ipsos
1736 5417 1793 5477 im·

1046 5506 1180 5568 mediate
1191 5505 1333 5566 obtinere
1345 5521 1408 5566 non
1422 5507 1521 5582 licuit,
1532 5507 1706 5569 exhibitum
1719 5523 1792 5584 erga

1044 5614 1100 5660 nos
1122 5606 1153 5660 et
1174 5598 1318 5660 Sanctam
1340 5597 1451 5662 Sedem
1476 5600 1684 5678 Apostolicam
1706 5600 1794 5661 obse-
1819 5647 1824 5654 .

1044 5691 1154 5769 quium
1169 5707 1185 5750 a
1199 5690 1340 5752 Patribus
1354 5690 1508 5754 Venantio
1530 5693 1665 5754 Bouchet
1681 5693 1796 5756 Garna-

276 5901 309 5959 (l)
323 5901 402 5948 aliud
416 5902 553 5951 decretum
566 5903 626 5950 vide
639 5903 668 5950 in
681 5907 763 5951 const.
781 5907 849 5950 oum
862 5908 932 5949 stcut
945 5903 1024 5949 clam.
1039 5905 1081 5949 XI.
1097 5913 1179 5962 supra
1192 5903 1242 5948 vol
1257 5904 1297 5958 11.‚
1311 5913 1336 5959 p,
1351 5903 1398 5947 283.
