4856 6984
358 562 411 614 Au.
427 564 457 616 Ο.
479 565 546 616 1752
597 565 656 627 504

578 701 832 780 tropolitanarum
864 701 1064 764 ecclesiarum
1100 701 1224 776 illarum
1256 716 1323 779 par-

578 797 657 858 tium
688 794 830 870 capitula,
863 795 1040 871 dignitates,
1073 797 1270 858 canonicatus
1292 801 1323 858 et

576 887 774 965 praebendas,
797 902 830 948 ac
850 887 1106 949 mansionariatus
1128 887 1160 948 in
1183 889 1227 950 eis
1246 887 1323 949 obti-

577 989 698 1055 nentes,
722 996 894 1060 eorumque
914 979 1058 1042 officiales
1079 991 1110 1043 et
1128 981 1274 1057 ministri,
1291 998 1324 1044 ac

578 1075 665 1149 bona,
698 1075 776 1148 iura,
808 1090 858 1136 res
880 1081 911 1136 et
938 1075 1153 1153 proprietates,
1182 1076 1219 1136 de
1242 1075 1321 1150 iure,

577 1183 646 1241 usu,
660 1165 895 1242 consuetudine,
908 1167 1084 1246 privilegio,
1098 1176 1150 1228 aut
1162 1167 1234 1228 alias
1249 1183 1324 1245 quo-

577 1258 755 1333 modolibet,
779 1275 841 1321 non
866 1268 969 1321 tamen
991 1259 1084 1320 titulo
1106 1275 1248 1336 oneroso,
1271 1267 1324 1321 aut

575 1370 613 1414 es
635 1353 758 1416 indulto
773 1371 827 1416 seu
843 1355 1006 1432 privilegio
1022 1357 1212 1434 particulari,
1229 1364 1325 1420 utun·

578 1456 640 1522 tur,
663 1448 824 1521 fruuntur,
854 1449 1018 1526 potiuntur
1046 1456 1077 1510 et
1099 1450 1246 1526 gaudent,
1271 1459 1324 1513 aut

577 1541 635 1616 uti,
657 1541 732 1617 lrui,
755 1542 845 1619 potiri
862 1552 891 1604 et
908 1541 1040 1619 gaudere
1055 1551 1194 1622 possunt,
1212 1549 1242 1605 et
1257 1550 1324 1623 pot·

576 1641 671 1695 erunt
693 1633 923 1712 quomodolibet
946 1636 978 1695 in
1000 1635 1155 1709 loturum,
1179 1637 1324 1698 similiter

577 1735 607 1788 et
629 1726 848 1805 paritormlter,
872 1743 905 1788 ac
936 1743 1031 1805 aeque
1060 1728 1271 1806 principaliter
1293 1737 1323 1790 et

578 1820 708 1896 ubique,
742 1819 856 1898 absque
887 1820 948 1881 ulla
981 1837 1106 1900 prorsus
1137 1822 1322 1899 dillerentia,

577 1913 743 1975 dummodo
767 1921 867 1974 tamen
900 1913 949 1974 illa
971 1915 1035 1976 sint
1058 1915 1089 1974 in
1114 1932 1182 1991 uso,
1206 1923 1237 1976 et
1259 1931 1322 1977 non

578 2011 727 2082 revocata,
751 2022 808 2067 nec
829 2007 887 2068 sub
907 2006 1007 2086 aliqua
1030 2009 1226 2070 revocatione
1241 2024 1323 2070 com·

577 2099 738 2176 prehensa,
761 2100 915 2177 sacrisque
946 2100 1115 2163 canonibus
1144 2108 1174 2162 et
1197 2101 1322 2179 praelati

578 2192 705 2256 Concilii
728 2193 902 2271 Tridentini
925 2195 1055 2255 decretis
1074 2211 1107 2257 ac
1129 2195 1324 2257 constitutio·

578 2285 668 2346 nibus
690 2293 720 2346 et
743 2286 988 2348 ordinationibus
1010 2287 1181 2365 apostolicis
1198 2293 1262 2350 uon
1278 2304 1324 2350 re-

577 2387 731 2455 pugnent,
753 2379 811 2453 uti,
834 2377 908 2453 lrui,
925 2380 1017 2456 potiri
1032 2388 1063 2440 et
1080 2382 1214 2457 gaudere
1229 2382 1325 2443 libere

576 2481 607 2534 et
629 2471 711 2534 licite
731 2472 825 2532 etiam
847 2473 964 2549 possint
985 2481 1015 2535 et
1037 2474 1173 2549 valeant,
1197 2476 1325 2553 perinde

577 2565 653 2627 acsi
676 2565 719 2626 eis
750 2563 934 2626 nominatim
958 2574 988 2627 et
1010 2581 1155 2645 expresse
1184 2585 1324 2629 concessa

578 2657 718 2732 luissent,
736 2659 844 2718 eadem
858 2658 1020 2735 apostolica
1036 2662 1218 2722 auctoritate
1232 2661 1324 2722 etiam

579 2759 726 2828 perpetuo
747 2750 946 2812 concedimus
968 2759 999 2813 et
1021 2751 1233 2829 ingulgemus.

368 2861 410 2906 rus
426 2859 560 2906 nominan-
618 2846 636 2919 ἓ
659 2843 707 2906 lb.
732 2844 770 2906 l'at
793 2845 930 2922 insuper,
954 2848 1082 2908 attentis
1099 2847 1252 2925 praelatae
1267 2849 1328 2910 lla·

346 2913 559 3013 ssffssfflfnneffll'gj
579 2941 641 3001 riae
663 2939 826 3000 Tberesiae
847 2937 981 3015 Reginae
1006 2939 1211 3018 peculiaribus
1233 2941 1327 3003 meri·

346 3020 426 3074 stam,
447 3019 560 3074 argnua-
580 3035 629 3109 tis,
651 3035 727 3095 dum
750 3033 811 3110 ipsa
826 3047 889 3110 pro
910 3033 1066 3096 erectione
1090 3051 1188 3096 novae
1210 3036 1327 3096 arclrie·

346 3076 399 3172 {3⁵³3
413 3082 559 3171 ὦὲἓξῑᾞῐῗῖ
580 3127 737 3206 piscopalis
766 3127 910 3189 ecclesiae
940 3128 1121 3189 Goritiensls
1150 3129 1325 3191 huiusmodi

346 3179 561 3287 Βίἒτῗὲῗιῖεὲῑτῖτῗῖἶ
578 3237 766 3283 consensum
789 3219 941 3298 praestitit
963 3221 1074 3283 unioni
1104 3221 1325 3284 beneficiorum

345 3287 423 3330 vatur
453 3285 558 3330 lavore
610 3315 615 3325 .
802 3314 821 3344 ,·
846 3313 880 3345 ,·
1138 3315 1143 3326 ·
1179 3333 1185 3345 ,

345 3339 459 3393 aeganae
486 3341 559 3383 arun·
577 3314 696 3392 aliquot
716 3314 992 3375 ecclesiasticorum
1014 3315 1050 3375 de
1065 3331 1120 3375 suo
1137 3322 1326 3393 rure-patro-

343 3391 559 3490 ᾖῇᾞξξρθῑξξᾞ
578 3413 667 3468 natus
688 3406 903 3481 existentium,
919 3423 952 3467 ac
971 3407 1242 3470 considerabilibus
1258 3423 1325 3470 mu·

344 3479 529 3544 caenaculum.
578 3500 703 3562 neribus
725 3507 755 3560 et
777 3501 929 3562 donativis
955 3499 1056 3562 eidem
1077 3502 1325 3580 archiepiscopali

515 3673 520 3678 Ι
575 3592 720 3655 ecclesiae
741 3593 908 3654 Goritiensi
929 3609 984 3671 per
1005 3609 1073 3654 eam
1090 3594 1185 3669 lactis,
1202 3611 1325 3674 speran-

578 3696 621 3748 tes
642 3687 734 3748 etiam
757 3688 838 3764 quod
861 3687 893 3749 in
916 3695 1088 3764 posterum,
1105 3704 1159 3768 pro
1179 3690 1245 3751 eius
1261 3690 1327 3750 sin-

576 3779 676 3857 gulari
698 3778 891 3854 liberalitate,
915 3780 971 3840 alia
993 3781 1104 3842 similia
1133 3791 1185 3844 aut
1208 3783 1324 3844 maiora

576 3873 674 3935 lacere
694 3873 799 3951 possit,
822 3871 923 3934 eidem
945 3873 1055 3935 Mariae
1081 3875 1245 3936 Tberesiae
1266 3874 1324 3935 lle·

576 3967 676 4043 ginae,
700 3967 828 4043 eiusque
851 3965 921 4028 ultis
943 3973 973 4027 et
989 3967 1258 4043 descendentibus,
1278 3969 1325 4030 ius

577 4060 758 4122 nominandi
780 4061 815 4120 ad
837 4058 1004 4136 praelatam
1036 4061 1324 4139 archiepiscopalem

576 4154 737 4215 eeclesiam
760 4159 820 4213 tam
844 4154 898 4215 bac
919 4153 1017 4230 prima
1040 4152 1118 4227 vice,
1135 4171 1150 4214 a
1169 4154 1325 4232 primaeva

576 4247 660 4308 illius
682 4246 840 4306 erectione
861 4254 891 4307 et
913 4245 1110 4308 institutione
1133 4263 1188 4325 per
1207 4264 1274 4323 nos,
1291 4255 1326 4309 ut

576 4339 759 4419 praefertur,
782 4339 878 4413 lactis,
908 4339 1037 4416 pastoris
1066 4338 1174 4400 solatio
1196 4341 1324 4403 destitu-

484 4459 486 4464 ·
577 4441 650 4509 tam,
674 4448 767 4511 quam
785 4432 939 4509 deinceps,
956 4433 1076 4510 quoties
1091 4449 1158 4496 eam
1174 4448 1229 4511 pro
1245 4437 1324 4496 tem·

577 4543 649 4606 pore
670 4524 915 4603 quomodolibet,
932 4541 995 4588 non
1015 4532 1118 4588 tamen
1135 4542 1190 4604 ρετ
1205 4526 1323 4588 obitum

483 4671 488 4678 .
576 4622 655 4698 apud
677 4616 789 4680 Sedem
811 4618 1019 4697 Apostolicam
1035 4620 1214 4698 praelatam,
1232 4619 1326 4682 etiam

576 4714 704 4791 pastoris
724 4712 833 4774 solatio
865 4713 989 4774 destitui
1022 4713 1199 4789 contigerit,
1222 4729 1324 4792 perso-

577 4821 650 4867 nam
672 4807 826 4881 idoneam,
848 4821 903 4884 ρετ
925 4821 991 4881 nos,
1009 4813 1040 4867 et
1054 4805 1230 4869 Romanum
1246 4807 1323 4869 Pon-

577 4900 691 4961 tificem
714 4914 769 4977 pro
790 4907 930 4977 tempore
951 4899 1151 4975 existentem,
1167 4902 1203 4962 ad
1225 4902 1327 4963 nomi-

578 4993 737 5054 nationem
758 4992 948 5068 boiusmodi,
971 4993 1073 5054 eidem
1101 4993 1245 5056 ecclesiae
1267 4994 1325 5057 Go-

578 5086 698 5148 ritiensi
721 5087 753 5146 in
775 5087 1045 5164 archiepiscopum
1073 5088 1323 5165 praeficiendam,

577 5195 697 5242 necnon
718 5180 753 5240 ad
776 5180 1019 5262 praeposituram
1042 5189 1073 5241 et
1095 5183 1278 5243 decanatum
1294 5189 1325 5243 et

577 5271 832 5352 primiceriatum,
856 5283 886 5334 et
908 5273 1047 5351 quinque
1075 5275 1271 5336 canonicatus
1294 5283 1325 5338 et

577 5365 781 5443 praebendas,
797 5382 829 5428 ac
849 5381 904 5428 ser
926 5367 1184 5430 mansionariatus
1209 5368 1326 5447 praela-

578 5466 633 5533 tos,
657 5474 778 5522 necnon
800 5459 834 5520 ad
859 5475 954 5521 unam
968 5468 1000 5521 et
1015 5459 1143 5522 alteram
1159 5469 1324 5540 perpetuas

575 5552 777 5631 cappellanias
793 5553 824 5613 in
840 5552 972 5630 praelata
990 5553 1115 5616 ecclesia
1130 5555 1325 5632 patriarchali

576 5645 767 5724 Aquilejensi
798 5663 851 5725 per
880 5663 946 5722 noe,
976 5656 1010 5710 ut
1036 5647 1223 5725 praefertur,
1253 5665 1324 5726 sup·

577 5755 677 5817 pressa
699 5747 730 5800 et
752 5740 897 5812 extincta,
921 5756 976 5819 pro
997 5741 1204 5803 celebratione
1219 5743 1324 5804 missa-

578 5846 647 5891 rum
663 5838 692 5892 et
708 5833 993 5894 anniversariorum
1009 5833 1230 5911 praelatorum,
1247 5836 1322 5896 inibi

578 5939 632 6002 ρετ
653 5939 754 5987 unum
775 5932 806 5987 et
827 5926 959 5988 alterum
982 5928 1188 6006 presbyteros,
1206 5928 1324 6007 cappel-

1104 583 1165 627 lllll·
1193 582 1283 627 PON'l'.
1308 583 1348 626 bu
1370 583 1399 626 1³-
1423 583 1451 628 ἲ.
1478 584 1559 628 PARS
1582 583 1602 627 l.

1379 701 1462 763 lanos
1485 702 1720 782 nuncupandos,
1744 701 1936 776 obtinendas,
1960 700 2130 764 destinatos

1378 805 1420 872 et,
1438 804 1472 858 ut
1487 795 1673 875 praelertur,
1696 803 1814 857 erectos
1836 802 1866 856 et
1889 802 2005 856 erectas
2022 793 2129 856 buius·

1381 889 1473 964 modi,
1497 891 1756 969 quandocumque
1774 897 1806 951 et
1821 889 2077 967 quotiescumque
2091 888 2130 949 ll-

1380 984 1421 1045 los
1443 992 1473 1045 et
1496 983 1563 1044 illas
1584 981 1622 1044 de
1642 989 1774 1058 caetero,
1791 981 1954 1061 quibusvis
1970 981 2079 1055 modis,
2095 991 2129 1043 et

1379 1093 1416 1140 eu
1437 1090 1711 1155 quorumcumque
1732 1077 1883 1153 personis,
1905 1075 1998 1136 etiam
2014 1077 2128 1136 uostris

1378 1179 1408 1234 et
1430 1172 1560 1234 Romani
1583 1169 1740 1232 Pontificis
1762 1185 1816 1250 pro
1839 1176 1978 1247 tempore
1993 1169 2129 1230 eristen-

1380 1267 1428 1341 tis,
1450 1282 1506 1327 seu
1529 1264 1713 1343 quorumvis
1745 1263 1897 1341 praelatae
1920 1263 2047 1326 Sanctae
2070 1263 2128 1324 llo-

1380 1377 1487 1422 manae
1509 1359 1661 1420 Ecclesiae
1683 1357 1907 1432 cardinalium,
1936 1355 2031 1419 etiam
2054 1364 2130 1418 tunc

1380 1453 1565 1527 viventium,
1589 1451 1792 1512 lamiliaribus
1814 1459 1844 1512 et
1866 1449 2025 1510 continuis
2046 1464 2130 1510 com·

1380 1545 1578 1620 mensalibus,
1601 1561 1655 1606 seu
1678 1543 1833 1620 praelatae
1854 1543 2011 1606 Romanae
2026 1542 2132 1604 Eccle-

1378 1638 1438 1698 siae
1460 1644 1491 1698 et
1512 1638 1615 1698 curiae
1646 1635 1838 1710 officialibus,
1862 1641 1914 1697 aut
1936 1633 2009 1694 alias
2030 1650 2132 1696 reser-

1380 1730 1534 1792 vationem
1557 1739 1587 1792 et
1609 1729 1803 1790 abactionem
1825 1727 2057 1801 inducentibus,
2073 1743 2129 1788 seu

1379 1837 1432 1898 per
1455 1821 1576 1896 liberas,
1599 1821 1693 1882 etiam
1714 1835 1751 1880 ex
1773 1835 1861 1880 causa
1876 1819 2129 1896 permutationis,

1379 1914 1602 1992 resignationes
1617 1915 1654 1974 de
1668 1912 1729 1974 illis
1742 1914 1774 1974 iu
1788 1911 1923 1972 llomana
1937 1913 2028 1974 Curia
2043 1927 2132 1990 prae·

1380 2009 1449 2083 laria,
1474 2008 1565 2069 etiam
1597 2007 1629 2066 in
1657 2006 1821 2068 nostriset
1850 2005 1980 2067 itomani
2003 2005 2131 2067 Pontifi-

1379 2103 1421 2164 cis
1442 2117 1498 2180 pro
1515 2111 1653 2178 tempore
1668 2101 1830 2161 existentis
1847 2098 2000 2174 manibus,
2013 2099 2062 2160 vel
2078 2115 2131 2160 ετ-

1380 2207 1423 2259 tra
1444 2212 1514 2257 eam
1536 2193 1780 2274 quomodolibet,
1805 2193 1977 2271 respective
1995 2193 2084 2254 lactas
2099 2201 2131 2254 et

1379 2290 1534 2361 admissas,
1557 2295 1609 2348 aut
1639 2285 1892 2362 assequurionem
1924 2287 2056 2348 aliorum
2079 2287 2132 2348 be-

1380 2383 1563 2445 neficiorum
1585 2379 1860 2444 ecclesiasticorum
1876 2379 1983 2457 quavis
1998 2379 2132 2442 auctori-

1381 2483 1441 2540 tate
1463 2475 1658 2549 collatorum,
1682 2492 1736 2537 seu
1760 2476 1829 2537 illos
1852 2483 1882 2536 ct
1900 2475 1965 2536 illas
1982 2491 2036 2553 pro
2053 2482 2132 2536 tem-

1381 2585 1454 2648 pore
1484 2569 1656 2646 respective
1684 2568 1894 2630 obtinentium
1917 2569 1949 2628 in
1971 2566 2074 2645 aliquo
2093 2584 2132 2628 eu

1382 2663 1539 2724 mensibus
1572 2661 1660 2723 nobis
1689 2669 1719 2722 et
1740 2660 1880 2723 Romano
1912 2661 2052 2722 Pontifici
2075 2676 2131 2738 pro

1382 2763 1521 2832 tempore
1541 2755 1688 2816 existenti
1719 2754 1853 2833 praelato
1882 2771 1915 2816 ac
1936 2755 2037 2816 eidem
2060 2753 2130 2816 Sedi

1382 2849 1570 2928 bpostolicae
1593 2848 1767 2923 reservatis,
1791 2862 1854 2908 non
1879 2855 1981 2908 tamen
1997 2861 2052 2924 per
2067 2846 2131 2909 obi-

1382 2950 1448 3002 tum
1470 2942 1549 3018 apud
1573 2939 1686 3003 Sedem
1708 2942 1863 3016 eamdem,
1887 2943 2058 3015 decessum,
2080 2940 2131 3001 vel

1380 3035 1522 3112 quamvis
1543 3034 1635 3095 aliam
1666 3034 1891 3110 dimissionem,
1919 3035 2129 3108 amissionem,

1382 3127 1598 3206 privationem,
1624 3128 1783 3203 religionis
1805 3128 1992 3203 ingressum,
2016 3137 2047 3189 et
2062 3143 2130 3205 pro·

1382 3220 1521 3282 lessionis
1534 3222 1565 3282 in
1581 3237 1614 3282 ea
1630 3221 1841 3295 emissionem,
1855 3222 2044 3283 matrimonii
2058 3237 2131 3283 con·

1383 3323 1527 3387 tractum,
1543 3319 1595 3374 aut
1618 3314 1689 3374 alias
1705 3315 1995 3392 quomodocumque
2011 3321 2041 3374 et
2057 3331 2130 3392 qua-

1382 3409 1588 3482 litercumque
1604 3423 1711 3469 vacare
1727 3408 1905 3483 contigerit,
1922 3423 2067 3486 personas
2083 3409 2131 3471 iti·

1382 3500 1451 3562 dem
1473 3501 1607 3570 idoneas,
1631 3499 1663 3561 in
1685 3501 1897 3578 praepositura
1929 3517 1985 3579 ρετ
2006 3517 2073 3576 nos,
2097 3511 2131 3564 ut

1382 3593 1566 3674 praefertur,
1589 3600 1690 3655 erecta
1720 3593 1864 3671 praelata,
1896 3596 2130 3672 quovismodo,

1381 3694 1411 3749 et
1434 3688 1465 3748 in
1487 3686 1648 3765 quibusvis
1669 3687 1828 3749 mensibus
1851 3703 1906 3766 ρτο
1925 3697 2063 3766 tempore
2081 3705 2133 3749 va-

1381 3787 1482 3855 cante,
1495 3795 1549 3857 per
1562 3779 1761 3842 ordinarium
1777 3780 1850 3856 loci3
1867 3781 1902 3841 in
1918 3781 2132 3858 primiceriatu

1382 3889 1467 3948 vero,
1490 3889 1522 3936 ac
1552 3872 1685 3948 singulis
1717 3874 1859 3952 quinque
1889 3874 2130 3950 canonicatibus,

1383 3963 1573 4042 totidemque
1602 3965 1795 4042 praebendis,
1818 3983 1852 4028 ac
1874 3983 1929 4028 sen
1958 3967 2132 4028 mansiona-

1382 4058 1519 4133 riatibus,
1543 4072 1667 4120 necnon
1691 4074 1751 4120 una
1774 4069 1804 4122 et
1824 4060 1919 4121 altera
1935 4059 2132 4138 cappellaniis

1383 4167 1435 4230 ρετ
1457 4167 1524 4226 nos,
1548 4158 1583 4214 ut
1605 4151 1788 4230 praefertur,
1807 4153 1920 4215 erectis
1940 4153 2130 4228 huiusmodi,

1381 4260 1444 4306 non
1473 4251 1577 4306 tamen
1600 4244 1633 4305 in
1656 4244 1858 4324 infrascriptis
1889 4263 1944 4308 ser
1973 4247 2132 4308 mensibus

1381 4354 1435 4417 pro
1467 4346 1606 4417 tempore
1639 4353 1759 4415 vacam,
1792 4355 1894 4417 neque
1926 4341 1957 4400 in
1979 4340 2060 4402 dicto
2081 4341 2131 4402 de-

1380 4440 1490 4493 canatu
1512 4433 1621 4510 quovis
1643 4433 1745 4506 modo,
1762 4439 1792 4493 et
1814 4433 1847 4493 in
1868 4431 2028 4510 quibusvis
2044 4447 2131 4494 men·

1380 4525 1464 4586 sibus
1496 4526 1588 4588 etiam
1621 4540 1676 4602 pro
1710 4533 1847 4604 tempore
1876 4531 2014 4600 vacante,
2039 4526 2131 4586 etiam

1382 4635 1436 4698 per
1466 4621 1612 4682 eumdem
1639 4619 1839 4682 ordinarium
1871 4619 1930 4682 loci
1960 4621 2132 4697 respective

1382 4713 1597 4787 instituendas,
1630 4712 1725 4774 simili
1757 4711 1919 4790 apostolica
1950 4714 2132 4776 auctoritate

1381 4807 1495 4881 pariter
1515 4814 1666 4884 perpetuo
1695 4819 1903 4880 reservamus,
1934 4806 2130 4868 concedimus

1381 4905 1411 4959 et
1432 4898 1641 4975 assignamus,
1665 4911 1788 4959 necnon
1811 4898 1859 4960 ius
1877 4898 2058 4960 nominandi
2074 4900 2133 4962 bu·

1381 4991 1524 5059 iusmodi,
1535 4999 1597 5053 tam
1618 4990 1655 5052 ad
1674 4992 1786 5052 dictam
1801 4991 1962 5053 ecclesiam
1975 4990 2129 5055 Goritien-

1379 5102 1456 5161 sem,
1481 5097 1574 5164 quam
1605 5085 1640 5147 ad
1674 5085 1928 5162 praeposituram,
1951 5091 1981 5146 et
2003 5087 2132 5148 decana·

1382 5189 1460 5253 tum,
1484 5186 1514 5240 et
1536 5178 1792 5257 primiceriatum,
1804 5186 1836 5238 et
1851 5178 1991 5256 quinque
2005 5179 2132 5240 canoni-

1379 5281 1475 5348 catus,
1500 5272 1691 5349 totidemque
1712 5271 1902 5350 praebendas
1924 5279 1954 5332 et
1975 5287 2029 5333 sen
2044 5287 2130 5334 man-

1379 5364 1575 5440 sionariatus,
1587 5381 1620 5426 ac
1635 5379 1730 5425 unam
1746 5371 1775 5425 et
1787 5364 1917 5426 alteram
1929 5364 2132 5443 cappellanias

1381 5474 1435 5537 per
1457 5474 1523 5533 nos,
1548 5465 1582 5521 ut
1604 5458 1788 5537 praefertur,
1814 5451 1938 5522 ‘erectas
1960 5469 1991 5522 et
2013 5467 2131 5522 erectos

2162 567 2216 617 An.
2232 568 2261 618 O.
2282 568 2344 619 1752

1382 5553 1572 5629 huiusmodi,
1590 5553 1713 5628 regium
1729 5553 1874 5628 existere,
1892 5551 2058 5630 eidemque
2072 5551 2130 5614 bla-
2196 5624 2199 5628 ¹

1383 5648 1444 5709 riae
1476 5645 1639 5708 Therasiae
1670 5645 1815 5721 reginae,
1845 5645 1974 5724 eiusque
2004 5644 2073 5706 filiis
2101 5651 2131 5705 et

1381 5738 1639 5803 descendentibus
1661 5737 1815 5815 praelatis,
1832 5752 1955 5816 semper
1977 5744 2007 5798 et
2025 5753 2131 5816 ρετρε-

1382 5840 1435 5894 tuo
1449 5837 1636 5910 competere,
1654 5829 1792 5908 illudque
1808 5830 1884 5905 vim,
1903 5828 2061 5906 ellectum,
2078 5847 2131 5891 na-

1384 5933 1498 6003 turam,
1514 5922 1731 6000 substantiam,
1749 5925 1924 5998 essentiam,
1938 5923 2129 6002 qualitatem,
