4764 6972
340 521 395 576 An.
409 523 440 577 0.
461 524 529 576 1743
580 523 618 588 96
1078 543 1142 587 run.
1166 542 1256 588 ronr.
1282 541 1322 587 nn
1343 543 1372 588 r.
1397 543 1426 588 r.
1450 543 1533 588 raas
1555 542 1575 586 ι.

369 669 486 716 noriano
508 669 540 716 ad
559 662 766 737 concedimus,
790 669 821 724 et
847 659 1027 738 elargimur.
1058 659 1223 723 Hortantes
1251 676 1302 723 ve·
1328 659 1331 741 t
1667 659 1792 724 llllllll.

330 723 541 770 ecclesiarumre·
658 755 663 766 .
936 754 941 764 .
1119 755 1124 764 .

329 779 411 822 atam
430 781 456 824 aa
470 787 541 834 prae.
560 755 712 818 nerabrles
733 754 841 818 iratres
862 754 1059 828 Patrrarchas,
1076 753 1235 827 Primates,
1248 755 1303 815 hr-

330 829 461 878 ‘¹¹⁰²‘⁰‘⁰⁸·
559 849 777 927 chiepiscopos,
794 848 958 927 Episcopus
972 854 1003 909 et
1017 845 1090 909 alios
1106 847 1303 910 ecclesiarum
1329 894 1331 909 .
1358 845 1505 910 Dnornna
1528 848 1757 928 episcopor-cm
1779 845 1960 906 electionem
1982 844 2023 907 ud
2043 843 2104 906 Po-

559 941 708 1019 praelatos
729 948 760 1002 et
781 950 926 1015 rectores,
949 957 982 1004 aa
1003 939 1091 1002 verbi
1112 941 1165 1002 Dei
1187 939 1303 1018 praedi·
1329 937 1331 1018 l
1399 940 1619 1004 triurcltotnin
1648 940 1887 1006 Maronitarum
1908 957 1927 1000 o
1950 937 2105 1000 dissiden-

560 1042 687 1110 catores,
711 1036 799 1097 utin
821 1035 884 1096 suis
905 1035 1036 1114 quisque
1061 1032 1208 1109 ecclesiis,
1230 1049 1303 1096 cum
1329 1076 1331 1127 ;
1400 1033 1487 1096 ribos
1515 1033 1726 1098 Praesaiibas
1749 1036 1871 1114 scotiam
1899 1033 2032 1095 irritam
2054 1032 2104 1093 de-

559 1130 690 1210 populus
711 1127 905 1207 frequentior
919 1127 1023 1203 inerit,
1040 1135 1216 1205 praesentes
1237 1126 1305 1188 lite-

560 1241 620 1298 ras,
643 1239 675 1284 ac
697 1221 801 1283 omnia
816 1222 848 1283 in
864 1221 910 1282 eis
925 1227 1071 1283 contenta
1088 1219 1256 1300 publicent,
1273 1231 1303 1282 et

1398 1129 1522 1200 cernit,·
1543 1125 1683 1205 sibique,
1716 1145 1756 1189 erc
1779 1127 1851 1188 inre
1877 1125 2102 1196 decollationis,

1398 1227 1523 1284 reuocat
1545 1221 1746 1284 collationem
1768 1220 1860 1282 iiiios
1883 1219 2029 1281 ecciesiae
2049 1234 2103 1296 pa-

561 1315 709 1397 publicari
736 1314 858 1388 iaciant,
880 1330 913 1374 ac
935 1325 1062 1376 omnem
1089 1315 1205 1376 eisdem
1234 1306 1331 1374 reli-¹
1401 1313 1593 1378 triorciiciis
1614 1313 1670 1395 (l).

562 1409 653 1487 glosis
680 1408 818 1470 favorem
841 1414 871 1468 et
898 1406 1050 1468 auxilium
1073 1407 1104 1468 in
1129 1405 1304 1484 praemissis

340 1504 543 1551 renascentem·
562 1509 729 1582 praestent.
754 1500 907 1564 Volumus
928 1508 1043 1575 autem,
1059 1500 1140 1578 quod
1163 1513 1304 1576 praeseu-

329 1559 541 1616 catransumpns.
562 1597 641 1660 tium
664 1595 881 1673 transumptis,
904 1594 996 1656 etiam
1019 1592 1186 1672 impressis,
1209 1607 1304 1653 manu

562 1689 691 1752 alicuius
718 1689 828 1751 notarii
851 1687 977 1767 publici,
1000 1703 1056 1748 seu
1077 1685 1175 1748 dictae
1202 1683 1304 1746 Socie-

561 1783 631 1845 taiis
652 1783 808 1844 secretarii
828 1780 1019 1858 subscriptis,
1032 1786 1063 1840 et
1084 1777 1186 1854 sigillo
1201 1791 1305 1855 perso·

562 1891 619 1936 nae
649 1875 681 1936 in
711 1874 909 1937 ecclesiastici
937 1873 1085 1948 dignitate
1107 1871 1303 1945 constitutae,

560 1983 615 2028 seu
636 1966 800 2045 praepositi
823 1965 975 2042 generalis
997 1965 1136 2026 eiusdem
1148 1963 1305 2025 Societatis

561 2059 741 2135 obsignatis,
758 2057 862 2120 eadem
885 2073 1009 2137 prorsus
1024 2057 1098 2118 sides
1113 2055 1304 2130 adhibeatur,

562 2168 641 2231 quae
660 2151 869 2230 praesentibus
890 2151 963 2228 ipsis
984 2149 1194 2221 adhiberetur,
1216 2149 1242 2209 si
1264 2148 1307 2213 io·

562 2251 633 2308 rent
661 2243 815 2306 exhibitae
836 2242 886 2304 vel
908 2250 1061 2324 qstensae.
1090 2241 1305 2304 Praesentibus

560 2340 595 2402 ad
617 2337 816 2416 septennium
838 2344 961 2399 tantum
983 2336 1134 2398 valituris.

601 2435 711 2494 ilatum
739 2430 865 2506 Romae,
894 2432 973 2509 apud
1001 2429 1033 2493 S.
1060 2429 1186 2492 liariam
1215 2429 1306 2491 blaio-

560 2541 629 2588 rem
650 2525 706 2587 sub
733 2523 849 2586 annulo
870 2523 992 2598 Piscat,
1019 2523 1069 2585 die
1092 2539 1150 2584 xri.
1175 2522 1305 2584 ianuarii

1529 1482 1774 1552 sensuimus
1791 1486 1851 1552 ΡΡ.
1867 1485 1935 1552 tlt.

1478 1605 1707 1688 alpensium
1731 1607 1774 1674 rei
1804 1609 1984 1675 memoriam.

1397 1779 1483 1856 Quod
1505 1797 1569 1844 non
1591 1782 1739 1858 humana,
1752 1785 1803 1846 sed
1819 1783 1924 1846 divina
1945 1785 2105 1847 decretum
2124 1785 2332 1884 nargssitiffiibi

1359 1881 1405 1936 est
1426 1876 1583 1936 sententia
1605 1893 1619 1936 a
1635 1876 1800 1939 Numidiae
1814 1877 2013 1940 antistitibus
2027 1884 2105 1940 anti·
2124 1892 2206 1936 susac
2217 1893 2332 1956 sanctam

1359 1981 1438 2044 quae
1454 1966 1625 2030 traditionis
1640 1969 1782 2049 exempla
1796 1971 2003 2045 servantibus,
2016 1977 2047 2032 et
2057 1985 2105 2033 ec·
2124 1945 2333 2044 {2“⁶?ti}i⁰sffi{¹1?3

1359 2059 1544 2134 clesiamicae
1568 2063 1758 2126 memoribus
1786 2063 1976 2142 disciplinae,
2006 2072 2041 2126 ut
2070 2053 2192 2126 acl-1¹¹1er
2208 2053 2320 2098 ⁰⁰⁵⁰ffl·

1360 2153 1551 2230 apostolicae
1573 2154 1663 2218 huius
1686 2152 1814 2219 Sanctae
1835 2156 1921 2219 Sedis
1936 2156 2107 2218 referretur

1359 2243 1524 2320 iudicium,
1546 2247 1706 2325 quidquid,
1723 2250 1865 2327 quamvis
1886 2247 1924 2310 de
1946 2249 2107 2311 disiunctis

1360 2337 1552 2416 remotisque
1573 2341 1752 2419 provinciis,
1766 2349 1927 2418 ageretur3
1951 2357 2008 2402 nec
2022 2341 2107 2419 prins

1360 2433 1511 2494 ducerent
1533 2433 1720 2510 finiendum,
1737 2436 1797 2496 nisi
1813 2435 1847 2496 ad
1865 2435 2005 2498 eiusdem
2022 2435 2107 2497 Sedis

1363 2524 1506 2585 notitiam
1527 2526 1719 2602 perveniret,
1735 2535 1770 2590 ut
1787 2536 1846 2590 tota
1862 2528 1956 2590 huius
1976 2527 2109 2589 auctori-

562 2633 754 2694 noconius,
777 2617 974 2694 pontificatus
996 2615 1093 2678 nostri
1115 2630 1199 2677 anno
1221 2631 1269 2677 ιιι.
1332 2637 1335 2680 ι
1363 2623 1434 2691 tate,
1457 2630 1535 2695 quae
1557 2617 1652 2680 luerit
1673 2617 1750 2681 insta
1766 2619 1987 2697 pronuntiatio,
2004 2619 2107 2680 farma·

1245 2763 1477 2770 ...ῃ-,ᾐ-
1504 2765 1601 2771 -——-

602 2843 631 2898 (l)
647 2843 683 2886 Ex
697 2839 763 2885 Bull.
779 2842 804 2884 P.
820 2839 851 2884 de
865 2841 890 2883 P.
902 2841 928 2884 ll.
945 2837 993 2883 rol.
1007 2840 1058 2894 111,
1071 2850 1094 2895 p.
1105 2840 1138 2882 76.
1150 2861 1175 2870 —
1189 2841 1226 2882 lix
1240 2840 1303 2895 Reg.
1330 2844 1333 2907 q

1401 2846 1414 2888 s
1429 2842 1447 2884 l.
1463 2841 1515 2884 Hac
1529 2839 1664 2885 enimvero
1681 2837 1859 2886 sollicitudine
1874 2851 1905 2886 ac
1919 2839 2028 2897 paterna
2043 2839 2108 2885 cari·
2149 2838 2335 2885 controuersiae

560 2911 633 2954 Brev.
652 2909 686 2953 ad
706 2907 837 2965 principes
858 2905 1022 2952 desumimus
1043 2917 1095 2962 seq.
1111 2905 1150 2950 lit.
1173 2915 1226 2962 qua
1238 2916 1305 2950 nun·
1331 2910 1333 2959 t
1359 2907 1415 2952 tate
1429 2906 1554 2952 commoti
1569 2907 1634 2953 adeo
1648 2918 1748 2958 sumus.
1759 2911 1790 2952 ut
1801 2907 1898 2953 vestris
1908 2906 2042 2952 medendis
2053 2907 2108 2951 vul·
2126 2903 2230 2938 milei*
2240 2893 2269 2938 in
2280 2893 2335 2938 ‘3⁰⁷⁵'

560 2976 613 3021 ciat
627 2974 794 3032 praesulibus
809 2973 1000 3018 Maronitarum
1022 2971 1129 3018 irritam
1146 2971 1227 3016 hrisse
1241 2971 1305 3017 elec·

562 3042 659 3087 tionem
674 3041 707 3086 ab
721 3039 754 3085 iis
773 3039 868 3085 iactam
890 3040 1002 3085 duorum
1024 3038 1248 3092 rainarcnarum,
1263 3049 1306 3084 no
1331 3019 1333 3054 ¹

1357 2974 1467 3020 neribus
1482 2974 1714 3032 restituendaeque
1728 2974 1839 3020 sanitati
1860 2985 1999 3020 accurrere
2013 2973 2108 3019 accele-
2125 2949 2335 3045 ἕὲἷὲβξῂέᾓῖξίᾗ

1359 3041 1485 3098 ravimus,
1500 3041 1607 3087 vixdum
1622 3045 1733 3088 Romam
1754 3043 1881 3087 venerunt
1896 3042 2035 3098 utriusque
2050 3052 2106 3097 par-
2126 3057 2173 3099 pur,

561 3120 620 3154 vam
636 3119 651 3154 a
666 3119 693 3153 se
707 3105 877 3152 patriarcnae
890 3106 1044 3152 electionem
1055 3105 1159 3160 iactam,
1169 3105 1307 3152 missione·
1331 3155 1333 3171 1
1360 3107 1395 3153 tis
1410 3108 1491 3164 legati
1506 3119 1565 3154 cum
1581 3109 1715 3155 mandatis
1728 3112 1754 3155 et
1764 3109 1943 3154 monumentis
1954 3118 2107 3165 supremum

561 3177 596 3222 rii
611 3176 671 3220 novi
685 3173 804 3230 ablegati
819 3184 866 3220 seu
880 3173 1061 3220 commissarii
1074 3173 1217 3229 apostolici
1226 3183 1305 3230 quem

561 3243 616 3288 illis
630 3242 803 3298 commendat,
818 3251 848 3286 ac
862 3240 944 3286 simul
957 3239 996 3286 eis
1010 3239 1105 3286 asserit
1123 3251 1170 3298 per
1184 3241 1252 3285 hanc
1266 3251 1306 3284 ex·

562 3309 769 3355 traordinariam
784 3307 938 3353 electionem
961 3307 1030 3352 nihil
1043 3307 1148 3354 detrahi
1162 3317 1254 3354 eorum
1269 3306 1306 3352 iu·

561 3375 636 3421 ribus
649 3375 735 3432 quoad
749 3373 853 3420 futuras
868 3373 1017 3419 electiones.

566 3513 761 3557 venerabilibus
774 3513 907 3561 [ratribus
916 3513 1020 3554 Simoni
1030 3513 1061 3554 ao
1072 3511 1306 3562 areaapacopain

601 3581 725 3623 Damasci
736 3581 772 3623 aa
782 3579 995 3622 Patrtarobalem
1005 3579 1207 3622 Maronitarum
1217 3578 1306 3620 sedem

601 3647 741 3692 tranelato,
758 3648 902 3698 ceterisque
916 3645 1125 3696 nrcnoepmcopts
1136 3647 1160 3686 et
1171 3644 1308 3696 Epmcopis

601 3715 721 3758 masticari
735 3715 861 3760 nationis.

754 3819 946 3864 BENEDICTUS
961 3821 1040 3862 PnPn
1054 3820 1115 3862 xlv.

795 3917 958 3960 Venerabiics
972 3917 1079 3964 matres,

653 3985 806 4026 salutemet
820 3986 993 4035 apostolicam
1008 3985 1219 4026 benedictionem.

372 4123 489 4180 pontem
508 4133 545 4170 re.
602 4115 762 4170 magnanon
778 4114 866 4160 minus
880 4114 1057 4160 admiratione
1071 4123 1151 4170 quam
1165 4111 1309 4170 aegritudi-

332 4177 386 4234 ΓΜ,
407 4189 444 4242 ⁰⁶,
453 4179 544 4242 deplo—
563 4195 595 4229 ne
608 4183 695 4229 allecti
710 4194 810 4238 sumus,
825 4185 965 4239 postquam
979 4193 994 4227 e
1008 4193 1054 4226 sex
1068 4182 1256 4238 Episcoporum
1271 4191 1309 4224 re·

332 4231 544 4294 ’'⁰²›⁸⁶'‘²'m⁰.²'²'
563 4252 612 4298 stri
626 4256 716 4297 coetus
735 4250 901 4306 aliorumque
916 4249 1003 4294 literis
1022 4248 1212 4302 intelleximus,
1228 4251 1309 4294 Maro

332 4287 545 4387 {arjfflwmms
563 4319 681 4364 altarum
696 4315 847 4371 Ecclesiam,
862 4317 921 4372 post
934 4315 1037 4361 obitum
1056 4313 1182 4372 postremi
1196 4314 1310 4360 Patriar·

446 4373 454 4394 '
563 4386 627 4432 chae
648 4383 751 4441 losepbi
774 4382 856 4438 Petri,
882 4381 985 4428 maesto
1009 4382 1151 4428 schismate
1172 4380 1309 4426 discissam

563 4451 644 4497 fuisse
657 4461 673 4496 a
688 4462 733 4495 sex
747 4449 802 4494 illie
823 4449 956 4506 Episcopis
971 4449 999 4494 in
1014 4449 1071 4496 eius
1091 4449 1179 4494 locum
1201 4449 1309 4494 suffecto

563 4517 622 4563 illia
636 4521 724 4573 Areae,
739 4517 772 4562 ab
786 4515 847 4562 aliis
866 4515 946 4562 'lobia
961 4515 1115 4572 Napolosiae
1134 4515 1310 4572 archiepisco

564 4585 611 4642 pls.
634 4587 666 4628 Et
686 4583 791 4640 quidem
814 4582 908 4628 mirari
929 4581 995 4628 satis
1016 4594 1068 4628 nou
1082 4593 1230 4640 possumus,
1244 4582 1310 4628 adeo

564 4664 633 4698 nunc
652 4650 767 4697 valuisse
789 4649 927 4696 inimicum
948 4651 1091 4706 hominem,
1110 4653 1140 4696 ut
1155 4651 1310 4707 supersemi-

564 4719 667 4766 naverit
681 4717 817 4764 divisionis
831 4717 930 4764 zizania
945 4717 972 4763 in
987 4729 1052 4774 agro
1067 4718 1118 4764 isto
1129 4719 1215 4764 adhuc
1225 4717 1256 4764 esi
1266 4718 1310 4764 lue

563 4797 672 4843 prorsus
692 4784 800 4841 intacto,
821 4789 902 4842 utque
924 4785 997 4830 vobis
1018 4783 1146 4842 eripuerit
1164 4786 1242 4831 decus
1257 4796 1310 4830 am·

564 4851 722 4909 plissimum,
737 4851 764 4897 id
777 4851 878 4898 scilicet
901 4863 1035 4909 nunquam
1050 4864 1081 4898 ex
1096 4853 1168 4899 omni
1183 4853 1310 4910 temporis

564 4917 691 4965 memoria
709 4918 826 4964 evenisse
846 4919 874 4964 in
888 4923 976 4965 vestro
997 4919 1152 4966 patriarcba
1173 4920 1308 4976 eligend0;

563 4999 616 5044 qua
629 4986 707 5032 laude
721 4985 864 5031 nobiliores
879 4985 1011 5042 ecclesiae,
1027 4989 1114 5032 vestro
1128 4986 1156 5030 in
1169 4989 1308 5043 conspectu

564 5054 673 5111 positae,
687 5053 833 5110 plurimum
854 5057 1005 5099 caruerunt.
1022 5053 1088 5110 angi
1103 5057 1193 5098 autem
1208 5055 1253 5110 qui
1268 5065 1310 5098 ne·

563 5123 642 5177 queat
656 5120 684 5166 in
699 5119 774 5166 tanta
788 5121 920 5167 malornm
931 5120 1051 5174 colluvie,
1063 5131 1130 5176 quae
1141 5125 1256 5166 vestram
1267 5133 1310 5167 na-

564 5187 662 5242 tionem
682 5185 828 5243 discordiis,
850 5186 978 5242 tumultu,
999 5186 1199 5244 perturbatione
1218 5187 1309 5233 obrue-

564 5257 647 5300 runtl
662 5253 796 5311 Siquidem
811 5256 923 5311 uterque
937 5255 1036 5300 electus
1050 5265 1102 5299 non
1117 5256 1252 5309 expectato
1262 5257 1310 5300 rto·

565 5331 658 5368 manae
673 5321 746 5367 Sedis
760 5321 858 5368 iudicio
873 5322 950 5378 (quod
963 5321 1022 5378 lege
1035 5322 1061 5365 et
1076 5331 1149 5366 more
1164 5323 1268 5366 vetusto
1282 5321 1308 5367 in

371 5401 479 5460 pemque
511 5412 547 5447 er.
564 5387 645 5434 dubia
658 5391 685 5434 et
698 5388 868 5435 controversa
884 5387 1011 5434 electione
1025 5399 1130 5433 necesse
1144 5387 1250 5444 tuerat),
1260 5391 1311 5434 sta·

335 5455 446 5504 uitiosos
473 5411 546 5515 effac·
565 5455 614 5501 tim
628 5467 677 5513 pro
691 5455 846 5502 patriarcha
860 5467 887 5502 se
902 5467 1004 5512 gerens,
1015 5454 1101 5500 iorum
1111 5455 1224 5512 apernit,
1236 5466 1310 5500 usur-

336 5513 383 5556 Μ·
566 5533 681 5580 panaque
695 5522 886 5580 patriarchalia
897 5521 965 5578 iura,
977 5521 1070 5568 miscet
1079 5521 1196 5567 humana
1206 5521 1310 5578 divinis,

566 5595 597 5636 ut
610 5601 658 5635 suo
672 5601 700 5636 se
714 5591 804 5636 teneat
817 5589 880 5636 loco.
893 5589 957 5636 ilinc
967 5589 1078 5647 populus
1088 5589 1213 5636 alterutri
1223 5589 1311 5634 inhae-

566 5665 635 5712 rens,
649 5655 775 5712 incertus,
789 5655 898 5712 divisam
912 5656 990 5701 triste
1000 5653 1042 5701 sui
1052 5656 1229 5713 spectaculum
1239 5667 1312 5712 prae·

566 5723 611 5766 bet
623 5721 764 5768 insultanti
779 5721 955 5777 schismatico,
970 5725 1069 5768 Tuscae
1079 5722 1214 5777 irridenti3
1225 5725 1251 5768 et
1260 5733 1312 5768 me

567 5791 611 5834 tus
625 5792 674 5846 est,
695 5801 727 5836 ne
748 5801 810 5836 vera
829 5789 875 5835 Dei
895 5789 1006 5846 Religio,
1027 5801 1186 5847 quamquam
1207 5793 1311 5838 vestrae

567 5856 641 5912 genti
654 5856 718 5902 altis
731 5857 864 5903 radicibus
877 5856 968 5912 infixa,
983 5857 1129 5903 obcaecatis
1142 5857 1310 5906 contentione

567 5923 701 5971 mentibus
714 5923 857 5972 discrima
870 5923 955 5981 adeat,
970 5926 1000 5971 ut
1014 5924 1120 5982 saepius
1132 5924 1204 5973 alibi.

1360 3175 1525 3232 apostolicae
1536 3175 1609 3222 Sedis
1620 3176 1747 3222 iudicium
1758 3176 1881 3221 subituri.
1893 3178 1958 3221 Nam
1969 3175 2061 3220 statim
2071 3187 2108 3220 se-

1360 3241 1474 3298 legimus
1487 3242 1647 3300 aliquotas.
1659 3247 1687 3288 lt.
1699 3245 1726 3286 ll.
1739 3241 1919 3288 cardinalium
1929 3244 2004 3287 coetu
2016 3244 2108 3299 Propa-

1361 3310 1462 3366 gandae
1476 3309 1550 3356 sidet
1560 3311 1779 3368 praepositorum,
1791 3309 1835 3368 qui
1845 3308 1912 3354 iuris
1921 3307 2014 3354 ordine
2024 3319 2108 3354 serva·

1361 3379 1388 3421 to
1402 3375 1553 3434 auditisque
1568 3377 1709 3432 advocatis,
1720 3376 1752 3421 de
1765 3379 1821 3422 toto
1830 3375 2025 3422 controversiae
2036 3379 2107 3421 statu

1360 3446 1546 3502 cognoscerent
1562 3447 1588 3490 et
1602 3455 1691 3490 coram
1707 3444 1781 3490 nobis
1795 3443 1953 3498 deciderent,
1962 3453 1997 3489 an
2010 3444 2108 3489 alteru·

1361 3513 1404 3558 tre
1424 3511 1518 3557 electio
1539 3523 1584 3558 seu
1606 3511 1750 3568 postulatio
1771 3511 1950 3556 confirmanda
1970 3510 2038 3556 toret
2060 3513 2108 3556 aut

1360 3579 1489 3633 sananda;
1504 3579 1530 3623 et
1543 3578 1565 3624 si
1575 3581 1688 3636 utraque
1698 3577 1865 3634 infirmanda,
1875 3579 1938 3636 quid
1948 3578 2021 3624 ultra
2032 3576 2108 3622 nobis

1361 3646 1492 3702 agendum
1506 3651 1582 3692 esset.
1605 3645 1648 3692 llli
1661 3647 1730 3703 apud
1745 3657 1791 3691 nos
1810 3647 1987 3690 convenerunt
2002 3655 2045 3690 xv.
2064 3645 2109 3690 lca-
2161 3654 2336 3711 gonyreyspw.

1361 3712 1453 3758 lendas
1474 3713 1599 3768 martias,
1622 3723 1727 3770 unaque
1749 3713 1799 3758 init
1820 3713 1938 3758 omnium
1961 3710 2108 3758 sententia:
2126 3705 2168 3753 nis
2181 3717 2274 3752 semna.

1362 3781 1503 3836 utramque
1518 3791 1569 3824 non
1585 3780 1661 3825 modo
1679 3780 1781 3825 nullam
1796 3781 1876 3837 atque
1895 3780 2047 3834 invalidam,
2063 3777 2108 3824 sed

1362 3845 1537 3892 insanabilem
1555 3847 1647 3900 videri,
1663 3848 1746 3892 tantis
1764 3847 1879 3904 undique
1894 3849 1996 3892 scatent
2011 3845 2108 3892 erratis

1361 3913 1487 3960 adversus
1507 3924 1619 3960 canones
1638 3915 1760 3972 ipsasque
1780 3917 1881 3960 vestras
1896 3913 2107 3959 constitutiones.

1362 3983 1406 4026 lus
1420 3980 1528 4037 proinde
1543 3980 1656 4037 eligendi
1671 3980 1699 4025 in
1712 3981 1761 4025 hoc
1770 3979 1890 4025 informis
1901 3980 2036 4026 electionis
2046 3991 2108 4026 casu

1362 4048 1396 4092 ad
1410 4047 1584 4105 apostolicam
1600 4048 1692 4092 sedem
1706 4047 1859 4093 devolutum
1874 4047 1962 4102 fuisse,
1978 4047 2058 4093 sicuti
2072 4059 2110 4092 ec·

1362 4113 1525 4161 clesiasticae
1539 4115 1630 4160 iubent
1644 4115 1724 4170 leges,
1735 4118 1761 4160 et
1776 4114 1873 4171 ubique
1884 4117 2008 4171 perpetuo
2019 4114 2046 4159 in
2057 4125 2110 4160 mo·

1362 4191 1391 4226 re
1406 4181 1469 4227 ruit:
1485 4181 1561 4227 cuius
1576 4182 1600 4227 si
1613 4181 1717 4226 nullum
1732 4180 1793 4226 istic
1808 4181 1956 4238 exemplum
1967 4181 2109 4238 reperitur,

1363 4249 1458 4294 reterri
1468 4249 1544 4294 debet
1554 4249 1685 4293 maiorum
1693 4251 1842 4293 vestrorum
1851 4248 2014 4304 prudentiae,
2023 4247 2069 4304 qui
2076 4248 2109 4292 ab

1364 4315 1515 4361 huiusmodi
1529 4314 1629 4361 nefario
1645 4315 1787 4360 schismate
1802 4314 1852 4360 sibi
1862 4325 1964 4372 semper
1975 4319 2108 4360 caverunt.

1403 4385 1449 4432 si.
1465 4385 1516 4428 Nos
1537 4381 1621 4438 igitur
1641 4383 1793 4427 eorumdem
1815 4381 1992 4427 cardinalium
2008 4384 2111 4426 senten·
2155 4395 2286 4450 acreacre
2297 4395 2338 4440 du.

1363 4449 1430 4495 tiam
1444 4461 1553 4495 assensu
1568 4452 1659 4494 nostro
1673 4448 1837 4506 prosequuti,
1852 4451 1993 4505 utramque
2008 4448 2111 4493 electio
2128 4448 2193 4508 plici
2214 4449 2338 4494 electione.

1363 4527 1423 4562 nem
1445 4517 1550 4574 penitus
1570 4516 1770 4572 abrogavimns,
1785 4516 1942 4570 delevimus,
1956 4525 2110 4572 cassamque
2129 4501 2358 4602 ‘filmssstgl'iiit-

1363 4583 1601 4641 pronuntiavimus.
1612 4583 1697 4628 Simul
1704 4586 1794 4629 autem
1802 4581 1984 4630 patriarcham
1991 4585 2110 4627 vestrum
2129 4558 2248 4655 ζὲἑζξιαῶῧ
2267 4567 2340 4656 ffafflfe

1363 4651 1492 4708 elegimus
1514 4662 1569 4696 ven.
1592 4650 1703 4696 fratrem
1725 4650 1859 4696 Simonem
1880 4649 2110 4706 archiepiscopum
2129 4666 2272 4722 praestans,

1363 4717 1490 4774 Damasci,
1505 4717 1551 4774 qui
1565 4715 1700 4774 antiquior
1714 4717 1795 4762 vestri
1811 4719 1909 4772 coetus
1918 4717 1967 4762 hoc
1978 4714 2057 4761 eliam
2069 4728 2111 4761 no

1364 4783 1433 4830 mine
1448 4785 1703 4830 commendationem
1718 4783 1812 4830 habuit
1825 4783 1858 4830 ad
1873 4795 1930 4830 eam
1944 4784 2110 4840 dignitatem,

1365 4853 1449 4910 magis
1463 4853 1562 4908 autem,
1577 4852 1646 4908 quod
1661 4851 1721 4898 miti
1735 4851 1842 4908 ingenio
1857 4855 1882 4898 et
1897 4851 2043 4909 apartium
2058 4853 2111 4896 stu-

1363 4919 1414 4966 diis
1427 4920 1596 4974 abhorrente,
1611 4921 1641 4964 ut
1655 4919 1773 4976 plurium
1788 4917 1940 4964 testimonio
1954 4918 2111 4974 accepimus,

1363 4986 1472 5032 idoneus
1494 4987 1570 5032 nobis
1592 4987 1664 5032 visus
1679 4988 1719 5032 est
1733 4987 1766 5032 ad
1781 4987 1886 5032 tantum
1905 4996 2002 5030 munus
2021 4995 2111 5042 geren-

1363 5056 1434 5101 dum.
1451 5055 1576 5106 Quocirca
1591 5053 1668 5100 illum
1682 5054 1895 5112 acceptissimum
1910 5052 1983 5100 vobis
1997 5054 2111 5097 vestrae·

1365 5135 1415 5179 que
1430 5122 1503 5179 genti
1524 5122 1587 5178 sore,
1610 5123 1687 5178 idque
1708 5123 1830 5179 prompto
1851 5123 1930 5177 atque
1950 5119 2033 5165 alacri
2047 5129 2111 5175 erga

1364 5188 1451 5246 ipsum
1466 5189 1590 5245 obsequio
1612 5187 1752 5246 debitaque
1773 5186 1922 5232 obedientia
1937 5197 1982 5231 ros
1996 5195 2111 5242 compro

1364 5257 1472 5301 baturos
1488 5266 1538 5300 non
1559 5254 1721 5314 dubitamus,
1735 5255 1897 5310 daturusque
1915 5253 2110 5307 documentum,

1364 5322 1522 5380 praeteritas
1536 5321 1681 5380 discordias
1696 5333 1747 5367 non
1761 5319 1900 5378 praecipiti
1915 5317 2058 5365 voluntatis
2070 5330 2111 5364 ae·

1364 5393 1407 5435 siu
1421 5391 1566 5435 commotas
1587 5387 1677 5442 inisse,
1692 5388 1736 5433 sed
1758 5387 1880 5433 incautae
1900 5385 1996 5431 mentis
2011 5396 2110 5441 errore,

1364 5455 1409 5513 qui
1423 5455 1528 5501 facilius
1542 5454 1663 5501 excusari
1677 5455 1770 5511 potest.

1403 5529 1416 5572 t
1430 5525 1449 5568 3.
1465 5525 1516 5568 Nec
1530 5523 1602 5574 vobis
1622 5523 1649 5567 in
1664 5529 1779 5566 mentem
1798 5521 1888 5566 veniat
1910 5519 2048 5577 suspicari,
2063 5520 2112 5564 hac
2177 5531 2261 5578 Salvis
2275 5530 2338 5576 gurg.

1364 5589 1455 5636 nostrai
1470 5587 1682 5636 extraordinarii
1696 5587 1836 5632 constituti
1847 5587 2017 5632 patriarchae
2028 5587 2112 5644 provi·
2131 5586 2176 5632 bns
2195 5585 2338 5630 antistitum

1364 5656 1454 5702 dantia
1463 5656 1518 5702 iuri
1528 5659 1616 5702 vestro
1624 5655 1681 5700 eius
1692 5653 1807 5710 eligendi
1816 5653 1951 5711 quidpiam
1962 5654 2110 5700 detractum
2130 5640 2321 5686 flaffliii'iastim·
2351 5699 2357 5710 ,

1364 5723 1452 5770 tuisse.
1468 5727 1533 5769 Nam
1547 5723 1589 5768 ius
1603 5723 1698 5779 ipsum,
1714 5721 1862 5766 inveterata
1875 5720 2073 5776 consuetudine,
2084 5725 2110 5767 et

1365 5791 1438 5837 Sedis
1458 5789 1623 5847 apostolicae
1643 5787 1831 5845 approbatione
1852 5787 1995 5841 usitatum,
2017 5788 2044 5833 in
2065 5789 2112 5833 hu-

1364 5857 1435 5904 iusce
1449 5855 1584 5903 electionis
1598 5853 1742 5911 diplomate
1756 5853 1828 5900 vobis
1839 5865 1960 5912 expresse
1970 5854 2112 5900 reservavi·

1366 5937 1434 5983 mus,
1449 5927 1475 5972 et
1489 5923 1517 5970 in
1531 5921 1700 5980 provincialis
1719 5931 1766 5968 seu
1780 5921 1925 5970 rationalis
1944 5923 2057 5970 recentis
2072 5935 2112 5970 ve·
