4838 6982
102 1443 189 1506 Etiam
206 1455 252 1500 pro
267 1443 307 1506 de-

82 1497 187 1595 3331,
219 1497 307 1554 ‘⁹⁹¹¹‘

958 571 1153 616 bunubtcrt's
1175 569 1238 614 Xlll.

325 704 402 750 num
424 689 558 751 ecclesiis
589 689 683 752 huius
703 689 800 754 almae
821 690 912 753 Urbis
933 697 1067 763 nostrae,

324 781 389 842 sive
410 781 491 844 intra
513 783 579 843 sive
600 790 685 844 extra
707 799 814 846 muros
835 781 929 858 illius,
946 799 1069 846 eonces-

323 891 382 949 sas,
398 884 627 956 consequantur
642 877 757 956 pariter
779 877 872 940 iidem
886 877 1067 950 confratres,

324 968 350 1029 si
371 969 476 1032 diebus
498 970 750 1048 quadragesimae
770 981 802 1034 et
822 971 888 1032 aliis
902 972 976 1033 anni
993 977 1069 1032 tem-

325 1060 461 1140 poribus,
473 1071 503 1125 et
518 1064 625 1126 diebus
639 1065 807 1128 stationum
822 1064 1011 1138 huiusmodi,
1022 1079 1070 1124 ec-

324 1154 460 1230 clesiam,
484 1157 651 1235 cappellam
672 1173 728 1218 seu
750 1158 920 1220 oratorium
936 1158 968 1218 in
983 1156 1068 1231 locis,

325 1248 377 1310 ubi
393 1264 444 1310 eos
459 1265 514 1327 pro
533 1257 671 1328 tempore
686 1265 750 1312 esse
765 1250 943 1326 contigerit,
960 1251 1070 1312 devote

326 1342 532 1417 visitaverint,
555 1352 585 1405 et
615 1343 728 1422 septies
757 1344 930 1420 angelicam
961 1341 1070 1404 saluta·

327 1435 443 1497 tionem
463 1437 672 1498 recitaverint.
688 1437 767 1512 Quas
782 1453 891 1499 omnes
905 1435 1073 1511 indulgen-

327 1533 381 1594 tias
403 1538 433 1594 et
455 1537 649 1609 peccatorum
667 1534 864 1594 remissiones
886 1547 1071 1608 poenarum-

325 1641 386 1703 que
407 1625 610 1686 relaxationes
639 1632 673 1687 ιι
695 1641 750 1704 per
777 1627 904 1688 modeim
933 1623 1070 1699 suhragii

327 1718 468 1782 fidelibus
498 1717 651 1781 defunctis
683 1719 834 1798 applicare
865 1716 992 1796 possint,
1023 1715 1072 1775 iti-

325 1812 458 1889 demque
473 1813 671 1874 concedimus
686 1821 716 1874 et
733 1811 940 1888 indulgemus.
958 1809 1071 1872 Omnes

325 1913 430 1966 autem
461 1907 573 1981 gratias
593 1913 625 1966 et
653 1904 873 1982 indulgentias,
902 1919 957 1982 per
987 1918 1071 1980 prae-

324 2005 428 2061 sentes
451 2007 570 2060 nostras
591 1997 709 2060 litteras
724 1998 929 2061 confratribus
944 2011 1072 2072 congre·

325 2094 457 2170 gationis
472 2108 525 2153 seu
537 2092 799 2155 confraternitatis
810 2091 986 2154 huiusmodi
1000 2104 1070 2151 con-

325 2203 431 2259 cessas,
450 2186 485 2246 ad
502 2201 610 2246 omnes
626 2193 656 2246 et
669 2185 810 2260 singulos
827 2185 985 2245 ministros
1000 2199 1072 2245 con-

325 2279 527 2341 fraternitatis
549 2278 720 2357 praedictae
741 2287 807 2340 actu
833 2277 876 2338 illi
899 2277 1072 2338 inservien-

325 2381 371 2434 tes
390 2373 448 2434 suh
470 2373 577 2433 iisdem
599 2371 779 2433 omnimodo
800 2379 832 2432 et
852 2371 949 2432 forma
965 2378 1072 2432 exten·

324 2465 426 2526 dimus
448 2474 475 2526 et
499 2464 692 2542 ampliamus.
707 2464 865 2526 Praeterea
881 2464 1025 2525 omnihus
1040 2471 1070 2524 et

324 2558 456 2634 singulis
488 2557 623 2634 regibus,
651 2557 852 2636 principibus,
882 2557 1013 2620 ducibus
1040 2565 1071 2618 el

323 2651 489 2713 comitibus
519 2665 697 2727 supremam
729 2657 912 2727 potestatem
933 2649 1071 2712 habenti-

325 2745 393 2817 bus,
415 2758 588 2820 eorumque
619 2743 855 2818 consanguineis
877 2751 906 2804 el
928 2743 1071 2804 alfrnibus

325 2836 418 2914 primi
450 2844 481 2897 et
512 2835 638 2898 secundi
670 2837 782 2912 gradus
813 2837 984 2911 dumtaxat,
1017 2837 1070 2914 qui

325 2927 569 2990 confraternitati
602 2927 782 2989 huiusmodi
816 2928 945 2990 adscribi
977 2931 1071 3006 petie-

326 3022 400 3094 rint,
423 3019 479 3082 etsi
501 3020 692 3090 absentibus,
709 3023 815 3084 eadem
832 3029 935 3083 tanen
952 3022 1071 3100 pietatis

325 3130 427 3193 opera,
444 3121 478 3175 ut
493 3113 715 3192 praemittitur,
732 3115 961 3189 exercentibus,
974 3125 1004 3176 et
1019 3115 1070 3188 ali-

325 3207 475 3286 quemad
498 3206 679 3268 eorumdem
707 3210 907 3270 commodum
929 3214 959 3270 et
981 3208 1071 3286 placi·

327 3309 392 3362 tum
413 3301 572 3362 ecclesiam
594 3301 801 3376 visitantibus,
816 3302 950 3378 easdem,
967 3310 1001 3364 ιιι
1020 3319 1073 3362 su-

325 3410 390 3472 pra,
414 3393 635 3470 indulgentias,
652 3396 850 3456 remissiones
865 3405 896 3457 et
911 3396 1072 3457 relaxatio-

326 3502 381 3548 nes
403 3485 511 3550 itidean
533 3487 732 3549 concedimus
751 3497 781 3550 et
796 3489 1004 3566 impertimur.
1024 3490 1070 3550 in·

324 3595 429 3658 super,
452 3589 486 3642 ul
508 3595 616 3641 omnes
637 3587 667 3642 et
695 3582 811 3658 singuli
837 3583 1069 3658 christifideles

325 3677 377 3752 qui
393 3674 578 3752 expositioni
596 3674 783 3737 Sanctissimi
798 3675 1007 3738 Eucharistiae
1019 3675 1071 3738 Sa-

325 3766 477 3830 cramenti
500 3767 532 3827 in
555 3765 691 3842 ecclesia,
714 3767 846 3845 cappella
867 3784 923 3828 seu
938 3770 1070 3830 oratorio

324 3859 514 3937 saepedictae
544 3859 794 3935 congregationis
822 3877 876 3922 seu
903 3861 1072 3923 confrater-

326 3955 441 4028 nitatis,
464 3953 560 4031 spatio
582 3953 724 4014 continui
749 3953 842 4014 tridui
868 3971 923 4032 per
948 3956 1070 4034 aliquod

327 4049 474 4128 temporis
504 4050 638 4128 spatium
669 4049 823 4112 faciendae
856 4050 1069 4125 interfuerint,

327 4143 429 4221 ibique
452 4145 621 4217 oraverint,
644 4160 678 4204 ac
691 4149 809 4204 caetera
824 4142 963 4204 iniuncta
980 4159 1071 4222 opera

326 4237 550 4316 praestiterint,
574 4244 607 4298 ut
628 4236 850 4313 indulgentias,
876 4245 1071 4314 peccatorum

324 4331 533 4404 remissiones,
556 4345 789 4410 poenarumque
808 4329 1011 4392 relaxationes
1026 4345 1071 4390 se·

327 4425 388 4487 mel
410 4430 533 4485 tantum
554 4431 795 4502 consequantur,
813 4440 887 4502 quas
901 4439 1070 4501 couseque-

325 4527 436 4580 rentur
450 4519 475 4580 si
490 4518 641 4593 ecclesias,
654 4519 687 4580 in
702 4518 814 4595 quibus
830 4517 978 4596 expositio
994 4516 1070 4580 San-

324 4611 451 4674 ctissimi
475 4611 684 4673 Eucharistiae
705 4610 896 4674 Sacramenti
923 4627 977 4689 per
998 4628 1070 4690 qua-

325 4707 465 4782 draginta
487 4705 648 4767 centinuas
669 4705 759 4766 boras
786 4705 853 4766 heri
880 4705 974 4779 solet,
999 4706 1069 4766 visi-

324 4804 439 4872 tarent,
463 4806 566 4860 tenore
580 4805 612 4859 el
629 4799 812 4860 auctoritate
827 4797 947 4875 paribus
962 4799 1070 4861 itidem

324 4893 567 4969 concedimus-et
583 4892 793 4970 impertimur.
817 4891 943 4966 Deinde,
962 4893 986 4951 si
1003 4894 1069 4954 fieri

324 4987 491 5062 contingit,
515 4986 602 5046 utin
625 4985 762 5059 ecclesia,
785 4983 919 5062 cappella
935 5000 989 5046 seu
1005 5001 1070 5046 ora·

326 5079 403 5140 torio
425 5081 523 5140 dictae
553 5077 804 5155 congregationis
824 5093 880 5138 seu
901 5076 1069 5138 confrater·

324 5172 431 5234 nitatis
452 5172 597 5234 exercitia
618 5171 789 5249 spiritualia
805 5171 835 5233 S.
854 5171 975 5247 ignatii,
992 5186 1069 5247 quae

325 5281 379 5344 per
400 5275 468 5327 octo
488 5265 552 5326 dies
574 5264 641 5325 fieri
655 5264 767 5337 solent,
784 5262 1017 5324 rationabilibus
1032 5263 1068 5324 de

323 5359 420 5421 causis
441 5374 495 5437 per
526 5357 666 5432 integros
696 5365 764 5418 octo
795 5355 859 5418 dies
880 5355 1069 5432 supradictos

324 5455 427 5532 peragi
441 5461 609 5531 nequeant,
621 5452 671 5514 sed
688 5453 722 5513 ad
738 5453 878 5532 quinque
892 5451 1066 5530 aliqnando,

323 5547 374 5608 vel
393 5563 459 5621 sex,
482 5548 532 5609 vel
553 5555 672 5625 septem
694 5547 758 5608 dies
779 5547 938 5608 dumtaxat
956 5547 1068 5624 produ-

323 5649 443 5715 cantur,
467 5640 672 5702 nihilominus
687 5639 897 5716 indulgentias
911 5655 1067 5702 concessas

322 5734 359 5796 iis
380 5735 432 5812 qui
456 5751 510 5812 per
531 5734 691 5796 octiduum
714 5742 834 5795 tantum
857 5733 907 5794 illa
922 5735 1069 5811 frequen·

324 5835 401 5902 tant,
416 5828 454 5888 ab
469 5827 578 5889 iisdem
598 5826 804 5889 confratribus
825 5829 931 5889 eadem
952 5843 1008 5905 per
1021 5843 1067 5888 se·

323 5928 419 5999 ptem,
444 5919 493 5981 vei
513 5937 579 5996 sex,
601 5925 654 5982 aut
674 5921 814 6000 quinque
839 5919 947 5982 saltem
970 5921 1066 5982 conti·

1125 703 1203 749 nuos
1222 687 1286 751 dies
1301 689 1518 767 peragentibus
1534 687 1645 754 lucrari
1661 703 1747 767 posse
1762 701 1872 749 conce·

1124 781 1237 844 dimus.
1261 782 1412 859 Denique,
1433 791 1479 858 ut,
1496 785 1754 863 quandocumque
1773 797 1870 844 sacer·

1124 875 1177 936 dos
1198 874 1308 952 aliquis
1328 876 1503 952 saecularis,
1521 876 1570 940 vel
1585 877 1721 940 cuiusvis
1736 875 1870 950 Ordinis,

1125 968 1373 1045 congregationis
1395 976 1425 1031 et
1441 969 1575 1034 instituti
1591 969 1754 1046 regularis,
1773 984 1872 1030 sacro·

1124 1069 1264 1124 sanctum
1279 1061 1385 1124 iliissae
1399 1059 1592 1126 Sacrificium
1607 1065 1642 1124 ad
1658 1061 1816 1141 quodlibet
1831 1060 1872 1121 al-

1127 1160 1191 1216 tare
1222 1154 1367 1217 ecclesiae
1396 1173 1450 1219 seu
1482 1156 1635 1235 cappellae
1669 1155 1717 1217 vel
1747 1153 1871 1216 oratorii

1124 1248 1312 1326 saepedictae
1333 1249 1595 1314 confraternitatis
1620 1264 1675 1327 pro
1697 1248 1798 1310 anima
1820 1264 1873 1310 cu·

1126 1340 1308 1420 luscumque
1339 1343 1502 1406 confratris
1532 1351 1562 1406 et
1597 1343 1769 1408 consororis
1801 1356 1872 1403 con-

1126 1436 1313 1511 gregationis
1335 1436 1512 1499 huiusmodi
1533 1434 1747 1510 celebraverit,
1770 1435 1871 1496 anima

1126 1527 1189 1604 ipsa
1210 1528 1247 1588 da
1270 1529 1413 1591 thesauro
1434 1529 1578 1592 ecclesiae
1600 1545 1653 1606 per
1669 1527 1795 1588 modum
1809 1525 1872 1586 suf-

1126 1619 1872 1701 fragiiindulgentiauaconsequatur,itaut,eius·

1126 1714 1194 1774 dehr
1219 1714 1340 1776 Domini
1371 1716 1473 1778 Nostri
1506 1717 1572 1778 lesu
1595 1715 1721 1791 Christi,
1744 1732 1778 1778 ac
1799 1716 1871 1778 ilea-

1128 1809 1262 1869 tissimae
1293 1809 1432 1886 Virginis
1465 1812 1591 1888 llariae,
1625 1811 1871 1888 sanctorumque

1127 1902 1268 1963 oxnnium
1292 1904 1410 1965 meritis
1431 1905 1490 1966 sihi
1503 1904 1753 1982 suffragantibus
1770 1920 1784 1962 a
1800 1918 1872 1981 pur-

1128 1996 1237 2071 gatorii
1260 1997 1366 2075 poenis
1389 1997 1551 2074 liberetur,
1568 2000 1763 2063 concedimus
1778 2005 1809 2059 et
1825 1997 1871 2060 in-

1128 2091 1302 2167 dulgemus.
1327 2091 1505 2154 confratres
1526 2099 1630 2154 atatem
1652 2093 1823 2154 sacerdotes
1842 2097 1872 2152 et

1128 2184 1297 2262 praefectus
1325 2201 1378 2246 seu
1411 2191 1512 2247 rector
1543 2167 1809 2248 confraternitatis
1836 2182 1870 2244 ad

1127 2279 1344 2355 quodcumque
1366 2279 1460 2340 altare
1483 2279 1588 2341 blissae
1610 2279 1801 2340 Sacrificium
1817 2293 1872 2357 pro

1127 2370 1287 2432 animabus
1309 2370 1500 2433 confratrum
1524 2379 1554 2433 ιι
1575 2387 1776 2434 consororum
1795 2371 1874 2432 cele-

1128 2463 1263 2538 brantes,
1287 2472 1322 2526 ut
1339 2465 1525 2526 sacrihoium
1548 2465 1725 2526 huiusmodi
1745 2463 1873 2542 perinde

1127 2557 1199 2635 ipsis
1220 2557 1380 2618 animabus
1401 2557 1599 2633 suffragetur,
1622 2560 1700 2620 acsi
1722 2559 1756 2620 ad
1778 2557 1874 2618 altare

1127 2648 1358 2727 privilegiatum
1391 2648 1483 2710 fuisse
1506 2649 1707 2723 celebratum,
1733 2649 1874 2710 concedi-

1128 2747 1243 2803 mosel
1263 2740 1471 2818 indulgemus.
1486 2741 1657 2814 Praeterea,
1670 2757 1740 2802 curu
1757 2741 1788 2802 in
1806 2757 1873 2802 vev-

1129 2834 1187 2895 tice
1219 2833 1381 2910 saepedicti
1404 2834 1515 2896 Montis
1537 2833 1573 2894 de
1597 2831 1795 2910 Guodulape,
1821 2835 1873 2896 ubi

1127 2926 1303 2987 Beatissimo
1326 2924 1423 3002 llirgo
1444 2927 1535 2988 illaria
1565 2926 1739 3006 apparuisse
1761 2923 1872 2998 fertur,

1125 3027 1225 3080 erecta
1248 3019 1421 3097 reperiatur
1441 3019 1567 3082 ecclesia
1589 3019 1651 3080 beo
1674 3019 1873 3082 inhonorem

1127 3113 1263 3173 eiusdem
1286 3112 1396 3174 Beatae
1416 3112 1526 3174 Mariae
1541 3111 1678 3188 Virginis
1694 3112 1801 3187 dicata,
1818 3129 1873 3175 nos

1127 3204 1287 3267 ecclesiam
1307 3220 1429 3284 quoque
1451 3205 1630 3268 huiusmodi
1661 3206 1873 3283 spiritualibus

1128 3297 1393 3374 indulgentiarum
1411 3299 1592 3360 muneribus
1607 3299 1751 3360 decorare
1766 3299 1874 3360 volen-

1127 3397 1184 3464 tes,
1207 3391 1351 3452 emnibus
1375 3400 1406 3452 et
1427 3391 1559 3467 singulis
1590 3394 1754 3471 utriusque
1782 3409 1873 3456 sexus

1127 3484 1385 3547 Christihdelibus
1407 3501 1480 3546 vere
1496 3487 1738 3564 poenitentibus,
1755 3495 1785 3548 et
1801 3505 1873 3550 con·

1127 3577 1211 3639 fessis
1233 3596 1265 3640 ac
1286 3596 1368 3642 sacra
1400 3583 1627 3644 communione
1655 3583 1790 3661 refectis,
1820 3587 1873 3664 qui

1125 3673 1285 3735 ecclesiam
1305 3675 1470 3752 praefatum
1486 3677 1522 3737 in
1542 3677 1650 3740 diebus
1665 3681 1873 3756 apparitionis

1126 3777 1156 3831 el
1184 3768 1385 3831 dedicationis
1417 3769 1446 3832 S.
1471 3771 1625 3834 blichaelis
1649 3770 1834 3848 Archangeli
1857 3791 1872 3834 a

1127 3864 1234 3942 primis
1254 3863 1389 3940 vesperis
1407 3879 1503 3940 usque
1518 3863 1554 3924 ad
1569 3880 1709 3926 occasum
1723 3866 1795 3926 solis
1811 3867 1872 3928 die-

1127 3973 1195 4018 rum
1219 3957 1397 4020 huiusmodi
1419 3957 1550 4034 singulis
1571 3959 1659 4020 annis
1676 3958 1787 4020 devote
1802 3961 1872 4021 visi·

1128 4051 1273 4124 laverint,
1296 4059 1327 4111 et
1349 4051 1389 4113 ibi
1412 4067 1466 4128 pro
1494 4052 1734 4114 christianorum
1757 4052 1873 4115 Princi-

1126 4159 1200 4222 pum
1221 4145 1394 4220 concordia,
1418 4145 1580 4208 haeresum
1602 4148 1818 4225 extirpatione,
1842 4156 1873 4210 et

1127 4240 1255 4302 Sanctae
1271 4239 1375 4300 Matris
1391 4241 1542 4302 Ecclesiae
1557 4241 1742 4302 exaltatione
1759 4242 1820 4320 pias
1836 4243 1872 4305 ad

1127 4333 1224 4394 ileum
1238 4349 1340 4412 preces
1355 4332 1533 4407 effuderint,
1547 4333 1713 4411 plenariam
1728 4336 1871 4398 omnium

1126 4435 1322 4506 peccatorum
1351 4441 1482 4489 suorum
1512 4426 1738 4504 indulgentiam
1765 4438 1796 4491 et
1825 4447 1872 4493 re-

1126 4520 1305 4582 missionem
1330 4519 1570 4582 misericorditer
1590 4521 1623 4581 in
1649 4523 1778 4586 Domino
1801 4541 1873 4586 con-

1125 4617 1273 4680 cedimus.

1166 4711 1184 4786 5
1204 4711 1234 4772 5.
1259 4711 1476 4788 Decernentes,
1494 4712 1615 4775 easdem
1632 4725 1806 4793 praesentes
1823 4715 1871 4779 lit·
1891 4715 2105 4816 ucrffifflwn'

1125 4812 1205 4867 teras
1226 4812 1257 4866 et
1279 4805 1310 4865 in
1333 4805 1376 4866 eis
1398 4815 1541 4868 contenta
1563 4824 1778 4888 quaecumque
1792 4827 1872 4872 sevu-

1125 4915 1180 4978 per
1202 4899 1301 4972 firma,
1319 4898 1416 4959 valida
1438 4909 1469 4962 ct
1490 4901 1618 4962 efficacia
1635 4903 1768 4964 existere
1782 4914 1813 4965 et
1828 4904 1871 4964 fo

1125 5008 1170 5066 re,
1192 5007 1327 5070 suosque
1348 4991 1501 5068 plenarios
1515 4993 1641 5054 effectus
1655 4995 1760 5056 sortiri
1774 5005 1805 5057 et
1819 4997 1871 5058 ob·

1125 5085 1226 5146 tinere
1258 5086 1382 5160 debere,
1405 5094 1435 5147 ιι
1458 5085 1517 5148 illis
1539 5087 1574 5147 ad
1597 5104 1674 5164 quos
1704 5095 1872 5167 spectaret

1125 5192 1179 5255 pro
1203 5185 1341 5256 tempore
1369 5178 1628 5257 quandocumque
1656 5182 1872 5257 spectabitur

1124 5271 1269 5332 omnibus
1291 5279 1322 5332 et
1343 5287 1397 5349 per
1426 5271 1529 5334 omnia
1558 5272 1736 5352 plenissime
1764 5274 1871 5334 sutfra-

1124 5364 1202 5440 gari,
1223 5372 1254 5424 et
1275 5365 1312 5425 ab
1334 5366 1376 5426 eis
1399 5367 1569 5443 respective
1584 5365 1805 5428 inviolabiliter
1820 5367 1872 5430 ob·

1123 5459 1240 5518 servari
1252 5459 1373 5520 debere.
1387 5459 1497 5536 Sicque
1512 5466 1543 5520 ct
1555 5474 1618 5520 non
1634 5459 1724 5521 aliter
1739 5459 1771 5521 in
1784 5477 1871 5541 prae-

1124 5551 1222 5612 missis
1244 5567 1299 5628 per
1320 5567 1533 5630 quoscumque
1560 5553 1676 5614 iudices
1703 5555 1872 5616 ordinarios

1124 5655 1154 5707 et
1176 5646 1341 5722 delegatos,
1365 5647 1457 5707 etiam
1489 5662 1651 5708 causarum
1677 5647 1779 5725 palatii
1802 5664 1871 5726 apo-

1122 5738 1220 5801 stolici
1251 5739 1416 5812 auditores,
1439 5745 1470 5799 el
1499 5737 1531 5800 S.
1556 5739 1591 5800 it.
1618 5740 1651 5800 E.
1683 5741 1868 5816 Carcinites,

1123 5832 1216 5891 etiam
1238 5830 1275 5892 de
1297 5831 1391 5893 latere
1410 5831 1539 5908 Legatos
1553 5840 1584 5893 et
1599 5835 1782 5894 eorumdem
1799 5835 1869 5896 Car-

1123 5923 1271 5986 dinaliuxn
1295 5925 1569 6002 congregationes,
1590 5941 1726 5989 necnon
1742 5929 1868 6006 Aposto-

1791 548 1850 613 573
1902 535 1955 588 Aa.
1971 537 2000 589 c.
2022 537 2092 592 1754
