4838 6982
98 1249 217 1295 Huiusce
235 1261 295 1297 can·

70 1313 118 1349 sae
135 1309 261 1351 moment.

113 2845 154 2888 An
178 2844 293 2892 tutantes

74 2901 202 2994 nartgpes
235 2909 291 2944 can.

74 2961 135 3006 expe
158 2956 211 3004 rat,
240 2963 292 2998 non

72 3007 109 3050 est
124 3005 237 3063 perante.

98 4537 223 4592 negantis
235 4548 290 4582 sen·

74 4589 172 4635 tentiae
190 4589 288 4638 landa-

72 4648 169 4690 menta.

113 4908 231 4956 Primum
251 4911 286 4958 rel

73 4963 183 5010 nouitas.

946 567 1141 614 nnnnntcrtls
1163 568 1226 612 xlv.

313 688 368 764 qni
390 687 519 751 indnlto
534 688 749 766 comprehensi
764 705 827 750 non
841 693 937 752 snut:
960 686 1058 750 veluti

312 780 370 860 ipsi
391 783 474 844 hisce
495 783 650 861 conceptis
671 783 785 858 verbis,
797 799 832 844 τε
853 789 975 844 mature
989 797 1060 858 ner-

313 889 406 952 peusa
433 875 680 954 investigataqne
709 875 796 954 praxi
817 889 873 954 ρετ
893 874 924 937 S.
947 874 1056 937 Sedem

312 968 429 1030 servari
450 968 551 1042 solita,
573 967 781 1030 conclusimus
796 969 829 1030 in
844 974 950 1030 nostro
965 979 1058 1043 opere

314 1059 350 1122 de
368 1061 632 1134 canonizatione,
652 1059 707 1124 tit.
725 1061 759 1133 4,
774 1067 861 1139 part.
873 1059 907 1132 2,
920 1075 989 1138 cap.
1004 1057 1054 1132 19,

314 1169 402 1215 narn.
420 1154 473 1214 16.

353 1248 372 1322 ἓ
392 1247 442 1308 22.
466 1247 500 1308 Β.
514 1246 648 1311 Simonis
661 1248 939 1323 canonizationem,
951 1263 1058 1326 quam·

314 1340 360 1402 ris
381 1341 547 1404 Bonorum
569 1342 703 1404 bonores
725 1342 818 1420 longe
844 1351 917 1405 ante
938 1344 971 1404 B.
996 1345 1058 1406 hn-

313 1433 418 1498 dream
440 1437 609 1510 consecuti,
626 1452 719 1498 nemo
733 1444 780 1497 est
794 1437 847 1515 qui
862 1443 1054 1516 promoveat.

312 1527 460 1590 lnstantia
475 1544 532 1606 ρτο
546 1529 791 1604 canonizatione,
808 1546 884 1608 quae
907 1547 992 1594 nunc
1007 1548 1058 1591 ur-

314 1629 417 1698 getur,
433 1621 467 1683 B.
481 1621 639 1685 laneam
654 1623 778 1700 respicit
792 1623 892 1686 multo
907 1635 974 1702 post
989 1625 1057 1686 bea-

313 1713 478 1776 tificatum:
505 1721 566 1777 tota
581 1724 685 1777 autem
701 1716 873 1795 disquisitio
889 1717 921 1777 in
937 1733 973 1778 eo
989 1733 1057 1778 ver-

311 1815 408 1882 satur,
431 1823 508 1870 num
530 1807 696 1870 instantiae
716 1810 817 1872 aditus
843 1811 908 1872 dari
929 1811 1055 1888 debeat3

313 1915 415 1979 neque
436 1900 522 1962 enim
545 1901 680 1964 inaudita
701 1919 751 1963 res
766 1903 923 1978 est,iustis
945 1910 975 1965 et
991 1920 1058 1980 gra-

311 1993 402 2056 vibus
423 1994 461 2056 de
481 1995 597 2070 causis,
620 1995 686 2058 sisti
707 1996 836 2058 alicuius
861 2013 967 2058 causae
989 2014 1056 2059 cur·

312 2103 395 2162 snm,
418 2086 599 2166 occludique
620 2090 702 2151 viam
724 2091 759 2152 ad
776 2090 1055 2166 canonizationem,

311 2180 431 2242 etiamsi
443 2180 626 2244 beatificatio
638 2183 847 2261 praecesserit,
860 2184 1057 2262 quemadmo-

311 2275 385 2336 dum
398 2275 596 2353 perspicuum
608 2275 723 2338 laniunt
736 2283 799 2337 tam
812 2277 929 2340 multae
938 2295 1056 2354 causae,

311 2367 343 2430 in
366 2367 478 2446 quibus
499 2375 662 2447 postquam
683 2385 738 2447 ρετ
759 2370 922 2433 lormalem
944 2373 993 2434 vel
1009 2390 1057 2432 ae·

311 2460 537 2539 quipollentem
569 2462 829 2526 beatificationem
860 2465 995 2528 cilicium
1027 2475 1057 2528 et

311 2553 403 2615 missa
424 2570 567 2617 concessa
588 2554 658 2630 luit,
675 2572 769 2618 nemo
787 2558 890 2620 extitit
905 2575 1055 2638 unquam,

312 2663 414 2725 neque
435 2646 577 2726 deinceps
593 2649 664 2722 erit,
681 2649 734 2729 qui
755 2649 928 2714 solemnem
949 2661 1058 2732 peten-

312 2741 382 2802 dam
403 2741 519 2818 cogitet
540 2743 821 2806 canonizationem.

352 2835 441 2910 523.
466 2834 572 2897 Paucis
593 2836 689 2912 igitur
715 2839 844 2914 gradum
872 2839 999 2902 iacimus
1020 2843 1055 2904 ad

313 2931 466 3006 rationes,
489 2948 568 3010 quae
588 2947 651 2992 non
678 2933 714 2994 ad
740 2948 833 2994 unam
861 2942 1057 2997 coarctantur

312 3023 396 3086 Beati
417 3023 557 3086 Andreae
587 3040 726 3100 causam,
749 3025 801 3086 sed
832 3042 939 3088 omnes
961 3043 1056 3106 aeque

311 3117 449 3178 alliciunt
470 3133 573 3179 causas
600 3134 786 3196 puerorum,
812 3136 889 3198 quos
916 3122 948 3181 in
977 3130 1057 3182 aeta-

311 3218 341 3272 te
366 3209 440 3274 boni
465 3209 579 3271 malive
601 3211 721 3285 nescia,
752 3213 858 3274 odium
880 3213 912 3274 in
940 3213 1055 3276 Christi

310 3301 404 3364 tidem
424 3303 561 3378 sustulit,
583 3304 701 3384 quique
721 3321 793 3366 cum
808 3313 959 3381 martyres
980 3307 1054 3383 siut,

310 3405 500 3458 nontamen
528 3402 602 3458 sunt
628 3397 796 3461 coinntatc
820 3405 850 3460 et
880 3415 978 3478 opere,
1002 3405 1055 3464 sed

308 3489 373 3551 solo
395 3504 495 3566 opere,
519 3497 553 3551 ut
574 3490 646 3567 ipsis
669 3500 794 3554 utamur
816 3493 918 3555 verbis
933 3493 964 3557 S.
982 3494 1055 3556 lier-

309 3583 407 3646 nardi.
433 3582 538 3646 Videri
559 3585 646 3646 enim
667 3585 812 3663 cuiquam
841 3586 969 3650 tortasse
990 3597 1055 3667 pot·

309 3677 379 3751 erit,
402 3684 485 3738 recte
507 3675 633 3752 lactum,
656 3678 682 3738 si
703 3679 848 3740 omnibus
869 3682 1055 3742 confluenti-

308 3767 365 3831 bus
376 3765 618 3841 conditionibus,
628 3769 770 3846 proprius
781 3771 943 3833 beatorum
954 3773 1055 3835 cultus

309 3859 345 3920 iis
365 3861 565 3938 decernatnr3
589 3870 619 3922 at
634 3862 795 3939 dubitabit,
812 3880 891 3927 num
905 3875 1054 3942 congruat

309 3953 439 4015 ulterius
460 3956 617 4032 progredi,
630 3971 685 4033 ρετ
699 3959 826 4019 mudum
842 3961 1055 4037 praeceptivae

308 4046 386 4124 legis
408 4048 528 4111 cultum
550 4049 727 4127 ampliando
747 4050 783 4111 ad
805 4053 984 4115 nniversam
1000 4054 1056 4116 Ec·

308 4141 447 4217 clesiam,
475 4142 557 4222 quod
584 4144 782 4221 praecipuum
812 4143 1055 4208 canonizationis

308 4242 365 4311 est,
388 4237 528 4316 quamvis
550 4240 644 4300 etiam
659 4238 739 4300 nihil
759 4239 984 4304 desideraretur
1005 4257 1055 4304 eu-

308 4344 379 4390 rum
400 4346 478 4407 quae
500 4332 716 4410 requiruntur,
740 4341 774 4395 ut
796 4335 942 4395 transitus
965 4335 1016 4398 llat
1038 4353 1054 4396 a

307 4421 533 4486 beatificatione
555 4424 591 4486 ad
612 4427 891 4488 canonizationem.

348 4519 367 4592 ς
387 4517 436 4578 hh.
459 4518 683 4594 Fundamenta,
700 4520 810 4598 quibus
824 4528 924 4598 potest
940 4521 1054 4586 isthaec

309 4609 401 4673 inniti
423 4611 586 4688 dubitatio,
602 4613 724 4690 singula
745 4614 970 4678 subnectimus.
989 4616 1054 4677 Pri·

308 4719 396 4766 mum
417 4704 451 4766 in
472 4721 508 4766 eo
529 4706 625 4768 situm
647 4715 704 4782 est,
723 4707 847 4770 nullum
869 4707 998 4770 tortasse
1021 4710 1052 4771 iu

307 4798 405 4860 veteri
435 4799 705 4862 canonizationnm
728 4802 811 4878 praxi
838 4801 920 4864 aliud
943 4803 1052 4865 reterri

306 4891 485 4970 exemplum
507 4908 599 4954 verae
612 4909 646 4955 ac
661 4894 801 4971 propriae
822 4893 990 4957 infantium
1006 4913 1052 4959 ca-

307 4985 525 5058 nonizationis,
549 4994 670 5062 praeter
690 4986 766 5048 illud
791 5003 889 5049 unum
911 4989 1053 5052 Bethlee-

307 5077 487 5140 miticcrum
509 5077 694 5153 iurantium,
716 5080 965 5160 quandoquidem
988 5099 1053 5144 cae-

305 5177 371 5232 tera
393 5171 534 5250 exempla
556 5179 858 5250 possuntcommode
878 5177 914 5238 ad
936 5177 1052 5238 beatifi-

306 5265 459 5327 cationem
481 5264 609 5340 reterri,
633 5274 725 5344 atque
747 5278 902 5344 praeterea
931 5278 1051 5331 certum

306 5373 385 5432 esse,
405 5366 510 5420 extare
532 5357 622 5436 plane
643 5359 768 5420 nullum
790 5361 970 5438 exemplum
992 5360 1053 5424 lor-

305 5452 394 5512 malis
416 5451 657 5514 canonizationis
670 5453 721 5513 vel
743 5454 835 5514 nnius
851 5455 963 5516 borum
978 5471 1051 5534 pne-

305 5561 413 5608 rorum
436 5552 502 5622 post
530 5545 714 5608 methodum
742 5546 870 5609 Sanctae
892 5548 977 5612 Sedis
999 5567 1050 5611 au·

305 5639 446 5700 ctoritate
461 5638 628 5714 invectam,
640 5641 867 5716 confirmatam,
884 5651 1050 5716 serratam·

305 5749 365 5810 que
387 5734 418 5793 lu
440 5732 537 5812 causis
562 5732 674 5810 publici
704 5733 819 5809 cultus,
847 5736 900 5814 qui
927 5753 1051 5816 semper

304 5829 404 5906 quoad
426 5830 517 5890 hosce
537 5843 648 5906 pueros
668 5830 731 5892 sola
746 5829 805 5892 luit
827 5832 1050 5898 beatificatione

304 5923 476 5986 conclusus.
506 5922 591 5997 Quod
619 5933 722 5986 autem
745 5926 910 6004 perplura
930 5930 1050 5992 saecula

410 6071 462 6118 luc.
478 6072 549 6120 Pont.
564 6069 595 6118 tls
609 6071 684 6132 rrcp.
698 6071 762 6119 Fide
775 6073 857 6120 Partis
872 6075 891 6123 1.
906 6076 959 6121 vol.
974 6076 1016 6122 ιιι,

1115 684 1860 767 nullumostendaturexemplum‚quamriseius

1114 777 1280 840 inducendi
1302 796 1366 842 non
1387 779 1520 842 deluerit
1534 781 1661 856 occasio,
1674 796 1723 841 res
1738 787 1783 840 est
1797 793 1860 840 ma-

1114 872 1168 947 gni
1191 874 1356 948 momenti,
1379 891 1518 952 quaeque
1547 875 1708 950 negotium
1731 873 1798 935 iure
1819 871 1860 932 la·
1947 949 1950 954 Ι

1114 971 1209 1026 cessat
1224 967 1350 1028 cuilibet
1364 983 1517 1030 novarum
1533 983 1639 1031 rerum
1651 967 1782 1030 mininie
1796 974 1861 1029 stu·

1114 1057 1210 1120 diosc.

1070 1203 1072 1208 .
1153 1153 1172 1227 ἓ
1193 1153 1241 1215 25.
1266 1153 1409 1218 Alterum
1422 1173 1460 1216 eh
1474 1171 1509 1216 ea
1524 1156 1858 1232 estauimadversioue,
1879 1159 2092 1270 eansqggqqddngg

1114 1262 1182 1308 rem
1204 1256 1300 1309 totam
1321 1249 1400 1311 hanc
1414 1251 1447 1312 iu
1468 1265 1504 1311 eo
1519 1251 1612 1327 serti,
1625 1251 1706 1329 quod
1723 1251 1754 1312 bi
1771 1267 1859 1329 ριιετι
1879 1267 2009 1314 virescant.

1115 1349 1267 1419 martyres
1288 1343 1366 1418 siut,
1396 1345 1464 1422 quia
1490 1359 1545 1422 pro
1575 1344 1696 1407 Christo
1724 1351 1860 1406 mertem

1113 1434 1289 1498 subierunt.
1323 1435 1354 1497 ld
1377 1445 1482 1500 autern
1506 1437 1532 1500 si
1561 1438 1734 1514 generatim
1761 1437 1861 1517 loqui-

1114 1542 1197 1603 mur,
1211 1527 1368 1591 inficiatur
1383 1545 1493 1607 nemo,
1507 1531 1648 1610 ideoque
1662 1532 1796 1594 libenter
1812 1534 1861 1594 da-

1113 1628 1176 1696 tur,
1189 1631 1235 1698 ut,
1252 1625 1373 1702 quoties
1396 1627 1563 1687 necessaria
1578 1641 1718 1704 quaeque
1732 1641 1861 1688 concur·

1113 1721 1195 1786 rant,
1220 1714 1330 1776 iisdem
1352 1715 1584 1778 beatificationis
1600 1716 1701 1778 cultus
1717 1717 1862 1778 decerna·

1114 1811 1175 1866 tur.
1199 1806 1249 1880 Αι,
1271 1807 1298 1868 si
1319 1815 1443 1886 recepta
1468 1809 1654 1888 probataque
1675 1817 1720 1872 est
1741 1809 1859 1885 regula,

1115 1914 1178 1960 uon
1200 1915 1267 1960 esse
1289 1900 1381 1962 latam
1403 1902 1690 1965 canonizationibus
1717 1909 1861 1965 sternen-

1113 1991 1181 2052 dam
1205 1995 1298 2068 viam,
1317 2010 1357 2056 ne
1379 1994 1538 2071 vilescant,
1554 1997 1815 2075 quemadmodum
1830 2005 1861 2059 et

1113 2102 1169 2148 nos
1189 2086 1405 2150 adnotavimus
1428 2089 1463 2150 in
1478 2095 1587 2150 nostro
1609 2087 1663 2152 lib.
1678 2093 1708 2162 1,
1723 2105 1790 2167 τερ.
1806 2090 1857 2166 13,

1113 2195 1202 2240 num.
1227 2181 1282 2252 16,
1300 2182 1423 2244 videtur
1435 2183 1728 2260 pertimescendum,
1742 2201 1783 2247 ne
1798 2186 1860 2263 pla-

1113 2289 1153 2336 ne
1169 2275 1348 2336 huiusmodi
1364 2276 1561 2340 incommodo
1576 2289 1733 2342 reseretur
1747 2279 1858 2356 aditus,

1113 2367 1369 2446 quotiescumque
1390 2371 1426 2432 ad
1454 2371 1720 2433 canonizationem
1749 2371 1860 2434 admit·

1114 2466 1221 2520 tantur
1243 2461 1332 2539 pueri
1346 2477 1402 2539 pro
1416 2462 1530 2525 Christi
1553 2463 1626 2526 Fide
1640 2473 1775 2528 mortem
1791 2481 1861 2544 ρετ-

1113 2553 1204 2630 pessi,
1228 2569 1266 2614 ex
1288 2569 1324 2616 eo
1348 2558 1582 2633 tantummodo,
1604 2561 1686 2637 quod
1708 2568 1860 2637 martyres

1112 2647 1185 2708 sint.
1202 2648 1319 2710 Doceat
1334 2651 1448 2728 quippe
1467 2651 1613 2729 theologi,
1627 2661 1778 2731 martyres
1794 2669 1860 2715 esse

1112 2748 1143 2802 et
1164 2757 1216 2802 eos
1237 2757 1361 2820 pueroS,
1374 2743 1426 2820 qui
1449 2744 1481 2806 in
1502 2744 1584 2808 bello
1605 2763 1702 2822 sacro,
1718 2748 1792 2809 dnm
1807 2763 1859 2827 op-

1113 2844 1293 2912 pugnantur
1314 2837 1407 2898 urbes
1435 2838 1486 2902 vel
1506 2855 1546 2902 ex
1568 2840 1686 2902 insidiis
1709 2840 1860 2903 invadun-

1115 2935 1165 2989 tur
1185 2945 1285 3004 arces,
1318 2930 1396 2991 caesi
1419 2929 1552 3009 luerint,
1575 2935 1621 2995 nti
1643 2941 1749 3012 aperte
1770 2936 1858 3000 docet

1113 3021 1204 3083 Solus
1216 3021 1251 3081 in
1262 3023 1285 3084 4
1296 3021 1397 3094 Sent,
1411 3023 1486 3086 dist.
1496 3023 1528 3098 3,
1543 3041 1595 3103 qn.
1609 3028 1710 3099 unic,
1724 3035 1791 3091 ort.
1803 3028 1855 3101 11,
1921 3055 1925 3069 ·

1112 3115 1131 3188 ἓ
1152 3113 1298 3178 Sccnndn
1312 3116 1498 3194 propositio,
1517 3127 1547 3180 et
1567 3134 1619 3180 eos
1640 3135 1765 3199 quoque
1785 3137 1859 3199 puc-

1113 3223 1162 3269 ros
1183 3209 1302 3270 censeri
1323 3217 1476 3287 martyres
1499 3213 1635 3289 tradunt,
1651 3229 1728 3292 quos
1743 3214 1859 3278 Christi

1111 3301 1213 3364 hostes
1235 3301 1462 3379 interiecerint,
1485 3308 1627 3384 quamuis
1656 3310 1798 3371 nondum
1820 3324 1858 3371 ex

1111 3405 1251 3457 materno
1273 3402 1384 3458 ventre
1405 3399 1584 3476 eruperint,
1610 3400 1676 3463 sive
1701 3410 1858 3480 superstes

1112 3496 1233 3552 maneat
1261 3489 1410 3566 genitrix,
1433 3493 1591 3556 sirenum
1613 3494 1649 3556 iis
1671 3505 1787 3573 pereat,
1811 3497 1857 3558 uti

1112 3585 1217 3646 videre
1238 3591 1284 3645 est
1311 3583 1392 3660 apud
1420 3585 1628 3664 Theophilum
1653 3588 1858 3667 llaynaudum

1112 3679 1164 3740 cit.
1190 3682 1264 3738 torn.
1289 3678 1332 3737 18
1353 3678 1388 3738 in
1410 3694 1499 3756 opere
1527 3679 1685 3759 inscripto
1706 3682 1743 3744 dc
1771 3700 1857 3746 ronr-

1112 3770 1197 3848 tprio
1212 3787 1268 3849 per
1281 3779 1409 3850 pestem,
1433 3789 1462 3850 p.
1480 3773 1514 3846 2,
1533 3791 1600 3853 cnp.
1617 3777 1651 3848 2,
1668 3779 1756 3840 niem.
1774 3784 1808 3851 8,
1826 3789 1857 3841 et

1111 3864 1169 3926 late
1190 3868 1269 3944 apud
1292 3867 1464 3930 llurtadum
1487 3870 1522 3930 in
1549 3861 1800 3935 resolutionibus
1821 3875 1857 3937 dc

1110 3976 1182 4024 vero
1204 3961 1365 4038 martyrio
1397 3962 1432 4022 in
1455 3969 1553 4026 tract.
1576 3965 1611 4036 2,
1641 3985 1701 4028 res.
1723 3966 1769 4030 20
1800 3985 1857 4048 per

1112 4070 1169 4123 tot.
1193 4063 1346 4140 Quidquid
1363 4071 1468 4126 antem
1483 4066 1706 4144 pronunciatur
1722 4068 1760 4127 de
1783 4083 1856 4144 pne·

1111 4156 1153 4216 ris
1174 4167 1245 4219 ante
1276 4173 1369 4218 usum
1401 4159 1529 4220 rationis
1551 4161 1583 4220 in
1606 4160 1722 4222 Christi
1750 4161 1856 4221 cilium

1110 4251 1248 4326 sublatis,
1271 4253 1411 4329 protendi
1435 4255 1469 4315 ad
1498 4253 1639 4315 homiues
1667 4253 1787 4316 adultae
1808 4271 1857 4316 ae·

1112 4347 1181 4409 tatis
1203 4345 1413 4422 contenditur,
1436 4349 1488 4427 qui
1511 4349 1638 4409 rationis
1660 4365 1783 4428 semper
1804 4366 1856 4410 ex-

1111 4450 1213 4518 pertes
1234 4441 1363 4515 luerint,
1384 4443 1409 4502 si
1431 4450 1461 4504 et
1484 4443 1530 4504 bis
1553 4445 1584 4506 in
1607 4445 1712 4506 odium
1734 4443 1805 4506 fidei
1819 4446 1856 4508 ab

1111 4536 1244 4596 inimicis
1267 4535 1381 4597 Christi
1404 4537 1465 4598 vita
1487 4538 1651 4612 adimatur,
1675 4543 1729 4599 hos
1744 4539 1857 4618 quippe

1109 4634 1250 4689 statuunt
1271 4628 1375 4706 pueris
1397 4630 1526 4690 omuino
1547 4630 1674 4692 similes.
1706 4632 1856 4695 Videatur

1110 4720 1280 4782 Cardinalis
1302 4722 1517 4799 Capisuccbius
1539 4723 1571 4784 iu
1594 4724 1656 4785 suis
1678 4735 1855 4787 controver-

1108 4814 1161 4874 siis
1178 4814 1341 4891 theologie.
1358 4823 1388 4876 et
1403 4817 1586 4878 nominatim
1604 4819 1637 4879 in
1655 4818 1705 4879 illa
1722 4821 1758 4880 de
1776 4836 1855 4881 mar-

1110 4914 1168 4984 tyr.
1193 4924 1220 4984 q.
1243 4908 1277 4979 2,
1300 4909 1356 4983 §4
1379 4908 1481 4986 infin.
1500 4911 1587 4972 Licet
1604 4911 1638 4972 in
1652 4911 1762 4990 pueris
1779 4919 1855 4974 onte

1109 5015 1204 5061 nsnru
1227 5003 1368 5063 rationis
1395 5017 1453 5079 pro
1485 5003 1614 5065 Christo
1641 5003 1854 5067 morientibus

1108 5108 1171 5152 non
1193 5093 1280 5156 adsit
1302 5095 1434 5172 proprio
1450 5113 1487 5158 nc
1504 5099 1683 5174 personalis
1700 5097 1851 5170 intentio,

1109 5185 1198 5248 adest
1222 5195 1329 5250 tomen
1351 5188 1492 5250 intentio
1514 5191 1600 5252 Eccl.
1625 5192 1762 5268 quaein
1786 5191 1854 5253 illis

1108 5289 1241 5342 ntortern
1262 5297 1319 5359 pro
1344 5281 1473 5344 Christo
1496 5289 1650 5360 occeptat,
1676 5301 1784 5362 eosqne
1798 5300 1854 5362 per

1107 5374 1305 5450 martyrium
1318 5372 1379 5434 Deo
1395 5381 1558 5438 consecrat
1573 5381 1632 5438 etc.
1648 5377 1735 5450 Oetae
1745 5383 1853 5438 antem

1108 5466 1144 5527 tle
1155 5466 1340 5549 iacientibus
1351 5473 1428 5530 sinte
1440 5485 1533 5530 nsnnt
1547 5470 1687 5531 rationis
1698 5486 1755 5548 pro
1764 5469 1855 5533 Chri·

1106 5567 1155 5621 sto
1178 5560 1290 5622 occisis
1313 5560 1400 5623 dicta
1426 5567 1517 5633 sunt,
1543 5561 1752 5644 intelligendo
1774 5573 1853 5626 sant

1107 5653 1204 5716 etiam
1226 5654 1262 5715 de
1274 5652 1465 5727 emeretibns,
1483 5657 1538 5733 qni
1554 5673 1730 5734 nccmqnarn
1752 5659 1854 5721 rutic-

1106 5747 1158 5808 nis
1180 5763 1276 5808 nsum
1299 5745 1495 5817 habuerant,
1510 5749 1538 5809 si
1554 5751 1734 5830 continget,
1754 5767 1802 5811 eos
1818 5753 1854 5814 in

1107 5839 1214 5902 attan
1239 5839 1363 5903 Christi
1392 5841 1503 5903 occidi.
1528 5842 1706 5907 Sententiae
1735 5853 1767 5906 et
1787 5845 1851 5924 opi-

1106 5933 1215 5996 niones
1236 5933 1293 5996 liae
1314 5934 1441 6013 quidem
1471 5943 1557 6013 sunt,
1579 5953 1657 6015 quae
1678 5938 1703 5998 si
1725 5939 1758 5999 in
1784 5955 1853 6022 pra-

1718 6091 1746 6133 75

1781 543 1840 608 593
1890 541 1945 596 An.
1960 542 1990 596 C.
2011 541 2081 598 1755
