4744 6976
340 559 392 612 Au.
408 561 438 613 0.
461 559 529 614 1744

359 1368 483 1415 ohiioitur
504 1368 539 1414 al·
598 1358 617 1431 ξ

322 1423 361 1466 ter
384 1425 469 1466 textus
483 1422 538 1467 tlte-

324 1473 416 1520 xandri
439 1475 465 1520 ln
481 1478 535 1531 carr.

326 1527 492 1586 Propositum.

348 3143 396 3186 llas
415 3141 534 3186 onslonos

322 3194 355 3240 oh
379 3152 535 3258 astquihus

320 3247 396 3348 {llalartao
417 3257 535 3294 resistun-

348 4645 492 4694 Alexander
505 4656 532 4692 a·

317 4700 533 4800 litaturos:

316 4809 362 4854 vlt.

352 5563 531 5611 controversia

317 5623 380 5665 tuuc
394 5619 426 5664 ah
441 5617 529 5664 eodem

317 5673 410 5718 decisa.

579 559 638 628 208
1084 578 1147 624 run.
1173 577 1263 624 nour.
1288 575 1328 620 ua
1351 577 1378 620 r.
1402 574 1431 622 r.
1457 577 1538 622 rans
1561 575 1582 622 v.
2142 561 2197 612 An.
2214 561 2247 612 c.
2272 561 2339 610 1744

560 699 737 762 reciderent
764 699 902 773 crimen,
925 714 1064 778 proquo
1088 697 1219 761 suhieoti
1241 694 1308 758 iue-
1362 705 1536 776 creaverat;
1559 705 1658 760 uxore
1679 713 1754 761 vero
1780 697 1937 774 defuncta,
1961 699 2111 762 renuebat

559 799 630 855 rant
652 792 873 871 poenitentiae.
899 792 1059 855 canonem
1081 791 1184 867 hunc,
1208 804 1307 868 quum
1363 809 1433 856 cum
1457 793 1610 872 praedicta
1626 793 1759 856 muliere
1773 809 1971 874 permanere,
1988 795 2112 858 suhoh-

561 887 614 949 tihi
637 886 811 960 vacaverit,
835 886 939 962 legere
967 886 1102 964 poteris,
1125 892 1218 964 atque
1239 901 1307 964 per·
1363 887 1561 964 tentu,quod
1583 887 1755 951 invalidum
1778 903 1849 950 cum
1873 889 1935 968 ipsa
1953 889 2111 951 matrimo-

558 979 710 1060 pendere;
733 981 786 1042 sed
808 980 924 1044 irustra
946 981 978 1042 in
1002 980 1056 1042 illo
1084 995 1215 1058 quaeras
1236 980 1306 1042 nul·
1363 981 1453 1043 nium
1481 988 1696 1057 contraxerat,
1720 981 1857 1057 legitima
1887 997 1987 1044 uxore
2012 982 2110 1046 adhuc

558 1077 677 1138 litatem
691 1073 881 1136 matrimonii
895 1073 1145 1138 interadulteros
1160 1074 1306 1152 ipsoiure
1362 1075 1539 1154 superstite.
1569 1075 1712 1137 Pontifex
1739 1091 1814 1151 ergo
1842 1092 1940 1154 quum
1963 1093 2030 1138 eam
2051 1079 2110 1140 cir-

557 1168 943 1242 statutam,tleilcieritihus
958 1168 1024 1229 aliis
1040 1167 1233 1230 irritantibus
1248 1169 1307 1230 cir·
1363 1169 1584 1232 cumstantiam
1607 1168 1711 1245 magni
1735 1170 1926 1244 aestimaret,
1949 1172 2031 1247 quod
2053 1171 2109 1232 sci-

558 1261 764 1335 cumstantiis,
787 1278 802 1320 a
825 1261 912 1323 nohis
933 1261 1050 1338 pluries
1072 1262 1263 1324 memoratis.
1363 1261 1433 1324 lieet
1453 1265 1607 1344 proefoto
1636 1262 1756 1323 mulier
1777 1268 1847 1324 erot
1876 1263 2001 1336 inscio,
2030 1265 2109 1342 quod

638 1357 687 1420 32.
711 1357 875 1431 Attamen,
898 1358 980 1436 quod
1001 1356 1042 1418 ihi
1065 1365 1219 1420 statutum
1241 1373 1303 1420 non
1361 1357 1417 1418 ille
1438 1356 1539 1420 olium
1560 1373 1695 1418 umorem
1717 1355 1846 1420 hoheret
1867 1359 2036 1433 uiuentem,
2053 1377 2110 1425 neo

558 1452 731 1530 reperitur,
758 1450 830 1513 alihi
853 1450 971 1513 tesino
1000 1449 1064 1513 ullo
1092 1451 1195 1513 lahore
1218 1451 1304 1514 inve·
1362 1467 1497 1528 aequum
1518 1458 1674 1524 conseret,
1700 1452 1892 1528 praedictum
1916 1452 2032 1528 virum,
2055 1457 2108 1534 qui

559 1545 640 1607 nisse
658 1543 835 1618 alhrmahls,
852 1543 884 1605 in
907 1551 1009 1605 nostra
1026 1559 1138 1623 nempe
1153 1545 1305 1607 collectio·
1331 1549 1334 1639 p
1360 1543 1495 1605 scienter
1516 1551 1624 1606 contra
1654 1559 1789 1606 canones
1819 1552 1961 1620 venerat,
1985 1547 2108 1612 lucrum

558 1655 597 1702 ne
618 1637 805 1715 Gregoriana
831 1638 890 1700 suh
912 1637 1003 1700 titulo
1028 1639 1171 1716 superius
1200 1638 1303 1714 allato,
1331 1703 1333 1734 Ι
1361 1636 1399 1698 de
1419 1651 1475 1698 suo
1497 1635 1567 1698 dolo
1589 1644 1762 1714 reportare:
1787 1639 1906 1714 statuit,
1925 1647 1971 1712 ut,
1993 1639 2019 1701 si
2040 1641 2108 1718 qui-

559 1730 602 1792 lle
623 1749 656 1792 eo
679 1729 735 1808 qui
756 1731 856 1792 duuit
879 1730 913 1792 iu
932 1731 1190 1804 matrimonium,
1210 1748 1304 1810 quom
1329 1735 1333 1793 t
1360 1727 1430 1790 dem
1455 1729 1517 1807 ipsa
1540 1729 1654 1791 mulier
1676 1729 1703 1791 id
1726 1730 1912 1806 postularet,
1937 1733 2107 1796 divortium

557 1823 675 1902 polluit
689 1840 746 1902 per
760 1823 971 1896 adulterium,
997 1839 1065 1902 cop.
1084 1825 1302 1902 Propositum,
1330 1804 1333 1911 ξ
1361 1820 1444 1882 inter
1465 1837 1516 1883 eos
1531 1822 1636 1898 fieret3
1660 1839 1723 1884 nun
1741 1839 1827 1896 vero,
1843 1823 1881 1898 si,
1897 1824 2024 1887 volente
2040 1841 2109 1889 mu·

558 1919 639 1996 quod
668 1925 714 1978 est
737 1919 831 1995 ipsius
853 1917 1019 1980 Alexandri
1042 1919 1091 1980 lll.
1116 1918 1168 1981 uhi
1196 1919 1239 1980 sic
1261 1919 1302 1979 le·
1330 1926 1332 1955 ¹
1361 1913 1437 1977 llere
1459 1915 1491 1976 in
1513 1914 1690 1977 huiusmodi
1717 1917 1872 1978 connuhio
1894 1932 2105 1996 perseverare,

557 2013 656 2086 gitur:
682 2009 771 2071 Licet
796 2015 906 2073 nutem
928 2011 963 2072 iu
985 2009 1161 2073 cououihus
1191 2010 1302 2074 haheo·
1329 2046 1332 2133 Ι
1360 2005 1410 2066 vir
1431 2012 1553 2084 peteret
1575 2008 1612 2069 ab
1633 2023 1667 2070 ea
1688 2009 1833 2085 separari.

558 2110 625 2174 tur,
649 2109 688 2164 ut
719 2103 831 2166 nullus
859 2104 984 2180 copulet
1015 2103 1049 2165 iu
1081 2103 1301 2176 matrimomo,
1329 2138 1331 2163 i
1399 2099 1418 2174 ἓ
1446 2099 1496 2161 35.
1529 2101 1748 2176 Quaestionem
1785 2101 1863 2164 hanc
1897 2104 2105 2168 definiendam
2140 2120 2346 2177 neguraprom-

555 2211 649 2272 quum
672 2196 764 2272 prius
785 2195 947 2272 polluerat
969 2197 1144 2271 adulterio,
1163 2204 1194 2258 et
1212 2197 1302 2260 illom
1329 2193 1331 2224 ¹
1358 2194 1491 2272 sumpsit
1513 2194 1689 2256 Alexander
1710 2195 1841 2257 incitat.
1865 2195 1941 2275 Cup.
1960 2199 2107 2276 Proposi-
2125 2175 2346 2280 ἑῗζῗξῖἑῗξζᾱῖὲξῗ

555 2287 712 2359 mouime,
741 2289 796 2349 cui
824 2287 914 2366 fidem
940 2289 1089 2361 dederat,
1116 2305 1220 2351 umore
1240 2307 1300 2354 suo
1361 2296 1448 2357 tum,-
1476 2293 1569 2365 atque
1597 2287 1638 2349 ita
1667 2287 1821 2362 delinivit,
1851 2299 1885 2351 ut
1910 2292 2104 2369 praecipuam
2125 2283 2217 2328 tentia.

555 2381 690 2452 virente,
713 2380 761 2442 rel
782 2399 861 2460 quoe
882 2381 1071 2445 murlriuoto
1094 2391 1139 2445 est
1162 2385 1198 2445 iu
1219 2399 1302 2445 mor·
1328 2377 1331 2469 l
1358 2379 1534 2458 aequitatis,
1557 2380 1803 2459 prudentiaeque
1826 2383 1978 2446 rationem
1993 2385 2031 2446 ah
2052 2385 2106 2447 illo

557 2481 617 2536 tem
639 2476 767 2550 umoris,
791 2482 821 2536 et
843 2475 968 2552 quidem
989 2476 1126 2538 validum
1143 2477 1196 2538 tihi
1212 2492 1303 2553 argu·
1328 2472 1331 2539 Ι
1359 2473 1495 2534 habitam
1517 2489 1584 2535 esse
1607 2473 1823 2552 dignoscatur3
1848 2489 1944 2553 eaque
1964 2475 2105 2541 definitio

556 2577 699 2630 mentum
726 2569 807 2630 dices
835 2576 1001 2647 suppetere
1023 2570 1055 2631 in
1078 2584 1111 2631 ea
1138 2587 1215 2632 voce
1236 2586 1301 2632 oro·
1328 2588 1330 2693 q
1359 2567 1451 2628 unice
1472 2573 1519 2629 est
1540 2566 1737 2629 attendenda.
1768 2565 1799 2630 st
1827 2574 1943 2644 autem,
1966 2571 2039 2632 dum
2063 2572 2105 2633 le·

554 2661 652 2732 trime,
675 2678 735 2739 qua
757 2661 884 2724 indicari
907 2662 1034 2724 videtur
1055 2662 1182 2725 nullitas
1196 2664 1302 2725 matri·
1359 2659 1485 2735 gislator
1506 2660 1543 2721 de
1566 2659 1728 2738 principali
1750 2670 1936 2736 argumento
1958 2665 2051 2726 verha
2065 2665 2105 2726 ia-

554 2755 652 2816 monii
681 2755 765 2815 inter
793 2755 970 2816 adulterum
993 2763 1025 2817 et
1050 2755 1221 2818 adulteram
1244 2756 1302 2838 (de
1328 2812 1330 2843 Ε
1358 2751 1416 2827 cit,
1448 2753 1606 2831 quidpiam
1635 2753 1673 2815 ah
1695 2754 1758 2831 ipso
1783 2764 1971 2820 extraneum
2000 2760 2106 2823 minus

555 2865 616 2926 quo
632 2847 821 2909 Pontilexin
837 2848 1050 2925 superioribus
1072 2847 1193 2911 locutus
1209 2853 1300 2930 erat),
1328 2848 1331 2947 l
1359 2853 1441 2906 recte
1473 2846 1590 2908 dictum
1618 2863 1685 2909 esse
1712 2849 1941 2927 comperietur,
1975 2853 2106 2918 minime

554 2940 647 3002 etiam
670 2956 734 3002 non
758 2949 964 3002 concurrente
987 2941 1228 3018 machinatione,
1244 2957 1302 3005 nec
1328 3002 1330 3011 ,
1358 2938 1449 3000 dehet
1474 2940 1653 3002 enunciatio
1686 2942 1767 3004 haud
1794 2944 1867 3004 satis
1888 2954 2027 3008 accurata
2053 2955 2106 3011 aut

554 3035 620 3096 data
644 3034 703 3094 ode
723 3033 823 3094 futuri
845 3035 1048 3096 matrimonii.
1328 3040 1330 3081 :
1358 3031 1527 3108 legislatori
1549 3033 1627 3094 vitio
1649 3035 1742 3108 verti,
1755 3043 1808 3096 aut
1825 3038 1855 3097 in
1869 3038 2009 3101 veritatis
2020 3056 2106 3119 prae-

593 3127 612 3201 ἓ
633 3125 682 3188 33.
707 3127 800 3188 Forte
821 3127 954 3205 putahis,
974 3143 1041 3203 nos,
1065 3127 1212 3192 adversus
1228 3135 1301 3192 haec
1328 3192 1330 3201 ,
1360 3124 1509 3187 iudicium
1534 3125 1630 3203 trahi,
1660 3143 1765 3206 neque
1789 3137 1890 3206 potest
1918 3147 1974 3209 pro
1996 3135 2103 3210 regula

555 3222 789 3300 responsionem
799 3229 943 3284 nostram
958 3232 1182 3301 comparantes,
1200 3239 1301 3300 gram·
1327 3231 1329 3313 l
1357 3217 1433 3280 iuris
1455 3218 1484 3279 id
1512 3221 1619 3297 accipi,
1646 3223 1727 3300 quod
1753 3222 1795 3284 sic
1821 3224 1858 3285 ah
1884 3227 1994 3288 eodem
2016 3227 2105 3306 legis·

554 3316 724 3380 maticalem
737 3315 1094 3378 controversiamtecum
1105 3317 1223 3393 agitare
1237 3318 1302 3379 vel·
1327 3362 1329 3393 ,
1359 3311 1465 3388 latore,
1488 3313 1587 3376 veluti
1612 3317 1850 3393 praetereundo,
1872 3319 1990 3384 dictum
2011 3321 2104 3387 fuisse

554 3410 582 3472 le
603 3410 641 3472 tle
661 3409 888 3486 significatione
916 3407 999 3470 illius
1026 3409 1115 3472 verhi
1143 3410 1301 3484 orosium·
1327 3414 1329 3491 j
1356 3414 1494 3486 apparet;
1520 3409 1700 3486 praesertim
1726 3427 1825 3489 quum
1847 3413 1928 3490 ipse,
1959 3424 2104 3494 opportu-

552 3519 650 3582 eaque
670 3505 709 3565 de
729 3519 763 3564 re
783 3520 800 3563 a
821 3503 911 3564 arohis
938 3504 1118 3567 consultum
1142 3505 1178 3567 iri
1207 3506 1300 3568 lihros
1326 3528 1329 3647 p
1356 3500 1444 3562 olore
1465 3502 1623 3564 occasione
1643 3503 1754 3579 oblata,
1776 3503 1928 3568 iudicium
1946 3525 2039 3572 suum
2053 3527 2105 3573 su·

552 3605 697 3660 veterum
714 3597 955 3671 canonistarum,
972 3599 1155 3675 praesertim
1170 3599 1298 3676 abbatie,
1357 3609 1410 3672 pet·
1431 3595 1537 3748 eudes}
1560 3609 1594 3656 re
1615 3601 1721 3674 aperte
1743 3597 1955 3662 declaraverit.

575 3689 605 3750 ui
634 3691 667 3750 in
696 3689 779 3751 citat.
813 3690 889 3751 Co.
922 3690 1127 3766 Propositum
1155 3691 1328 3754 audacter*
1396 3687 1485 3762 ἓ36.
1539 3703 1572 3748 os
1599 3698 1704 3752 autem
1733 3691 1763 3750 in
1791 3690 1849 3753 hoc
1898 3695 2011 3757 raecise
2031 3713 2101 3760 casu
2198 3707 2337 3754 Alexandri

550 3706 684 3847 gastinel
712 3801 820 3846 vocem
847 3705 933 3846 iilam
959 3785 1119 3857 urouime,
1148 3785 1179 3847 in
1202 3787 1299 3848 relato
1326 3750 1328 3793 Ι
1356 3797 1530 3886 versamur.
1553 3782 1638 3844 ldem
1661 3784 1813 3886 nimirum
1842 3708 2030 3864 Alexander,
2052 3793 2101 3854 cui
2122 3762 2338 3861 ffii3⁵erd²t¹1⁵ff⁰⁰

553 3877 1297 3984 textu,aequipollereadverhrooolum.Verum,
1325 3932 1328 3977 ἓ
1355 3891 1388 3936 xn
1411 3882 1494 3936 extat.
1521 3872 1597 3979 Cup.
1623 3876 1886 3980 Propositumea
1908 3882 2000 3943 verha
2022 3884 2103 3986 exci-

550 3980 638 4126 hil
653 3970 794 4126 luth
815 3970 1299 4142 lltltllill“hiltiroh
1325 4020 1327 4065 *
1355 3968 1752 4125 ltlllllllhhll
1771 3981 2101 4142 hildilid

551 4166 661 4220 notum
682 4173 749 4220 esse
768 4171 890 4219 morem
913 4112 1119 4236 animumque
1140 4166 1297 4235 nostrum;
1324 4166 1326 4209 t
1355 4153 1505 4228 dulteros,
1522 4153 1669 4217 defenito
1691 4155 1991 4235 1181111101011111811,
2008 4161 2101 4224 11111111

551 4267 607 4313 nos
628 4251 713 4312 enim
737 4251 768 4312 in
791 4251 931 4312 veritatis
953 4251 1166 4328 inquisitione,
1183 4267 1299 4331 nequa·
1324 4316 1327 4369 Ι
1354 4247 1470 4351 absque
1481 4248 1547 4352 aliis
1560 4249 1753 4402 i¹'si:.³¹¹tib⁰⁵
1758 4250 1995 4405 §ircumlstatiiu
2006 4254 2100 4332 idem,

573 4359 643 4405 uam
667 4342 845 4406 huiusmodi
867 4359 911 4404 nu
937 4343 960 4404 is
982 4343 1103 4406 levibus
1129 4361 1168 4407 ue
1189 4344 1299 4407 lunda·
1324 4374 1326 4385 ·
1356 4356 1387 4401 m
1411 4356 1484 4402 uam
1532 4356 1565 4401 rn
1591 4358 1648 4403 ara
1676 4358 1730 4404 sua
1779 4345 1905 4405 ecretai
1971 4361 2101 4408 uamex

551 4361 667 4499 ilnentis
694 4435 874 4511 innitimur,
896 4358 934 4497 est3
952 4361 1148 4515 quaestionqes
1170 4438 1298 4502 inutiles
1324 4388 1327 4497 Ῐ
1354 4357 1537 4516 coflecuo'ne
1558 4434 1761 4496 conciliorum
1777 4391 1927 4500 harduini
1947 4362 2039 4518 {lupia
2054 4455 2101 4502 re·

573 4546 676 4593 rorsus
698 4545 889 4592 aversamur.
1324 4554 1326 4597 r
1356 4525 1496 4602 tulimus,
1513 4543 1613 4604 quum
1634 4526 1749 4588 directe
1770 4529 1807 4590 ah
1828 4544 1864 4591 eo
1908 4541 2089 4596 uaereretur

551 4547 680 4700 p53l.
705 4624 810 4700 ltaque
832 4626 1074 4701 respondemus,
1098 4642 1204 4688 veram
1226 4627 1297 4690 Ale.
1324 4618 1326 4723 4
1354 4637 1393 4682 an
1408 4620 1532 4682 nullum
1546 4622 1739 4683 censendum
1755 4618 1834 4684 toret
1849 4547 2102 4688 huiusmodimas

552 4717 660 4782 xandri
678 4717 1001 4794 Pontificismeutem‚
1019 4719 1159 4796 circaea,
1177 4723 1298 4801 dequi·
1323 4734 1326 4807 g
1356 4712 1557 4787 1111110111111,
1587 4712 1713 4774 1111111111
1735 4714 1811 4776 1111111
1838 4731 1904 4778 0⁸⁸0
1930 4720 2099 4798 1131111111,

551 4816 608 4877 bus
629 4827 715 4873 nunc
735 4811 869 4887 agimus,
886 4811 1018 4873 minime
1040 4815 1210 4876 eruendam
1231 4831 1298 4878 esse
1324 4810 1326 4861 l
1353 4808 1379 4868 si
1397 4805 1586 4868 machinatio
1606 4813 1661 4868 aut
1682 4807 1863 4885 nuptiarum
1878 4812 2101 4888 promissioin·

550 4923 587 4969 ex
609 4903 763 4983 aliquihus
784 4904 988 4984 verhis,quac
1010 4905 1068 4984 ipsi
1089 4907 1231 4970 excidere
1245 4925 1298 4988 po-
1324 4908 1326 4943 1
1356 4901 1564 4970 tervenerint.
1588 4900 1678 4978 lsque
1693 4899 1836 4963 Pontiiex
1858 4903 1914 4966 hoc
1936 4905 2100 4984 ipsumiir-

551 5005 700 5100 luerunt,
723 4997 798 5058 dum
820 4996 910 5102 aliam
932 4999 1061 5059 omnino
1083 5001 1295 5104 quaestionem
1324 5008 1326 5089 l
1354 5003 1418 5098 mat
1437 5009 1471 5056 ru
1495 4994 1571 5097 Golt-
1596 4993 1707 5098 'Super
1728 5010 1772 5068 ⁶⁰,
1796 4994 1842 5058 Do
1863 5013 1896 5058 to
1920 4998 1977 5077 qui
2001 5000 2100 5065 duuit

549 5092 704 5246 deligaret.
728 5090 789 5196 Sed
810 5089 983 5245 νιᾶριηᾱυῃι
1003 5102 1295 5247 esdsetpotrssxmum,
1323 5116 1326 5185 j
1354 5103 1389 5148 to
1411 5092 1657 5244 ototttmoudugm
1672 5093 1731 5245 let?
1750 5089 1802 5150 utu
1816 5107 1860 5152 sac
1875 5091 1979 5247 hahft:
1999 5093 2101 5248 Super

571 5202 601 5247 ur
646 5201 709 5248 ise
730 5201 790 5246 scri
812 5201 871 5245 sem
939 5201 1015 5246 uum
1051 5203 1098 5246 aa
1121 5203 1139 5249 0
1161 5203 1296 5250 erucam
1353 5198 1387 5242 eo
1408 5197 1480 5243 uero
1534 5197 1576 5243 uo
1635 5197 1650 5242 e
1684 5199 1776 5244 core
1819 5199 2016 5248 roeseurum
2047 5206 2100 5250 urs

549 5201 750 5356 gertragtaret
772 5201 998 5356 qgaesu’ogcm,
1022 5294 1115 5356 quam
1140 5201 1213 5359 Iprae
1234 5297 1297 5342 rna·
1323 5208 1326 5305 Ι
1354 5274 1460 5336 literis
1481 5199 1689 5352 quqrreuustu
1711 5291 1754 5338 uu
1776 5198 1872 5340 ligem
1894 5294 1966 5340 oum
1987 5281 2101 5344 rosidi
2139 5303 2143 5310 ·

550 5370 641 5432 uihus
661 5371 822 5432 hahemus.
845 5370 940 5432 Porro
962 5369 1135 5432 Alexander
1156 5373 1188 5433 in
1211 5373 1294 5436 citat.
1353 5368 1600 5430 matrimonium
1615 5368 1816 5442 contradere,
1833 5387 1940 5446 duom,
1956 5373 2024 5436 ulio
2038 5391 2100 5438 suo

551 5461 628 5541 Cop.
653 5463 857 5540 Propositum
879 5465 1046 5543 respondet
1071 5465 1170 5527 abbati
1193 5465 1295 5531 Sancti
1323 5416 1326 5563 ff
1353 5477 1456 5523 umore
1476 5460 1612 5532 rioerrte,
1634 5459 1697 5524 sihi
1719 5461 1757 5524 de
1777 5464 1866 5544 torto
1891 5467 2099 5528 matrimonio

549 5557 671 5632 Albani,
716 5558 749 5618 ui
770 5557 807 5619 ah
834 5557 842 5617 i
866 5573 900 5619 so
950 5558 1101 5620 uaesierat
1169 5559 1296 5622 uidnam
1323 5606 1325 5629 ,
1353 5554 1535 5632 repulerim·
1559 5556 1859 5618 tuoesolicitucliui
1881 5557 2099 5622 duuimusre-

549 5574 751 5713 statuendssm
765 5573 904 5713 essetpde
925 5574 1058 5728 guodam
1074 5576 1213 5728 homilue,
1229 5655 1295 5732 qui,
1323 5634 1325 5697 !
1352 5648 1582 5752 spondendum,
1595 5649 1677 5752 quod
1691 5648 1721 5751 si
1737 5649 1888 5714 adultero
1905 5657 1951 5714 est
1968 5653 2003 5714 iu
2016 5669 2099 5715 mor·

550 5742 676 5845 vivente
697 5759 796 5806 uxore
816 5760 883 5848 sua,
906 5744 1035 5847 alteram
1058 5745 1115 5848 sihi
1137 5747 1297 5809 matrimo·
1323 5753 1325 5871 f
1355 5747 1416 5803 tem
1437 5741 1578 5844 oilerius
1600 5743 1727 5820 aliquid
1741 5743 1941 5816 machinato,
1956 5745 2024 5807 sire
2039 5747 2099 5810 iste

550 5849 603 5897 mo
630 5836 843 5914 copulaverat,
867 5851 995 5899 insciam
1024 5837 1161 5914 coniugii
1187 5839 1296 5917 queis
1351 5835 1443 5916 fidem
1458 5835 1696 5914 dederat,quod,
1710 5838 1817 5900 eodem
1832 5837 1999 5917 defuncto,
2015 5839 2098 5904 tanc

549 5927 712 5994 adstrictus
733 5937 799 5993 erat
820 5935 851 5992 et
873 5929 952 5992 lilios
972 5947 1012 5992 ex
1033 5931 1128 5994 altera
1150 5931 1203 5994 illa
1224 5947 1294 6014 pro·
1322 5922 1325 5990 l
1352 5937 1431 5993 esset
1447 5930 1810 6004 recrudescentium
1825 5948 1959 5996 conones
1974 5933 2013 6000 oh
2028 5935 2097 6000 eius
