4798 6978
358 555 412 610 An.
426 559 456 611 C.
478 559 547 610 1756

381 1438 506 1485 Probatur
520 1451 558 1486 as-

345 1493 558 1539 sertioiterattse-

346 1545 557 1603 aaarplisinstau-

346 1604 415 1645 ratae
440 1602 557 1658 ursionis,

346 1655 490 1710 rebusque
514 1666 556 1710 ge-

345 1707 446 1754 stissub
457 1708 558 1754 33333333-

346 1757 369 1805 33
387 1761 529 1818 Palaeoiog.

366 4351 444 4412 ¹impla
461 4347 557 4395 Andro·

346 4414 395 4448 3333
432 4404 556 4451 interme-

345 4455 394 4518 diis
421 4459 556 4513 imperato·

346 4522 378 4554 ns
392 4514 527 4556 attentata.

596 559 654 620 est

577 695 615 756 do
636 700 668 755 et
695 692 873 765 statuendo,
898 692 998 754 inesse
1023 691 1055 752 in
1086 689 1218 768 praelata
1240 705 1321 750 corn·

578 787 799 849 memoratione
832 786 1087 864 protestationem
1121 782 1321 847 subiectionis

576 879 695 942 debitae
716 881 855 942 Romano
877 878 1017 941 Pentitici
1039 886 1195 957 tamqnam
1219 876 1322 938 Eccle-

576 972 638 1034 siae
666 974 775 1050 capiti,
804 990 836 1034 ac
866 971 1036 1034 veluntatis
1062 968 1265 1046 permanendi
1288 967 1320 1029 in

577 1067 696 1128 unitate
709 1066 873 1140 Ecclesiae,
891 1073 924 1127 nt
945 1064 1200 1143 supradiximus,
1216 1069 1320 1123 contra

577 1175 651 1221 vero
662 1175 715 1238 per
727 1156 1218 1225 huiusmodicommemorationis
1230 1154 1322 1216 omis·

575 1252 696 1314 sionem
717 1253 864 1315 ‹teclarari
885 1253 1027 1316 animum
1049 1249 1205 1313 schismati
1229 1248 1322 1328 perti·

577 1345 694 1407 naciter
715 1346 944 1408 adhaerentem.

617 1440 635 1514 ἓ
658 1439 704 1502 tt.
728 1441 830 1516 Quum
859 1439 985 1503 llichaet
1014 1438 1211 1513 Palaeologus
1243 1436 1321 1498 Con·

575 1533 1318 1613 stantinopolitanusImperatoranno.ucocxnr.

577 1638 608 1691 et
628 1631 770 1709 sequenti
791 1629 931 1692 studium
951 1643 1043 1691 snum
1058 1625 1239 1688 declarasset
1254 1624 1321 1686 red-

576 1724 671 1785 eundi
702 1739 764 1786 una
797 1739 869 1784 cum
897 1723 1017 1785 Graecis
1038 1719 1095 1781 sihi
1121 1717 1266 1780 subiectis
1288 1716 1320 1776 in

577 1816 729 1878 unitatem
750 1824 843 1894 33333
867 1818 1062 1879 concordiam
1087 1833 1158 1878 cum
1186 1813 1320 1876 Ecclesia

575 1908 723 1985 Romana,
747 1910 889 1973 Urbanus
911 1910 961 1973 tv.
986 1911 1199 1989 praedecessor
1216 1913 1321 1970 noster

575 2002 654 2064 hanc
675 2003 886 2066 conditionem
907 2005 1021 2066 diserte
1043 2004 1219 2082 proposuit,
1244 2007 1320 2064 teste

575 2094 679 2158 Niceta
702 2095 755 2158 333.
780 2101 812 2169 5,
832 2114 899 2175 cap.
916 2100 951 2170 2,
975 2105 1012 2160 ut
1035 2099 1070 2158 33
1086 2098 1187 2160 333333
1210 2094 1320 2176 officiis

576 2196 605 2250 33
629 2187 798 2268 3333333333
820 2192 926 2268 Papae
948 2209 1059 2253 333333
1086 2207 1156 2254 cum
1179 2199 1321 2268 3333333

576 2283 783 2346 Patriarchis
797 2293 1039 2348 memoraretur.
1059 2287 1201 2364 Cumque
1215 2283 1320 2344 subin·

575 2375 613 2437 de
633 2377 812 2440 huiusmodi
843 2379 967 2441 unionis
990 2378 1130 2442 tractatio
1150 2378 1187 2441 ab
1212 2376 1319 2439 eodem

576 2469 722 2532 llichaele
744 2471 932 2550 imperatore
952 2481 983 2534 et
1009 2471 1183 2534 Patriarcha
1205 2471 1321 2532 toanne

576 2562 675 2626 Vecce
699 2573 854 2643 resumpta
876 2565 995 2640 luisset,
1011 2584 1044 2628 33
1065 2567 1103 2628 de
1123 2582 1156 2628 ea
1178 2566 1259 2628 serio
1274 2581 1320 2627 33-

577 2665 644 2720 tum
672 2659 766 2720 tuerit
789 2660 819 2722 in
843 2661 979 2724 Concilio
1005 2661 1143 2737 generati
1174 2658 1320 2736 Lugduni

575 2751 680 2812 habito
703 2769 784 2815 anno
806 2753 928 2815 Domini
950 2769 1138 2829 33333333,
1155 2754 1189 2815 B.
1206 2753 1320 2829 Grego-

576 2843 641 2905 rius
663 2843 700 2906 x.
726 2845 814 2907 Pont.
845 2847 937 2921 3333,
960 2847 1202 2910 assentientibus
1230 2847 1321 2926 patri·

576 2937 632 2998 hus
654 2939 684 2999 in
716 2939 853 3002 Concilio
883 2943 1094 3019 congregatis,
1117 2950 1189 3003 ante
1216 2941 1319 3002 omnia

577 3033 745 3094 nonnullas
767 3037 924 3112 proposuit
947 3035 1152 3111 conditiones,
1167 3051 1247 3113 3333
1261 3035 1320 3096 3333

575 3132 820 3204 receptarentur,
838 3129 943 3192 nullos
960 3129 1070 3190 unioni
1093 3128 1266 3191 tractandae
1287 3145 1321 3190 33

576 3218 781 3294 perfruendae
795 3220 879 3284 lucus
894 3222 1050 3300 reliquum
1072 3222 1165 3298 teret,
1188 3239 1321 3301 quarum

576 3311 675 3389 prima
703 3312 777 3376 luit:
809 3323 845 3376 33
875 3317 962 3378 33333
989 3333 1100 3378 sacras
1131 3315 1319 3393 bprrruodias

575 3403 665 3484 Papa
686 3424 759 3469 eum
784 3407 860 3470 33333
882 3396 1022 3486 3333333
1048 3409 1258 3472 Ρ3333333333
1285 3411 1320 3472 iu

577 3497 738 3577 Diptpcha
760 3501 884 3564 retatus
910 3511 1155 3577 promereretur,
1181 3511 1215 3564 ut
1240 3505 1318 3581 apud

577 3597 720 3656 eumdem
744 3596 882 3658 Nicetam
912 3597 1052 3672 habetur,
1075 3599 1133 3660 333.
1158 3599 1213 3659 333.
1244 3598 1318 3659 Eam

576 3705 651 3750 vero
684 3691 896 3754 conditionem
928 3710 942 3752 a
974 3692 1094 3754 Graecis
1135 3699 1319 3770 acceptatam

576 3780 670 3846 luisse
684 3795 716 3844 et
730 3785 913 3863 exequendo
936 3784 1104 3862 impletam,
1122 3793 1253 3848 testatur
1267 3785 1319 3846 Pa-

576 3877 737 3953 chymeres
763 3875 817 3938 tib.
843 3881 877 3950 5,
901 3895 968 3957 cap.
991 3879 1047 3940 22.
1076 3880 1124 3942 333
1146 3879 1203 3942 333
1225 3881 1319 3960 3333-

578 3974 684 4030 333333
715 3970 874 4046 adveatu,
898 3987 1005 4050 pacem
1033 3975 1155 4053 factam
1180 3975 1319 4053 referen-

578 4062 672 4135 tium,
696 4065 757 4125 duo
779 4071 948 4128 3333333333
976 4067 1109 4130 suurbi
1132 4068 1227 4145 prius
1249 4083 1319 4128 333-

575 4163 763 4229 333333333,
793 4160 1019 4222 exauctoratis
1046 4160 1259 4224 Patriarebae
1289 4169 1317 4222 33

576 4249 683 4328 Papae
703 4251 738 4312 33
755 4269 846 4314 33333
861 4255 1115 4316 contmemoratio
1136 4251 1275 4332 publica.

615 4343 706 4419 533.
732 4345 870 4408 Michaeli
898 4345 1077 4422 Palaeologo
1104 4363 1261 4409 successor
1286 4348 1319 4410 in

577 4437 707 4516 imperio
734 4438 794 4500 tuit
820 4439 1014 4502 Andronicus
1043 4439 1143 4514 filius,
1176 4441 1319 4502 damnato

573 4531 731 4594 schismati
753 4531 826 4593 adeo
847 4533 966 4610 perdite
987 4533 1166 4608 adhaerens,
1183 4543 1229 4610 ut,
1245 4551 1322 4612 quo·

575 4625 659 4686 niam
682 4632 768 4704 pater
789 4626 898 4687 unioni
921 4627 1071 4689 Ecclesiae
1097 4627 1226 4690 Graecae
1248 4643 1319 4688 cum

575 4715 682 4780 Latini
703 4719 858 4780 ineundae
880 4735 1005 4798 operam
1026 4720 1212 4795 contulerat,
1235 4720 1320 4782 illius

574 4827 684 4890 corpus
713 4819 799 4872 entra
829 4812 930 4875 locum
957 4830 1078 4876 sacrum
1105 4813 1231 4892 sepeliri
1252 4828 1319 4892 per·

576 4905 705 4966 miserit.
731 4905 769 4966 Et
790 4905 984 4982 caledones
998 4906 1149 4970 Ecclesiae
1171 4910 1319 4971 Constan-

576 4998 795 5077 tinopolitanae
810 4999 997 5078 praesideret
1010 5001 1176 5064 catholicus
1191 5001 1319 5063 3333333-

575 5093 631 5154 333
653 5093 782 5156 3333333
811 5091 919 5169 hecco,
943 5095 1075 5155 minime
1100 5094 1240 5172 sperabat
1261 5094 1319 5154 333-

575 5194 709 5264 perator,
721 5185 904 5248 destinatam
915 5187 972 5248 sibi
987 5187 1160 5248 schismatis
1172 5187 1320 5250 instaura·

577 5280 692 5341 tionem
707 5281 742 5341 ad
759 5280 880 5344 exitum
898 5280 1024 5358 perduci
1044 5295 1140 5358 posse,
1157 5280 1319 5358 losephum

575 5373 740 5450 quemdam
751 5371 901 5434 baeretici
916 5373 981 5434 labe
991 5371 1144 5436 iniectum
1156 5375 1186 5436 in
1199 5375 1322 5453 patriar-

575 5465 693 5528 chalem
708 5467 813 5529 sedem
828 5467 967 5529 intrusit.
986 5467 1107 5531 Exinde
1122 5485 1170 5530 res
1185 5469 1218 5530 in
1234 5470 1320 5547 peius

576 5579 668 5625 ruere
689 5571 871 5642 coeperunt,
888 5579 944 5626 nec
965 5564 1096 5642 amplius
1111 5563 1246 5626 obtineri
1270 5577 1319 5640 pe

575 5658 635 5720 tuit
645 5657 764 5718 sincera
774 5657 980 5720 Ecclesiarum
992 5657 1212 5733 reconciliatio,
1225 5657 1320 5718 donec

576 5763 677 5816 coacto
706 5754 863 5816 Ferrariae
894 5752 1030 5829 generali
1057 5751 1212 5827 Concilio,
1239 5748 1320 5827 quod

575 5846 687 5908 deinde
708 5845 896 5908 Florentiam
921 5848 1105 5908 translatum
1126 5843 1320 5918 luit,1·ebus·

576 5955 637 6018 333
647 5941 730 6001 inter
740 5939 863 6001 Latinos
873 5939 1066 6019 Graecosque
1080 5933 1184 6002 Patres
1198 5943 1321 5998 mature

1101 573 1163 616 lllll·
1191 573 1278 616 ΡΟΝΤ.
1305 573 1343 614 tta
1367 571 1393 614 P.
1418 571 1446 615 F·
1472 573 1553 616 PARS
1577 573 1595 616 Ι.

1376 690 1529 764 discussis,
1545 707 1627 752 anno
1642 669 1769 753 demum
1784 705 1963 752 33333333.
1987 689 2129 751 deiectus

1378 781 1435 844 luit
1456 783 1615 845 divisionis
1646 785 1755 860 paries,
1778 785 1831 862 333
1854 799 1948 846 unam
1971 784 2007 844 ab
2029 782 2128 844 alteri

1379 875 1543 938 Ecclesiam
1562 877 1676 940 tamdiu
1698 878 1868 940 seiunctam
1892 883 2048 939 tenuerat.
2074 875 2130 938 Ut·

2159 553 2210 609 33.
2223 559 2251 610 C.
2271 563 2324 615 ttae

2161 885 2249 947 Ι333333
2264 895 2331 945 proha.

2147 943 2183 984 tro
2198 952 2225 984 33
2237 943 2300 990 tactis
2309 953 2332 994 ta·

1378 985 1438 1048 333
1460 970 1605 1032 omnibus
1621 979 1726 1032 testata
1741 973 1829 1033 tieret
1844 970 1970 1032 unionis
1983 977 2129 1047 peractae
2147 994 2221 1054 anans
2232 996 2333 1046 param..

1378 1065 1502 1138 veritas,
1515 1065 1645 1127 loannes
1659 1064 2054 1140 PalaeologusCraecorum
2069 1063 2128 1123 lm-

1379 1166 1501 1236 perator
1515 1157 1606 1221 iussit
1621 1159 1650 1220 in
1669 1159 1759 1220 sacris
1774 1157 1931 1236 Diptychis
1947 1157 2056 1234 reponi
2073 1173 2130 1218 no·

1378 1265 1451 1313 men
1483 1252 1613 1314 Romani
1643 1251 1815 1326 Pontiiicis;
1846 1251 1891 1312 uti
1918 1257 2054 1313 testatur
2077 1250 2129 1311 vel

1379 1345 1442 1421 ipse
1463 1346 1676 1408 schismaticus
1690 1345 1822 1424 scriptor
1836 1345 1994 1423 sylvester
2009 1344 2129 1420 Sguro-

1378 1439 1470 1517 pulos
1492 1440 1527 1501 33
1543 1437 1689 1501 Historia
1706 1438 1843 1502 Caecilii
1862 1439 1960 1510 Fine,
1977 1453 2054 1498 sess.
2073 1439 2128 1508 10,

1378 1550 1404 1592 3.
1431 1533 1485 1596 12.
1510 1534 1652 1612 Cumque
1673 1534 1805 1594 subinde
1827 1534 1953 1595 unionis
1974 1533 2130 1594 constitu-

1379 1633 1426 1688 333
1441 1628 1602 1690 decretum
1617 1627 1652 1688 ad
1665 1626 1863 1688 Philotheum
1875 1625 2128 1690 Alexandrinum

1378 1721 1584 1783 Patriarcham
1602 1723 1818 1788 transmissum
1834 1721 1939 1796 luerit,
1956 1737 2020 1784 non
2037 1735 2131 1798 prae-

1379 1815 1510 1877 termisit
1532 1816 1592 1890 hic,
1617 1817 1648 1878 in
1670 1818 1723 1878 333
1745 1819 1946 1896 responsione
1964 1817 1999 1879 ad
2026 1817 2132 1892 Euge-

1378 1907 1467 1970 nium
1490 1909 1540 1972 tv.
1558 1910 1739 1973 Pontificem
1762 1911 1841 1985 data,
1860 1911 1990 1973 testaria
2005 1927 2038 1973 se
2050 1925 2130 1987 quo-

1377 2019 1439 2082 333
1458 2011 1611 2066 statutum
1633 2004 1835 2080 fuissentin
1855 2005 2002 2066 sacrificio
2019 2004 2130 2066 3333333

1377 2097 2127 2176 RomaniPontificisconrmemoratio,antepuam

1378 2190 1508 2253 aliorum
1532 2191 1785 2270 patriarcharum,
1809 2194 1878 2255 sieri
1898 2193 2040 2254 deberet:
2066 2207 2130 2253 uu-

1378 2285 1414 2346 de
1445 2301 1518 2346 cum
1540 2288 1662 2348 3333333
1683 2283 2072 2366 333333333,33333333333
2096 2293 2127 2346 33

1377 2379 1512 2440 33333333
1525 2379 1650 2441 clericis
1662 2380 1783 2442 ascetria
1796 2381 1988 2451 steterimus,
2001 2383 2041 2440 ut
2053 2379 2130 2440 ubi-

1377 2473 1480 2550 33333
1493 2471 1638 2534 coraibus
1653 2473 1778 2536 Christi
1793 2473 1933 2534 ecclesiis
1946 2474 2034 2534 33333·
2048 2471 2129 2534 Mis-

1376 2585 1489 2630 surum
1503 2569 1656 2631 3333333333
1671 2585 1750 2647 prae
1765 2569 1899 2630 33333333
1913 2565 2127 2630 Ρ3333333333

1377 2663 1562 2724 memoriam
1593 2671 1668 2725 tuae
1696 2662 1917 2726 beatitudiuis
1943 2662 2126 2740 faciamus,

1377 2754 1477 2814 333333
1500 2755 1535 2816 33
1559 2755 1663 2816 333333
1695 2753 1870 2817 333333333
1897 2760 2030 2817 cautum
2051 2760 2127 2826 est,-

1377 2848 1638 2925 qnemadmodum
1659 2850 1766 2911 ridere
1788 2857 1834 2912 est
1855 2849 1976 2911 3333333
1992 2847 2125 2910 Concitii

1377 2940 1550 3003 Florentini
1571 2958 1587 3002 a
1609 2942 1770 3006 Cardinale
1796 2942 1966 3004 lastiniano
1988 2941 2126 3003 collectis

1377 3042 1463 3110 part.
1488 3034 1609 3098 3333333.
1632 3034 1690 3107 22,
1712 3050 1785 3115 pap.
1811 3034 1890 3098 323.

1415 3129 1434 3202 ἓ
1452 3127 1497 3189 36.
1516 3128 1585 3190 Post
1596 3128 1969 3205 loannemPalaeologum
1986 3127 2017 3190 in
2030 3128 2125 3192 Grae-

1376 3223 1421 3285 cia
1443 3223 1608 3301 imperarit
1630 3223 1862 3296 Constantinus,
1884 3223 1938 3301 333
1963 3237 2062 3300 quum
2086 3221 2123 3282 ad

1377 3315 1537 3379 Nicolaum
1560 3316 1596 3377 v.
1613 3318 1743 3393 Legatos
1765 3316 1909 3390 misisset,
1926 3316 1981 3395 333
1996 3315 2053 3376 3333
2070 3331 2124 3393 pe·

1376 3410 1522 3473 rictitanti
1535 3427 1625 3490 opem
1641 3411 1855 3489 implorarent,
1872 3411 1928 3472 hoc
1942 3408 2037 3470 simul
2052 3425 2124 3488 pro

1378 3505 1457 3567 lueri
1480 3523 1542 3568 non
1565 3508 1668 3569 ambit
1688 3523 1721 3568 33
1743 3506 1828 3568 omni
1848 3514 1959 3568 conato
1974 3505 2123 3566 daturum

1377 3615 1513 3678 operam,
1529 3607 1562 3662 ut
1583 3601 1744 3664 concordia
1760 3601 1936 3664 Florentiae
1954 3600 2122 3661 constituta

1376 3692 2124 3773 optatamsortireturesecutionem3ideoqueel·

1376 3787 1543 3863 lecturum,
1567 3795 1602 3850 33
1623 3789 1780 3851 Pontiticis
1799 3790 1928 3852 Romani
1945 3803 2060 3850 nomen
2076 3805 2124 3849 33-

1375 3881 1435 3943 3333
1447 3881 1603 3959 Diptychis
1617 3883 1848 3958 restitueretur,
1861 3883 1908 3944 uti
1920 3891 2049 3946 testatur
2061 3883 2125 3944 Du-

1375 3991 1423 4035 333
1438 3975 1470 4036 33
1487 3974 1612 4036 historia
1622 3975 1806 4052 Byzantina:
1823 3977 2000 4053 Imperator
2010 3991 2123 4054 suppe-

1377 4068 1442 4130 3333
1464 4073 1614 4147 sapatum
1630 4067 1762 4130 Romam
1777 4071 1841 4132 3333
1856 4077 1953 4132 33333
1968 4069 2104 4130 miserat
2108 4091 2123 4141 ,·

1376 4166 1415 4223 33
1426 4160 1523 4223 etiam
1535 4161 1704 4224 3333333333
1722 4161 1900 4224 Florentiae
1911 4162 2123 4224 reconciliata

1376 4253 1628 4327 33333333333333,
1648 4255 1741 4332 33333
1756 4271 1887 4334 3333333
1909 4252 2068 4317 Ecclesiae
2083 4254 2123 4316 li-

1378 4349 1498 4427 turpiis
1520 4347 1627 4426 Papae
1653 4364 1766 4409 333333
1787 4365 1802 4408 3
1822 4348 1925 4411 333333
1951 4347 2122 4426 3333333333

1377 4443 1587 4504 recitaretur.
1609 4441 1752 4503 Pontifex
1773 4450 1878 4505 autem
1894 4449 2073 4519 promptum
2088 4457 2123 4504 se

1376 4544 1469 4614 33333
1490 4542 1631 4614 paratum
1652 4535 1793 4598 exhihuit
1810 4536 1849 4606 ¹ad
1873 4535 2060 4598 atierendam
2076 4536 2122 4598 illi

1377 4645 1431 4708 pro
1453 4629 1573 4691 viribus
1588 4645 1695 4708 opem3
1717 4628 1873 4707 simulque
1888 4629 1990 4708 ipsum
2004 4631 2122 4691 hortari

1376 4731 1407 4784 et
1428 4739 1541 4800 urgere
1563 4739 1625 4786 non
1648 4722 1778 4798 destitit,
1803 4732 1836 4785 ut
1854 4725 2011 4786 decretum
2034 4723 2121 4787 unio·

1377 4817 1424 4879 nis
1440 4817 1471 4878 in
1484 4817 1621 4880 Concilio
1636 4817 1817 4880 Florentino
1832 4826 1970 4897 peractae
1986 4816 2122 4894 promul·

1375 4920 1462 4986 garet
1483 4911 1681 4988 efficeretque
1703 4919 1736 4972 ut
1759 4926 1875 4973 nomen
1893 4910 2023 4972 Romani
2044 4910 2122 4971 Pon·

1378 5004 1467 5066 tiliois
1488 5005 1646 5066 recitetur
1668 5004 1703 5065 33
1725 5003 1954 5082 diptychium
1976 5019 2033 5081 pro
2054 5003 2122 5080 ipso

1377 5099 1570 5162 nominatim
1592 5113 1737 5174 33333333
1758 5095 1797 5160 33
1819 5097 1972 5160 uniuersa
1991 5097 2123 5160 3333333-

1378 5209 1450 5256 rum
1473 5199 1584 5254 333333
1607 5191 1765 5263 Ecclesia,
1788 5193 1876 5254 33333
1898 5194 1952 5265 333,
1976 5192 2032 5270 333
2060 5190 2122 5252 Dea

1375 5288 1535 5366 placuere,
1549 5294 1578 5348 et
1597 5286 1949 5362 Constantinopolitaui
1971 5285 2122 5348 Patrios-

1377 5381 1452 5443 chae
1474 5385 1505 5440 et
1526 5381 1736 5457 Imperatores
1763 5378 1918 5440 hacteuus
1939 5395 2122 5454 seruauere,-

1378 5483 1413 5536 ut
1433 5474 1565 5535 habetur
1586 5473 1618 5534 in
1641 5472 1813 5534 Annalibus
1835 5471 2050 5549 llaynaldi,ud
2065 5488 2122 5534 33-

1377 5583 1455 5629 uum
1480 5565 1605 5629 Christi
1626 5581 1776 5628 ucoootr.
1801 5581 1890 5626 uum.
1907 5566 1940 5627 2.
2092 5620 2094 5623 .

1416 5661 1435 5736 5
1459 5659 1506 5722 37.
1531 5659 1610 5722 llaec
1624 5668 1709 5733 snm,
1725 5673 1802 5736 3333
1818 5658 1978 5737 pertinent
1991 5659 2026 5720 ad
2042 5661 2123 5738 prio

2148 1055 2181 1100 gr,
2193 1057 2280 1095 necnon
2295 1057 2332 1102 rte

2148 1099 2220 1144 33333.
2236 1105 2322 1154 3333333

2183 3144 2262 3188 Tertia
2277 3145 2312 3189 3333

2144 3206 2202 3251 333,
2223 3207 2254 3256 en
2270 3207 2315 3256 3333

2143 3257 2268 3294 conventu
2280 3259 2314 3296 333

2144 3304 2316 3349 constantinia

2144 3367 2194 3454 Eur.
2206 3361 2229 3399 33
2239 3357 2312 3402 3333333

2163 3410 2252 3455 3333333.

2153 5649 2311 5708 3333333333.

2141 5715 2233 5762 huiusce
2245 5713 2310 5752 conu-
2361 5689 2362 5746 l

1377 5769 1443 5815 rem
1472 5760 1592 5832 partem
1620 5751 1712 5830 primi
1734 5752 1858 5828 lloniti,
1883 5751 1934 5813 ubi
1961 5753 2064 5827 agitur
2085 5751 2122 5813 de
2141 5761 2310 5815 rapinarum

2176 5819 2282 5866 noscunt.
2295 5813 2311 5852 33

1376 5847 1564 5923 obligatione
1589 5844 1812 5907 celebrantium
1838 5845 1944 5908 orandi
1970 5861 2024 5924 pro
2045 5845 2122 5923 Papa
2141 5835 2307 5922 33393333,

1376 5941 1408 6002 33
1435 5939 1582 6002 3333333333
1612 5937 1736 6010 Missam
1769 5953 1827 6000 nec
1853 5937 1935 6000 aliud
1964 5946 2122 6016 praeterea
2140 5927 2249 5980 3333333·
