4764 6972
330 526 519 586 An.e.1742
569 536 609 602 82
1070 558 1134 604 111.
1159 557 1251 604 nour.
1274 555 1365 602 111.
1388 555 1418 602 1.
1442 555 1526 602 raus
1547 555 1569 601 ι.

549 674 644 752 dicat,
673 682 709 737 ut
736 675 770 738 in
798 676 995 756 amplissimis
1025 676 1087 740 illis
1117 675 1296 754 regionibus
1669 669 1777 735 xxvi.

550 769 727 847 evangelica
748 770 803 832 lux
816 770 899 833 clare
913 769 1074 851 nitideque
1093 769 1250 848 ellulgeat,
1263 783 1296 830 ac

550 863 744 940 praepotenti
765 878 862 926 manu
889 865 944 928 sua
964 864 1007 926 sic
1028 865 1077 944 pia
1097 872 1203 926 nostra
1224 878 1295 926 con-

549 953 616 1016 silia
644 962 843 1033 promoveat,
865 965 901 1021 ut
922 958 1090 1034 regionum
1115 957 1295 1021 earumdem

550 1056 686 1126 pastores
708 1049 886 1127 intelligant
912 1050 1065 1131 planeque
1085 1051 1145 1113 sibi
1172 1065 1297 1130 persua·

550 1141 642 1204 deant
662 1141 895 1220 obligationem,
912 1161 972 1224 qua
994 1146 1051 1224 ipsi
1072 1151 1222 1208 tenentur
1243 1159 1296 1206 vo·

551 1248 619 1296 cem
640 1244 778 1300 nostram
799 1239 906 1302 audire
926 1248 959 1303 et
978 1240 1078 1320 sequi.
1102 1238 1297 1304 confidimus

550 1344 685 1409 quoque,
708 1332 770 1394 Deo
791 1333 933 1411 lavente,
959 1349 1128 1398 excomm
1153 1333 1297 1397 cordibus

550 1421 677 1486 inanem
699 1424 789 1488 illum
810 1433 931 1490 metum
951 1428 1109 1506 sublatum
1130 1425 1300 1504 1111111-

550 1515 662 1580 delicet
681 1533 737 1596 per
758 1522 1140 1601 exactampontiticiorum
1160 1520 1298 1584 decreto·

460 1607 472 1628 ·
550 1625 623 1671 rum
637 1613 867 1678 observantiam
882 1616 1058 1679 infidelium
1073 1615 1299 1680 1111111111-

552 1703 700 1768 tardetur.
723 1705 801 1770 Nam
816 1710 889 1773 baec
903 1727 921 1770 a
934 1709 1041 1772 divina
1062 1709 1161 1788 gratia
1181 1707 1298 1786 sperari

551 1800 747 1878 potissimum
758 1802 871 1878 debet,
888 1819 965 1883 quae
981 1803 1109 1882 quidem
1129 1802 1167 1864 ab
1187 1813 1298 1863 eorum

551 1893 727 1956 ministerio
748 1893 840 1972 longe
862 1912 926 1959 non
947 1897 1057 1974 aberit,
1073 1895 1098 1958 si
1113 1895 1299 1958 christianae

552 1984 723 2063 Religionis
744 1987 909 2050 veritatem
931 1989 1085 2069 impavide
1105 1987 1298 2069 praedicave-

552 2077 628 2152 rint,
651 2085 743 2157 atque
765 2079 800 2141 ed
821 2081 1044 2161 puritateque
1067 2083 1141 2162 ipsis
1161 2081 1198 2143 ab
1219 2080 1299 2160 Apo-

1353 859 1504 938 Episcopo
1526 858 1630 924 latino
1649 857 1831 924 Aeaeaeasi
1852 855 1972 919 idioma
1993 853 2100 932 illyri-

1391 967 1465 1016 cam
1486 951 1619 1016 callemi
1639 950 1782 1014 concedit
1803 955 1834 1012 et
1854 947 2029 1011 committit
2050 963 2100 1009 or·

1392 1044 1480 1108 dioec
1492 1044 1590 1108 etiam
1604 1060 1711 1109 sacros
1722 1043 1795 1105 rita
1811 1039 2100 1108 Graeco-buttem

1391 1139 1537 1218 conferre
1558 1138 1612 1210 iis,
1635 1137 1702 1216 qui,
1727 1135 1762 1198 ia
1782 1135 1885 1199 variis
1908 1131 2099 1196 dioecesibus

1391 1229 1586 1302 Dalmatiae,
1605 1229 1758 1292 Samiario
1771 1227 1943 1293 schismate
1959 1226 2099 1299 eiurato,

1392 1322 1536 1387 clericati
1556 1323 1698 1386 militiae
1718 1320 1861 1385 adscribi
1880 1319 1981 1383 oeliat
2001 1317 2057 1400 (l).

1406 1507 1579 1577 Venerabili
1601 1506 1689 1576 tratri
1713 1505 1871 1576 1111111111
1893 1503 2041 1588 Episcopo

1633 1599 1816 1680 luterensi,

1523 1785 1765 1856 attentatus
1783 1786 1844 1853 ΡΡ.
1863 1783 1935 1852 tlttt.

1565 1974 1755 2044 Venerabilis
1776 1975 1885 2054 irater,

1387 2071 1514 2140 salutem
1537 2076 1569 2138 et
1590 2069 1788 2153 apostolicam
1811 2066 2061 2178 benedictionem.

552 2168 659 2233 stolica
680 2171 736 2234 bac
756 2169 787 2234 S.
802 2170 880 2237 Sede
901 2177 1011 2238 tradita
1032 2183 1089 2251 est,
1112 2175 1208 2254 parati
1223 2189 1299 2254 quo-
1868 2231 1872 2238 .

552 2277 614 2341 que
634 2264 670 2326 ad
691 2279 760 2327 eam
771 2269 1028 2346 propugnandam
1048 2269 1236 2347 sanguinem
1256 2265 1301 2329 ei·
1394 2263 1419 2324 E
1439 2261 1566 2326 sublimi
1587 2261 1877 2342 sedisapostolicae
1897 2259 2020 2342 speculi
2040 2258 2099 2322 cir·
2144 2267 2309 2314 Prooemium.

551 2351 699 2431 fundere,
729 2359 872 2436 exemplo
900 2357 953 2423 SS.
981 2361 1200 2439 Apostolorum
1225 2359 1300 2422 alio-
1353 2356 1591 2434 cumspicientes
1611 2355 1805 2420 dominicum
1815 2369 1944 2432 gregem
1964 2371 1982 2414 a
2002 2358 2101 2430 pasto-

552 2449 881 2526 rumqueebristianae
893 2455 964 2517 tidei
974 2454 1216 2517 clarissimorum
1231 2467 1301 2532 pro·
1354 2465 1427 2513 rum
1447 2449 1590 2528 Principe
1619 2449 1762 2512 tenuitati
1789 2448 1951 2528 praecipue
1977 2450 2100 2508 nostrae

553 2539 920 2624 pugnatorum,'quorum
931 2549 1057 2626 sanguis
1067 2555 1190 2611 tantum
1201 2546 1300 2609 abluit
1353 2545 1605 2607 commendatum
1620 2559 1654 2606 ea
1668 2543 2007 2623 provideremuramus,
2022 2552 2100 2619 quae

552 2641 588 2696 ut
600 2635 763 2713 Evangelii
774 2655 901 2702 cursum
915 2641 1117 2720 interciperet
1131 2649 1184 2704 aut
1204 2647 1300 2702 retar-
1355 2639 1388 2702 in
1409 2654 1596 2717 unaquaque
1616 2639 1683 2701 eius
1711 2644 1798 2718 parte
1817 2637 1854 2699 ad
1875 2635 2008 2698 salutem
2029 2648 2100 2696 cona

553 2735 652 2809 daret,
674 2744 710 2797 ut
731 2737 834 2815 potius
855 2736 979 2801 vineam
993 2737 1118 2802 ltomini
1133 2737 1301 2799 florentem
1354 2732 1600 2810 servandamque
1619 2729 1813 2810 spiritualem
1838 2729 1936 2792 vitam
1957 2727 2100 2791 conterre

553 2827 652 2904 magis
677 2833 708 2889 et
729 2828 870 2892 fidelium
895 2831 1072 2894 animarum
1099 2829 1301 2910 copiosiorem
1354 2836 1493 2904 possunt.

554 2921 703 2984 olfecerit.
734 2921 796 2984 Nos
821 2923 949 3000 quidem
969 2940 1026 3003 pro
1046 2923 1165 2986 viribus
1186 2923 1301 2986 nostris
1396 2921 1415 2995 ἓ
1437 2919 1465 2981 1.
1488 2919 1574 2998 Quod
1595 2935 1667 2982 cum
1687 2919 1879 2999 propositum
1893 2920 1933 2981 sit
1954 2917 2053 2993 nobis,
2069 2923 2101 2980 et
2118 2921 2326 3021 mffiiiifadffi*

554 3016 653 3077 ileum
675 3015 915 3093 obsecrabimus,
928 3025 964 3080 ut
977 3017 1126 3081 invictam
1147 3017 1208 3079 illis
1221 3017 1301 3079 hanc
1355 3017 1447 3078 modo
1457 3014 1669 3092 intelligamus
1680 3023 1892 3095 opportunum
1902 3029 1978 3089 esse,
1989 3018 2037 3087 ut,
2046 3012 2100 3091 qui
2309 3007 2313 3017 '

555 3108 651 3171 animi
680 3109 862 3171 firmitatem
883 3116 915 3172 et
937 3110 1094 3189 apostolici
1121 3110 1180 3173 zeli
1205 3110 1300 3172 robur
1355 3111 1389 3174 in
1411 3109 1577 3172 Dalmatiae
1604 3109 1793 3172 dioecesibus
1812 3125 1829 3169 a
1850 3105 1999 3170 Serviano
2023 3104 2101 3168 schi-

554 3199 711 3264 concedat.
736 3201 854 3265 Verum
875 3202 911 3264 ad
932 3218 1043 3266 eorum
1053 3205 1236 3266 memoriam
1251 3203 1302 3266 de·
1355 3212 1455 3266 smate
1468 3201 1504 3264 ad
1521 3217 1634 3265 verum
1649 3201 1762 3267 Christi
1776 3201 1860 3266 ovile
1873 3201 2035 3265 redierunt
2048 3208 2101 3262 aut

555 3295 715 3371 ducimus,
738 3303 790 3371 ut,
813 3297 936 3374 quaudo
957 3298 994 3360 ad
1015 3311 1113 3360 sacras
1141 3296 1302 3359 missiones
1356 3295 1489 3359 redituri
1516 3302 1606 3372 sunt,
1635 3296 1810 3358 sacerdotes
1829 3303 1861 3358 et
1882 3293 2101 3358 ecclesiasticae

555 3387 763 3464 destinantur,
779 3403 812 3450 se
826 3394 984 3468 tamquam
999 3405 1089 3452 veros
1104 3389 1172 3452 lesu
1187 3389 1303 3453 Christi
1356 3389 1550 3454 Hierarchiae
1579 3388 1715 3466 reliquos
1746 3388 1880 3451 babeant
1904 3405 1920 3449 a
1951 3385 2100 3449 catholico

442 3501 445 3511 ·
555 3478 719 3558 discipulos
739 3481 890 3558 cogitent,
913 3489 944 3544 et
958 3481 1119 3546 abeodem
1139 3497 1172 3544 se
1192 3481 1302 3544 missos
1356 3483 1506 3562 Episcopo
1527 3489 1717 3546 consecratos
1737 3481 1852 3545 Graeco
1880 3481 2018 3560 ipsorum
2039 3477 2102 3540 llu-

556 3571 667 3648 luisse,
698 3588 763 3635 non
784 3575 820 3636 ad
848 3573 958 3652 gaudia
990 3574 1171 3654 temporalia
1191 3575 1245 3637 sed
1266 3575 1303 3637 ad
1357 3577 1453 3640 tbeno
1468 3576 1547 3653 ritu3
1564 3575 1705 3654 quocirca
1717 3581 1753 3637 ut
1766 3582 1917 3654 quotquot
1933 3574 2016 3636 inter
2029 3587 2103 3634 suae

557 3681 667 3744 magna
689 3667 868 3744 certamina,
892 3683 955 3730 non
981 3669 1017 3731 ad
1037 3669 1171 3730 bonores
1192 3668 1245 3730 sed
1266 3666 1302 3729 ad
1357 3671 1459 3748 gentis
1480 3669 1643 3734 catholicos
1654 3668 1787 3732 clericali
1807 3668 1934 3731 militiae
1955 3667 2027 3730 dare
2047 3679 2102 3726 no-

557 3759 776 3838 despectiones,
792 3760 905 3822 nonad
919 3762 1020 3824 otium
1040 3761 1093 3824 sed
1113 3760 1150 3822 ad
1171 3760 1301 3836 labores,
1358 3781 1433 3828 men
1461 3764 1602 3843 cupiunt,
1627 3781 1643 3825 a
1664 3763 1856 3825 schismatico
1875 3760 2024 3824 Antistite
2043 3759 2101 3823 ini·

557 3868 620 3915 non
636 3852 672 3914 ad
687 3853 830 3933 requiem
843 3855 897 3918 sed
911 3853 946 3918 ad
959 3853 1153 3918 atterendum
1164 3854 1303 3916 fructum
1357 3858 1523 3933 tiarentur,
1539 3856 1618 3919 banc
1631 3857 1816 3936 abrumpere
1832 3855 1994 3917 absurdam
2008 3851 2102 3915 nimis

555 3947 693 4010 multum
715 3949 748 4011 in
769 3948 928 4028 patientia.
1358 3959 1389 4014 et
1410 3968 1426 4013 a
1447 3951 1538 4012 sacris
1558 3949 1728 4012 canonibus
1749 3948 1877 4010 vetitam
1903 3945 2104 4009 consuetudi-

359 4041 536 4099 exemplorum
596 4044 677 4120 §ab
692 4041 846 4106 Volumus
856 4044 1208 4119 autemutearumdem
1217 4057 1304 4123 prae-
1358 4060 1434 4108 nem
1465 4043 1699 4119 constituimus,
1731 4040 1826 4105 adacti
1847 4048 1935 4104 metu
1963 4055 2015 4114 ne,
2037 4053 2102 4100 non

325 4099 468 4142 mmm*
556 4138 693 4202 sentium
705 4139 909 4216 transumptis
921 4139 1013 4201 etiam
1025 4138 1194 4219 impressis,
1207 4153 1302 4200 manu
1357 4139 1482 4219 penitus
1502 4137 1625 4200 discissa
1645 4152 1718 4200 cum
1732 4135 1883 4198 morbosis
1903 4131 2102 4212 pseudo-epi-

363 4701 468 4748 Sanctio
481 4709 539 4746 con·

327 4755 480 4804 stitutionis.

556 4232 685 4295 alicuius
712 4231 826 4294 notarii
851 4230 967 4310 publici
994 4231 1184 4310 subscriptis,
1212 4237 1242 4292 et
1263 4231 1302 4293 si·

557 4326 632 4404 gillo
644 4340 792 4405 personae
806 4325 1000 4402 indignitate
1016 4325 1219 4388 ecclesiastici
1232 4340 1304 4387 con-

557 4419 683 4482 stitutae
707 4417 853 4492 munitis,
880 4417 987 4480 eadem
1008 4417 1083 4480 tides
1104 4433 1230 4495 prorsus
1251 4420 1303 4481 ad-

557 4512 713 4586 hibeatur,
735 4525 814 4589 quae
828 4509 900 4588 ipsis
914 4509 1118 4586 originalibus
1138 4510 1237 4573 literis
1254 4511 1304 4574 ad·

558 4604 730 4679 biberetur,
743 4602 768 4664 si
788 4602 891 4665 lorent
905 4603 1059 4666 exhibitae
1080 4602 1131 4666 vel
1151 4612 1301 4667 ostensae.

598 4697 686 4773 §ab
710 4695 796 4759 Nulli
817 4711 891 4773 ergo
916 4697 1082 4759 bominum
1111 4697 1200 4760 liceat
1224 4698 1305 4760 banc

558 4791 702 4869 paginam
722 4795 846 4852 nostrae
859 4789 1115 4866 confirmationis,
1131 4791 1304 4853 innovatio-

558 4884 618 4961 nis,
641 4883 864 4959 revocationis,
887 4883 1094 4959 rescissionis,
1117 4882 1303 4959 abolitionis,

558 4977 751 5052 cassationis,
774 4975 1014 5051 annullationis,
1044 4976 1251 5042 damnationis
1272 4993 1304 5039 ac

558 5069 761 5132 ordinationis
781 5067 966 5146 infringere,
989 5068 1040 5130 vel
1061 5069 1089 5129 ei
1110 5085 1187 5130 ausu
1210 5079 1304 5131 teme-

558 5163 639 5227 rario
661 5163 826 5226 contraire.
850 5159 884 5224 Si
905 5163 973 5240 quis
994 5171 1099 5224 autem
1129 5161 1306 5224 111111111-

559 5265 624 5318 tare
645 5258 901 5335 praesumpserit,
928 5255 1177 5333 indignationem
1204 5255 1304 5318 omni-

559 5352 694 5432 potentis
715 5351 769 5413 Dei
789 5368 823 5413 ac
843 5351 902 5412 BB.
927 5351 1010 5412 Petri
1025 5355 1056 5410 et
1070 5347 1156 5410 Pauli
1177 5347 1305 5428 Aposto-

560 5445 664 5506 lorum
684 5445 751 5508 eius
771 5460 804 5506 se
825 5443 949 5506 noverit
970 5442 1183 5504 incursurum.

599 5540 711 5602 Datum
726 5537 853 5614 Romae,
866 5535 946 5616 apud
962 5535 993 5599 S.
1004 5535 1131 5599 llariam
1145 5534 1304 5610 Maiorem,

560 5647 590 5692 v.
611 5632 679 5694 idus
700 5631 769 5693 iulii
789 5647 871 5693 anno
892 5629 1114 5693 incarnationis
1129 5628 1307 5692 Dominicae

560 5741 740 5802 11111111,
763 5725 960 5804 pontificatus
982 5723 1084 5787 nostri
1103 5737 1184 5785 anno
1208 5738 1243 5784 ιι.

601 5943 630 6001 (ll
645 5945 683 5988 Ex
696 5941 763 5989 Bull
779 5943 804 5988 Ρ.
819 5941 851 5988 de
864 5943 938 5998 Prop.
953 5939 1016 5988 Fide
1030 5949 1088 5998 pag.
1102 5941 1137 5986 71.
1151 5939 1210 5987 colL
1225 5940 1273 5986 etc.

1357 4232 1454 4312 scopis
1468 4231 1624 4306 societate,
1639 4229 1759 4295 occulte
1779 4243 1939 4292 venenum
1959 4225 2104 4289 hauriant

1358 4326 1391 4387 11
1413 4331 1528 4386 ceteras
1554 4339 1627 4384 oves
1658 4321 1916 4402 dispergendum,
1944 4335 2002 4382 nec
2022 4317 2103 4380 bona

1358 4418 1501 4495 deinceps
1522 4423 1650 4480 utantur
1671 4415 1860 4478 valetudine.

1397 4513 1416 4587 ἓ
1436 4511 1466 4574 1.
1489 4509 1567 4573 Huic
1580 4515 1616 4572 ut
1630 4523 1827 4572 occurramus
1842 4507 1990 4588 periculo,
2006 4516 2104 4586 utque
2141 4573 2146 4584 ,
2161 4519 2330 4584 11111111-

1357 4604 1627 4683 irequentissimae
1648 4602 1774 4667 illorum
1799 4603 1957 4683 paroeciae
1977 4619 1993 4664 a
2015 4617 2105 4682 paro-
2121 4573 2330 4673 ῗὲῗίἶῗῇθξξῖῗί

1358 4698 1424 4761 cbis
1444 4713 1569 4776 prorsus
1588 4695 1743 4761 Romanae
1756 4698 1909 4760 Ecclesiae
1929 4696 2103 4760 coniunctis
2121 4685 2276 4781 ffilffiffflssg,
2285 4686 2330 4776 ,¹125

1359 4791 1627 4867 administrentur,
1649 4792 1804 4870 optimum
1828 4793 1931 4855 visum
1951 4798 2009 4865 est,
2031 4789 2104 4852 dare
2121 4788 2200 4888 2⁰33,
2203 4798 2273 4888 ,1111-
2284 4794 2330 4830 ⁵⁰¹·

1359 4883 1448 4946 alicui
1471 4882 1567 4945 latino
1594 4883 1744 4947 catholico
1771 4885 1937 4964 Episcopo,
1959 4883 2013 4964 qui
2034 4897 2103 4944 eam
2218 4876 2223 4886 '

1360 4977 1498 5052 linguam
1519 4983 1551 5038 et
1566 4978 1773 5042 caeremonias
1787 4978 1906 5054 calleat,
1928 4977 2104 5040 facultatem

1359 5071 1517 5150 coaptandi
1540 5071 1572 5133 in
1599 5071 1816 5135 ecclesiasticos
1844 5073 1968 5135 ordines
1993 5071 2104 5134 eodem

1359 5163 1640 5228 Graeco-llutbeno
1665 5163 1745 5241 ritu,
1768 5181 1832 5228 non
1857 5166 1957 5229 solum
1981 5167 2014 5227 in
2036 5181 2105 5244 pro-

1361 5258 1436 5337 pria,
1458 5257 1512 5320 sed
1533 5256 1628 5320 etiam
1649 5259 1682 5320 in
1703 5257 1812 5320 alienis
1833 5259 2022 5322 dioecesibus
2037 5258 2106 5320 ltal-

1359 5351 1473 5413 matiae
1503 5349 1621 5414 Veneto
1649 5352 1780 5430 imperio
1810 5352 1973 5428 subiectis,
2001 5351 2104 5413 habito

1361 5445 1499 5523 primum
1519 5460 1672 5508 consensu
1685 5444 1723 5507 ab
1736 5443 1915 5518 ordinariis,
1939 5452 2103 5524 quotquot,

1361 5537 1615 5600 dimissorialibus
1630 5554 1646 5598 a
1660 5539 1786 5617 proprio
1800 5536 1949 5601 antistite
1962 5537 2103 5616 acceptis,

1361 5631 1428 5694 eius
1449 5631 1555 5710 populi
1569 5632 1722 5711 paroecias
1736 5630 1857 5709 aliaque
1870 5647 1953 5694 sacra
1968 5631 2107 5694 ministe-

1361 5723 1406 5785 ria
1426 5739 1535 5787 curare
1555 5723 1682 5787 debent:
1706 5740 1767 5805 quo
1789 5731 1931 5804 tempore
1951 5732 2044 5804 atque
2058 5739 2106 5786 oc·
