4732 7014
362 553 415 608 Au.
430 556 460 609 0.
481 555 550 609 tata
599 554 638 618 62

363 703 562 767 ,conarmaua
620 709 661 755 vv.
684 692 829 768 Quamvis
849 691 1022 755 confirmati
1043 710 1059 754 a
1079 693 1211 772 simplici
1227 709 1323 756 sacer-

349 759 563 874 iliiitilflbf
580 786 651 848 doto
671 786 799 863 cogendi
822 802 886 848 uon
901 794 975 849 sunt
987 787 1138 850 eiusmodi
1156 789 1325 852 Confirma-

350 869 563 975 {ffilqmggfflg‘gfi}
580 881 672 943 tionis
694 889 925 954 sacramentum,
935 880 972 942 ab
985 880 1134 960 Episcopo
1155 882 1321 958 suscipere,

349 971 562 1073 gfflmsaera-
578 973 604 1035 si
626 990 663 1035 ex
684 973 736 1035 tali
757 973 912 1037 coactione
933 974 1071 1036 scandala
1092 975 1170 1038 oriri
1187 983 1321 1054 possent,

468 1061 473 1072 '
579 1081 650 1129 cum
664 1074 892 1130 sacramentum
904 1068 1154 1133 confirmationis
1169 1068 1322 1130 eiusmodi

579 1161 794 1222 necessitatem
816 1176 880 1223 nou
901 1161 1020 1235 habeat,
1037 1169 1071 1223 ut
1085 1161 1154 1223 siue
1168 1177 1207 1222 eo
1220 1161 1323 1223 salvus

578 1253 647 1332 quis
668 1270 733 1316 esse
755 1271 818 1345 nup
834 1255 942 1334 possit3
967 1256 1115 1318 monendi
1128 1262 1233 1316 tamen
1248 1261 1322 1317 suut

578 1347 615 1409 ab
636 1348 803 1410 ordinariis
831 1348 987 1424 locorum,
1011 1365 1062 1410 eos
1084 1349 1186 1426 gravis
1207 1349 1320 1427 peccati

578 1448 666 1503 reatu
687 1443 788 1504 teneri
809 1443 846 1516 si,
868 1459 937 1504 cum
961 1448 1089 1522 possunt
1100 1443 1134 1504 ad
1152 1443 1321 1506 Confirma-

578 1533 697 1596 tionem
721 1535 875 1611 accedere,
899 1535 985 1597 illam
1010 1542 1149 1597 renuunt
1169 1552 1202 1596 ac
1223 1534 1323 1612 negli-

579 1633 668 1704 gunt.

350 1723 562 1823 subingressio-
619 1738 648 1780 v.
673 1721 732 1783 Ubi
753 1737 878 1798 graecus
900 1721 1067 1786 catholicus
1084 1722 1250 1802 Episcopus
1271 1721 1322 1784 ha-

351 1788 562 1884 xiiheruifsdi'i'riff
580 1816 645 1878 heri
667 1824 778 1895 potest,
800 1825 893 1894 prout
923 1816 1054 1880 hahetur
1081 1817 1267 1878 constitutus
1289 1816 1321 1877 in

349 1885 562 1995 ffigputussagicsgot'tae
579 1909 716 1985 collegio
738 1909 865 1974 Corsino
886 1911 1168 1974 halo-Graecorum
1191 1910 1222 1970 iu
1240 1908 1322 1972 Cila-

349 1991 467 2092 ξῖζῑπξξξ
482 1993 561 2039 aomt-
578 2003 654 2078 bria,
677 2011 787 2067 curent
808 2005 938 2066 omuino
955 2004 1041 2066 latini
1061 2003 1225 2077 Ordinarii,
1237 2009 1273 2064 ut
1286 2001 1322 2063 ab

578 2097 632 2158 illo
653 2097 755 2176 potius
777 2098 894 2175 graecis
915 2098 1117 2160 caeremoniis
1136 2097 1222 2160 iuxta
1236 2111 1322 2172 grae-

577 2207 650 2252 cum
671 2190 901 2266 euchologium,
924 2208 1016 2270 quarn
1038 2209 1054 2252 a
1075 2207 1109 2253 se
1129 2191 1224 2253 latino
1246 2190 1320 2264 ritu,

544 2320 552 2340 .
577 2291 808 2346 sacramentum
835 2284 1085 2348 confirmationis
1110 2283 1237 2346 subditis
1259 2283 1322 2344 suis

579 2393 687 2455 graeco
708 2379 771 2440 ritu
793 2378 973 2440 viventibus
994 2377 1198 2441 Chrismatea
1219 2375 1322 2439 latinis

579 2471 735 2548 Episcopis
762 2479 884 2551 accepto
906 2471 1118 2545 ministretur,
1147 2487 1187 2532 ne
1207 2469 1322 2531 scilicet

579 2561 786 2625 Ecclesiarum
807 2564 899 2639 ritus,
922 2565 1021 2642 quoad
1043 2564 1110 2624 fieri
1132 2569 1243 2642 potest,
1265 2560 1323 2621 mi·

579 2663 735 2718 SCOdsslUf.

904 2821 923 2894 ἓ
943 2818 995 2882 tv.

699 2954 743 3016 De
768 2955 838 3018 otoo
861 2955 978 3018 Sancto
997 2953 1203 3027 chrismatis,

646 3049 964 3120 Gutechuaueeoruot,
987 3056 1017 3110 et
1039 3047 1256 3128 infirmorum.

379 3239 435 3302 uon
450 3240 510 3284 sana
526 3247 566 3283 00·
622 3243 645 3288 ι.
669 3223 738 3287 Non
769 3232 843 3287 sunt
869 3223 998 3302 cogendi
1025 3223 1196 3304 presbyteri
1224 3223 1323 3302 graeci

353 3291 566 3402 {jess‘ssssssgfisssissssl
583 3321 649 3382 olea
668 3329 783 3394 sancta,
805 3327 926 3398 praeter
946 3319 1095 3406 chrisma,
1111 3319 1148 3381 ab
1169 3317 1325 3397 Episcopis

353 3403 393 3498 {fis
405 3400 566 3498 fistffisspfg
583 3413 686 3476 latinis
697 3413 883 3475 dioecesanis
897 3414 1046 3492 accipere,
1061 3429 1132 3476 cum
1148 3411 1323 3476 huiusmodi

353 3505 566 3605 pigolggsffgpeh·
584 3506 649 3570 olea
670 3507 771 3569 abeis
796 3507 829 3567 iu
851 3505 913 3585 ipsa
940 3505 1080 3569 oleorum
1103 3513 1133 3569 et
1153 3521 1326 3569 sacramen-

472 3571 487 3618 ρ
532 3594 537 3604 ’
583 3611 686 3665 torum
708 3601 899 3664 exhibitione
913 3617 952 3662 ex
966 3601 1065 3663 veteri
1085 3603 1148 3663 ritu
1163 3601 1325 3664 confician-

582 3706 636 3761 tur
656 3714 710 3760 seu
732 3696 970 3771 benedicantur;
994 3695 1053 3756 uisi
1075 3702 1179 3758 emen
1206 3702 1325 3760 contra·

583 3793 627 3854 ria
647 3791 836 3853 consuetudo
864 3788 1039 3851 introducta
1066 3788 1120 3864 sit,
1150 3804 1242 3868 quam
1263 3806 1326 3852 ser·

582 3887 648 3948 vari
669 3885 825 3960 volumus,
849 3900 882 3946 ac
899 3883 1092 3945 mandamus.
1117 3883 1258 3946 Chrisma
1273 3900 1325 3946 au-

582 3987 658 4054 tem,
675 3979 754 4058 quod
776 3977 900 4041 nonnisi
911 3976 948 4038 ah
962 3977 1120 4055 Episcopo,
1136 3977 1228 4038 etiam
1240 3979 1324 4040 iuxta

583 4085 693 4134 eorum
724 4069 839 4144 ritum,
869 4067 1009 4132 benedici
1037 4074 1154 4147 potest,
1176 4076 1326 4146 cogantur

583 4165 731 4243 accipere.

394 4276 448 4321 uon
464 4274 497 4320 aa
512 4272 566 4330 upa·
622 4276 658 4322 rr.
681 4258 750 4321 Non
762 4259 894 4320 audeant
906 4265 1008 4320 tamen
1022 4257 1059 4320 ab
1073 4257 1228 4338 Episcopis
1242 4275 1327 4336 grae-

353 4339 419 4386 ΜΡ·
435 4328 563 4375 ⁸⁰¹¹¹⁵¹¹¹³²
583 4353 625 4417 cis
646 4353 784 4415 externis
804 4351 1015 4427 schismaticis,
1037 4368 1093 4414 seu
1114 4350 1145 4415 S.
1164 4353 1199 4415 ll.
1224 4352 1326 4416 Eccle-

583 4448 646 4508 siae
666 4445 921 4509 communionem
943 4460 1006 4507 uon
1032 4444 1226 4520 habentibus,
1249 4445 1325 4508 illud

582 4539 718 4619 accipere
739 4539 790 4602 vel
810 4555 847 4601 eo
868 4539 924 4601 uti.

386 4648 435 4712 sea
449 4648 481 4694 aa
497 4645 565 4694 orat·
623 4648 670 4694 ur.
696 4633 773 4695 ltem
796 4632 969 4695 abstineant
994 4633 1134 4697 Chrisma
1154 4635 1290 4714 accipere
1311 4652 1326 4695 a

352 4713 426 4804 iil?
454 4713 502 4748 ⁵¹¹⁰
527 4701 564 4748 '³‘
582 4740 780 4806 quocumque
801 4725 859 4787 alio
874 4727 1022 4804 Episcopo
1039 4726 1134 4789 latino
1149 4743 1203 4789 seu
1219 4743 1326 4804 graeco

582 4819 747 4894 catholico,
776 4827 898 4899 praeter
919 4835 1013 4882 suum
1041 4820 1238 4883 Ordinarium
1259 4821 1327 4883 lati-

582 4929 660 4975 num
681 4913 768 4977 cuius
789 4913 992 4976 iurisdictioui
1013 4912 1234 4977 subiiciuntur.

657 5287 701 5352 De
725 5288 941 5354 Sacrameetia
963 5291 1197 5364 Poeuitcutiue,
1222 5297 1253 5352 et

765 5384 938 5447 Eutremue
963 5385 1140 5447 flectionis.

366 5585 567 5650 uncciononear
625 5591 646 5636 1.
670 5571 756 5637 Nulli
776 5589 832 5652 per
858 5574 1028 5637 sacerdotes
1049 5574 1101 5636 vel
1127 5571 1326 5636 confessarios

353 5640 568 5750 ?},⁰,¹,ss¹33{„⁸j³,2¹32
585 5683 640 5746 pro
654 5668 859 5730 satisfactione
873 5668 1082 5745 poenitentiae
1102 5668 1208 5731 unctio
1226 5667 1327 5747 aliqua

355 5747 412 5793 ²¹³⁰·
584 5759 778 5842 solummoqo
799 5763 992 5839 iniungatur.

387 5872 567 5918 extremaue·
624 5871 659 5918 n.
684 5855 818 5918 lufirmis
839 5871 931 5930 vero,
961 5856 1048 5918 iuxta
1076 5856 1208 5919 verbum
1229 5855 1326 5918 lacobi

353 5925 512 6028 iiiiei'i‘ifm'
528 5935 567 5971 ⁰¹'
584 5947 734 6034 Apostoli,
753 5949 864 6012 Unctio
885 5948 1068 6011 exhibeatur
1089 5949 1244 6011 Extrema.

1097 574 1163 620 tun·
1186 573 1277 619 PONT-
1301 573 1342 618 DE
1363 573 1393 616 P·
1416 572 1446 619 F.
1469 574 1551 620 PARS
1572 573 1594 620 t

1419 707 1468 754 ur.
1491 691 1554 754 Nec
1575 691 1686 768 refert,
1709 700 1817 757 utrum
1841 693 1946 757 eadem
1975 693 2127 756 Extrema
2162 685 2351 762 resinamve

1379 785 1490 850 finctio
1511 802 1567 865 per
1591 802 1690 850 unum
1713 788 1765 850 vel
1792 787 1898 866 plures
1925 789 2127 866 presbyteros
2146 759 2340 878 ΐέξᾶξᾜᾞῖξξζ

1380 880 1508 950 intubi
1523 881 1701 943 huiusmodi
1716 881 1800 958 viget
1814 883 2016 959 consuetud03
2032 881 2128 942 dum·
2147 871 2223 914 “sm
2240 877 2319 926 ⁹⁰¹⁰⁵l
2350 875 2351 944 i

1379 975 1470 1036 modo
1491 973 1617 1036 credaut
1639 981 1668 1036 et
1689 983 1835 1050 asserant,
1851 974 1927 1037 illud
1949 988 2126 1037 sacramen·
2350 977 2351 980 ’

1379 1072 1458 1141 tum,
1481 1068 1600 1128 servata
1628 1065 1730 1128 debita
1751 1067 1879 1129 materia
1900 1067 2065 1142 efformet,
2088 1065 2129 1128 ab

1379 1176 1441 1222 uno
1462 1161 1641 1240 presbytero
1663 1160 1762 1222 valide
1783 1167 1813 1222 et
1834 1159 1917 1223 licite
1937 1161 2057 1223 confici.
2350 1225 2351 1244 ἶ

1419 1270 1460 1315 rv.
1483 1255 1567 1317 lderu
1577 1253 1714 1317 sacerdos
1729 1254 1889 1316 materiam
1903 1255 2047 1318 adhihere
2063 1254 2127 1316 for·
2175 1270 2221 1322 ont
2232 1274 2308 1327 uirgae.
2318 1271 2351 1322 aa]

1379 1365 1524 1427 mamque
1545 1348 1751 1426 pronunciare
1768 1349 1941 1428 respective
1961 1350 2066 1412 debet:
2093 1367 2128 1410 ac
2148 1323 2344 1428 ἷὲἷΠὲῖἓῃρῃζὲξ·

1379 1449 1539 1521 propterea
1561 1443 1613 1520 qui
1642 1443 1744 1518 ungit,
1774 1443 1855 1505 idem
1883 1442 1963 1504 dicat
1990 1441 2124 1504 formam

1378 1536 1630 1613 respondentem,
1646 1553 1704 1598 uec
1719 1535 1796 1598 atius
1817 1541 1913 1612 ungat
1928 1543 1958 1598 et
1973 1534 2051 1598 alius
2062 1535 2128 1598 for·

1378 1643 1460 1690 mam
1482 1632 1674 1708 pronuntiet.
2350 1707 2351 1712 γ

1418 1738 1447 1781 ν.
1470 1723 1505 1784 ln
1528 1741 1599 1786 casu
1620 1722 1810 1786 necessitatis
1831 1723 2003 1802 presbyteri
2022 1724 2126 1801 graeci
2184 1737 2351 1806 rormaaaso}

1378 1817 1517 1880 catholici
1528 1826 1656 1895 possunt
1671 1818 1780 1880 latinos
1795 1817 1970 1894 absolvere3
1993 1826 2127 1882 utantur
2146 1787 2346 1906 iissjfefflcss'ssiss':

1379 1919 1481 1972 tamen
1503 1911 1601 1974 forma
1629 1911 1830 1974 absolutionis
1850 1911 1884 1973 in
1912 1912 2049 1975 Concilio
2072 1927 2129 1989 ge·
2147 1903 2243 1996 {grauia
2278 1905 2351 1998 ”¹³¹¹ss

1378 2004 1475 2066 nerali
1496 2005 1680 2067 Florentino
1701 2005 1895 2083 praescripta,
1911 2015 2014 2084 postea
2035 2022 2126 2080 vero,
2350 1999 2351 2002 ’

1377 2098 1402 2158 si
1424 2097 1598 2174 voluerint,
1631 2099 1733 2161 dicant
1760 2099 1934 2162 orationem
1962 2099 2045 2161 illam
2073 2101 2129 2162 de-

1377 2192 1575 2270 precativam,
1592 2208 1685 2270 quam
1700 2208 1755 2270 pro
1768 2191 1867 2254 forma
1880 2194 2058 2256 huiusmodi
2074 2193 2129 2256 ab·

1377 2283 1540 2348 solutionis
1561 2286 1662 2347 dicere
1683 2293 1807 2349 tantum
1828 2294 2069 2351 consueverunt.

1417 2395 1461 2439 vr.
1483 2380 1577 2441 Extra
1588 2396 1663 2442 vero
1675 2396 1780 2443 casum
1791 2381 1989 2456 necessitatis,
2005 2383 2031 2443 si
2045 2398 2126 2461 quos
2156 2406 2351 2452 climactera„

1378 2472 1623 2551 expresbyteris
1645 2472 1870 2536 albanensibus
1898 2475 2012 2552 peritos
2033 2483 2066 2537 et
2087 2477 2124 2538 ad
2145 2461 2351 2515 ⁰³⁵⁰¹¹²r¹²¹¹¹⁶⁸ll

2145 2512 2344 2560 mmmm

1378 2564 1583 2628 confessiones
1594 2567 1737 2628 omnium
1752 2567 1915 2630 audiendas
1930 2567 2055 2632 idoneos
2070 2570 2126 2634 Or·
2146 2566 2344 2676 sseffpggffipffisuffi

1379 2659 1516 2722 dinarius
1538 2659 1653 2722 latinus
1674 2661 1867 2736 iudicaverit,
1884 2669 1998 2725 utnon
2019 2662 2124 2725 solum
2146 2671 2344 2773 ffisgxnvtfflffisstr-

1334 2746 1338 2759 “
1379 2768 1502 2830 graecos
1522 2755 1573 2816 sed
1595 2753 1687 2816 etiam
1709 2752 1819 2818 latinos
1834 2754 1869 2815 ad
1890 2771 1924 2817 se
1944 2759 2126 2820 accedentes
2145 2780 2225 2826 artam
2257 2783 2343 2826 conres-

1379 2846 1496 2924 possiut
1516 2845 1686 2921 absolvere,
1703 2849 1732 2910 id
1748 2851 1929 2913 eorumdem
1950 2851 2126 2914 Ordinario-
2145 2833 2342 2935 {ffigqnssffllm

1379 2955 1452 3001 rum
1472 2941 1655 3018 prudentiae
1676 2951 1707 3004 et
1727 2942 1855 3005 arbitrio
1875 2944 2077 3023 relinquitur.

1418 3049 1475 3094 vn.
1499 3033 1675 3097 Sacerdotes
1686 3051 1810 3114 quoque
1824 3039 1982 3115 coniugati
1996 3039 2125 3119 aliique,
2210 3059 2340 3106 secunus

1380 3126 1491 3205 quibus
1513 3128 1726 3206 parochiarum
1753 3146 1825 3192 cura
1846 3130 1896 3192 vel
1923 3131 2124 3196 ecclesiarum
2144 3113 2342 3212 2flffi¹¹{{⁸¹„‘‡2ffi

1381 3220 1602 3299 parochialium
1624 3223 1764 3299 regimen
1791 3239 1845 3302 per
1868 3225 2031 3305 Episcopus
2051 3243 2126 3290 suos
2145 3221 2272 3277 suscipere
2284 3231 2343 3276 paro.

2145 3273 2341 3328 mmmm

1380 3315 1598 3391 committitur,
1621 3315 1704 3379 licite
1725 3323 1757 3378 et
1778 3317 1877 3379 libere
1897 3319 2015 3397 possint
2036 3337 2125 3400 paro·
2145 3328 2257 3390 coranos.
2289 3337 2340 3388 con,-

1380 3409 1564 3472 chianorum
1595 3427 1724 3474 suorum
1759 3413 1964 3478 confessiones
1995 3417 2126 3493 audire,
2146 3381 2267 3480 {cessiones
2282 3383 2340 3426 m

1380 3501 1514 3582 ipsisque
1535 3505 1761 3582 poeniteutiam
1788 3507 1956 3585 iniungere
1980 3525 2035 3587 pro
2056 3527 2128 3590 pec-

1381 3597 1471 3675 catis3
1494 3597 1565 3677 quia
1593 3599 1643 3662 cui
1664 3599 1736 3662 licet
1759 3601 1809 3663 vel
1837 3603 2016 3666 conceditur
2042 3608 2127 3684 quod

1381 3699 1427 3753 est
1438 3693 1548 3767 maius,
1560 3694 1708 3772 competit
1722 3710 1846 3775 quoque
1861 3713 1917 3760 neo
1932 3699 2037 3776 negari
2053 3717 2129 3764 con-

1381 3786 1469 3848 venit
1490 3787 1570 3865 quod
1593 3794 1639 3849 est
1660 3787 1775 3850 minus.

1422 3897 1489 3942 vrn.
1515 3881 1721 3946 Ecclesiarum
1742 3884 1962 3962 parochialium
1978 3889 2128 3966 regimini
2176 3895 2344 3958 haeresiacae·

1381 3975 1561 4054 praeficiant
1582 3975 1734 4038 ordinarii
1755 3977 1854 4054 latini,
1876 3980 1901 4041 si
1924 3980 2035 4044 habere
2056 3999 2127 4063 pos·
2148 3950 2345 4104 li⁰¹÷litiiifi⁰ii

1381 4077 1467 4144 sunt,
1490 4085 1554 4142 eos,
1577 4069 1630 4147 qui
1652 4069 1685 4132 in
1706 4072 1881 4134 seminariis
1903 4075 2124 4141 italo-Graeco·
2148 4055 2345 4158 3¹,¹,¹,„¹,}¹,¹{{¹,1⁵33

1382 4179 1453 4226 rum
1468 4165 1588 4239 erectis,
1604 4163 1700 4225 altero
1715 4165 1841 4244 quidem
1855 4167 2011 4246 Panormi,
2027 4171 2123 4235 altero
2147 4159 2345 4265 figffi‘f'igffi

1381 4267 1488 4321 autem
1509 4259 1541 4320 iu
1563 4257 1700 4320 Calabria
1722 4259 1753 4320 in
1779 4259 1889 4338 oppido
1911 4261 1942 4325 S.
1966 4263 2124 4328 Benedicti
2147 4272 2180 4319 aa
2205 4272 2285 4332 manus
2304 4277 2344 4312 aa·

1381 4351 1501 4427 Ullano,
1517 4351 1567 4412 vel
1581 4351 1614 4411 in
1630 4349 1765 4429 Collegio
1780 4353 1967 4417 Graecorum
1980 4357 2012 4418 iu
2029 4357 2123 4434 Urbe,
2147 4325 2345 4426 ifriiiiifmr'

1381 4445 1480 4507 trium
1505 4445 1541 4507 ad
1568 4445 1673 4507 minus
1700 4461 1857 4508 annorum
1882 4449 1980 4527 spatio
2011 4454 2123 4514 versati

1381 4545 1455 4601 sunt
1474 4537 1647 4616 studiisque
1661 4536 1824 4602 literarum
1838 4540 2020 4634 incubuere,
2036 4546 2125 4608 dum-

1382 4632 1473 4694 modo
1494 4637 1594 4694 cetera
1609 4632 1644 4694 ad
1661 4648 1768 4694 curam
1787 4633 1963 4698 animarum
1977 4652 2124 4702 exercen-

1383 4725 1452 4786 dam
1473 4723 1620 4802 requisita
1646 4741 1711 4787 non
1732 4726 1844 4802 desint,
1868 4736 1963 4807 atque
1984 4731 2124 4812 Episcopi

1382 4816 1521 4879 eiusdem
1541 4817 1700 4880 seminarii
1721 4820 1866 4897 praesidis
1878 4837 1934 4884 seu
1955 4827 2125 4902 respective

1382 4911 1511 4973 rectoris
1538 4911 1642 4973 literas
1673 4911 1855 4990 exhibeant,
1877 4933 1954 4995 quae
1976 4917 2014 4980 de
2041 4920 2124 4983 recta

1383 5020 1493 5067 eorum
1513 5003 1595 5067 vitae
1616 5005 1751 5081 ratione,
1773 5005 1873 5086 deque
1893 5009 1926 5071 in
1947 5013 2063 5088 graecis
2084 5012 2125 5075 la·

1382 5097 1519 5178 tinisque
1548 5100 1685 5163 scientiis
1712 5116 1877 5179 progressu
1908 5106 2125 5170 testimonium

1381 5191 1492 5254 ferant.

1422 5303 1467 5349 rx.
1490 5287 1638 5353 Liberum
1667 5297 1772 5354 tamen
1796 5290 1835 5354 sit
1857 5291 1929 5371 ipsis
1956 5294 2122 5375 Episcopis,
2169 5302 2276 5364 rossum
2290 5279 2351 5366 orus

1382 5380 1465 5443 viros
1486 5381 1559 5443 alios
1580 5383 1705 5446 idoneos
1726 5385 1918 5448 coadiutores
1932 5395 1963 5449 et
1983 5403 2125 5468 coopera·
2142 5355 2342 5502 &hillidii

1383 5479 1465 5537 tores
1486 5476 1624 5554 parochis
1646 5478 1775 5554 graecis,
1798 5477 1823 5540 si
1845 5494 1921 5557 opus
1945 5479 2052 5557 fuerit,
2074 5480 2123 5543 ad·
2141 5421 2341 5565 ῗέξῗὲζξὲξυῗὲἷ

1382 5567 1516 5645 iungere
1530 5568 1563 5630 in
1574 5569 1735 5632 audiendis
1749 5570 1993 5635 confessionibus
2007 5582 2038 5636 et
2052 5590 2124 5654 poe-
2141 5581 2237 5628 sooner.
2259 5563 2341 5612 autun-

1382 5661 1524 5724 nitentiis
1544 5663 1745 5740 iniungendis
1759 5681 1792 5726 ac
1806 5665 1917 5728 ceteris
1930 5682 2007 5745 quae
2029 5669 2066 5730 ad
2079 5684 2125 5729 sa·
2141 5637 2208 5682 Μ’

1382 5755 1482 5818 lutem
1503 5757 1862 5835 pertinent'animarum‚
1879 5759 2014 5839 ipsisque
2028 5761 2061 5823 iu
2076 5761 2124 5822 his

1382 5865 1437 5928 per
1467 5865 1578 5912 eorum
1606 5850 1759 5913 dioeceses
1788 5851 1903 5932 absque
1929 5855 2124 5917 sacerdotum

1381 5943 1518 6023 ipsorum
1534 5945 1761 6024 praeiudicioet
1776 5946 1966 6026 gravamine,
1982 5948 2125 6012 commit-
