4732 7014
300 481 352 536 Aa.
367 485 396 536 G.
418 484 484 534 1741
537 484 575 545 36

518 635 589 695 gem
601 617 743 681 excubias
754 617 860 680 sedulo
868 631 1006 694 agamus,
1016 615 1051 678 ad
1063 615 1263 678 commissum

517 710 674 790 pastoralis
695 710 787 774 oflicii
801 725 918 772 munus
933 709 1090 787 pertinere
1112 706 1263 784 dignosci·

520 820 587 866 mus
601 803 820 866 subnascentes
835 819 872 864 ex
889 800 1048 864 infernalis
1068 799 1166 861 hostis
1181 806 1261 860 astu·

520 891 1263 969 mmmmmmfflmmmfflmm

516 983 1260 1066 mmmmfflmwmmmmmmm

1040 497 1104 542 tull.
1128 496 1219 541 PONT·
1244 496 1284 540 DE
1305 495 1335 540 P.
1359 497 1387 540 F.
1411 497 1493 542 PARS
1516 499 1536 541 Ι.

1318 613 1463 676 ecclesiae
1474 613 1588 676 iniuria
1599 613 1745 692 infertur,
1758 615 1903 679 radicitus
1915 617 2061 694 evellere,

1318 713 1348 766 et
1362 705 1618 783 potestatisnobis
1644 707 1776 786 desuper
1787 708 1916 771 traditae
1938 726 2062 788 operam

1320 798 1530 876 interponere,
1554 807 1641 862 utet
1663 801 1797 863 humana
1819 802 1997 866 cohibeatur
2020 810 2065 865 te-

1318 891 1455 965 meritas,
1479 900 1509 953 et
1530 895 1705 957 veneranda
1726 893 1849 957 divinae
1863 895 1941 972 legis
1961 911 2066 960 serve-

1321 991 1373 1046 tur
1394 984 1567 1046 auctoritas.

515 1215 582 1266 tum,
596 1221 685 1257 coram
699 1210 793 1265 iudice,
806 1210 928 1256 adstante
948 1209 1082 1254 defensore
1097 1207 1260 1254 matrimonii
1286 1211 1288 1279 t
1315 1206 1354 1254 nii
1368 1207 1576 1266 interrogatoria
1589 1207 1680 1255 clausa
1690 1209 1832 1265 exhibebit,
1843 1211 1873 1255 ut
1882 1211 2004 1268 superins
2014 1213 2064 1259 dio

515 1282 542 1326 et
555 1277 719 1325 cancellario.
735 1278 815 1322 ludex
827 1277 925 1322 deferet
940 1276 1010 1334 parti
1024 1275 1213 1321 examinandae
1223 1274 1261 1320 iu·
1286 1284 1288 1325 t
1315 1278 1372 1320 turn
1388 1277 1434 1320 est.

515 1347 666 1391 ramentum
680 1345 711 1389 de
726 1344 837 1390 veritate
851 1344 968 1400 dicenda,
983 1345 1009 1388 et
1023 1343 1116 1388 deinde
1130 1342 1260 1388 reserabit
1286 1328 1288 1395 i
1355 1343 1477 1388 Liberum
1492 1343 1544 1388 erit
1558 1343 1714 1400 coniugibus
1737 1347 1817 1390 testes
1831 1345 1914 1392 bonae
1934 1345 2019 1392 famae
2033 1359 2064 1394 ac

514 1411 720 1469 interrogatoria
734 1410 859 1467 exhibita,
875 1414 904 1456 ut
918 1422 999 1468 supra
1012 1410 1113 1458 dictum
1127 1411 1176 1466 est,
1191 1421 1207 1456 a
1220 1409 1261 1454 de·
1286 1400 1288 1449 t
1314 1410 1345 1454 de
1360 1419 1389 1454 re
1411 1410 1554 1455 instructos
1575 1409 1712 1466 inducere,
1733 1411 1778 1467 qui
1799 1422 1890 1456 omnes
1911 1413 2022 1458 seorsim
2037 1417 2064 1460 et

515 1479 617 1526 fensore
631 1477 803 1533 matrimonii,
815 1488 897 1534 eaque
907 1476 1062 1534 singulatim
1072 1479 1207 1535 proponet,
1216 1489 1261 1523 au·
1286 1499 1288 1555 Ι
1314 1477 1437 1522 methodo
1452 1475 1579 1523 hactenus
1593 1476 1756 1534 praescripta
1769 1480 1847 1523 erunt
1858 1479 1974 1525 examini
1985 1480 2065 1526 subii·

516 1546 570 1592 diet
584 1545 775 1602 responsiones,
789 1555 885 1601 easque
899 1543 1007 1589 dictabit
1021 1543 1185 1590 cancellario.

555 1612 673 1668 Interim,
688 1613 750 1656 dnm
766 1622 826 1669 pars
841 1611 893 1656 erit
907 1611 1261 1668 examinandaipsecaneel·

515 1680 599 1726 larius
613 1679 742 1724 exscribat
757 1679 784 1723 in
799 1689 920 1736 processu
943 1678 1056 1735 primam
1076 1677 1260 1735 interrogatio

515 1759 584 1804 nem,
599 1750 625 1792 et
638 1745 758 1802 deinceps
773 1745 891 1802 singulas
905 1756 936 1790 ex
946 1745 1046 1800 ordine,
1056 1747 1113 1802 post
1123 1757 1188 1803 quas
1200 1746 1261 1791 scri-

515 1816 558 1860 bet
572 1811 752 1871 responsiones
766 1823 782 1857 a
796 1812 881 1857 iudice
897 1810 1040 1858 dictandas.
1057 1812 1084 1856 ai
1098 1813 1166 1869 quod
1181 1813 1260 1858 inter-

514 1881 688 1938 rogatorinm,
702 1882 733 1924 ut
746 1878 868 1936 superius
889 1877 1018 1923 monitum
1039 1881 1088 1934 est,
1100 1879 1215 1925 addatur
1229 1892 1259 1924 ex

516 1947 598 1994 officio
611 1958 628 1992 a
642 1946 727 1992 iudice
741 1945 782 1991 vel
796 1956 811 1991 a
825 1946 960 1989 defensore
974 1944 1147 2002 matrimonii,
1162 1948 1260 1992 cancel-

515 2015 600 2062 larius
614 2015 791 2071 interrumpet
804 2013 923 2058 ordinem
934 2013 1139 2069 progressivum,
1149 2016 1174 2059 et
1184 2015 1261 2060 adno

515 2081 584 2129 tabit
603 2085 771 2133 intemerata
790 2091 826 2123 ar
846 2083 944 2134 officim
963 2079 989 2123 et
1003 2077 1101 2136 scripta
1115 2079 1252 2138 interroga

516 2149 587 2194 tione
600 2150 627 2193 et
641 2146 818 2204 responsione,
834 2148 981 2192 reassumet
1003 2145 1121 2192 ordinem
1143 2159 1251 2204 progres

516 2216 601 2262 sivum
623 2213 861 2270 interrogationum
886 2211 1064 2258 exhibitarum
1087 2224 1103 2259 a
1126 2213 1260 2262 defensore

516 2280 686 2329 matrimonii.

556 2349 583 2394 si
595 2358 705 2394 examen
719 2357 772 2394 una
786 2345 901 2390 sessione
920 2345 1021 2390 absolvi
1036 2357 1086 2392 non
1102 2348 1208 2404 poterit,
1223 2348 1250 2393 iu

515 2415 564 2462 dex
584 2414 651 2460 illud
672 2413 821 2470 suspendet,
835 2423 866 2457 ac
883 2411 1027 2458 destinabit
1047 2413 1128 2459 etiam
1149 2414 1219 2460 diem
1234 2417 1259 2460 et

515 2483 608 2528 horam
629 2491 676 2538 pro
696 2479 905 2536 reassumptione
919 2481 946 2524 et
961 2480 1144 2537 prosecutione
1165 2482 1259 2528 iisdem

516 2549 592 2595 modo
606 2559 636 2594 ac
649 2548 733 2594 forma
753 2547 877 2602 facienda,
893 2549 1017 2604 utsupra
1035 2547 1135 2593 dictum
1151 2552 1197 2595 est.
1214 2549 1260 2594 ab

515 2615 603 2662 soluto
616 2616 744 2670 examine,
764 2614 937 2660 cancellarius
952 2615 1022 2671 leget
1036 2616 1109 2660 clara
1123 2619 1149 2661 et
1163 2617 1251 2662 intelli

515 2683 591 2740 gibili
606 2693 665 2728 voce
685 2681 867 2738 responsiones
881 2681 965 2736 datas,
980 2682 1047 2728 facta
1062 2683 1212 2730 examinato
1226 2684 1251 2730 fa

515 2749 615 2795 cultata
633 2747 753 2794 variandi
770 2749 797 2792 et
811 2747 962 2793 declarandi
979 2748 1055 2794 datas
1069 2750 1251 2807 responsiones

515 2819 594 2873 prout
608 2815 633 2860 ei
645 2815 763 2861 libuerit.
785 2815 898 2860 Tandem
918 2815 995 2860 iudex
1010 2815 1109 2862 deferat
1130 2817 1261 2863 iuramen-

516 2885 573 2928 tum
587 2881 671 2927 aidem
685 2881 799 2938 coniugi,
810 2893 837 2926 se
847 2893 908 2927 vera
918 2881 1023 2936 dixisse,
1033 2885 1112 2940 atque
1122 2895 1259 2941 nunquam

515 2950 577 2994 ante
591 2947 795 3005 publicationem
810 2957 947 3003 processus
962 2959 990 2992 se
1004 2946 1191 3004 evulgaturum
1206 2950 1260 2995 sive

515 3013 737 3070 interrogationes
751 3013 907 3071 propositas,
917 3015 971 3060 sive
986 3015 1167 3071 responsiones
1176 3017 1258 3062 datas.

515 3081 610 3126 Deinde
625 3081 680 3138 ipse
694 3079 848 3136 subscribet,
863 3083 898 3134 et,
913 3081 936 3125 si
950 3080 1029 3126 fuerit
1046 3081 1199 3139 illiteratus,
1214 3095 1260 3140 per

515 3148 620 3205 signum
634 3146 754 3204 cru†cis;
774 3146 833 3191 dein
848 3146 926 3192 iudex
940 3149 967 3191 et
980 3146 1099 3193 defensor
1114 3148 1259 3195 validitatis

516 3213 680 3260 matrimonii
699 3215 811 3270 apponet
824 3225 900 3258 suam
919 3214 1147 3272 subscriptionem,
1162 3219 1188 3260 et
1202 3228 1260 3262 can·

514 3281 638 3327 cellarius
652 3281 684 3325 de
698 3282 759 3326 actu
773 3279 884 3335 rogabit.

553 3346 653 3393 Poterit
666 3356 728 3403 pars
742 3345 857 3391 examini
873 3345 991 3393 subiecta
1005 3347 1046 3392 vel
1060 3346 1132 3392 illico
1146 3349 1204 3404 post
1219 3361 1260 3393 ex·

513 3427 591 3464 amen
605 3415 646 3460 rel
659 3413 741 3460 etiam
756 3413 876 3469 deinceps
890 3415 1032 3470 antequam
1042 3413 1192 3471 publicetur
1201 3427 1260 3472 pro·

513 3495 609 3538 cessus,
625 3481 647 3526 ai
661 3480 733 3535 velit,
747 3478 875 3525 articulos
895 3490 1048 3536 proponere,
1065 3491 1143 3538 super
1163 3481 1259 3538 quibus

513 3551 603 3605 etiam,
617 3548 698 3594 citato
711 3547 845 3592 defensore
860 3546 1034 3602 matrimonii,
1044 3547 1096 3592 erit
1111 3547 1259 3594 examinan-

513 3620 562 3664 dus
575 3616 645 3664 alter
658 3615 761 3670 coniux,
776 3615 805 3658 et
816 3615 946 3670 qnatenus
960 3612 1040 3659 etiam
1050 3614 1083 3658 ad
1093 3614 1141 3658 hoc
1151 3615 1258 3661 articuli

513 3683 701 3741 proponantur,
716 3681 768 3725 erit
781 3681 881 3725 iterum
895 3679 1016 3724 citandus
1031 3679 1133 3734 coniux,
1148 3681 1194 3737 qui
1209 3682 1259 3738 pri-

513 3761 572 3795 mus
586 3750 673 3794 fuerat
688 3748 876 3804 interrogatus,
888 3749 921 3801 et,
930 3746 1052 3792 adstante
1062 3746 1197 3791 defensore
1207 3758 1259 3794 ma·

513 3815 642 3872 trimonii,
663 3826 742 3871 super
761 3813 882 3859 articulis
905 3813 938 3858 ab
959 3813 1044 3858 altero
1059 3812 1200 3870 propositis
1214 3825 1258 3859 au·

513 3883 608 3929 dictur.

552 3951 620 3994 llaec
633 3957 726 3994 rtorma
738 3957 804 4004 quae
815 3947 877 3992 data
886 3945 937 3991 snit
947 3957 994 4003 pro
1003 3945 1129 3992 instantis
1139 3949 1258 3994 examine

513 4015 641 4062 servanda
655 4014 715 4069 erit,
728 4024 844 4070 congrua
858 4013 981 4070 congruis
998 4013 1142 4070 referendo,
1155 4016 1183 4071 in
1199 4027 1259 4074 quo·

513 4082 551 4128 vis
565 4082 619 4128 alio
632 4079 757 4126 examine.

553 4149 662 4205 lixpleto
675 4145 793 4192 examine
807 4146 881 4192 illius
894 4148 1014 4204 coniugis
1029 4148 1074 4204 qni
1087 4149 1220 4194 actorlbit
1229 4148 1257 4194 in

513 4214 688 4274 promovenda
702 4213 835 4259 nullitatis
847 4215 963 4270 querela,
973 4214 1212 4271 sequiturexamen
1223 4215 1259 4260 al·

513 4283 597 4330 torius
606 4281 734 4337 coniugis,
745 4281 813 4337 quod
823 4280 875 4327 erit
884 4280 1073 4326 conficiendum
1084 4281 1177 4328 iisdem
1188 4293 1259 4339 pror-

514 4361 559 4396 sus
574 4349 696 4394 methodo
710 4359 740 4394 ac
752 4348 819 4404 lege,
833 4359 900 4404 quae
918 4348 1095 4405 praescriptae
1108 4349 1215 4395 fuerunt
1230 4351 1257 4395 in

514 4415 729 4475 praecedentibus
743 4415 925 4472 paragraphis,
935 4426 965 4461 ac
979 4417 1028 4460 sub
1042 4414 1134 4462 iisdem
1148 4417 1258 4462 interro

513 4483 623 4542 gatoriis
636 4482 720 4528 actori
734 4481 882 4539 propositis,
898 4483 939 4527 rel
948 4482 1009 4528 aliis
1018 4483 1123 4540 additis,
1134 4483 1175 4528 vel
1185 4484 1258 4529 novis

514 4549 645 4605 confectis,
655 4551 733 4607 prout
742 4550 863 4594 defensor
873 4549 1037 4594 matrimonii
1047 4550 1074 4594 in
1085 4551 1194 4595 Domino
1203 4562 1259 4596 cen-

515 4619 605 4664 suerit.

553 4685 649 4730 Deinde
669 4684 860 4742 procedendum
881 4685 934 4730 erit
953 4685 986 4731 ad
1007 4695 1114 4731 examen
1131 4690 1259 4738 septimae

514 4763 622 4801 mantra
639 4752 743 4796 honest
760 4752 859 4808 septem
879 4751 1085 4809 propinquorum
1101 4763 1131 4796 ex
1146 4753 1259 4807 utroque

514 4820 599 4865 latere
612 4819 645 4864 ad
658 4819 769 4864 formam
784 4821 845 4863 text.
862 4821 901 4873 (ta
913 4830 969 4872 cap.
982 4818 1096 4864 Litterae
1110 4822 1214 4864 vestrae
1228 4823 1259 4864 cla

515 4890 575 4938 strip.
591 4891 615 4929 ct
629 4887 734 4938 raama).
750 4886 782 4929 ut
796 4884 822 4930 id
836 4884 940 4929 facilius
961 4884 1052 4940 exequi
1070 4884 1148 4929 iudex
1162 4885 1257 4940 valcat,

514 4951 634 4997 defensor
647 4951 810 4996 matrimonii
824 4950 917 4996 citabit
926 4953 1029 5007 partem
1038 4951 1172 5006 actricem,
1183 4953 1214 4996 ut
1222 4950 1260 4996 in·

514 5017 583 5063 dicet
595 5019 695 5074 septem
716 5017 767 5062 sibi
784 5017 913 5074 sanguine
931 5018 973 5062 vel
991 5017 1119 5063 affinitate
1139 5018 1259 5064 coniunc-

515 5087 565 5139 tos,
578 5083 600 5129 si
614 5083 673 5128 fleri
686 5083 782 5140 possim
796 5083 837 5128 sin
852 5084 948 5139 minus,
958 5087 1057 5140 septem
1067 5084 1165 5130 vicinos
1176 5085 1258 5130 bonae

514 5152 607 5196 famae.
623 5149 734 5206 singuli,
747 5149 839 5195 audita
853 5150 926 5207 prius
942 5151 1045 5196 lectura
1058 5150 1195 5206 examinis,
1211 5163 1257 5196 seu

515 5216 684 5263 confessionis
697 5215 816 5272 coniugis
830 5227 874 5262 eos
889 5216 1044 5272 inducentis,
1055 5219 1133 5262 errrnt
1148 5217 1259 5262 interro-

514 5283 603 5340 gandi,
624 5285 714 5327 utrum
736 5285 899 5340 perspectam
920 5283 1035 5329 habeant
1056 5284 1212 5341 religionem
1231 5287 1257 5329 et

514 5351 679 5396 honestatem
693 5349 767 5394 illius
785 5349 912 5407 coniugis,
927 5352 957 5395 ut
966 5353 1109 5408 propterea
1123 5351 1174 5396 sihi
1188 5362 1259 5397 vero-

515 5415 602 5461 simile
616 5415 659 5471 sit,
674 5427 704 5460 ac
717 5417 824 5462 credant
845 5428 905 5462 eum
927 5427 989 5463 vera
1002 5417 1106 5464 dixisse.
1130 5417 1258 5464 Similiter

514 5483 631 5528 instante
651 5482 785 5528 defensore
805 5484 969 5531 matrimonii
988 5484 1109 5530 citandus
1124 5484 1175 5531 erit
1189 5486 1258 5531 alter

514 5549 617 5605 coniux,
631 5551 661 5594 ut
675 5550 757 5595 etiam
768 5550 823 5608 ipse
832 5551 929 5598 indicet
938 5554 1037 5608 septem
1049 5552 1208 5610 propinquos
1217 5553 1258 5598 vel

514 5616 712 5673 correctisque
733 5618 921 5673 deficientibus,
935 5621 1035 5676 septem
1057 5617 1155 5664 ricinos
1176 5620 1257 5664 honae

514 5685 607 5739 famae,
621 5683 667 5740 qui
681 5685 711 5728 ut
725 5695 805 5741 supra
818 5685 917 5730 dictum
932 5689 972 5730 est
985 5686 1129 5744 deponant;
1148 5686 1257 5731 seorsim

515 5753 593 5798 erunt
612 5751 641 5796 hi
659 5751 858 5809 quatuordecim
881 5753 1024 5800 conflantes
1047 5753 1187 5811 septimam
1207 5764 1259 5800 rna-

514 5831 578 5864 num
593 5818 708 5865 examini
721 5817 878 5865 subiiciendi
887 5818 1031 5877 designatis
1040 5821 1131 5866 diebus
1141 5821 1168 5865 et
1178 5820 1258 5872 horis.

515 5885 603 5932 delato
616 5885 690 5943 prius
704 5886 854 5934 iuramento
864 5884 982 5942 singulis.
994 5886 1115 5933 Defensor
1125 5885 1259 5933 matrimo

1314 1544 1406 1590 ciendi.

1354 1611 1381 1656 Si
1395 1612 1462 1656 alios
1476 1610 1556 1657 etiam
1571 1611 1691 1656 defensor
1706 1611 1870 1657 matrimonii
1884 1625 1915 1658 ex
1929 1614 1996 1660 actis
2010 1614 2063 1660 iam

1313 1679 1436 1724 confectis
1456 1679 1632 1736 deprehendet
1647 1679 1680 1723 de
1693 1689 1722 1721 re
1736 1677 1889 1736 instructos,
1912 1681 1960 1726 hos
1982 1682 2063 1727 etiam

1313 1745 1414 1802 citabit,
1429 1749 1460 1791 nt
1473 1746 1589 1792 examini
1610 1742 1791 1792 subiicientnr.
1813 1747 1839 1790 Si
1854 1747 1900 1804 qui
1919 1747 2007 1794 forsan
2021 1750 2064 1794 ab

1314 1815 1400 1858 sentes
1415 1816 1565 1868 noscantur,
1580 1813 1626 1870 qui
1646 1813 1781 1859 commode
1795 1813 1828 1858 ad
1847 1812 1980 1860 civitatem
1995 1825 2064 1860 acce·

1313 1879 1374 1924 dere
1388 1882 1520 1936 nequeant
1533 1879 1614 1924 etiam
1628 1880 1661 1924 ob
1675 1879 1819 1925 distantiae
1833 1883 1964 1936 sumptus,
1974 1881 2015 1926 rel
2029 1883 2062 1927 ad

1313 1946 1397 2004 partis
1411 1947 1566 1992 instantiam
1582 1946 1631 2002 vel,
1646 1956 1677 1991 ea
1691 1946 1794 2001 silente,
1809 1945 1843 1991 ad
1857 1945 2012 1994 instantiam
2023 1949 2064 1994 do

1313 2013 1423 2058 fensorie
1445 2013 1610 2058 matrimonii
1624 2015 1703 2058 erunt
1717 2012 1751 2058 ab
1766 2013 1891 2071 Episcopo
1906 2013 1981 2059 illius
1995 2015 2063 2060 dine·

1313 2078 1386 2134 cesis,
1400 2079 1427 2124 in
1442 2091 1494 2136 qua
1509 2082 1655 2134 morantur,
1674 2079 1841 2136 examinandi
1863 2079 1938 2126 iuxta
1953 2080 2063 2128 interro

1313 2145 1417 2202 gatoria
1431 2145 1567 2191 abeodem
1589 2145 1724 2191 defensore
1744 2147 1913 2203 conficienda,
1928 2159 1959 2193 ac
1972 2149 2062 2195 clausa

1313 2215 1339 2257 et
1353 2212 1491 2268 obsignata
1500 2213 1715 2269 transmittenda,
1724 2215 1850 2270 deputato
1859 2215 1893 2259 ab
1905 2214 1995 2260 eodem
2006 2215 2063 2272 lipi-

1313 2290 1389 2337 seopo
1402 2280 1487 2325 altero
1502 2279 1595 2324 idoneo
1609 2280 1674 2334 viro,
1688 2280 1734 2337 qui
1749 2282 1867 2336 praestet
1881 2281 2019 2338 requisitis
2035 2281 2062 2328 in

1313 2347 1386 2395 bulla
1397 2345 1501 2402 saepius
1511 2346 1620 2392 laudata
1631 2359 1649 2392 s.
1662 2357 1695 2392 m.
1707 2347 1799 2392 Bened.
1810 2349 1872 2392 xlv.
1883 2347 2062 2405 praescriptis.

1313 2413 1410 2470 quique
1424 2413 1527 2470 expleat
1542 2423 1639 2458 munus
1653 2412 1797 2458 defensoris
1812 2413 1957 2463 validitatis
1972 2413 2063 2460 matri·

1314 2478 1404 2534 monii,
1419 2482 1446 2525 et
1460 2480 1577 2526 examini
1591 2480 1667 2526 adsit.

1353 2549 1447 2592 omnes
1462 2559 1523 2592 vero
1538 2549 1626 2602 testes,
1641 2557 1758 2603 congrua
1778 2547 1901 2605 congruis
1917 2548 2061 2604 referendo,

1312 2613 1423 2670 rogandi
1438 2616 1517 2658 erunt
1531 2613 1688 2671 pracsertim
1698 2614 1802 2671 quaudo
1812 2614 1910 2659 initum
1919 2615 1999 2660 fuerit
2011 2627 2063 2661 ma·

1313 2680 1484 2735 trimonium;
1500 2683 1591 2726 utrum
1606 2681 1677 2726 inter
1691 2679 1814 2736 coniuges
1829 2682 1917 2726 mutui
1926 2681 2026 2727 amoris
2035 2684 2062 2726 et

1314 2744 1510 2792 transvolentiae'
1525 2748 1601 2803 signa
1615 2747 1829 2800 intercesserint;
1849 2747 1966 2804 quandiu
1980 2747 2008 2792 in
2023 2759 2064 2794 ea·

1314 2813 1373 2857 dem
1388 2813 1473 2868 donno,
1488 2814 1529 2858 vel
1544 2814 1660 2870 civitate,
1675 2813 1898 2868 cohabitaverint·,
1920 2815 2012 2859 utrum
2026 2813 2064 2859 in-

1315 2879 1432 2924 notuerit
1453 2891 1497 2924 eos
1518 2880 1741 2926 consummationi
1763 2891 1869 2938 operam
1890 2881 2007 2937 dedisse,
2028 2892 2062 2926 an

1315 2945 1375 2989 inde
1390 2945 1588 2992 matrimonium
1610 2951 1823 2992 consummatum
1844 2950 2010 3000 consorcium
2031 2947 2062 2994 da

1313 3012 1399 3057 causis
1413 3014 1666 3059 consummationem
1677 3013 1847 3070 impediaris:
1860 3013 1891 3058 de
1901 3013 2063 3071 conquestio·

1315 3079 1400 3135 nibuS,
1420 3081 1524 3138 quando
1538 3083 1564 3126 et
1578 3091 1638 3126 cum
1659 3080 1755 3138 quibus
1775 3079 1860 3136 sactis,
1875 3081 1902 3125 et
1915 3091 1963 3126 cur
1976 3080 2061 3127 nolint

1313 3148 1428 3204 amplius
1443 3147 1470 3192 in
1486 3147 1655 3193 matrimonio
1669 3144 1831 3205 permanere.

1355 3215 1381 3259 sl
1395 3215 1503 3271 querela
1524 3226 1603 3271 super
1624 3215 1780 3272 impotentia
1801 3217 1930 3270 versetur,
1952 3215 2062 3260 interro-

1314 3282 1393 3338 gandi
1407 3283 1486 3328 erunt
1500 3281 1579 3339 periti
1594 3282 1704 3339 physici,
1718 3293 1783 3339 quos
1793 3281 1917 3338 coniuges
1927 3281 2062 3326 consulue-

1313 3352 1384 3394 runt.

1353 3417 1493 3461 Praeterea
1511 3419 1641 3472 quatenus
1662 3416 1771 3473 querela
1792 3426 1871 3473 super
1892 3415 2016 3461 nullitate
2030 3427 2062 3460 ex

1314 3483 1346 3528 iis
1361 3484 1404 3538 sit,
1420 3486 1449 3528 ut
1464 3482 1530 3528 solvi
1544 3483 1626 3540 possit
1642 3483 1851 3537 inatrimonium,
1862 3482 1885 3528 si
1896 3482 2020 3538 coniuges
2032 3482 2062 3527 il·

1313 3549 1360 3595 lud
1374 3561 1425 3595 non
1439 3552 1666 3605 consummarunt,
1681 3553 1743 3594 tunc
1756 3549 1947 3606 procedendum
1962 3549 2013 3594 erit
2028 3549 2061 3595 ad

1313 3617 1500 3673 inspectionem
1523 3617 1640 3674 corporis
1658 3617 1800 3672 coniugum
1815 3615 1924 3660 seorsim
1940 3615 2060 3672 sequenti

1313 3683 1437 3728 methodo
1457 3684 1651 3740 perficiendam,
1667 3683 1783 3728 instante
1804 3683 1962 3740 praesertim
1977 3683 2061 3726 defen·

1312 3761 1371 3795 sore
1386 3749 1555 3795 inatrinronii.

1353 3815 1431 3861 ludex
1446 3817 1573 3873 praefiget
1595 3816 1738 3862 terminum
1755 3817 1809 3860 tam
1825 3816 1932 3873 utrique
1946 3815 2060 3872 coniugi,

1313 3893 1391 3940 quam
1406 3883 1537 3928 defensori
1551 3883 1723 3938 matrimonii,
1733 3884 1765 3928 ad
1780 3882 1940 3928 exhibendas
1954 3883 2060 3928 notulas

1313 3951 1459 4006 peritorum
1484 3950 1644 3995 medicorum
1669 3953 1695 3995 et
1718 3950 1906 4005 chirurgornm
1932 3949 2060 3994 confiden-

1313 4018 1380 4062 tium
1393 4017 1607 4063 et‘diffldentium
1622 4028 1669 4075 pro
1684 4017 1824 4074 utriusque
1834 4016 1952 4073 coniugis
1962 4015 2061 4074 inspec-

1313 4083 1392 4139 tione,
1406 4095 1522 4139 congrua
1536 4084 1659 4140 congruis
1676 4083 1819 4128 referendo.

1353 4151 1484 4195 Exhibitis
1495 4149 1594 4196 notulis
1604 4163 1619 4196 a
1630 4150 1757 4207 partibus,
1768 4149 1845 4194 iudex
1856 4150 1936 4205 eliget
1945 4150 2061 4206 quinque

1313 4217 1420 4273 peritos,
1435 4218 1489 4262 tres
1504 4217 1603 4262 scilicet
1618 4217 1731 4262 medicos
1746 4217 1772 4261 et
1786 4218 1851 4262 duos
1866 4217 2014 4274 chirurgos,
2029 4228 2060 4261 ex

1313 4283 1363 4338 hie,
1378 4283 1513 4340 inquibus
1528 4287 1617 4340 partes
1634 4285 1807 4340 consentiant,
1823 4284 1864 4329 sin
1880 4284 1968 4329 miuus
1982 4295 2013 4328 ex
2027 4283 2061 4328 of·

1314 4349 1372 4394 flcio
1386 4360 1438 4404 eos,
1449 4351 1495 4407 qui
1510 4353 1597 4396 tannen
1608 4351 1728 4407 partibus
1738 4363 1789 4396 non
1801 4350 1853 4406 sint
1863 4349 2060 4395 rationabiliter

1312 4416 1433 4473 suspecti,
1448 4417 1596 4474 deputabit:
1612 4421 1692 4474 atque
1705 4417 1817 4472 curabit,
1833 4419 1862 4461 ut
1877 4416 2061 4473 deputatioca·

1312 4483 1357 4528 dat
1371 4495 1450 4540 super
1468 4483 1656 4529 celebrioribus
1677 4483 1793 4529 civitatis
1809 4486 1865 4529 tum
1880 4484 1965 4541 quoad
1980 4483 2061 4530 scien·

1312 4548 1386 4604 tiam,
1402 4553 1458 4596 tum
1473 4550 1559 4606 quoad
1579 4550 1735 4606 religionem
1750 4553 1776 4594 et
1791 4550 1965 4606 honestatem,
1979 4551 2059 4606 atque

1312 4616 1353 4662 his
1363 4615 1455 4673 peritis
1465 4616 1617 4662 facultatem
1627 4616 1701 4661 dabit
1710 4616 1910 4672 recognoscendi
1920 4627 2014 4673 corpus
2025 4615 2060 4660 vi-

1312 4684 1343 4740 ri,
1354 4683 1481 4729 adhibitis
1495 4682 1613 4729 honestis
1628 4683 1721 4728 mediis
1735 4683 1767 4729 ad
1778 4684 1964 4739 explorandam
1976 4682 2059 4740 ipsius

1312 4752 1466 4809 potentiam,
1481 4763 1528 4796 nec
1542 4762 1593 4796 nou
1608 4751 1771 4806 facultatem,
1792 4752 1922 4808 quatenus
1937 4761 1988 4795 non
2003 4761 2060 4794 con-

1311 4819 1416 4870 veniant
1430 4819 1456 4863 in
1472 4819 1557 4875 prima
1572 4817 1741 4876 inspectione,
1752 4817 1849 4862 iterum
1859 4815 2005 4863 accedendi.
2018 4819 2060 4861 At·

1312 4897 1362 4942 que
1377 4886 1404 4930 in
1418 4885 1508 4930 eodem
1523 4885 1627 4930 decreto
1641 4885 1719 4939 diem,
1735 4885 1828 4930 horam
1844 4886 1871 4929 et
1885 4884 1971 4929 locum
1982 4883 2060 4928 desti·

1312 4952 1393 5006 nabit,
1408 4952 1436 4996 iu
1451 4952 1546 5009 quibus
1567 4951 1645 5009 periti
1666 4951 1797 5007 accedent,
1819 4955 1849 4996 ut
1871 4951 2058 5008 inspectionem

1312 5018 1454 5076 perficiant.

1352 5085 1492 5142 Designata
1506 5085 1548 5131 die
1562 5089 1588 5130 et
1604 5087 1677 5142 hora,
1687 5087 1720 5132 ad
1734 5085 1819 5130 locum
1835 5085 1957 5130 accedent
1973 5083 2059 5139 iudex,

1312 5151 1431 5197 defensor
1446 5153 1620 5208 matrimonii,
1634 5151 1808 5198 cancellarius
1818 5163 1848 5196 ac
1858 5151 1945 5208 periti.
1958 5147 2060 5206 singuli

1313 5230 1343 5263 ex
1358 5219 1459 5276 peritis,
1469 5231 1499 5264 ac
1513 5220 1632 5275 seorsim,
1647 5231 1741 5276 corpus
1756 5217 1805 5262 viri
1819 5217 1958 5274 inspicient
1968 5228 1998 5262 ea
2008 5228 2060 5274 qua

1313 5285 1371 5330 fleri
1391 5285 1489 5342 poterit
1510 5286 1637 5348 decentia,
1652 5286 1766 5332 attactis
1782 5284 1978 5341 experimentis
1993 5293 2060 5340 quae

1313 5350 1388 5396 iuxta
1401 5354 1495 5407 artem,
1510 5364 1561 5397 non
1576 5355 1663 5399 tamen
1678 5352 1789 5407 illicitis,
1800 5355 1948 5408 opportuna
1963 5349 2060 5396 iudica·

1312 5417 1386 5470 bunt,
1402 5419 1500 5476 singuli
1515 5418 1640 5477 scriptam
1655 5421 1778 5465 emittent
1793 5419 1931 5464 rationem.

1353 5488 1380 5529 ln
1395 5485 1556 5542 inspectione
1571 5489 1597 5531 et
1612 5487 1740 5532 relatione
1760 5486 1825 5532 ilaec
1842 5485 1981 5542 praecipue
1991 5484 2059 5530 inve·

1312 5550 1433 5608 stiganda
1447 5554 1473 5596 et
1488 5553 1623 5598 referenda
1637 5556 1730 5598 erunt:

1351 5623 1390 5662 An
1408 5617 1494 5663 adsint
1516 5619 1591 5674 signa
1612 5619 1719 5675 physice
1740 5621 1812 5664 certa
1834 5617 2004 5675 impotentiae
2019 5619 2059 5664 de-

1311 5687 1391 5731 ducta
1404 5697 1435 5730 ex
1447 5685 1651 5731 conformatione
1660 5684 1785 5740 partium,
1797 5687 1843 5730 aut
1854 5697 1884 5730 ex
1894 5686 1984 5743 aliquo
1994 5686 2059 5732 vitio

1311 5754 1379 5810 quod
1401 5764 1528 5810 apparere
1548 5753 1651 5808 poterit.
1668 5756 1706 5796 hn
1722 5751 1810 5796 adsint
1824 5752 1909 5808 signa,
1923 5763 1991 5810 quae
2006 5764 2059 5799 mo·

1311 5821 1395 5866 nalem
1411 5820 1595 5866 certitudinem
1613 5819 1737 5864 inducant
1755 5818 1933 5875 impotentiae,
1948 5822 1982 5875 et,
1998 5831 2058 5876 qua·

1313 5892 1390 5933 tenus
1411 5887 1533 5942 existant,
1554 5895 1621 5944 qnae
1636 5885 1670 5930 ait
1684 5885 1764 5930 huius
1785 5885 1956 5942 impotentiae
1970 5898 2057 5944 causa,

2096 487 2147 539 An.
2162 489 2192 540 d.
2215 484 2307 537 1741
