4828 6990
55 2809 57 2824 ⁸
98 2823 246 2886 3333133333·

55 2907 56 2942 3
91 2887 143 2922 stola.

897 551 1094 596 benemeritis
1118 550 1180 594 xtv.

263 675 309 728 set
329 666 487 744 ellectum,
504 669 687 748 pensionem
705 685 841 732 annuam
857 671 1012 749 quingen·

265 766 369 820 torum
391 761 574 824 ducatorum
598 773 741 824 monetae
763 764 854 839 regni
876 761 1011 839 neapoli-

266 853 326 914 tani
348 869 404 932 pro
425 872 567 933 persona·
578 872 634 918 sen
652 857 788 934 personis
805 872 858 935 per
873 869 940 928 nos,
957 870 1010 916 seu

264 961 428 1008 romanum
452 949 630 1024 pontificem
652 965 708 1026 pro
724 957 863 1026 tempore
878 947 1011 1010 existen-

264 1048 339 1113 tem,
362 1039 625 1119 quandocumque
640 1040 827 1102 nominande
842 1058 897 1102 seu
913 1039 1012 1100 nomi-

263 1132 385 1208 nandis,
407 1135 514 1195 eadem
537 1134 697 1211 apostolica
719 1135 901 1194 auctoritate
917 1147 1012 1194 reser-

263 1228 417 1302 vavimus,
430 1228 649 1290 constituimus
664 1234 694 1288 el
709 1226 948 1304 assignavimus,
961 1241 1012 1286 vo·

263 1320 364 1381 lentes
386 1328 417 1381 et
439 1319 637 1382 intendentes
659 1322 740 1398 quod
764 1320 797 1381 in
813 1326 964 1381 eventum
980 1320 1011 1379 in

261 1429 357 1491 quem
373 1414 480 1494 pensio
494 1413 670 1475 huiusmodi
687 1415 718 1475 in
735 1422 798 1475 3333
813 1413 862 1475 331
880 1415 911 1474 33
928 1419 1012 1490 33333

261 1515 419 1582 cessasset,
443 1507 492 1568 vel
514 1507 587 1567 alias
617 1507 850 1584 quomodolibet
878 1505 1011 1566 extincta

262 1599 383 1676 luisset,
405 1617 438 1662 ac
459 1600 591 1679 quoties,
624 1599 757 1663 durante
788 1600 905 1661 unione
928 1613 1011 1676 prae·

261 1693 351 1768 dicta,
386 1694 562 1756 cessationis
591 1709 647 1755 seu
678 1692 877 1754 extinctionis
907 1691 1013 1752 huius-

261 1787 347 1848 modi
368 1802 457 1848 casus·
485 1785 651 1861 evenisset,
677 1785 767 1848 toties
793 1785 843 1845 alii
865 1799 1013 1862 personae

261 1879 493 1954 ecclesiasticae,
516 1895 571 1942 seu
593 1878 660 1940 aliis
678 1878 816 1956 personis
832 1873 1013 1938 ecclesiasti-

261 1972 315 2046 cis,
338 1972 397 2032 alia
419 1973 526 2049 pensio
547 1987 602 2034 seu
624 1971 701 2033 aliae
732 1970 897 2048 pensiones
918 1985 1012 2030 cessa·

263 2071 311 2124 tae
332 2065 384 2127 vel
405 2066 562 2127 extinctae
586 2064 715 2138 similes,
741 2062 894 2140 usquead
917 2071 1013 2124 ratam

261 2165 410 2218 cessatam
431 2157 481 2220 vel
501 2159 672 2218 extinctam
688 2155 866 2219 huiusmodi
881 2173 896 2215 a
912 2154 1011 2228 nobis,

261 2265 318 2310 seu
340 2266 468 2311 rornano
490 2251 636 2328 pontifice
652 2265 707 2326 pro
725 2258 863 2328 tempore
879 2249 1012 2310 existen-

264 2349 306 2417 te,
329 2359 492 2421 quousque
515 2344 591 2406 unio
622 2343 772 2420 praedicta
805 2344 1011 2422 perdurasset,

262 2437 301 2497 de
323 2452 404 2497 novo
437 2443 650 2498 reservaretur
680 2444 733 2498 aut
762 2442 1011 2508 reservarentur,

264 2538 356 2608 prout
378 2530 411 2590 in
431 2529 576 2590 schedula
598 2517 700 2590 motus
716 2529 830 2606 proprii
847 2527 945 2589 nostri
961 2524 1012 2587 de-

263 2639 357 2700 super
379 2624 602 2683 manu‘nostra
629 2621 747 2698 signata
775 2621 869 2682 eliam
891 2619 1013 2698 plenius

265 2715 457 2777 continetur.

305 2807 397 2869 Nunc
428 2824 503 2868 vero
535 2808 652 2870 unione
684 2808 836 2888 praedicta
868 2807 1011 2869 ellectum

264 2916 358 2964 suum
373 2903 525 2976 nondum,
543 2908 577 2963 ut
592 2903 778 2981 accepimus,
793 2903 912 2976 sortita,
929 2917 1014 2978 prac-

187 3029 190 3036 ·
267 2995 382 3055 dictum
403 2994 571 3071 collegium
593 3011 608 3054 a
630 3012 692 3073 quo
714 2995 873 3058 uberiores
894 2995 926 3055 in
948 2995 1013 3056 dies

267 3085 384 3148 tructus
396 3093 631 3163 promanaturos
643 3087 708 3150 iore
721 3089 918 3160 confidimus,
928 3101 1012 3163 prae-

266 3179 374 3240 sertim
395 3180 420 3241 33
446 3180 647 3243 alumnorum
674 3197 826 3243 numerus
852 3181 884 3242 in
907 3196 942 3241 eo
963 3181 1013 3240 ad-

267 3282 427 3350 augeatur,
451 3275 535 3353 iiqoe
557 3292 596 3336 ex
616 3276 683 3361 aliis
702 3276 794 3338 etiam
810 3275 1012 3336 admittantur

267 3367 453 3443 nationibus,
477 3386 514 3429 ex
536 3370 597 3431 illis
618 3369 780 3446 praecipue
801 3385 880 3447 quae
895 3368 1012 3429 missio-

267 3466 427 3526 nariorum
449 3479 540 3541 opera
562 3466 658 3539 magis
688 3465 830 3540 indigere
852 3461 1011 3536 videntur,

267 3559 422 3638 amplioris
444 3561 559 3637 gratiae
580 3561 683 3622 lavore
700 3563 842 3642 prosequi
860 3559 1011 3629 volentes,

268 3654 425 3732 ipsiusque
445 3661 612 3728 rectorem,
634 3656 838 3733 singulosque
859 3655 933 3714 alios
956 3654 1012 3716 mi-

268 3749 380 3810 nistros
402 3756 432 3809 et
454 3749 597 3810 alumnos
618 3767 632 3808 a
655 3749 815 3826 quibusvis
834 3765 1013 3812 excommu-

268 3842 439 3913 nicationis,
461 3843 671 3919 suspensionis
692 3850 723 3904 et
746 3843 913 3917 interdicti,
933 3843 1013 3904 aliis-

268 3955 325 4018 que
356 3938 568 4000 ecolesiasticis
599 3939 778 4012 sententiis,
812 3940 951 4000 censuris
983 3947 1013 4000 et

269 4033 385 4110 poeuis,
407 4049 422 4091 a
445 4031 512 4093 iure
535 4031 584 4092 vel
606 4029 643 4092 ab
664 4031 793 4092 bomine
808 4032 916 4108 quavis
931 4048 1012 4093 occa-

268 4126 351 4186 sione
374 4124 424 4186 331
446 4141 532 4188 33333
559 4124 638 4194 13333,
662 4125 821 4201 siquibus
845 4125 1014 4202 quomodo·

269 4218 340 4280 libet
361 4218 502 4280 innodati
524 4217 674 4292 existunt,
698 4220 733 4279 ad
762 4217 907 4278 ellectum
929 4233 1013 4295 prae-

268 4313 403 4376 sentium
425 4303 586 4374 obmtaxat
613 4309 878 4388 consequendum,
901 4311 1013 4372 harum

267 4406 344 4467 serie
364 4404 559 4466 absolventes
581 4411 611 4465 et
633 4403 787 4464 absolutos
807 4404 872 4465 lore
887 4420 1013 4466 censen·

269 4507 320 4572 tes,
345 4512 467 4559 necnon
484 4497 655 4573 gratiarum
669 4503 700 4557 et
714 4496 879 4558 schedulae
895 4507 1014 4558 nostra·

268 4607 337 4654 runt
369 4589 596 4669 praedictarum
628 4590 800 4667 respective
833 4597 956 4652 tenores
981 4609 1014 4654 ac

267 4686 346 4746 datas
369 4683 581 4762 praesentibus
604 4698 659 4759 pro
681 4683 833 4762 expressis
852 4684 1012 4760 babentes,

267 4785 364 4851 motu,
387 4776 513 4838 scientia
535 4783 566 4836 et
587 4775 746 4853 potestatis
764 4775 960 4854 plenitudine
974 4776 1014 4838 si-

268 4871 403 4943 milibus,
426 4869 608 4948 pensionem
640 4869 838 4946 praedictam,
868 4869 1014 4947 illiusque

267 4963 520 5035 reservationem,
548 4961 806 5023 constitutionem
829 4971 858 5024 33
880 4965 1013 5039 assigna·

268 5058 383 5118 tionem
405 5053 596 5127 huiusmodi,
619 5052 697 5114 dicta
725 5055 887 5132 apostolica
910 5065 1012 5118 aucto-

267 5149 367 5222 ritate,
391 5147 573 5208 earumdem
597 5153 707 5208 tenore
735 5149 956 5223 praesentium,
981 5149 1012 5210 in

265 5248 451 5319 perpetuum
483 5239 671 5318 penitusque
700 5247 730 5299 33
758 5242 887 5302 omnino
919 5259 1012 5304 cassa-

266 5349 345 5408 mus,
366 5333 583 5408 extinguimus
605 5339 635 5393 et
661 5332 873 5408 annullamus,
896 5352 930 5396 ac
951 5351 1013 5396 cas-

264 5437 370 5500 satam,
404 5425 572 5487 extinctam
605 5432 636 5487 et
668 5426 859 5488 annullatam
887 5443 953 5489 esse
980 5435 1012 5490 et

265 5519 340 5591 lore,
363 5536 397 5580 ac
419 5535 481 5580 una
502 5533 576 5578 3333
596 5518 668 5580 313333
701 5519 880 5581 monasterii
906 5519 1012 5582 lructi·

266 5611 331 5687 bus,
354 5611 525 5673 redditibus
554 5616 586 5670 et
618 5612 820 5688 proventibus
852 5613 1012 5690 praedictis

266 5703 482 5765 consolidatam
504 5719 667 5764 remanere
690 5703 834 5765 volumus
857 5713 887 5766 33
909 5705 1012 5766 decer·

266 5797 380 5871 aimus,
403 5798 576 5858 eximentes
603 5796 781 5874 parimodo
807 5805 837 5857 et
864 5806 1012 5875 perpetuo

266 5888 431 5952 liberantes
454 5889 644 5967 praedictum
665 5888 832 5965 collegium
850 5907 865 5950 a
886 5891 1013 5952 solutio·

1069 684 1109 729 ne
1130 674 1160 730 et
1184 665 1390 748 praestatione
1404 671 1602 736 annalarum,
1618 665 1649 722 et
1664 659 1817 739 quinden-

1069 765 1195 826 3333333
1226 761 1454 833 communiam,
1478 765 1510 819 et
1537 756 1671 818 aliorum
1699 751 1814 813 lucium

1069 856 1308 935 praedictorum,
1328 853 1422 914 etiam
1444 850 1543 928 quoad
1560 847 1740 927 pensionem
1756 860 1816 904 ras·

1068 957 1165 1010 satam
1187 956 1217 1009 et
1240 947 1407 1009 extinctam
1437 943 1634 1022 praedictam,
1664 945 1816 1016 quatenus

1070 1042 1190 1104 ratione
1221 1039 1394 1102 cassationis
1422 1045 1453 1099 et
1481 1033 1681 1097 extinctionis
1710 1029 1816 1091 buius·

1070 1134 1150 1196 modi
1184 1135 1285 1212 ipsum
1316 1131 1483 1207 collegium
1512 1131 1547 1191 ad
1576 1127 1761 1189 solutionem
1786 1131 1816 1182 et

1068 1228 1308 1306 praestationem
1330 1226 1499 1305 praedictas
1527 1221 1628 1286 teneri
1648 1227 1681 1280 33
1701 1217 1815 1292 obliga·

1070 1331 1137 1384 tum
1155 1323 1289 1384 existere
1303 1319 1367 1383 ullo
1382 1334 1521 1396 unquam
1538 1325 1678 1393 tempore
1693 1311 1751 1375 dici
1767 1308 1814 1370 331

1069 1415 1189 1478 3333333
1211 1420 1321 1492 posset.

1110 1509 1257 1572 Volentes
1288 1515 1392 1569 autem
1415 1513 1449 1568 ut
1470 1501 1649 1566 huiusmodi
1676 1499 1815 1571 cassatio,
1837 1501 2049 1601 Γ313313333313333·

1069 1605 1218 1666 extinctio
1240 1611 1270 1665 et
1288 1601 1458 1664 annullatio
1472 1597 1630 1677 pensionis
1646 1593 1817 1674 praedictae
1896 1589 1900 1598 '

1068 1713 1223 1759 sacrarum
1256 1697 1440 1757 missionum
1473 1693 1565 1766 bono,
1588 1691 1684 1750 immo
1714 1688 1816 1748 333133-

1069 1790 1163 1851 313333
1196 1789 1356 1866 religionis
1388 1787 1581 1847 incremento
1613 1789 1642 1844 et
1665 1779 1814 1858 prolectui

1068 1885 1165 1956 cedat,
1189 1881 1320 1958 collegio
1348 1878 1503 1957 praedicto
1526 1883 1556 1937 et
1582 1872 1815 1950 congregationi

1068 1975 1214 2038 similiter
1229 1975 1368 2036 tiliorum
1384 1973 1606 2033 modernorum
1622 1974 1653 2028 et
1669 1983 1724 2044 pro
1741 1975 1816 2027 tem·

1070 2085 1141 2147 pore
1164 2068 1367 2130 existentium
1389 2065 1557 2142 superioris
1579 2071 1609 2124 et
1625 2061 1816 2139 prosbytero-

1070 2179 1141 2225 rum
1163 2162 1365 2224 saecularium
1386 2160 1527 2221 eiusdem
1551 2158 1660 2221 Sarrae
1681 2152 1817 2217 133333-

1069 2262 1182 2336 miliae,
1205 2260 1263 2322 sub
1284 2259 1372 2322 cuius
1387 2255 1637 2333 congregationis
1652 2252 1815 2330 gubernio,

1071 2355 1240 2430 regimine,
1277 2353 1447 2414 directione
1482 2360 1514 2412 33
1548 2345 1816 2410 administratione

1068 2449 1261 2524 praedictum
1282 2445 1449 2521 collegium
1473 2443 1639 2520 reperitur,
1656 2437 1815 2516 sequentia

1068 2556 1163 2602 onera
1192 2539 1461 2617 inlrascriptasque
1487 2537 1569 2612 leges
1597 2541 1627 2596 et
1656 2531 1817 2608 obligatio,-

1070 2652 1125 2696 nes
1146 2635 1190 2696 eis
1211 2653 1225 2694 a
1249 2631 1498 2709 congregatione
1518 2629 1702 2690 eorumdem
1725 2641 1817 2686 vene-

1070 2729 1213 2789 rabilium
1236 2727 1369 2788 fratrum
1393 2734 1574 2786 nostrorum
1590 2721 1620 2784 S.
1639 2719 1674 2780 ll.
1694 2717 1818 2781 13333-

1069 2821 1218 2882 diualium
1235 2819 1368 2894 negotiis
1385 2813 1817 2893 313113333333313333133333-

1070 2915 1242 2993 positorum
1275 2911 1426 2990 proposita
1457 2918 1487 2970 et
1518 2909 1761 2988 propositasque,
1784 2921 1816 2964 ar

1069 3023 1146 3085 quae
1169 3014 1201 3068 33
1222 3022 1296 3083 quas
1328 3004 1473 3082 praedicti
1507 3002 1648 3064 moderni
1677 2999 1817 3076 superior

1069 3109 1100 3162 et
1121 3098 1292 3180 presbyteri
1311 3099 1480 3160 saeculares
1495 3096 1666 3175 praedictae
1682 3095 1817 3168 Congre-

1070 3193 1200 3269 gationis
1221 3192 1360 3253 eiusdem
1382 3191 1489 3254 Sacrae
1511 3190 1579 3251 lesu
1606 3186 1749 3249 Familiae
1771 3201 1818 3246 ca-

1070 3287 1244 3364 pitulariter·
1274 3285 1466 3361 congregati,
1498 3283 1556 3344 sub
1583 3299 1637 3358 spe
1657 3289 1750 3358 atque
1772 3279 1818 3339 33-

1071 3381 1151 3449 33333
1183 3379 1357 3441 cassationis
1378 3387 1408 3439 et
1437 3375 1636 3438 extinctionis
1664 3372 1818 3452 supradic-

1070 3480 1117 3534 tae
1139 3473 1306 3551 pensionis,
1329 3487 1439 3532 eorum
1461 3468 1710 3546 congregationis
1732 3483 1817 3544 prae-

1069 3565 1167 3625 dictae
1189 3565 1323 3641 dictique
1344 3565 1467 3640 collegii
1489 3562 1660 3639 respective
1676 3561 1815 3633 nomine,

1069 3664 1147 3724 sicut
1178 3659 1324 3721 similiter
1356 3660 1544 3735 accepimus,
1581 3657 1641 3717 iam
1673 3655 1815 3716 sollemni

1069 3763 1137 3818 actu
1159 3762 1369 3832 acceptarunt,
1393 3768 1425 3813 33
1447 3757 1627 3830 3333331333
1648 3757 1680 3811 33
1699 3765 1819 3827 respec-

1071 3850 1133 3911 tive
1154 3847 1324 3925 adimplere
1346 3845 1441 3924 parati
1458 3845 1608 3918 existunt,
1625 3843 1732 3904 eadem
1748 3859 1816 3920 apo-

1068 3942 1173 4004 stolica
1205 3940 1387 4002 auctoritate
1415 3937 1448 3998 in
1477 3945 1663 4016 perpetuum
1687 3936 1817 4013 imponi-

1070 4051 1149 4109 mus,
1177 4031 1415 4110 praescribimus
1442 4038 1472 4093 et
1495 4030 1700 4106 iniungimus,
1725 4028 1816 4096 nimi-

1071 4144 1156 4189 rum:

1110 4222 1225 4294 Primo,
1248 4219 1328 4300 quod
1351 4219 1468 4281 dictum
1490 4218 1657 4294 collegium
1679 4232 1815 4278 exnunc

1069 4313 1213 4391 deinceps
1225 4329 1263 4374 ex
1275 4311 1814 4389 unionepraedictaelleclumsuum

1070 4407 1200 4468 minime
1221 4406 1327 4467 sortita
1345 4406 1379 4468 ad
1396 4405 1491 4482 ipsius
1507 4403 1765 4481 Congregationis
1780 4405 1817 4464 de
1841 4433 1845 4438 ·

1070 4500 1267 4580 Propaganda
1289 4499 1362 4561 Fide
1384 4499 1611 4577 beneplacitum
1634 4497 1772 4574 recipere
1787 4505 1817 4558 et

1069 4595 1233 4656 admittere
1255 4592 1362 4654 debeat
1382 4600 1517 4670 quatuor
1538 4591 1680 4652 alumnos
1702 4607 1740 4651 ex
1762 4591 1817 4652 Va-

1070 4689 1163 4750 lacbia
1186 4696 1216 4750 et
1238 4687 1380 4764 Bulgaria
1403 4704 1436 4750 ac
1457 4687 1563 4751 Servia
1586 4695 1616 4748 et
1633 4688 1745 4765 Epyro,
1763 4687 1815 4764 qui

1069 4783 1104 4843 ad
1128 4781 1246 4844 dictum
1266 4780 1434 4857 collegium
1457 4780 1587 4858 propriis
1609 4781 1752 4857 expensis
1770 4796 1816 4841 ac-

1069 4876 1178 4936 cedere
1201 4881 1376 4935 teneantur.
1394 4905 1432 4918 -·
1454 4872 1607 4947 Secundo,
1630 4875 1711 4950 quod
1733 4873 1758 4934 si
1780 4872 1814 4933 ad

1069 4967 1186 5028 dictum
1217 4966 1385 5042 collegium
1412 4968 1604 5028 advocentur
1625 4965 1675 5027 alii
1697 4965 1815 5027 alumni

1069 5055 1216 5118 Sinenses
1238 5066 1268 5118 et
1296 5057 1415 5119 lndiani
1446 5064 1612 5133 antequam
1635 5057 1709 5117 unio
1731 5070 1816 5134 prae·

1068 5151 1147 5212 dicta
1168 5165 1261 5211 suum
1284 5149 1429 5212 ellectum
1449 5150 1608 5224 sortiatur,
1626 5151 1708 5212 idern
1727 5150 1817 5212 colle-

1069 5244 1156 5318 gium
1178 5259 1325 5320 expensas
1353 5258 1408 5320 pro
1429 5257 1541 5304 eorum
1569 5257 1690 5304 accessu
1714 5258 1816 5304 neces-

1068 5334 1161 5396 sarias
1182 5336 1286 5398 subire
1308 5336 1426 5397 debeat.
1450 5366 1489 5380 -
1520 5335 1637 5408 Tertio,
1660 5334 1741 5414 quod
1765 5335 1814 5395 ubi

1069 5427 1207 5505 primum
1228 5429 1303 5489 unio
1318 5428 1470 5504 praedicta
1486 5427 1631 5490 ellectum
1645 5443 1739 5487 suurn
1753 5440 1816 5487 sor-

1070 5523 1123 5582 tita
1146 5521 1251 5594 luerit,
1276 5521 1357 5582 idern
1380 5521 1547 5597 collegium
1573 5536 1689 5596 augere
1711 5521 1817 5584 debeat

1070 5629 1236 5674 numerum
1269 5614 1467 5676 alumnorum
1500 5630 1538 5674 ex
1559 5613 1722 5691 praedictis
1743 5631 1816 5692 qua-

1070 5715 1139 5768 tuor
1161 5707 1350 5780 333333331333,
1368 5705 1417 5766 331
1437 5722 1475 5766 33
1490 5706 1556 5766 31333
1571 5706 1725 5768 similibus
1740 5708 1818 5768 Tur-

1068 5813 1174 5861 carum
1198 5799 1353 5876 tyrannidi
1378 5799 1534 5873 subiectis,
1558 5815 1656 5877 usque
1678 5801 1713 5861 ad
1735 5808 1814 5874 3333,

1042 5975 1048 5986 ἱ
1068 5891 1300 5970 comprehensis
1321 5895 1454 5968 quatuor
1476 5889 1639 5969 praedictis
1660 5892 1695 5952 ad
1716 5891 1816 5952 nomi·

1738 519 1796 587 335
1850 511 2037 563 33.0.3347

1863 4212 2049 4266 mmmm·

1837 4263 1955 4309 mmm
