4838 6982
360 543 415 596 Aa.
429 546 459 597 Ο.
481 541 550 596 1734
598 543 657 606 578

580 699 665 759 gere,
680 683 733 746 sed
755 685 898 762 progredi
920 685 1072 747 debebant
1088 684 1122 744 ad
1139 681 1321 748 electionem

579 778 787 853 Patriarchae3
811 779 898 839 33333
924 786 1006 854 3333,
1030 787 1193 856 postquam
1217 781 1251 841 ad
1274 797 1325 858 pa-

580 871 774 933 triarchalem
795 870 899 932 sedem
932 869 1038 933 luisset
1061 878 1204 946 evectus,
1234 872 1324 951 hiep·

578 979 705 1042 pensem
728 965 1139 1044 eligerehrchiepiscopnm.
1163 965 1323 1029 Verumta-

578 1077 650 1122 men
663 1058 777 1119 erroris
787 1074 908 1120 causam
924 1061 1137 1136 agnoscimus:
1153 1077 1224 1122 eum
1236 1061 1322 1122 enim

578 1153 722 1234 praedicti
751 1153 976 1233 archiepiscopi
1003 1156 1219 1230 advertissent,
1248 1153 1323 1215 duos

578 1247 689 1311 ultimo
711 1249 872 1312 delunctos
902 1249 1091 1311 Patriarchas
1112 1249 1149 1311 ab
1176 1247 1323 1326 archiepi-

577 1349 701 1420 scopatu
730 1341 894 1420 hleppensi
917 1343 952 1404 ad
981 1344 1109 1418 gradum
1139 1341 1322 1420 patriarcha-

578 1436 638 1498 lem
661 1436 842 1508 ascendisse,
860 1437 971 1497 ineam
988 1435 1184 1498 devenerunt
1206 1435 1324 1513 opinio·

577 1545 664 1604 nem,
688 1537 722 1590 33
744 1528 917 1605 crederent,
940 1529 1145 1590 Patriamham
1176 1529 1321 1590 constitui

578 1637 640 1684 non
664 1637 765 1700 33333,
790 1623 848 1683 nisi
871 1623 925 1699 333
947 1621 1152 1699 31333333333
1175 1622 1323 1699 33333333-

577 1723 736 1794 scopatum
758 1715 924 1790 obtineret,
942 1724 994 1775 333
1009 1715 1062 1792 qui
1078 1714 1187 1776 sallem
1210 1715 1323 1793 episco-

564 1809 637 1887 'pali
659 1809 833 1870 charactere
855 1809 939 1886 prius
961 1817 1040 1869 esset
1068 1817 1246 1870 exornatus.
1273 1809 1324 1870 hr-

580 1910 683 1963 tamen
711 1903 739 1962 id
772 1901 901 1978 longea
931 1903 1061 1964 33333333
1093 1902 1229 1963 alienum
1258 1908 1320 1963 est:

578 1995 737 2072 perspicue
767 1995 879 2073 quippe
909 1995 939 2056 in
967 1995 1103 2072 ipsorum
1134 1995 1323 2070 errcbologiis

578 2089 693 2164 legitur
705 2095 772 2150 tum
785 2089 863 2149 ritus
874 2088 1009 2165 eligendi
1021 2088 1223 2162 Patriarchae,
1237 2105 1322 2150 3333-

578 2200 638 2261 que
659 2183 875 2259 consecrandi,
905 2184 928 2242 si
958 2181 1121 2260 episcopali
1148 2181 1323 2243 charactere

578 2281 742 2342 destitutus
763 2280 813 2354 sit,
838 2285 904 2339 tum
930 2279 1009 2340 ritus
1031 2279 1066 2338 ad
1088 2277 1323 2354 patriarchalem

577 2375 681 2436 sedem
703 2373 856 2434 evehendi
878 2372 979 2447 illum,
1002 2373 1054 2451 qui
1079 2373 1139 2432 iam
1161 2371 1322 2448 episcopali

577 2467 690 2530 Ordine
711 2469 867 2546 praeditus
886 2475 946 2528 est:
971 2482 1073 2543 neque
1088 2482 1163 2528 vero
1179 2464 1243 2527 ullo
1259 2480 1322 2525 333-

577 2560 616 2621 33
637 2562 831 2634 decernitur,
861 2567 896 2622 33
919 2560 971 2638 qui
1003 2560 1170 2638 Episcopus
1197 2558 1245 2618 vel
1269 2558 1324 2618 33-

576 2653 788 2732 333333333333
819 2661 907 2714 antea
940 2669 1003 2715 non
1041 2652 1155 2726 luerit,
1192 2652 1324 2714 civitatis

578 2747 629 2809 vel
643 2746 817 2826 provinciae
832 2746 919 2825 prius
934 2747 1141 2808 constituatur
1158 2746 1324 2824 Episcopus

578 2841 628 2902 vel
651 2840 914 2917 hrchiepiscopus,
930 2852 966 2901 ut
990 2840 1062 2902 inde
1083 2841 1117 2912 ad
1142 2838 1324 2917 patriarcha·

579 2940 647 2995 tum
670 2931 888 2994 transferatur:
912 2934 983 3006 sed,
1016 2947 1088 2993 cum
1110 2931 1189 2994 Ordo
1211 2930 1324 3008 episco-

578 3025 653 3104 palis
675 3025 865 3087 Patriarchae
881 3024 978 3087 electo
999 3024 1170 3097 confertur,
1186 3025 1239 3101 qui
1255 3023 1323 3101 Epi·

578 3135 687 3197 scopus
708 3134 771 3180 non
795 3126 870 3192 erat,
887 3117 941 3179 Dei
958 3117 1067 3196 optimi
1089 3117 1216 3178 maximi
1239 3116 1324 3178 auxi-

580 3213 658 3274 lium
680 3212 875 3290 imploratur,
901 3220 933 3274 ut
956 3211 1011 3290 ipsi
1036 3212 1065 3273 in
1087 3213 1257 3274 exercenda
1273 3229 1326 3274 au·

580 3308 721 3372 ctoritate
742 3323 796 3368 sua
818 3307 850 3368 33
865 3305 995 3386 3333333
1009 3306 1067 3367 3333
1088 3306 1241 3368 333333333
1262 3308 1324 3385 opi-

581 3403 710 3465 tuletur.
744 3400 786 3462 lta
817 3401 947 3462 omnino
979 3400 1155 3476 contingit,
1189 3415 1260 3462 cum
1293 3401 1322 3461 in

582 3496 749 3561 Summum
770 3495 950 3558 Pontificem
966 3495 1170 3556 renunciatur
1182 3493 1325 3556 Cardine·

582 3595 630 3668 lis,
653 3592 706 3670 qui
727 3597 815 3651 antea
830 3589 996 3667 Episcopus
1020 3603 1084 3650 non
1110 3589 1230 3650 existat.
1255 3585 1322 3647 Non

581 3689 668 3752 enim
689 3685 742 3748 ille
763 3686 796 3746 in
826 3683 1010 3761 Episcopum
1038 3681 1166 3744 alicuius
1195 3678 1326 3742 civitatis

581 3787 789 3852 consecratur,
812 3785 847 3840 ut
869 3777 939 3839 inde
961 3791 1138 3854 supremam
1161 3775 1255 3836 totius
1270 3774 1323 3835 Ec-

580 3875 688 3938 clesiae
719 3871 831 3936 Sedem
862 3872 1060 3944 conscendat:
1092 3882 1218 3942 rerum,
1249 3867 1321 3929 darn

580 3967 645 4047 ipse
673 3965 835 4045 episcopali
865 3963 981 4027 Ordine
1008 3963 1196 4039 insignitur,
1225 3960 1324 4022 enixis

580 4061 660 4123 votis
681 4061 761 4122 [leus
782 4060 956 4132 invocatur,
972 4064 1008 4120 33
1029 4057 1062 4118 33
1082 4055 1239 4134 pascendis
1260 4055 1324 4114 333-

580 4155 637 4216 333
659 4153 797 4216 universi
819 4151 965 4215 dominici
986 4150 1090 4226 gregis
1111 4164 1202 4228 opem
1223 4155 1255 4208 et
1273 4165 1324 4208 au-

580 4249 693 4310 xilium
714 4247 759 4310 illi
779 4261 873 4308 suum
896 4245 1103 4324 impertiatur.

620 4341 700 4403 llaec
721 4341 753 4401 33
774 4339 973 4417 3333333333
995 4345 1147 4415 postrema
1160 4335 1323 4409 electione,

579 4436 646 4498 sire
661 4432 866 4513 postulatione
881 4431 1071 4492 Patriarohae
1090 4430 1255 4504 Michaelis,
1272 4431 1323 4507 qni

580 4527 733 4606 Petrilll.
758 4540 873 4588 nomen
895 4524 1020 4600 accepit,
1042 4524 1175 4586 occurrit
1197 4523 1323 4585 difficul-

581 4631 640 4686 tas:
665 4637 743 4700 quae
759 4627 861 4682 tamen
877 4635 941 4680 non
957 4618 1063 4693 magni
1078 4620 1151 4679 adeo
1172 4619 1323 4679 momenti

582 4716 669 4778 nobis
690 4716 824 4788 ridetur,
842 4721 877 4774 ut
896 4712 997 4773 sanari
1018 4713 1199 4802 auctoritate
1221 4719 1323 4773 333333

581 4809 712 4871 minime
743 4807 851 4869 debeat
881 4805 976 4868 etiam
1009 4805 1040 4866 in
1071 4805 1323 4868 substantialibus

580 4902 679 4984 (33333
701 4901 887 4978 prudentem
915 4899 1171 4975 Congregationis
1196 4901 1233 4960 de
1254 4900 1324 4961 Pro-

580 4995 718 5076 paganda
738 4995 814 5056 Fide
839 4990 1042 5072 sententiam)
1070 5000 1138 5054 tum
1163 4992 1322 5068 electores,

580 5097 649 5151 tam
671 5087 806 5150 electum
822 5085 859 5146 ab
873 5085 1016 5147 omnibus
1031 5086 1184 5147 canonicis
1206 5087 1322 5162 poenis,

581 5183 693 5262 quibus
715 5181 840 5243 obnoxii
863 5179 933 5242 lacti
954 5189 1039 5256 sunt,
1063 5181 1259 5244 absolvendo.
1293 5184 1321 5244 ld

581 5277 666 5338 enim
681 5293 697 5334 3
713 5275 801 5336 33333
823 5273 977 5353 postulare
993 5275 1139 5337 ridentur
1153 5276 1322 5338 electorum

582 5372 661 5433 bona
680 5370 754 5432 3333
771 5371 1017 5447 eorumdemque
1032 5386 1102 5446 erga
1119 5369 1230 5433 Sedem
1245 5374 1322 5449 333-

581 5465 719 5528 333333333
741 5463 874 5544 perlecta
886 5463 1092 5538 33333333333,
1108 5464 1217 5526 merita
1234 5464 1322 5526 333333

582 5559 748 5632 3333333333,
761 5558 888 5635 eiusque
909 5558 970 5617 iam
986 5564 1104 5636 peracta
1125 5557 1323 5634 consecratio,

581 5669 658 5731 quae
678 5654 805 5732 quidem
827 5651 930 5713 illicita
951 5650 976 5711 si
998 5651 1102 5725 luerit,
1127 5652 1259 5714 33133333
1283 5659 1324 5713 ta·

1101 563 1163 606 lUll·
1189 563 1278 608 PON'l'.
1304 561 1343 606 DE
1366 561 1393 606 P·
1419 564 1445 608 F·
1472 565 1553 609 inlus
1576 565 1597 610 l.

1378 681 1605 760 salubriterque
1627 694 1826 760 moneantur,
1851 703 1891 749 ne
1913 687 1944 749 in
1967 694 2133 765 posterum

1379 779 1410 839 in
1433 779 1595 853 eumdem,
1618 795 1711 856 quem
1740 779 1956 855 3333333333,
1986 797 2133 843 errorem

1378 870 1565 934 dilabantur.
1600 873 1680 936 llaec
1707 881 1796 948 sunt,
1819 889 1897 953 quae
1926 873 2133 950 significanda

1378 963 1464 1024 vobis
1487 964 1676 1026 censuimus.

1380 1151 1536 1214 Petilioni
1558 1161 1666 1216 autom
1687 1154 1780 1232 pollii
1801 1143 1951 1218 Summus
1972 1156 2132 1236 Pontifex

1527 1249 1573 1309 sic
1595 1265 1634 1311 33
1656 1247 1794 1328 obrupto
1820 1250 1972 1327 reposuit.

1419 1435 1636 1498 Libentissime
1656 1437 1825 1499 annuimus
1847 1438 1929 1514 pallii
1957 1438 2130 1516 petitioni:

1380 1527 1466 1589 nobis
1493 1533 1604 1591 notum
1633 1538 1695 1603 est,
1724 1531 1896 1594 Orientales
1924 1533 2131 1603 Patriarchas,

1377 1628 1445 1699 post
1469 1630 1626 1701 receptum
1649 1643 1663 1682 a
1686 1624 1774 1685 nobis
1797 1624 1940 1699 Palliuna,
1957 1626 2048 1703 potiri
2068 1627 2134 1703 pri-

1377 1715 1491 1790 vilegio
1504 1714 1578 1776 illud
1595 1716 1782 1778 concedendi
1796 1716 2039 1794 Metropolitanis
2053 1734 2133 1779 suae

1379 1806 1582 1868 iurisdictioni
1599 1803 1755 1882 subiectis,
1771 1809 1855 1870 33333
1871 1811 2062 1872 Decretalcm
2081 1811 2133 1872 ln·

1377 1899 1513 1961 33333333
1536 1900 1584 1962 lll.
1611 1903 1645 1961 33
1670 1901 1745 1978 dap
1770 1902 1976 1980 ,3333333333
1996 1903 2133 1980 3333333-

1378 1993 1453 2072 piis,
1467 2003 1497 2054 33
1512 1995 1605 2055 etiam
1618 1995 1825 2072 insigniorum
1840 1996 2038 2058 ecclesiarum
2056 1997 2133 2073 Epi·

1378 2089 1493 2166 333333,
1527 2089 1611 2149 iusta
1639 2091 1910 2151 consrretudinem.
1942 2091 2037 2150 Porro
2070 2107 2133 2150 333

1379 2183 1558 2260 privilegio,
1589 2199 1645 2244 nec
1672 2184 1891 2245 consuetudini
1922 2183 2130 2259 derogamos3

1377 2277 1428 2336 sed
1453 2285 1573 2338 tantum
1606 2292 1789 2351 mortemue,
1820 2279 1901 2355 33333
1934 2277 2133 2338 Patriarchae

1378 2371 1437 2445 ius,
1461 2377 1527 2446 post
1549 2378 1711 2448 receptum
1734 2387 1749 2430 3
1774 2371 1860 2432 nuliis
1886 2371 2030 2448 pallium,
2053 2385 2131 2432 con·

1378 2464 1507 2526 cedendi
1529 2465 1690 2542 praedictis
1712 2481 1803 2526 usum
1833 2464 1916 2542 pallii
1948 2466 2130 2526 restrictum

1378 2567 1425 2622 333
1446 2560 1481 2620 orl
1504 2558 1629 2635 pallium
1655 2558 1770 2634 largius
1785 2564 1816 2619 et
1834 2556 1968 2632 longius,
1984 2558 2131 2620 crucibus

1379 2651 1480 2714 rubris
1503 2659 1537 2714 ut
1559 2652 1732 2730 plurimum
1754 2651 1954 2726 distinctum,
1977 2653 2058 2728 quod
2082 2657 2131 2711 est

1379 2745 1505 2823 pallium
1529 2760 1688 2820 graecum,
1716 2759 1824 2807 necse
1846 2745 2041 2806 3333333333
2064 2744 2131 2824 pal·

1379 2840 1457 2901 lium
1480 2839 1624 2912 latinum,
1648 2841 1729 2916 qood
1752 2839 1816 2916 ipse
1839 2855 1853 2898 a
1876 2839 1964 2900 nobis
1987 2847 2132 2916 receptu-

1379 2949 1431 2993 rus
1453 2939 1516 3007 est:
1539 2931 1596 2993 hoc
1611 2932 1694 2993 enirn
1709 2934 1773 3010 ipse
1787 2933 1869 2994 solus
1886 2933 1930 2994 oti
1946 2940 2046 3010 potest
2062 2933 2128 2994 die-

1379 3025 1435 3087 bus
1456 3033 1487 3086 et
1515 3025 1589 3085 locis
1615 3025 1826 3103 praescriptis,
1858 3043 1914 3088 333
1936 3027 2002 3087 3333
2033 3043 2127 3086 usum

1381 3118 1436 3180 ulli
1458 3119 1510 3179 alii
1531 3121 1699 3180 concedere
1722 3119 1815 3192 33333,
1838 3135 1909 3179 com
1933 3119 2015 3196 pallii
2040 3119 2130 3180 latini

1379 3214 1535 3277 concessio
1555 3213 1612 3274 soli
1634 3213 1773 3275 Romano
1799 3214 1940 3275 Pontifici
1972 3222 2129 3276 reservata

1379 3309 1435 3370 sit:
1460 3307 1721 3386 quaemadmodum
1750 3308 1845 3368 etiam
1868 3308 2003 3384 ingenue
2029 3305 2129 3368 admi-

1379 3409 1488 3464 serunt
1510 3407 1611 3478 patres
1632 3401 1741 3477 synodi
1762 3400 1959 3478 provincialis
1975 3400 2130 3462 Libanen-

1379 3496 1420 3555 333
1441 3494 1561 3556 3333333
1582 3492 1639 3553 333
1668 3495 1901 3571 praedecessore
1930 3501 2037 3555 nostro
2059 3495 2130 3555 Cle-

1381 3598 1486 3650 mente
1507 3587 1570 3650 llll.
1588 3603 1670 3650 anno
1691 3602 1905 3664 3333333333,
1922 3605 1936 3646 3
1953 3589 2041 3650 nobis
2055 3605 2129 3650 con-

1380 3682 1536 3756 firmatae,
1567 3682 1611 3743 uti
1642 3681 1742 3742 videri
1769 3688 1886 3759 potest,
1909 3680 1942 3742 ni
1969 3681 2128 3757 lallimur,

1378 3781 1467 3852 port.
1492 3777 1525 3845 3,
1550 3789 1617 3852 333.
1639 3777 1672 3836 6.

1627 3977 1879 3988 -ι--ν--ιη

1688 4153 1819 4218 CLXIV.

1379 4341 1599 4418 Praecipitate
1617 4341 1845 4422 christifideles
1867 4341 1925 4406 suh
1946 4343 2125 4408 Turcorunr

1421 4434 1542 4496 ditione
1556 4441 1730 4507 uersurrtes,
1744 4436 1784 4498 ud
1797 4437 2026 4500 occultandum
2042 4438 2127 4500 chri-

1419 4529 1546 4590 stianae
1568 4527 1735 4609 religionis
1757 4532 1992 4611 professionem,
2014 4532 2126 4595 mcta-

1420 4626 1549 4683 metuao
1572 4620 1786 4684 nominastis·
1812 4623 2000 4699 3333333333,
2024 4625 2123 4686 iuacto

1422 4715 1581 4776 decretum
1605 4713 1722 4792 833333
1744 4712 1885 4778 3333333
1906 4723 1936 4779 et
1959 4722 2059 4779 coust.
2077 4718 2124 4780 ln·

1420 4818 1467 4872 ter
1489 4808 1681 4885 omnigenas.

1380 4993 1607 5062 venerabilibus
1640 4993 1787 5061 tratribus
1819 4992 2064 5079 llrohiepiscopis
2095 5001 2127 5062 el

1421 5087 1588 5171 Episcopis,
1613 5105 1731 5156 necnon
1750 5087 1867 5155 dilectis
1890 5089 1962 5156 liliis
1984 5089 2125 5172 parochis

1420 5187 1452 5249 el
1474 5184 1875 5266 distribueris-provinciae
1898 5183 2051 5264 Albaniae,

1551 5354 1795 5425 ueueolorus
1812 5356 1871 5425 ΡΡ.
1885 5357 1954 5426 xlv.

1470 5532 1670 5600 venerabiles
1692 5532 1820 5614 tratres,
1843 5532 1950 5600 333333
1973 5532 2038 5613 tilii,
2134 5629 2136 5632 Ι

1414 5652 1543 5720 salutern
1566 5658 1598 5719 et
1618 5653 1818 5736 apostolicam
1841 5652 2091 5721 benedictionem.

583 5761 656 5808 men
679 5746 771 5808 tuisse
786 5761 848 5808 333
865 5751 911 5806 333
933 5743 1147 5806 dubitandum.
1172 5745 1324 5823 Erpedire

582 5840 786 5902 nihilominus
815 5839 1019 5912 arbitramur,
1054 5846 1087 5900 33
1115 5839 1262 5901 electores
1293 5851 1324 5903 et
1420 5843 1504 5918 Quod
1537 5843 1725 5922 provinciale
1758 5845 1933 5907 Concilium
1974 5843 2128 5907 Albanum
2147 5843 2336 5950 tahcgpbtalsdgtggj

583 5932 698 5996 electus
719 5933 877 5995 abeodem
892 5933 1324 6012 congregationeopportone
1380 5937 1561 6013 provinciae
1583 5945 1804 6013 restruerem
1828 5937 1951 6013 iratres,
1967 5937 2070 6001 dilecti
2094 5939 2127 5998 li·
2146 5916 2202 6005 333
2222 5946 2333 6004 333333.
