4798 6978
981 574 1178 620 nocumentis
1201 575 1264 620 XlV·

516 687 925 810 331133133333333.

491 876 947 992 ωωωωωωπ

386 1068 464 1131 cnm
486 1067 534 1130 bo.
553 1083 648 1131 mem.
673 1069 798 1152 Sylvius
820 1071 987 1149 Episcopus
1009 1071 1092 1134 Sabi·

347 1161 451 1224 nensis
473 1163 504 1227 S.
520 1164 556 1226 R.
572 1164 607 1225 ll.
631 1164 800 1227 cardinalis
821 1163 944 1227 Valenti
972 1181 1092 1228 nuncu-

346 1262 446 1332 patus,
462 1255 535 1318 alias
547 1274 562 1318 3
573 1257 662 1319 nobis
683 1259 719 1320 ad
735 1259 874 1322 mandata
887 1265 919 1320 et
933 1257 1004 1320 alias
1020 1259 1093 1321 sori·

346 1356 461 1426 pluras,
484 1365 562 1428 quae
584 1357 613 1412 31
636 1367 710 1429 quas
725 1352 761 1413 de
778 1350 887 1412 ordine
903 1358 933 1413 et
948 1352 1092 1414 mandato

344 1441 602 1518 Congregationis
630 1459 726 1505 venn.
752 1442 885 1506 iratrum
912 1452 1091 1506 nostrornm

344 1533 481 1596 eiusdem
496 1533 527 1596 S.
541 1535 576 1597 lt.
591 1536 625 1598 li.
644 1535 855 1600 Cardinalium
872 1537 1004 1613 negotiis
1019 1537 1090 1599 Pro-

345 1629 1091 1709 333331331333113133311333113131111313333-

343 1721 515 1798 positorum
538 1738 593 1801 pro
614 1731 755 1801 tempore
776 1723 1007 1802 quomodolibet
1023 1724 1089 1788 steri

342 1814 508 1892 contigerit
538 1815 808 1889 subscribendum,
837 1816 1026 1896 proprioque
1049 1817 1089 1879 si·

342 1907 416 1984 gillo
444 1908 652 1970 muniendum
683 1909 868 1987 deputatus,
898 1909 979 1972 diem
1008 1909 1090 1972 11133

341 2001 453 2064 obierit
474 2009 666 2078 extremum3
690 2018 745 2063 nos
760 2018 815 2082 pro
830 2004 934 2064 nostra
956 2003 1088 2080 vigilan-

343 2095 395 2171 tia,
418 2096 618 2172 negotiorum
640 2113 673 2156 ac
694 2095 847 2158 bonorum
869 2102 900 2157 et
922 2103 1030 2158 rerum
1045 2096 1088 2158 di-

341 2197 405 2250 ctae
438 2189 770 2264 congregationique
795 2189 894 2268 aliqua
926 2198 1087 2269 propterea

339 2283 497 2362 patiantur
529 2281 733 2356 detrimenta,
761 2280 841 2344 lecili
872 2281 1036 2344 directioni
1056 2291 1087 2345 31

340 2376 533 2453 progressui,
555 2383 708 2453 qnantum
729 2391 802 2438 curn
828 2377 961 2439 Domino
982 2393 1087 2455 possu-

340 2483 420 2543 mus,
443 2467 607 2531 consulere
638 2468 790 2544 volentes,
816 2487 849 2531 ac
876 2469 914 2532 de
935 2470 1085 2548 singulari

338 2575 410 2622 ven.
434 2560 538 2622 fratris
565 2561 663 2623 nostri
685 2562 803 2640 losepbi
826 2562 966 2641 Episcopi
998 2563 1086 2636 Prae·

340 2653 458 2716 nestini
479 2653 611 2721 31113.
635 2655 805 2732 praedictae
827 2656 997 2718 Cardinalis
1018 2657 1087 2736 Spi-

338 2747 412 2809 nelli
435 2748 604 2826 nuncupati
628 2747 699 2822 sade,
719 2747 881 2826 prudentii
903 2756 934 2810 ot
955 2750 1086 2828 integri-

338 2847 400 2901 tate
427 2838 600 2918 plurimum
622 2839 654 2901 in
683 2840 815 2903 Domino
846 2842 963 2917 conlisi,
996 2851 1084 2905 motu

337 2933 474 3012 proprio,
496 2949 529 2994 ac
550 2949 588 2994 ex
609 2933 692 2994 certa
712 2935 842 2998 scientia
855 2941 886 2996 et
901 2937 1021 2998 matura
1036 2939 1098 2998 de·-

337 3026 519 3089 liberatione
531 3026 657 3100 nostris,
673 3025 775 3088 eidem
792 3028 919 3106 losepbo
935 3029 1083 3109 Episcopo

336 3120 501 3196 cardinali,
519 3128 553 3182 ut
568 3135 783 3200 quaecumque
806 3125 949 3185 mandata
966 3133 996 3188 et
1010 3124 1083 3187 alias

335 3215 502 3292 scripturas
523 3217 633 3293 quovis
655 3215 782 3275 nomine
804 3225 1006 3294 nuncupatas,
1020 3225 1081 3279 tam

336 3307 372 3369 ad
393 3307 516 3385 quasvis
537 3308 740 3386 pecuniarum
754 3323 890 3370 summas
912 3311 1082 3387 percipien-

336 3397 399 3476 das,
424 3399 589 3477 exigendas
604 3406 635 3461 et
651 3400 807 3477 levandas,
825 3417 947 3465 necnon
960 3403 1083 3466 solven-

336 3495 388 3557 das
409 3502 442 3555 et
462 3493 680 3569 exbursandas,
697 3511 791 3572 quam
813 3495 1040 3558 haereditatum
1052 3506 1083 3559 et

337 3587 509 3664 legatorum
525 3587 750 3666 acquisitiones,
764 3587 916 3650 Locorum
928 3589 1082 3653 Montium

336 3690 367 3743 31
389 3681 523 3743 aliorum
538 3679 692 3742 bonorum
709 3682 893 3758 emptiones,
911 3691 942 3744 et
957 3686 1082 3762 quosvis

336 3772 411 3836 alios
433 3780 609 3836 contractus
630 3791 663 3836 33
684 3775 808 3850 negotia
830 3776 967 3838 cuiusvis
989 3793 1082 3854 gene·

338 3867 391 3941 ris,
422 3867 577 3944 qualitatis
606 3875 636 3928 et
667 3868 778 3946 speciei
810 3871 1028 3932 concernentia
1049 3888 1083 3933 ac

336 3967 578 4034 concernentes,
601 3975 680 4037 quae
707 3967 737 4022 et
763 3977 837 4039 quas
859 3963 897 4024 de
922 3963 1030 4036 ordine
1052 3971 1082 4026 et

337 4055 480 4116 mandato
495 4054 594 4116 dictae
608 4053 865 4130 congregationis
877 4070 931 4132 pro
945 4063 1083 4136 tempore

335 4145 566 4226 quomodolibet
587 4147 655 4208 fieri
683 4148 869 4224 contigerit,
891 4149 1082 4213 subscribere

336 4249 366 4302 et
388 4241 512 4319 proprio
533 4240 636 4317 sigillo
658 4243 785 4304 munire
815 4241 912 4305 libere
933 4252 963 4305 et
985 4245 1080 4320 licite,

338 4335 398 4394 3113
419 4335 473 4394 sua
494 4333 637 4408 durante,
661 4333 809 4412 possitae
831 4335 940 4412 valeat,
964 4347 1081 4415 aposto·

336 4427 391 4489 lica
412 4427 607 4501 auctoritate,
623 4435 731 4488 tenore
753 4430 974 4506 praesentium,
988 4431 1083 4494 lacul-

336 4526 430 4581 tatem
452 4518 649 4582 concedimus
670 4527 700 4580 et
728 4521 938 4599 impertimur.
972 4524 1081 4586 [lecer-

330 4621 446 4676 nentes
468 4612 589 4674 easdem
617 4621 793 4690 praesentes
822 4614 938 4678 litteras
964 4617 1079 4694 firmas,

334 4705 448 4767 validas
470 4715 500 4767 et
521 4705 658 4768 eilicaces
680 4708 814 4769 existere
837 4716 868 4771 et
897 4708 973 4784 iore,
996 4727 1080 4772 suos·

1151 701 1213 758 1313
1234 696 1368 760 scienter
1389 697 1440 760 rel
1461 699 1642 776 ignoranter
1668 698 1833 778 contigerit
1854 707 1897 762 at·

1151 790 1274 852 tentari.
1299 789 1368 852 Non
1390 790 1582 855 obstantibus
1598 793 1784 858 litterissan.
1798 810 1893 856 mem.

1149 883 1290 959 Gregorii
1312 883 1367 946 PP.
1382 882 1447 946 XV.
1472 887 1710 962 praedecessoris
1732 887 1830 949 nostri
1845 905 1896 948 su·

1149 990 1204 1054 per
1225 977 1428 1055 applicatione
1442 979 1634 1040 annulorum
1656 979 1750 1056 ipsius
1765 978 1796 1042 S.
1811 980 1846 1042 lt.
1857 980 1892 1043 E.

1150 1069 1360 1133 Cardinalinm
1375 1071 1475 1132 eidem
1492 1072 1732 1148 congregationi
1749 1072 1825 1136 iacti
1838 1074 1896 1136 sub

1149 1163 1197 1226 die
1219 1178 1299 1227 111111.
1324 1163 1403 1227 13311
1426 1181 1574 1228 11331111.
1600 1165 1760 1245 expeditis,
1777 1183 1810 1230 33
1825 1183 1895 1229 con·

1147 1255 1361 1319 stitutionibus
1383 1265 1413 1320 et
1445 1259 1689 1322 ordinationibus
1711 1260 1894 1339 apostolicis,

1148 1355 1178 1410 31
1200 1349 1361 1427 quibusvis
1376 1350 1474 1414 dictae
1485 1351 1744 1430 congregationis
1765 1353 1895 1416 decretis

1148 1442 1180 1503 in
1202 1443 1392 1505 contrarium
1408 1446 1648 1523 praemissorum
1663 1446 1895 1525 quomodolibet
1999 1497 2001 1504 .

1148 1536 1307 1597 emanatis.
1331 1537 1448 1612 Quibus
1470 1538 1617 1600 omnibus
1637 1547 1669 1600 ct
1691 1538 1823 1616 singulis
1845 1555 1895 1599 eo·

1148 1644 1219 1690 rum
1240 1629 1384 1692 omnium
1405 1639 1529 1712 tenores
1545 1631 1757 1710 praesentibus
1772 1647 1827 1710 pro
1843 1647 1894 1692 311-

1146 1723 1258 1799 pressis
1273 1723 1352 1786 etad
1375 1725 1509 1786 verbum
1531 1725 1654 1788 insertis
1676 1725 1837 1799 babentes,
1858 1723 1893 1785 il·

1146 1813 1182 1876 lis
1197 1815 1269 1876 alias
1284 1816 1317 1878 in
1328 1833 1384 1879 suo
1398 1817 1509 1880 robore
1524 1818 1745 1897 permansuris,
1759 1817 1814 1879 bac
1827 1818 1893 1880 vice

1146 1909 1305 1970 dumtaxat
1332 1908 1507 1987 specialiter
1537 1917 1568 1972 et
1596 1925 1739 1987 expresse
1766 1909 1892 1989 deroga-

1146 2017 1227 2077 mus,
1243 2003 1434 2080 caeterlsque
1447 2003 1609 2065 contrariis
1631 2005 1888 2084 quibuscumque.

1184 2094 1294 2155 llatum
1306 2094 1432 2170 Romae,
1449 2098 1528 2173 apud
1545 2095 1576 2159 S.
1590 2096 1717 2158 llarianr
1731 2099 1889 2175 Maiorem,

1143 2189 1202 2250 sub
1223 2189 1338 2251 annulo
1362 2189 1532 2264 Piscatoris,
1561 2190 1610 2252 die
1639 2205 1685 2252 xr.
1707 2194 1891 2269 septembris

1144 2297 1307 2358 11333111,
1330 2281 1440 2361 pontii.
1466 2283 1564 2343 nostri
1585 2299 1666 2345 anno
1689 2300 1769 2347 31111.

1400 2483 1638 2492 ——--—.—.

1432 2660 1593 2724 ccxxix.

1141 2846 1356 2911 Potricruboe
1386 2847 1888 2930 1133333-11313111333193131331

1181 2931 1442 3019 approbationem
1475 2943 1748 3006 constitutionum
1777 2944 1887 3008 Mono-

1181 3030 1376 3104 3133333331
1391 3047 1510 3111 soprc;
1525 3030 1564 3095 ub
1579 3049 1671 3110 eoque
1686 3033 1887 3111 pestolatui

1181 3132 1274 3187 curet
1296 3141 1334 3184 33
1359 3141 1395 3188 33
1418 3125 1629 3206 conpr-eposio
1651 3124 1690 3189 cb
1712 3126 1820 3205 aliquo
1839 3144 1886 3188 oe-

1180 3225 1290 3290 aecor,
1315 3217 1368 3279 sed
1389 3223 1428 3280 ot
1451 3217 1629 3296 truoqca'lle
1650 3219 1749 3282 133313
1763 3220 1885 3283 eosdem

1180 3311 1429 3373 corastitutt'ooes
1451 3309 1513 3372 ileo
1535 3311 1716 3391 famuletur
1735 3310 1792 3391 (l).

1192 3493 1831 3580 mmwmwmfflmmo

1212 3588 1810 3674 mmmwmmmwm

1306 3761 1551 3831 esneototds
1568 3762 1628 3832 PP.
1645 3765 1716 3832 llll.

1350 3937 1668 4022 mmmwm

1171 4058 1848 4143 mmmmmmmmmm.

1176 4249 1424 4312 constitutiones
1445 4252 1567 4316 Ordinis
1588 4252 1619 4315 S.
1644 4256 1746 4318 Basilii
1769 4258 1882 4336 llagni,

1137 4358 1212 4421 quas
1234 4344 1337 4406 dilecti
1360 4345 1415 4406 lilii
1443 4347 1542 4409 Abbas
1564 4351 1735 4427 generalis,
1759 4369 1883 4416 necnon

1137 4436 1259 4497 abbates
1281 4444 1311 4524 et
1333 4440 1475 4501 monachi
1486 4440 1743 4519 congregationis
1763 4447 1822 4507 sub
1836 4447 1883 4508 in·

1137 4529 1298 4592 vocatione
1328 4527 1359 4591 S.
1389 4532 1511 4595 loannis
1532 4534 1683 4614 Baptistae
1712 4539 1750 4600 de
1778 4539 1883 4602 Soairo

1136 4622 1205 4697 sibi,
1228 4623 1313 4685 iuxta
1341 4627 1596 4690 constitutionem
1624 4636 1764 4693 nostram
1790 4649 1884 4712 super

1136 4715 1248 4778 ritibus
1270 4717 1457 4780 Graecorum
1483 4721 1695 4786 llelchltarum
1717 4725 1755 4786 de
1777 4742 1882 4788 mona·

1819 561 1877 624 qqp
1928 554 2025 608 Aac.
2048 556 2116 610 1756
2203 543 2204 546 ’

334 4815 393 4878 que
423 4798 575 4878 plenarios
605 4808 636 4862 et
664 4801 802 4878 integros
828 4802 954 4866 ellectus
975 4787 1080 4866 sortiri
1135 4809 1267 4872 eborum
1288 4819 1319 4873 et
1340 4813 1525 4876 monialium
1546 4815 1706 4895 disciplina
1726 4819 1776 4882 die
1791 4835 1880 4883 xxrv.

333 4901 364 4954 et
385 4893 538 4968 obtinere,
561 4909 594 4956 ao
615 4894 652 4955 ab
672 4895 817 4957 omnibus
838 4902 868 4957 et
890 4897 1022 4974 singulis
1043 4900 1078 4961 ad
1136 4903 1251 4966 mensis
1273 4904 1443 4967 decembris
1464 4923 1546 4969 anno
1559 4925 1738 4973 3333111111.
1756 4913 1880 4987 editam,

334 4992 547 5066 quosspectat,
561 4987 783 5050 iuviolabiliter
794 4990 961 5051 observari:
975 4993 1079 5069 sicque
1135 5010 1214 5073 quae
1235 4997 1352 5076 incipit,
1368 4998 1601 5064 Dentondotom
1617 5003 1754 5066 coelitus
1776 5005 1882 5068 bonat-

334 5096 388 5158 per
411 5095 623 5158 quoscumque
648 5080 763 5142 iudices
785 5083 955 5145 ordinarios
975 5093 1007 5146 et
1028 5084 1079 5146 de·
1136 5088 1227 5151 litati
1249 5095 1390 5164 nostroe,
1407 5095 1647 5172 concinnarunt,
1664 5101 1884 5178 postquamdi-

333 5173 465 5250 legatos,
489 5173 583 5235 etiam
605 5188 765 5235 causarum
794 5175 896 5253 palatii
921 5177 1077 5254 apostolici
1135 5182 1232 5244 lectus
1246 5183 1447 5248 fillusnoster
1461 5187 1649 5253 Fortunatus
1664 5192 1785 5256 sitit
1812 5195 1883 5258 car-

332 5269 498 5341 auditores,
520 5275 551 5328 et
572 5266 711 5328 eiusdem
733 5266 763 5330 S.
778 5267 813 5330 lt.
829 5269 863 5328 E.
888 5269 1077 5346 cardinales,
1134 5275 1243 5338 dinalis
1265 5277 1472 5341 ‘lamburinus
1488 5297 1568 5344 unus
1584 5299 1621 5344 311
1634 5285 1882 5364 congregatione

332 5360 425 5421 etiam
447 5361 484 5422 de
506 5360 603 5422 latere
622 5357 763 5436 Legatos,
785 5362 905 5423 sublata
925 5363 969 5423 eis
983 5373 1014 5424 et
1028 5380 1078 5426 eo·
1134 5367 1348 5448 Propagandae
1364 5371 1449 5434 Fidei
1465 5377 1635 5454 praepositi
1657 5387 1797 5442 accurate
1812 5398 1881 5444 exa-

332 5467 404 5515 rnm
424 5453 551 5516 cuilibet
572 5454 680 5531 quavis
701 5454 791 5515 aliter
812 5455 967 5518 iudicandi
985 5466 1015 5518 et
1030 5458 1077 5518 in·
1134 5463 1264 5526 minutas
1284 5480 1299 5524 a
1322 5466 1410 5528 nobis
1431 5469 1545 5543 pariter
1573 5471 1732 5549 approbari
1758 5482 1788 5535 et
1809 5491 1882 5538 con-

333 5548 521 5626 terpretandl
542 5547 729 5610 facultateet
743 5549 938 5626 auctoritate,
950 5551 1077 5614 iudicari
1133 5555 1251 5618 firmari
1272 5573 1360 5635 posse
1375 5561 1511 5638 censuit,
1537 5578 1592 5624 nos
1604 5580 1659 5642 per
1673 5565 1745 5627 alias
1762 5573 1881 5630 nostras

332 5648 362 5702 et
374 5641 498 5703 deliniri
513 5641 637 5716 debere,
649 5659 683 5702 ac
697 5641 865 5705 irritumet
879 5643 981 5720 inane,
994 5645 1018 5705 si
1030 5663 1076 5708 se·
1133 5649 1166 5711 in
1187 5650 1282 5712 simili
1314 5651 1412 5714 iormai
1443 5654 1550 5716 Brevis
1577 5656 1682 5718 literas
1709 5659 1882 5722 inviolabili
1972 5707 1974 5711 -
2089 5698 2092 5706 ,

331 5751 385 5796 cus
409 5750 504 5813 super
526 5735 573 5796 iris
595 5754 610 5797 3
635 5752 792 5815 quoquam
818 5738 924 5815 quavis
946 5741 1077 5801 auctori·
1132 5742 1313 5822 apostolicae
1324 5745 1480 5808 firmitatis
1491 5749 1660 5825 patrocinio
1672 5751 1877 5814 munivimus.

840 5879 1069 5886 ..----.---ἡ
1080 5879 1311 5889 Μ--ὴ
1331 5884 1370 5890 --

376 5951 405 6006 (l)
422 5951 458 5994 Ex
473 5950 528 5995 Bul.
544 5951 575 5995 de
590 5954 616 5996 P.
631 5953 657 5997 F.
673 5925 811 5997 collatum·
822 5965 882 5998 oum
897 5957 960 6010 Rog.
976 5955 1057 6000 Vettio.
