4708 6978
315 581 369 638 An.
384 587 414 638 d.
437 587 504 638 1746
555 584 614 646 308
675 635 679 644 ‚

535 721 599 782 luta
620 737 675 781 seu
703 719 876 798 profanata,
906 736 984 798 aqua
1012 733 1066 797 per
1087 718 1168 798 ipsos
1189 718 1282 780 bene-

535 813 614 874 dicta
629 812 838 887 reconciliare,
856 811 996 892 ipsasque
1018 812 1158 875 ecelesias
1173 820 1203 874 et
1219 811 1281 874 loca

534 907 591 969 sub
603 906 767 968 territoriis
782 905 951 969 Goiasiensi
963 915 993 968 et
1005 905 1184 969 Cuiabaensi
1198 921 1283 984 prae-

536 1001 604 1063 latis
626 1000 847 1078 comprehensa
870 1007 900 1060 et
922 999 1048 1062 illorum
1070 1014 1213 1078 personas
1234 1015 1282 1060 re-

534 1095 673 1172 spective
704 1095 846 1171 visitare,
870 1113 904 1158 ac
931 1095 962 1157 in
990 1094 1116 1157 illorum
1148 1103 1280 1170 statum,

534 1192 698 1267 regimen,
731 1197 860 1264 statuta,
890 1189 1147 1263 consuetudines,
1171 1187 1279 1261 vitam,

533 1300 648 1360 mores,
671 1283 760 1358 ritus,
782 1284 890 1345 delicta
912 1290 943 1344 et
957 1281 1149 1359 disciplinam
1171 1281 1280 1343 tamin

534 1379 647 1457 capite,
671 1394 765 1457 quam
786 1379 818 1440 in
847 1377 995 1439 membris
1028 1377 1201 1456 inquirere,
1224 1391 1281 1438 uec

535 1489 598 1536 non
627 1473 821 1551 evangelicae
843 1480 873 1534 et
901 1470 1084 1550 apostolicae
1111 1471 1279 1544 doctrinae,

534 1584 692 1632 sacrorum
713 1581 866 1630 canonum
881 1573 911 1627 et
926 1562 1120 1642 generalium
1137 1563 1281 1626 concilio·

533 1679 605 1727 rum
627 1662 756 1725 decretis
778 1669 808 1722 et
830 1659 981 1722 institutis
1003 1659 1204 1733 inhaerendo,
1228 1657 1279 1719 ubi

535 1775 568 1819 ea
590 1770 785 1834 quacumque
808 1755 999 1829 mutatione,
1023 1755 1226 1828 correctione,
1250 1769 1280 1814 e·

535 1850 751 1925 mendatione,
784 1849 968 1928 punitione,
1001 1851 1213 1923 revocatione,
1248 1863 1279 1909 ac

534 1945 627 2006 etiam
649 1959 686 2004 ex
709 1943 830 2018 integro
852 1943 988 2003 editione
1007 1943 1146 2020 indigere
1168 1956 1281 2018 cogno-

534 2039 650 2112 verint,
673 2038 844 2116 respective
866 2036 1045 2110 relormare,
1061 2045 1192 2111 mutare,
1215 2051 1280 2098 cor·

533 2135 647 2211 rigere,
670 2131 795 2211 punire,
809 2149 841 2194 ao
861 2130 955 2192 etiam
978 2131 1014 2191 de
1030 2146 1111 2192 novo
1133 2131 1276 2192 condere.

573 2228 721 2292 Necnon
744 2224 936 2288 beneficiales
961 2223 1278 2302 matrimonialesque,

534 2330 565 2384 et
586 2336 796 2400 quascumque
811 2319 882 2381 alias
895 2335 999 2380 causas
1020 2317 1235 2380 ecclesiasticas
1249 2327 1280 2382 et

533 2416 639 2479 civiles
660 2414 695 2474 ad
718 2413 823 2476 iorum
845 2411 1086 2474 ecclesiasticum
1112 2409 1281 2489 quomodo·

534 2511 608 2574 libet
630 2507 823 2588 pertinentes
837 2513 935 2567 motas
958 2513 989 2567 et
1004 2506 1168 2581 inchoatas,
1184 2523 1217 2569 ac
1233 2505 1280 2568 in·

535 2605 626 2666 terim
648 2603 826 2676 movendas,
839 2615 911 2660 euru
932 2615 1041 2662 earum
1058 2599 1278 2678 incidentibus,

533 2697 785 2774 emeregeutibus
806 2701 837 2756 et
858 2695 1007 2758 connexis
1027 2694 1144 2769 audire,
1161 2695 1280 2758 decide·

534 2807 568 2853 re
590 2799 632 2866 et,
655 2796 747 2868 prout
779 2787 855 2849 iuris
877 2787 988 2862 luerit,
1019 2787 1204 2863 terminare,
1225 2806 1279 2851 seu

534 2899 636 2946 causas
658 2883 747 2961 ipsas,
771 2878 821 2941 alii
843 2881 892 2942 vel
913 2879 980 2941 aliis
1002 2879 1130 2954 idoneis,
1144 2883 1235 2944 modo
1250 2890 1280 2944 et

533 2975 631 3038 forma
652 2973 795 3053 praelatis
816 2989 886 3035 cum
908 2973 1002 3034 simili
1019 2973 1070 3034 vel
1085 2973 1214 3036 limitata
1230 2990 1282 3053 po-

535 3077 644 3132 testate
667 3068 783 3146 pariter
814 3065 981 3128 audiendas
1012 3074 1043 3128 et
1072 3068 1282 3130 terminandas

533 3162 686 3240 delegare.

574 3258 617 3319 Ac
637 3254 918 3334 deniquepleuam,
935 3269 1055 3317 meram
1077 3261 1107 3316 et
1129 3254 1283 3316 omnimo-

534 3356 604 3417 dam
625 3351 817 3432 spiritualem
840 3359 870 3413 et
892 3350 1138 3426 ecclesiasticam,
1151 3367 1183 3412 ac
1201 3351 1282 3411 ordi·

534 3448 652 3512 nariam
668 3447 911 3509 iurisdictionem
925 3452 989 3506 tam
1004 3446 1036 3507 iu
1048 3443 1114 3506 loro
1127 3445 1279 3518 interiori,

534 3558 627 3624 quam
648 3543 681 3604 in
704 3542 862 3616 exteriori,
876 3556 940 3604 non
960 3541 1110 3602 tamenin
1128 3539 1187 3614 his,
1204 3558 1281 3619 quae

533 3647 608 3701 suut
624 3637 751 3711 ordinis
765 3643 800 3698 ut
815 3636 1000 3714 praefertur,
1017 3636 1141 3711 babere,
1154 3643 1185 3697 et
1200 3651 1279 3708 eam,

534 3751 567 3794 ac
589 3731 704 3803 omnia,
728 3738 758 3792 et
780 3729 901 3806 singula
932 3729 1001 3802 alia,
1025 3747 1103 3809 quae
1127 3745 1182 3807 pro
1203 3738 1280 3793 tem·

533 3842 607 3905 pore
629 3825 765 3885 existens
787 3823 954 3902 Episcopus
975 3823 1127 3888 Fluminis
1149 3825 1281 3887 lanuarii

534 3921 566 3981 in
590 3917 746 3979 territorio
776 3917 954 3980 huiusmodi
983 3919 1131 3980 hactenus
1156 3918 1279 3992 babere,

534 4028 654 4090 gerere,
677 4021 709 4074 et
728 4027 873 4074 exercere
897 4012 1014 4086 debuit,
1037 4012 1136 4088 potuit
1158 4018 1189 4073 et
1210 4027 1282 4074 con·

532 4106 647 4182 suevit,
669 4106 815 4168 similiter
836 4112 866 4167 et
888 4106 1107 4185 paritormiter,
1134 4105 1280 4185 nullaque

532 4221 658 4284 prorsus
668 4201 852 4275 dillerentia,
865 4201 1000 4279 exceptis
1012 4207 1116 4261 tamen
1130 4200 1178 4274 its,
1191 4216 1280 4278 quae,

534 4307 569 4362 ut
591 4297 781 4378 praefertur,
805 4303 879 4357 suut
907 4295 1041 4370 ordinis,
1065 4303 1157 4372 prout
1183 4294 1280 4356 divini

533 4395 635 4457 cultus
667 4396 853 4468 augmento,
887 4406 919 4452 ac
944 4389 1082 4468 ipsorum
1108 4389 1280 4467 respective

534 4487 608 4550 cleri
630 4493 660 4548 et
682 4484 786 4562 populi
812 4483 988 4545 animarum
1016 4481 1106 4543 saluti
1134 4481 1280 4560 expedire

534 4579 759 4657 cognoverint,
783 4575 954 4655 respective
983 4591 1107 4652 gerere,
1131 4575 1230 4640 lacere
1251 4586 1281 4638 et

534 4673 662 4753 exequi3
685 4689 718 4733 ac
739 4687 794 4750 pro
817 4685 926 4732 eorum
942 4670 1062 4731 decenti
1083 4669 1188 4730 habitu
1211 4670 1280 4731 sub-

534 4776 638 4830 tanam
660 4782 730 4828 cum
746 4762 942 4826 mantelleota
964 4763 1048 4840 nigri
1058 4761 1168 4826 coloris
1183 4764 1280 4825 deler-

533 4879 568 4924 re
589 4869 620 4922 et
641 4866 759 4936 gestare
774 4857 869 4919 libere
885 4863 916 4918 et
931 4856 1014 4918 licite
1029 4857 1200 4935 respective
1214 4872 1280 4935 pos·

533 4955 595 5017 sint
617 4963 649 5016 et
670 4953 810 5030 valeaut3
834 4967 906 5014 cum
928 4947 1074 5012 omnibus
1095 4957 1125 5012 et
1146 4950 1279 5026 singulis

533 5049 600 5110 aliis
621 5047 811 5127 privilegiis,
842 5045 1052 5120 facultatibus,
1076 5045 1280 5122 exemptioni-

533 5143 602 5220 bus,
617 5138 1114 5214 libertatibus,iurisdictionibus,
1131 5137 1281 5215 praeemi-

534 5236 660 5311 nentiis,
683 5234 851 5307 favoribus,
868 5232 985 5309 gratiis,
1002 5239 1034 5292 et
1056 5230 1195 5305 indultis,
1212 5231 1280 5308 qui-

533 5331 589 5393 bus
612 5345 666 5410 pro
690 5335 827 5405 tempore
849 5326 984 5387 existens
1006 5321 1145 5386 Vicarius
1167 5333 1198 5386 et
1221 5324 1279 5387 nd-

534 5423 727 5486 ministrator
743 5421 775 5481 in
790 5417 1000 5498 spiritualibus
1023 5418 1212 5496 provinciae,
1225 5435 1279 5480 seu

533 5517 691 5580 districtus
711 5513 831 5576 insulae
852 5512 889 5572 de
910 5511 1120 5590 llooambique
1134 5512 1281 5573 similiter

533 5610 732 5682 ordinariam,
755 5614 790 5668 ut
816 5605 1001 5685 praefertur,
1034 5605 1279 5668 iurisdictionem

533 5704 609 5766 inibi
632 5703 757 5776 habeus,
782 5701 892 5776 utitur,
916 5698 1033 5778 potitur
1055 5705 1084 5759 et
1107 5699 1230 5775 gaudet,
1247 5715 1279 5759 ac

533 5797 592 5872 uti,
615 5795 705 5874 potiri
718 5801 749 5855 et
766 5795 901 5871 gaudere
916 5799 1015 5872 potest
1031 5800 1062 5853 et
1076 5792 1189 5870 poterit
1205 5807 1279 5869 quo·

533 5887 700 5951 modolibet
722 5887 754 5948 in
776 5887 936 5962 luturum3
968 5885 1120 5961 assignata
1141 5899 1196 5962 per
1217 5884 1278 5946 dic-

533 5991 601 6046 tum
622 5981 771 6044 loannem
781 5979 899 6058 Regem
914 5994 1015 6042 annua
1030 5992 1151 6040 summa
1162 5977 1280 6040 biseen·

1059 600 1123 644 lUll.
1147 597 1237 643 Port'r.
1263 597 1303 641 DE
1324 597 1352 641 P.
1377 599 1405 642 F.
1430 599 1512 644 PARS
1535 600 1556 643 l.

1340 725 1405 778 tum
1430 717 1611 794 vigintiooto
1632 717 1815 780 ducatorum
1830 719 1898 780 auri
1913 719 1951 781 de
1964 733 2083 782 camera

1338 816 1368 872 et
1390 810 1540 872 iuliorum
1565 811 1671 874 decem
1699 819 1844 875 monetae
1869 811 2025 875 Romanae
2045 829 2085 874 ex

1337 907 1453 967 aerario
1484 905 1572 982 regio
1593 905 1720 969 cuilibet
1752 905 1958 984 praelatorum
1979 904 2084 968 huius·

1339 999 1422 1060 modi
1445 1007 1667 1077 protempore
1693 1000 1837 1062 existenti
1864 1015 1919 1079 pro
1947 1015 2083 1076 congrua

1338 1095 1476 1172 ipsorum
1507 1093 1733 1158 sustentatione
1767 1094 1939 1172 respective
1970 1093 2085 1171 persol-

1338 1191 1450 1264 venda,
1473 1190 1511 1252 de
1532 1191 1690 1267 potestatis
1710 1189 1907 1268 plenitudine
1921 1189 1986 1267 pari
2000 1187 2082 1250 simi-

1336 1283 1409 1348 liter
1429 1291 1578 1362 perpetuo
1599 1283 1750 1362 erigimus
1770 1291 1802 1346 et
1822 1283 2025 1346 instituimus.

1377 1379 1585 1441 liet-erneutes
1607 1386 1782 1458 praesentes
1804 1385 1834 1440 et
1856 1379 1988 1455 desuper
2012 1394 2084 1441 cou-

1338 1473 1481 1536 dciendas
1503 1473 1605 1534 literas
1627 1473 1805 1550 apostolicas
1819 1488 1944 1550 semper
1965 1479 1996 1534 et
2016 1488 2085 1550 per·

1337 1574 1430 1645 petuo
1451 1566 1566 1628 validas
1588 1573 1619 1628 et
1640 1567 1774 1630 efficaces
1796 1566 1928 1629 existere
1949 1574 1980 1628 et
2004 1565 2082 1640 lore,

1336 1677 1470 1738 suosque
1494 1660 1646 1738 plenarios
1661 1669 1692 1723 et
1714 1661 1852 1738 integros
1873 1661 1999 1724 ellectus
2020 1678 2084 1724 sor·

2114 578 2176 630 An.
2191 577 2224 628 C.
2247 577 2310 628 1746

2139 1377 2294 1425 clausulae.

1337 1756 1389 1818 tiri
1418 1763 1449 1818 et
1477 1753 1631 1830 obtinere,
1654 1771 1687 1816 ao
1708 1754 1796 1816 nullo
1829 1771 1977 1834 umquam
2007 1763 2084 1817 tem·
2133 1825 2135 1830 .

1337 1866 1412 1929 pore
1440 1866 1478 1911 ex
1506 1864 1702 1927 quocumque
1734 1849 1847 1927 capite,
1870 1849 1921 1910 vel
1949 1849 2084 1927 qualibet

1336 1961 1423 2007 causa
1446 1944 1647 2023 quantumvis
1669 1943 1819 2020 legitima,
1837 1945 1975 2019 iuridica,
1992 1943 2085 2005 etiam

1337 2055 1376 2101 ex
1398 2055 1434 2100 eo
1456 2041 1535 2118 quod
1558 2037 1637 2099 sedis
1666 2037 1843 2116 episcopalis
1867 2037 2021 2100 Fluminis
2043 2039 2086 2100 la-

1337 2131 1438 2194 uuarii
1460 2132 1495 2194 ad
1517 2147 1662 2210 praeseus
1683 2140 1770 2193 vacet
1789 2136 1819 2192 et
1840 2131 1964 2210 proprio
1985 2139 2085 2209 pasto-

1337 2241 1371 2287 re
1394 2233 1424 2288 et
1443 2224 1604 2288 defensore
1621 2226 1765 2288 destituta
1787 2225 1909 2299 existat,
1926 2224 2083 2304 ipsiusque

1336 2321 1507 2401 capitulum
1528 2329 1559 2383 et
1581 2321 1731 2396 canonici,
1752 2335 1808 2382 seu
1830 2320 2017 2398 quicumque
2033 2321 2084 2382 alii

1337 2417 1559 2493 cuiuscumque
1574 2413 1743 2491 dignitatis,
1761 2415 1884 2491 gradus,
1901 2413 2084 2477 conditionis

1336 2517 1367 2570 et
1383 2508 1645 2587 praeeminentiae
1661 2507 1692 2568 in
1709 2508 1894 2586 praemissis,
1911 2515 1941 2569 et
1956 2508 2033 2570 circa
2050 2525 2082 2570 ea

1336 2601 1569 2680 quomodolibet
1591 2609 1621 2662 et
1647 2616 1684 2661 ex
1705 2601 1814 2678 quavis
1842 2617 1940 2676 causa,
1964 2601 2083 2666 ratione

1336 2703 1367 2758 et
1389 2695 1509 2758 actione
1530 2695 1582 2756 vel
1613 2694 1768 2756 occasione
1793 2695 1839 2756 ius
1862 2693 1911 2755 vel
1933 2694 2083 2756 interesse

1335 2789 1500 2863 babentes,
1533 2797 1586 2851 aut
1616 2787 1729 2850 habere
1758 2789 2082 2866 praetendentesillis

1336 2899 1399 2945 non
1422 2882 1648 2957 consenserint,
1672 2881 1780 2944 autad
1803 2881 1833 2944 id
1854 2881 1952 2943 vocati
1974 2889 2004 2943 et
2031 2899 2083 2942 au-

1337 2977 1404 3049 diti,
1422 2985 1453 3039 et
1468 2992 1586 3052 causae,
1609 2983 1735 3054 propter
1756 2992 1830 3054 quas
1852 2975 1976 3038 eaedem
1999 2992 2082 3054 prae·

1337 3077 1440 3132 sentes
1463 3068 1690 3144 emanaverint,
1716 3071 1874 3146 adductae,
1898 3069 2081 3146 verificatae,

1338 3170 1369 3225 et
1390 3164 1570 3226 iustificatae
1592 3177 1654 3224 non
1677 3161 1808 3238 luerint,
1824 3164 1862 3226 de
1875 3164 2082 3242 subreptionis

1337 3254 1387 3317 v'el
1408 3255 1609 3335 obreptionis,
1632 3263 1685 3317 aut
1709 3255 1874 3332 nullitatis,
1897 3273 1951 3319 seu
1973 3258 2082 3320 invali-

1337 3351 1439 3414 ditatis
1454 3350 1541 3426 vitio,
1551 3365 1606 3412 seu
1620 3350 1805 3412 intentionis
1820 3358 1954 3426 nostrae,
1969 3360 2020 3413 aut
2036 3353 2082 3414 ins

1338 3445 1387 3506 vel
1399 3446 1549 3506 interesse
1560 3443 1742 3507 habentium
1754 3453 2081 3524 consensusautqno-

1337 3541 1413 3602 libet
1435 3540 1494 3602 alio
1515 3541 1717 3620 quantumvis
1739 3557 1864 3618 magno,
1877 3542 2080 3617 substantiali,

1336 3635 1541 3712 inexcogitato
1556 3644 1587 3696 et
1609 3635 1850 3712 inexcogitabili,
1864 3653 1896 3698 ac
1910 3637 2079 3715 specificam

1337 3738 1367 3793 et
1389 3729 1580 3792 individuam
1596 3730 1790 3792 mentionem
1806 3737 1837 3792 et
1852 3732 2080 3808 expressionem

1336 3823 1515 3901 requirente
1536 3822 1669 3897 delectu,
1688 3824 1753 3884 sive
1774 3823 1867 3886 etiam
1889 3839 1927 3884 ex
1949 3839 1985 3885 eo
2001 3826 2079 3902 quod

1335 3919 1367 3978 in
1390 3917 1564 3996 praemissis
1586 3933 1737 3978 eorumve
1751 3917 1854 3997 aliquo
1869 3917 2081 3979 solemnitates

1335 4019 1365 4074 et
1381 4012 1507 4091 quaevis
1523 4011 1579 4072 alia
1594 4011 1742 4073 servanda
1755 4019 1785 4073 et
1800 4011 2005 4091 adimplenda,
2018 4028 2081 4072 ser·

1336 4111 1404 4166 vata
1419 4111 1451 4165 et
1464 4105 1630 4184 adimpleta
1652 4121 1715 4167 non
1739 4104 1866 4181 luerint,
1890 4114 1992 4167 autex
2007 4121 2081 4183 quo

1335 4214 1470 4276 cumque
1480 4198 1650 4278 aliocapite
1665 4218 1680 4261 a
1697 4199 1775 4274 iure,
1796 4199 1846 4260 vel
1861 4199 2011 4275 lacto,aut
2022 4205 2080 4260 sta·

1337 4299 1415 4367 tuto,
1447 4293 1495 4354 vel
1522 4293 1746 4356 consuetudine
1767 4292 1867 4370 aliqua
1893 4292 2077 4368 resultante,

1334 4385 1494 4448 seuetiam
1506 4387 1654 4462 enormis,
1665 4387 2081 4465 enormissimae,totalisque

1335 4478 1490 4554 laesionis,
1513 4487 1566 4541 aut
1580 4494 1778 4557 quocumque
1794 4480 1853 4542 alio
1868 4479 1982 4556 colore,
1997 4496 2082 4560 prae-

1335 4577 1434 4647 textu,
1458 4573 1588 4648 ratione,
1612 4574 1662 4636 vel
1683 4591 1771 4638 causa
1786 4575 1881 4636 etiam
1901 4574 1932 4636 in
1954 4589 2081 4653 corpore

1335 4666 1412 4726 iuris
1433 4665 1544 4741 clausa,
1567 4670 1735 4746 occasione,
1759 4670 1857 4732 aliave
1872 4685 1970 4744 causa,
1987 4669 2079 4730 etiam

1334 4763 1537 4840 quantumvis
1559 4762 1649 4838 iusta,
1663 4764 1847 4838 rationabili,
1871 4763 2021 4840 legitima,
2036 4763 2080 4824 iu·

1335 4856 1440 4931 ridica,
1463 4857 1523 4936 pia,
1546 4857 1740 4936 privilegiata
1756 4859 1850 4921 etiarn
1875 4858 1938 4934 tali,
1951 4873 2029 4936 quae
2044 4857 2078 4920 ad

1335 4949 1482 5012 ellectum
1503 4947 1668 5013 validitatis
1690 4953 1930 5030 praemissorum
1943 4965 2083 5013 necessa·

1334 5043 1381 5104 rio
1402 5043 1604 5120 exprimenda
1627 5044 1716 5120 toret,
1740 5053 1792 5108 aut
1813 5047 1895 5124 quod
1912 5048 1951 5108 de
1970 5045 2082 5108 volun-

1334 5140 1397 5198 tate
1419 5143 1522 5198 nostra
1543 5144 1576 5198 et
1596 5136 1662 5198 aliis
1683 5139 1824 5215 superius
1839 5141 1989 5218 expressis
2011 5139 2080 5202 nul-

1334 5227 1389 5289 libi
1409 5239 1581 5307 appareret,
1597 5245 1650 5292 seu
1667 5229 1739 5292 alias
1754 5230 1875 5309 probari
1898 5241 2007 5310 posset,
2026 5249 2082 5295 no·

1335 5322 1405 5397 tari,
1429 5323 1620 5401 impugnari,
1653 5323 1829 5398 invalidari,
1852 5326 2022 5399 retractari,
2045 5326 2078 5386 in

1335 5415 1382 5476 ius
1406 5413 1456 5476 vel
1477 5417 1719 5478 controversiam
1742 5417 1881 5478 revocari
1902 5419 2003 5480 autad
2020 5426 2082 5480 ter·

1335 5510 1435 5571 minos
1458 5510 1534 5571 iuris
1546 5511 1650 5572 reduci
1673 5511 1722 5572 vel
1743 5513 1891 5572 adversus
1905 5511 1971 5572 illas
1993 5511 2081 5573 resti·

1334 5603 1463 5665 tutionis
1486 5604 1517 5664 in
1540 5605 1710 5682 integrum,
1737 5605 1923 5683 aperitionis-
1937 5605 2010 5680 oris,
2033 5622 2080 5667 re·

1334 5699 1488 5760 ductionis
1511 5699 1546 5760 ad
1575 5699 1658 5758 viam
1680 5706 1711 5759 et
1738 5699 1887 5760 terminos
1918 5699 2004 5774 iuris,
2027 5708 2080 5762 aut

1334 5790 1416 5852 aliud
1438 5792 1656 5871 quodcumque
1678 5792 1765 5866 iuris,
1787 5792 1870 5867 facti,
1887 5793 2014 5869 gratiae,
2030 5794 2079 5855 vel

1333 5884 1469 5946 iustitiae
1490 5886 1665 5947 remedium
1687 5885 1858 5963 impetrari,
1874 5903 1929 5948 seu
1951 5903 2078 5965 quomo·

1334 5977 1449 6040 dolibet
1471 5979 1562 6040 etiam
1594 5987 1682 6042 motu
1703 5979 1815 6055 simili,
1843 5996 1998 6058 concesso,
2027 5989 2079 6044 aut
