4856 6984
12 583 13 614 ;
116 545 166 597 An.
181 547 212 598 U.
236 547 302 598 1751

135 4987 315 5045 indulgentias

99 5052 115 5086 a
128 5041 313 5097 praedecessor.

100 5096 172 5150 breg.
193 5097 241 5140 xv.
257 5105 317 5139 cou-

99 5159 184 5248 cgstsas
208 5159 316 5194 enume-

966 561 1160 608 euhemerus
1184 561 1246 606 xlv.

333 680 458 744 cialium
480 681 552 744 dicti
581 680 704 744 Ordinis
722 681 845 759 ‘ubique
876 679 1077 742 existentium

334 775 505 838 medic-inae
525 781 556 837 et
577 775 751 852 chirurgiae
766 770 942 837 huiusmodi
965 772 1079 834 artium

334 869 440 948 peritis
461 875 492 930 et
513 868 707 943 callentibus,
723 869 816 930 etiam
838 867 870 930 in
890 883 974 930 sacro
997 883 1078 946 pres-

333 964 491 1042 byteratus
513 964 621 1024 ordine
643 962 829 1037 constitutis,
844 969 912 1024 tum
934 961 965 1023 in
987 961 1079 1040 parti·

333 1057 389 1119 bus
401 1056 575 1118 inlidelium
593 1063 660 1118 tum
676 1055 934 1120 christifidelium
950 1063 1080 1118 nuncet

335 1165 389 1228 pro
411 1155 551 1228 tempore
572 1149 777 1212 existentibus
802 1157 832 1211 et
861 1148 1079 1212 commoranti·

334 1243 404 1316 bus,
427 1249 462 1304 ut
484 1243 522 1304 de
542 1242 738 1322 superiorum
769 1257 824 1305 seu
853 1241 1077 1322 praefectorum

336 1335 516 1398 missionum
532 1335 739 1414 praelatarum
762 1335 883 1397 licentia
898 1333 1080 1415 (dummodo

334 1428 364 1490 in
389 1429 463 1492 loc-is
483 1427 647 1507 praedictis
661 1428 766 1490 nullus
787 1425 865 1490 adsit
879 1427 1016 1490 medicus
1030 1428 1079 1489 vel

334 1523 497 1600 chirurgus
518 1521 680 1586 saecularis
701 1522 754 1601 qrri
776 1521 909 1583 infirmis
923 1521 955 1582 in
971 1537 1079 1583 eorum

334 1615 568 1678 infirmitatibus
598 1617 770 1695 medeatur)
799 1623 880 1677 artes
912 1613 1080 1676 medicinae

333 1717 364 1771 et
379 1710 555 1786 chirurgiae
569 1708 735 1787 praedictas
755 1709 839 1771 iuxta
854 1708 979 1770 illorum
995 1723 1080 1786 prae-

333 1811 431 1882 cepta,
454 1801 490 1863 ad
512 1805 709 1864 commodum
731 1809 761 1863 et
783 1802 951 1866 utilitatem
979 1801 1079 1863 catho-

335 1897 475 1971 licorum,
493 1897 525 1958 in
540 1896 677 1974 partibus
699 1896 873 1959 infidelium
895 1901 925 1957 et
949 1895 1080 1957 haereti-

334 2007 452 2064 corum,
468 2006 552 2075 nunc
578 1995 609 2050 et
631 2005 687 2068 pro
713 1997 853 2069 tempore
878 1988 1080 2052 existentium

333 2085 502 2157 dumtaxat,
527 2081 622 2160 gratis
644 2089 748 2145 tamen
772 2091 802 2144 et
822 2084 890 2146 sine
910 2083 972 2145 ulla
995 2099 1080 2160 pror-

333 2195 384 2239 sus
405 2178 559 2252 mercede,
585 2193 619 2238 ac
641 2177 674 2238 in
696 2194 765 2239 casu
795 2175 983 2239 necessitatis
1015 2182 1080 2238 tan-

332 2277 411 2346 tum,
434 2285 590 2346 exercere,
608 2287 642 2332 ac
657 2269 880 2332 medicamenta
903 2274 933 2332 ct
955 2269 1011 2332 alia
1027 2287 1081 2333 ne·

332 2364 459 2426 cessaria
481 2363 627 2441 praehere
649 2369 680 2425 et
702 2362 971 2439 adhibe1·e,libere
994 2371 1024 2426 et
1046 2365 1081 2427 li·

332 2458 403 2530 cite,
425 2473 459 2518 ac
479 2457 546 2518 sine
561 2456 625 2518 ullo
645 2455 849 2520 conscientiae
864 2457 1009 2536 scrupulo
1030 2459 1079 2519 vel

332 2549 568 2626 irregularitatis
591 2549 781 2626 alteriusque
804 2565 919 2628 poenae
941 2549 989 2611 vel
1010 2566 1081 2612 cen·

331 2659 420 2706 surae
441 2642 661 2706 ecclesiasticae
687 2643 891 2705 incurrendae
913 2643 1028 2722 possint
1050 2650 1081 2705 et

332 2735 465 2810 valeant,
480 2736 661 2797 auctoritate
683 2735 857 2813 apostolici,
872 2741 980 2797 tenore
994 2751 1079 2814 prae·

330 2827 480 2903 sentium,
503 2829 700 2892 concedimus
721 2835 752 2890 et
774 2827 982 2905 indulgemus.

372 2922 391 2996 {3
404 2921 433 2983 3.
445 2920 512 2982 Non
525 2921 716 2984 obstantibus
727 2920 911 2999 apostolicis,
922 2939 955 2984 ac
966 2922 998 2983 in
1012 2923 1080 2984 uni-

333 3014 503 3076 versalibus
527 3013 829 3093 provincialibusque
857 3015 994 3078 conciliis
1020 3024 1078 3078 etc.

333 3107 535 3182 confirmatis,
549 3108 714 3169 innovatis.
728 3108 844 3182 Quibus
860 3109 1005 3170 omnibus
1020 3116 1077 3171 etc.

332 3217 476 3280 expresse
497 3203 698 3278 derogamus3
714 3203 904 3280 caeterisque
920 3205 1081 3266 contrariis

334 3294 593 3373 quibuscumque.

372 3388 484 3448 Datum
510 3387 643 3461 Romae,
669 3389 748 3465 apud
773 3386 805 3450 S.
831 3388 957 3450 llariam
987 3389 1079 3450 llaio-

332 3496 412 3554 rem,
426 3481 484 3543 sub
498 3481 617 3542 annulo
635 3480 807 3556 Piscatoris,
824 3481 873 3543 die
892 3497 981 3543 xxxx.
1010 3482 1078 3544 iulii

334 3589 477 3650 nondun,
500 3572 696 3653 pontificatus
718 3576 817 3636 nostri
836 3591 918 3638 anno
941 3592 983 3638 ru.

589 3777 828 3788 ...--.-..--

638 3951 774 4016 CXXVI.

333 4138 394 4200 Pro
409 4141 580 4205 ludicrum
596 4145 627 4202 ot
639 4139 872 4219 Hispaniarum
888 4139 997 4218 rapacis
1010 4155 1081 4200 cou-

371 4235 481 4313 firmat
503 4233 728 4312 indulgentias
750 4251 769 4295 o
790 4233 933 4310 proedec.
961 4233 996 4296 G.
1016 4231 1079 4296 XV.

373 4343 534 4388 concessus
557 4326 713 4390 Socictoti
731 4327 801 4389 lesa
825 4326 858 4386 irc
874 4325 1009 4386 docendo
1022 4322 1081 4386 tto-

371 4421 514 4481 ctriaom
539 4418 764 4482 Christianam
779 4423 810 4479 ct
826 4435 895 4480 eom
917 4419 1079 4481 addiscen-

374 4513 472 4577 tibus.

504 4687 749 4759 exeantatus
765 4688 824 4756 ΡΡ.
840 4685 909 4755 xxv.

460 4813 496 4881 ad
519 4819 691 4898 perpetuen
713 4813 757 4881 rei
780 4811 959 4881 memorien.

374 4995 393 5068 5
417 4992 443 5054 l.
468 4992 589 5072 Exponi
602 5009 701 5070 nuper
712 4991 783 5054 lecit
796 4991 925 5054 dilectus
941 4988 1022 5052 tilius
1036 4988 1082 5049 lo·

334 5087 448 5166 sephus
468 5086 507 5147 de
522 5085 609 5160 Lara,
626 5085 755 5147 clericus
773 5083 924 5160 regularis
939 5097 1081 5159 expresse

335 5181 489 5259 protessus
521 5181 680 5242 Societatis
710 5179 795 5256 lesu,
824 5195 857 5239 ac
892 5175 1081 5238 assistentiae

336 5275 485 5352 Hispanae
507 5275 539 5337 in
560 5274 638 5335 alma
659 5274 742 5336 Urbe
762 5280 866 5335 nostra
888 5277 1079 5350 procurator,

335 5369 417 5447 quod
438 5368 509 5429 alias
531 5367 612 5430 lehc.
630 5383 727 5429 recor.
744 5365 911 5442 Gregorius
933 5365 988 5426 ΡΡ.
1012 5365 1079 5427 Xll.

334 5463 548 5541 praedecessor
560 5470 676 5535 noster,
690 5459 725 5521 ad
736 5460 994 5539 supplicationem
1006 5467 1081 5521 ‘tunc

335 5557 368 5617 in
389 5555 536 5618 humanis
550 5553 671 5631 agentis
685 5552 773 5615 llutii
790 5552 979 5626 llitetlescbi‚
996 5568 1082 5630 prae·

335 5649 431 5710 dictae
461 5647 620 5712 Societatis
645 5647 809 5726 praepositi
838 5645 1002 5722 generalis,
1027 5661 1081 5723 per

335 5742 480 5820 quasdam
508 5759 577 5803 suas
600 5741 632 5802 in
657 5741 752 5802 simili
779 5740 877 5802 lorma
904 5740 1012 5801 Brevis
1032 5739 1081 5801 die

334 5851 435 5896 xxvu.
459 5835 644 5914 septembris
665 5851 813 5896 uncxxu.
835 5833 991 5914 expeditas
1013 5833 1081 5895 lite·

335 5948 395 6006 ras,
418 5929 562 5992 omnibus
581 5934 612 5990 et
629 5927 761 6006 singulis
775 5929 914 5991 eiusdem
929 5927 1081 5990 societatis

1136 677 1269 754 clericis,
1292 678 1419 758 aliisque
1449 676 1604 740 universis
1626 672 1883 739 christifidelibus

1135 771 1237 834 ubivis
1270 771 1408 834 locorum
1435 770 1649 844 existentibus,
1679 786 1713 832 ac
1732 783 1803 830 cum
1824 767 1882 828 eis·

1136 866 1207 928 dem
1228 865 1346 927 clericis
1367 866 1399 928 in
1421 863 1625 941 infrascriptis
1636 860 1881 941 cooperantibus,

1135 959 1241 1039 quide
1258 959 1456 1038 superiorum
1477 973 1605 1020 suorum
1620 955 1743 1018 licentia
1764 969 1882 1032 respec-

1136 1055 1211 1129 tive,
1240 1071 1273 1115 ac
1301 1052 1339 1114 de
1366 1068 1517 1116 consensu
1546 1049 1780 1114 ordinariorum
1805 1047 1884 1108 loco-

1137 1166 1224 1224 rum,
1247 1163 1360 1227 pueros
1381 1156 1412 1209 et
1435 1146 1553 1209 adultos
1581 1159 1794 1223 quoscumque
1815 1143 1882 1204 doc·

1138 1243 1251 1306 trinam
1263 1243 1463 1306 christianam
1479 1240 1563 1302 iuxta
1579 1241 1699 1302 decreta
1711 1236 1789 1300 sacri
1805 1237 1882 1298 Con-

1136 1337 1197 1399 cilii
1228 1335 1404 1398 Tridentini
1431 1335 1557 1408 docere,
1587 1339 1640 1394 aut
1661 1331 1778 1405 eidem,
1808 1330 1882 1391 dum

1136 1433 1275 1504 docetur,
1306 1429 1455 1490 interesse
1486 1427 1736 1500 consuevissent,
1761 1424 1788 1486 si
1809 1439 1883 1485 vere

1136 1524 1330 1604 poenitentes
1351 1530 1382 1584 et
1403 1519 1533 1583 confessi
1555 1517 1884 1582 SanctissimoEucha·

1137 1619 1238 1680 ristiae
1261 1617 1459 1680 Sacramento
1479 1615 1527 1677 die
1543 1613 1619 1676 testo
1634 1612 1671 1673 ab
1692 1610 1808 1673 eisdem
1829 1609 1883 1673 Ur-

1136 1713 1262 1776 dinariis
1293 1712 1326 1774 in
1359 1711 1511 1786 ecclesiis,
1538 1711 1570 1772 in
1603 1708 1713 1788 quibus
1744 1706 1883 1768 doctrina

1137 1809 1301 1872 christiana
1317 1807 1456 1879 docetur,
1468 1801 1564 1865 semel
1579 1804 1612 1864 in
1627 1817 1708 1864 anno
1720 1799 1884 1876 designan-

1136 1904 1185 1978 do,
1219 1901 1326 1964 retecti
1360 1900 1501 1973 tuissent,
1528 1896 1715 1977 plenariam:
1739 1908 1796 1955 nec
1817 1907 1882 1954 non

1138 1997 1221 2077 ipsis,
1250 1997 1303 2076 qui
1326 2011 1400 2056 vere
1427 1994 1522 2054 etiam
1544 1991 1738 2069 poenitentes
1759 1994 1790 2050 et
1811 2003 1882 2050 con·

1137 2093 1205 2155 lessi
1220 2091 1338 2154 dictum
1354 2089 1589 2152 sanctissimum
1606 2083 1815 2147 Eucharistiae
1831 2081 1883 2144 Sa·

1137 2191 1333 2250 crementum
1347 2183 1561 2261 sumpsissent,
1578 2187 1642 2253 aut,
1659 2179 1687 2240 id
1705 2178 1802 2240 lacere
1818 2190 1880 2238 non

1137 2279 1286 2352 valentes,
1309 2278 1413 2338 animo
1434 2274 1569 2338 contrito
1592 2288 1709 2335 nomen
1730 2272 1810 2344 lesu,
1826 2268 1882 2329 sal-

1138 2384 1200 2437 tem
1221 2375 1325 2447 corde,
1342 2372 1374 2434 in
1397 2370 1506 2432 mortis
1524 2367 1654 2429 articulo
1676 2365 1882 2435 invocassent,

1137 2467 1308 2547 plenariam
1333 2463 1477 2526 similiter
1509 2460 1650 2523 omnium
1686 2462 1883 2537 peccatorum

1136 2577 1266 2624 suorum
1288 2556 1516 2634 indulgentiam
1537 2561 1567 2616 et
1589 2550 1804 2614 remissionem
1826 2548 1882 2609 mi·

1136 2653 1334 2717 sericorditer
1355 2653 1387 2713 in
1411 2649 1542 2712 Domino
1565 2646 1730 2710 concessit:
1748 2649 1883 2722 praeter·

1136 2765 1170 2810 ea
1192 2745 1320 2821 eisdem,
1349 2747 1402 2826 qui
1428 2743 1543 2824 pariter
1573 2756 1647 2802 vere
1675 2737 1882 2818 poenitentes,

1136 2848 1166 2903 et
1188 2839 1329 2914 confessi,
1345 2837 1442 2900 semel
1464 2835 1602 2915 quolibet
1623 2847 1729 2894 mense
1751 2828 1882 2893 Sanctis·

1136 2935 1251 2998 simum
1265 2931 1474 2996 Eucharistiae
1486 2932 1720 2995 Sacramentum
1735 2923 1883 3000 sumpsis-
1904 2971 1907 2980 .

1136 3040 1216 3107 sent,
1239 3035 1359 3108 septem
1387 3042 1484 3089 annos
1512 3033 1542 3088 et
1564 3023 1694 3088 totidem
1715 3021 1882 3101 quadrage-

1136 3141 1206 3186 nas:
1230 3125 1379 3203 quivero
1404 3121 1435 3182 in
1461 3136 1547 3182 causa
1571 3118 1702 3182 tuissent
1724 3121 1759 3178 ut
1781 3115 1881 3194 pueri,

1137 3217 1274 3291 famuli,
1295 3222 1346 3278 aut
1367 3214 1443 3275 aliae
1472 3228 1622 3293 personae
1646 3211 1681 3272 ad
1708 3207 1881 3270 doctrinam

1137 3310 1335 3373 christianam
1366 3305 1527 3381 accedant,
1557 3307 1705 3368 ducentos
1734 3301 1818 3378 dies3
1850 3307 1881 3360 et
1927 3307 1930 3314 ’

1136 3405 1189 3484 qui
1211 3403 1317 3464 diebus
1338 3401 1506 3463 stationum
1530 3399 1669 3466 eiusdem
1693 3394 1783 3459 Urbis
1804 3394 1883 3455 hanc
1955 3474 1958 3489 Ι

1137 3497 1310 3562 doctrinam
1334 3496 1364 3557 in
1387 3493 1522 3557 ecclesiis
1540 3499 1593 3554 aut
1614 3492 1755 3554 oratoriis
1777 3493 1814 3553 de
1829 3491 1884 3554 Or·

1138 3591 1332 3654 dinariorum
1355 3589 1477 3651 licentia
1505 3586 1692 3660 docuissent,
1715 3585 1882 3647 autetiam

1138 3685 1195 3758 illi,
1212 3685 1264 3764 qni
1280 3683 1316 3743 ad
1331 3682 1472 3743 eamdem
1488 3679 1663 3742 discendam
1674 3679 1881 3754 accessissent,

1137 3778 1259 3840 easdem
1282 3775 1493 3853 indulgentias
1514 3779 1791 3850 consequerentur,
1808 3789 1883 3851 quas

1137 3871 1281 3950 consequi
1314 3878 1439 3949 possent
1462 3876 1491 3930 et
1520 3867 1673 3943 valerent,
1696 3868 1721 3928 si
1742 3866 1883 3928 ecclesias

1136 3965 1305 4026 stationum
1328 3963 1466 4025 eiusdem
1495 3961 1585 4023 Urbis
1613 3958 1817 4038 personaliter
1838 3957 1883 4018 vi-

1136 4060 1289 4121 sitassent.
1314 4056 1443 4119 Easdem
1465 4057 1558 4117 etiam
1579 4053 1790 4130 indulgentias
1812 4052 1884 4114 visi-

1139 4158 1255 4214 tatores
1266 4151 1439 4213 scholarum
1456 4150 1613 4212 doctrinae
1628 4148 1816 4222 huiusmodi,
1830 4148 1881 4224 qui

1136 4261 1173 4308 ex
1206 4245 1370 4308 commisso
1402 4245 1459 4306 sibi
1491 4242 1592 4304 officio
1623 4243 1786 4306 visitarent
1818 4243 1884 4304 illas

1136 4339 1265 4414 scholas
1277 4354 1353 4417 quas
1374 4338 1428 4400 illo
1449 4339 1499 4400 die
1514 4337 1639 4399 visitare
1659 4344 1794 4416 possent,
1811 4353 1883 4400 oon-

1136 4440 1360 4513 sequerentur,
1383 4433 1408 4493 si
1430 4438 1548 4510 peccata
1577 4449 1630 4493 sua
1657 4433 1785 4495 confessi
1808 4432 1882 4496 San-

1137 4529 1309 4592 ctissimum
1321 4526 1531 4590 Eucharistiae
1547 4528 1785 4592 Sacramentum
1799 4545 1882 4590 sum-

1137 4622 1286 4701 psissent3
1319 4621 1447 4698 insuper
1475 4622 1608 4695 eisdem,
1632 4622 1684 4700 qui
1711 4621 1819 4684 diebus
1841 4621 1883 4684 le·

1137 4717 1221 4778 riatis
1242 4716 1321 4778 hanc
1336 4714 1508 4777 doctrinam
1530 4715 1739 4790 christianam,
1755 4723 1807 4776 aut
1830 4732 1883 4794 pu·

1138 4809 1233 4886 blice,
1265 4819 1318 4871 aut
1350 4809 1513 4888 privatim,
1544 4815 1579 4871 ut
1607 4808 1798 4888 praefertur,
1831 4827 1882 4872 ex-¹

1137 4903 1323 4982 placassent,
1337 4911 1464 4964 centum
1486 4903 1564 4978 dies3
1585 4917 1720 4965 necnon
1738 4903 1883 4965 omnibus

1137 5005 1168 5059 et
1188 4995 1319 5072 singulis
1336 4996 1595 5075 praeceptoribus,
1608 4996 1662 5074 qui
1677 4994 1784 5057 diebus
1798 4996 1883 5058 lestis

1137 5089 1300 5166 discipulos
1327 5105 1399 5150 suos
1420 5090 1456 5149 ad
1478 5089 1651 5166 doctrinam
1683 5088 1881 5150 christianam

1136 5181 1307 5257 duxissent,
1327 5197 1441 5261 eosque
1456 5180 1539 5242 illam
1559 5181 1747 5256 docuissent,
1763 5189 1883 5258 septem

1136 5291 1249 5353 annos3
1279 5276 1384 5354 etqui
1411 5275 1518 5339 diebus
1546 5274 1662 5338 feriatis
1691 5275 1722 5336 in
1751 5275 1883 5354 propriis

1136 5369 1247 5430 scholis
1278 5370 1420 5431 eamdem
1453 5370 1626 5432 doctrinam
1661 5369 1882 5448 explicassent,

1137 5469 1263 5523 centum
1285 5462 1365 5524 dies:
1389 5463 1550 5540 praedictis
1572 5462 1665 5523 etiam
1684 5462 1813 5537 clericis,
1829 5463 1883 5542 qui

1137 5555 1167 5616 in
1185 5555 1331 5630 ecclesiis,
1344 5571 1397 5616 seu
1414 5556 1567 5630 oratoriis,
1581 5555 1635 5616 ubi
1650 5557 1787 5618 doctrina
1803 5556 1884 5616 chri-

1136 5648 1232 5710 stiana
1254 5651 1392 5724 docetur,
1410 5648 1551 5711 Verbum
1572 5648 1625 5710 Uei
1647 5648 1881 5726 praedicassent,

1136 5749 1189 5802 aut
1210 5740 1388 5803 collationes
1410 5741 1564 5816 fecissent,
1581 5741 1653 5803 licet
1673 5741 1727 5802 illo
1748 5742 1797 5804 die
1819 5757 1882 5803 non

1137 5835 1381 5896 intervenissent
1413 5835 1446 5896 in
1480 5834 1581 5913 aliqua
1618 5834 1717 5896 schola
1753 5834 1882 5898 docendi

1137 5944 1236 6003 causa,
1258 5935 1377 6007 septem
1403 5943 1509 5990 annos.
1540 5927 1690 5990 Omnibus
1718 5935 1823 5991 autem
1851 5938 1883 5992 et

1803 539 1863 602 [159
1914 541 1966 592 An.
1981 543 2011 593 U.
2033 537 2100 592 l'lbl
