4744 6976
86 559 123 612 ΑΙ.
133 554 158 607 C.
176 548 238 604 1745

902 572 1098 620 sennulcvus
1119 574 1183 620 xlv.

266 703 326 750 suo
347 687 490 768 exemplo
521 705 573 752 eos
602 690 805 753 commovisse
832 695 863 753 et
891 690 923 752 in
944 705 1014 752 suas

265 781 398 844 traxisse
419 789 519 862 partes
536 785 670 864 superbe
684 784 874 860 dictitarent,
890 784 954 864 ipsa
969 792 1014 847 te-

265 890 355 938 mere
377 884 536 940 vertentes
558 878 655 942 officia
675 879 797 958 pietatis
818 880 850 942 in
872 878 1012 941 elationis

264 977 503 1045 argumentum.

85 1075 247 1126 isodomon·
306 1063 376 1137 58.
400 1064 433 1128 Si
457 1067 562 1148 itaque
587 1083 621 1130 ea
641 1067 681 1130 sit
712 1068 846 1131 nationis
878 1068 1013 1147 Gopbtae

77 1133 111 1180 udl
127 1128 193 1184 politti
213 1123 245 1170 ad

77 1185 177 1232 ruvinum
190 1177 246 1224 nuc
264 1159 415 1236 conditio,
439 1169 474 1224 ut
495 1161 577 1224 fideli
608 1161 721 1241 populo
746 1163 941 1225 con-firmatio
962 1163 1013 1224 ad·

78 1245 123 1287 lm

82 3413 238 3460 luninaudnm

79 3479 99 3510 au
108 3466 155 3512 adsit
166 3467 239 3525 1εεὶῑί-

262 1256 439 1318 ministrari
469 1264 604 1336 nequeat
634 1257 671 1317 ab
702 1257 868 1334 EpiscopiS,
900 1255 1012 1335 quibus

263 1351 360 1414 huius
381 1348 572 1414 Sacramenti
599 1349 833 1412 administrandi
859 1348 1011 1414 ordinaria

262 1454 400 1525 potestas
422 1445 582 1508 commissa
609 1450 670 1519 est;
694 1443 830 1506 minime
847 1459 904 1506 nos
925 1442 1009 1517 latet,

260 1539 408 1602 eamdem
428 1538 686 1602 administrandae
700 1537 944 1600 confirmationis
959 1552 1013 1614 po·

261 1641 411 1696 testatem
430 1649 471 1695 ex
491 1632 614 1696 ludulto
627 1632 802 1711 Apostolioo
816 1631 852 1692 ad
868 1631 1012 1694 Sacerdo-

261 1735 330 1788 tem
350 1727 403 1790 vel
423 1727 663 1802 missiamanum,
686 1743 743 1805 pro
768 1725 859 1788 modo
880 1723 1010 1786 necessi·

260 1820 346 1896 tatis,
369 1821 554 1900 quandoque
574 1818 686 1882 deferri
707 1835 803 1899 posse.
829 1817 1009 1880 Huiusmodi

260 1916 416 1995 delegatio
438 1931 496 1977 nec
516 1931 597 1976 nova
613 1929 670 1976 nec
685 1911 829 1976 inusitata
845 1911 944 1974 videri
958 1911 1009 1973 de·

258 2009 326 2086 bet,
355 2009 427 2076 cum
455 2009 487 2074 S.
517 2008 659 2085 Gregorii
687 2007 788 2084 llagni
813 2008 1009 2085 aliorumque

259 2115 478 2176 Romanorum
492 2102 677 2166 Pontificum
694 2108 872 2165 nostrorum
883 2103 1008 2180 praede-

259 2217 420 2270 cessorum
440 2195 641 2262 sanctissimis
667 2195 820 2260 innitatur
845 2200 1005 2278 exemplis.

259 2302 343 2366 Cum
365 2298 452 2361 enim
478 2309 568 2372 saepe
592 2293 770 2369 contigerit,
793 2293 1008 2356 christifideles

259 2393 392 2475 pastoris
412 2390 521 2453 solatio
537 2403 603 2450 esse
617 2387 790 2462 destitutos,
808 2395 839 2448 et
852 2387 1008 2466 Episcopis

258 2489 299 2550 oh
320 2485 498 2550 distantiam
519 2482 655 2544 locorum
681 2481 868 2560 impossibile
887 2480 937 2542 vel
952 2479 1007 2543 dil·

258 2583 342 2646 hcile
362 2578 530 2643 admodum
560 2575 667 2649 luerit,
696 2575 882 2654 populorum
904 2591 1008 2637 neces·

257 2675 403 2738 sitatibus
423 2677 601 2752 praesentes
623 2669 709 2745 beri3
733 2669 764 2731 in
788 2669 866 2732 hanc
887 2675 1007 2748 partem

257 2767 442 2849 episcopalis
462 2762 629 2828 ministerii
648 2763 747 2825 vocati
767 2771 841 2825 sunt
863 2762 1006 2826 Sacerdo-

257 2873 318 2938 tes,
342 2857 509 2924 dummodo
525 2863 691 2920 uterentur
704 2855 870 2918 chrismate
884 2856 921 2918 ab
936 2855 1006 2935 Epi·

256 2973 352 3036 scopo
371 2956 432 3017 rite
445 2951 609 3016 benedicto
623 2956 654 3014 et
668 2949 860 3013 consecrato:
879 2965 919 3012 ne
933 2949 1005 3012 alias

257 3051 468 3126 contingeret,
491 3045 597 3110 fideles
618 3057 683 3105 rem
698 3044 866 3106 sanctitatis
880 3042 1004 3121 plenam

255 3141 432 3207 cunctando
454 3138 626 3216 negligere,
643 3137 694 3200 vel
707 3135 854 3200 decedere
867 3137 935 3204 sine
947 3137 1006 3199 hoc

257 3237 461 3302 Sacramento
489 3232 603 3296 divinis
630 3230 814 3294 muneribus
835 3230 1004 3305 cumulato,

255 3340 288 3393 et
310 3333 347 3394 ad
367 3336 508 3393 nostram
529 3325 805 3388 sanctificationem
828 3324 980 3390 instituto.

295 3424 368 3501 59.
391 3419 560 3501 Apostolici
590 3419 688 3497 igitur
714 3419 910 3493 missionarii,
939 3433 1003 3482 non

80 3531 175 3566 ΜΝ
255 3535 331 3583 suae
345 3514 537 3580 auctoritatis
551 3513 758 3588 incremento,
770 3513 823 3574 sed
838 3511 923 3573 lucro
940 3519 1004 3574 tan-

94 5095 239 5157 luruoptnto·

88 5153 239 5206 terrocinens-

256 3624 327 3677 tum
348 3609 525 3673 animarum
549 3607 715 3681 inhiantes,
738 3622 797 3684 qua
818 3621 872 3684 par
893 3615 938 3669 cst
958 3623 1003 3668 se·

256 3708 387 3771 dulitate
407 3711 439 3766 et
459 3701 620 3779 diligentia
646 3700 817 3778 inquirant,
840 3717 879 3762 an
901 3701 1003 3763 catho-

255 3803 316 3865 lico
339 3799 441 3878 gregi,
461 3812 554 3874 super
575 3811 636 3874 quo
665 3794 784 3872 vigilias
812 3796 1002 3870 custodiunt,

255 3895 335 3959 desit
356 3890 528 3971 praesentia
553 3889 698 3968 pastoris;
726 3905 765 3950 an
786 3888 928 3963 difficilis,
951 3891 1003 3951 vel

255 3985 466 4066 impossibilis,
482 3984 522 4045 sit
535 3982 681 4062 frequens
696 3981 781 4044 illius
795 3999 948 4059 accessus,
964 3999 1002 4044 an

255 4081 357 4144 tidelis
387 4077 519 4158 populus
541 4077 574 4142 in
594 4093 664 4138 casu
692 4075 880 4138 necessitatis
902 4093 1003 4140 verse-

255 4183 324 4250 tur,
345 4181 430 4235 etan
446 4171 573 4233 demum
587 4168 836 4232 circumstantiae
851 4169 885 4232 in
900 4187 1002 4234 unum

255 4267 399 4332 collectae
414 4263 590 4344 praemissis
607 4270 778 4326 consonent
791 4265 954 4342 exemplis,
970 4283 1003 4328 ac

256 4375 360 4440 parem
374 4364 540 4437 exposcant
550 4357 787 4435 providentiam.
798 4357 922 4434 lntegra
933 4375 1002 4437 por·

255 4469 290 4516 ro
311 4455 494 4530 sinceraque
515 4448 575 4512 fide
595 4465 630 4512 ea
651 4451 755 4512 omnia
770 4453 1002 4530 quamprimum

255 4545 443 4610 renuntient
464 4541 594 4606 Sanctae
609 4543 691 4618 Sodi,
707 4550 752 4620 ut,
769 4561 803 4606 re
818 4552 880 4606 tcta
893 4546 1001 4608 sedulo

254 4641 379 4718 cognita
410 4638 584 4717 intimequo
619 4645 792 4716 perspecta,
831 4638 1003 4702 deliberare

254 4736 362 4813 possit,
385 4746 436 4806 au,
458 4739 490 4793 et
515 4729 786 4808 cui-potissimum
806 4732 998 4811 presbytero,

255 4836 414 4905 tamquam
429 4823 574 4888 ministro
587 4823 844 4899 extraordinario,
861 4825 1000 4888 tribuen-

255 4919 291 4981 da
311 4920 353 4982 sit
373 4919 449 4980 haec
469 4917 633 4981 auctoritas
654 4917 870 4993 confirmandi,
893 4925 923 4980 et
938 4919 1000 4997 epi-

253 5013 375 5094 scopale
394 5012 453 5074 hoc
473 5026 590 5074 munus
613 5008 759 5073 obeundi.

294 5109 314 5183 5
338 5106 385 5170 lo.
401 5105 461 5184 lpsi
476 5104 605 5167 interim
619 5103 815 5180 missionarii,
829 5106 940 5184 quibus
951 5108 1000 5170 da·

89 5204 170 5256 uertat
254 5209 323 5265 tum
343 5208 391 5263 est
411 5199 569 5260 exhortari
590 5197 622 5260 in
638 5197 777 5261 doctrina
791 5215 875 5274 sana,
891 5209 921 5263 et
937 5217 998 5278 eos,

255 5295 309 5373 qui
323 5291 551 5367 contradicunt,
564 5306 706 5369 arguere,
715 5300 865 5369 satagant,
877 5301 912 5356 ut
927 5294 1000 5356 hde-

255 5389 292 5451 lis
312 5387 446 5467 populus
463 5385 500 5446 ab
513 5401 620 5447 errore
635 5387 670 5448 ad
687 5386 861 5461 veritatem,
877 5385 999 5450 ebodio

254 5481 290 5543 ad
311 5479 496 5558 obsequium
525 5479 599 5557 erga
629 5479 816 5558 baptismum
847 5481 1000 5544 Ecclesiae

254 5575 367 5638 latinae
386 5574 564 5648 reducatur,
586 5581 682 5650 utque
704 5589 781 5650 gens
802 5574 853 5636 illa
873 5576 999 5636 tandem

224 5715 229 5724 .
253 5675 409 5746 agnoscat,
431 5666 480 5746 pia
500 5675 664 5745 sanctaque
689 5665 882 5730 ordinatione
904 5667 999 5730 luisse

254 5762 448 5840 dispositum,
470 5766 507 5822 ut
532 5760 661 5824 seorsim
688 5777 704 5821 a
725 5760 907 5840 baptismate
927 5778 998 5824 con-

253 5853 389 5918 lerretnr
418 5853 652 5948 Sacramentum
679 5854 923 5916 confirmationis
949 5855 996 5931 iic,

254 5949 306 6028 qui
327 5950 361 6011 in
382 5947 693 6029 provectioriessent
708 5955 817 6026 aetate,
834 5955 865 6010 et
879 5949 913 6012 ad
929 5964 996 6027 per·

1736 563 1794 632 223
1845 563 1899 620 Au.
1913 567 1943 620 0.
1965 567 2033 620 1745

1067 690 1241 846 gipiendam
1263 694 1417 760 virtutem
1439 696 1629 761 Sacramenti
1645 713 1812 764 accommo-

1088 792 1145 848 aia.

1108 881 1127 956 5
1150 880 1195 942 ll.
1217 883 1295 946 llaec
1316 885 1415 963 quoad
1435 886 1574 965 primum
1589 885 1729 950 dubium.
1746 887 1812 962 Ouo
1832 898 2044 1052 dplpffqvhtqgtgcn

1067 990 1141 1037 vero
1162 975 1198 1036 ad
1218 979 1402 1055 secundum,
1425 979 1496 1042 licet
1518 980 1550 1043 in
1571 981 1620 1043 sui
1641 981 1812 1059 primordio
1832 1004 1923 1053 cressa
1941 1007 1967 1054 tn
1984 1010 2043 1055 ran-

1066 1069 1211 1132 catholica
1223 1071 1355 1134 Ecclesia
1371 1073 1523 1138 haeresim
1538 1073 1731 1138 eiurantibus
1746 1091 1811 1138 non
1831 1059 1931 1118 ΝΜ*
1944 1060 2030 1118 ¹³¹³⁵¹⁵·

1065 1162 1161 1226 semel
1182 1167 1350 1228 ostenderit
1371 1166 1458 1242 dura,
1482 1175 1516 1230 ut
1538 1184 1588 1232 eos
1604 1175 1722 1248 potaret
1737 1169 1811 1232 vino

1065 1258 1327 1336 compunctionis;
1345 1259 1477 1341 ideoque
1488 1269 1644 1340 promotos
1655 1263 1691 1326 ad
1706 1260 1812 1326 Sacros

1066 1348 1194 1413 Ordines
1214 1352 1310 1416 solius
1331 1353 1424 1416 laicae
1440 1355 1677 1420 Communionis
1692 1357 1813 1435 partici-

1066 1459 1118 1522 pes
1139 1444 1289 1522 voluerit3
1313 1446 1350 1508 ab
1363 1447 1419 1510 hac
1434 1455 1537 1510 tamen
1552 1449 1717 1532 severitate
1734 1448 1811 1511 iudi·

1065 1535 1104 1598 cil
1124 1540 1305 1602 successivis
1324 1541 1513 1620 temporibus
1529 1548 1737 1620 temperatum
1753 1551 1810 1614 est,

1066 1635 1096 1691 et
1117 1629 1174 1710 ipsi
1196 1631 1345 1696 Nicaenae
1379 1633 1494 1712 Synodi
1524 1642 1626 1713 patres
1648 1651 1767 1698 conone
1788 1639 1810 1696 8

1065 1723 1148 1786 ultro
1168 1742 1364 1803 consensere,
1387 1731 1468 1808 quod
1486 1729 1649 1792 Novatiani
1665 1729 1696 1791 in
1712 1727 1812 1794 Sacris

1065 1817 1229 1882 Ordinibus
1250 1822 1424 1898 constituti,
1446 1823 1483 1886 ab
1502 1839 1607 1886 errore
1621 1825 1654 1885 in
1669 1823 1811 1886 semitam

1064 1912 1201 1976 veritatis
1223 1915 1363 1990 reduces,
1387 1915 1504 1980 nedum
1535 1925 1756 1995 permanerent
1778 1916 1811 1978 in

1064 2006 1172 2068 ordine
1191 2009 1335 2084 clericali,
1355 2010 1408 2072 sed
1428 2011 1523 2074 etiam
1548 2011 1746 2074 obtentarum
1768 2011 1811 2072 di-

1064 2099 1219 2176 gnitatum
1241 2108 1358 2165 honore
1389 2102 1540 2182 (providis
1561 2113 1666 2168 tamen
1688 2104 1811 2167 adiectis

1062 2192 1197 2274 legibus)
1217 2195 1409 2261 lruerentur.
1434 2199 1517 2261 llanc
1532 2214 1655 2278 quoque
1669 2198 1736 2277 piae
1751 2198 1810 2262 hla-

1064 2286 1118 2348 tris
1133 2287 1285 2352 Ecclesiae
1299 2289 1471 2366 lenitatem,
1489 2292 1521 2354 in
1537 2292 1714 2370 amplexum
1731 2291 1809 2353 tilio·

1063 2395 1135 2442 rum
1151 2384 1358 2459 occurrentis,
1381 2384 1500 2463 experti
1525 2393 1599 2447 sunt
1620 2385 1806 2448 Donatistae.

1064 2471 1222 2550 Siquidem
1243 2476 1382 2539 catholici
1414 2479 1581 2555 praesules,
1607 2478 1660 2557 qui
1681 2479 1809 2555 gemino

1062 2567 1267 2646 adstipulante
1288 2571 1387 2634 edicto
1409 2570 1577 2634 Marcellini
1600 2571 1807 2649 Proconsulis,

1062 2677 1113 2723 eos
1134 2677 1190 2741 pro
1210 2665 1328 2740 agenda
1350 2665 1508 2742 religionis
1535 2682 1623 2728 causa
1644 2667 1808 2730 advocave-

1062 2763 1132 2818 rant
1153 2756 1185 2818 in
1207 2757 1298 2820 illum
1312 2765 1502 2822 conventum
1517 2759 1726 2822 ecclesiasticis
1742 2777 1806 2824 mo·

1062 2850 1220 2911 numentis
1242 2859 1401 2928 tantopere
1429 2851 1629 2930 celebratum,
1653 2869 1714 2931 quo
1736 2853 1807 2916 laci-

1062 2942 1121 3005 lius
1141 2943 1177 3006 nd
1199 2958 1288 3006 verae
1310 2944 1380 3008 [idei
1401 2945 1522 3008 cultum
1544 2952 1574 3010 et
1596 2947 1750 3010 unitatem
1765 2947 1806 3008 al-

1061 3034 1211 3112 licerent,
1244 3038 1451 3101 retentionem
1483 3041 1596 3117 gradus
1626 3039 1805 3119 episcopalis

1061 3139 1150 3196 antea
1170 3132 1282 3211 adepti,
1308 3133 1401 3196 veluti
1424 3133 1577 3212 quoddam
1599 3134 1805 3199 conciliandae

1059 3226 1140 3302 pacis
1161 3225 1390 3304 praeliminare,
1406 3226 1467 3290 illis
1488 3229 1629 3292 consulto
1650 3229 1801 3295 obtulere.

1099 3323 1118 3398 5
1141 3320 1187 3384 12.
1212 3320 1366 3382 Praeclara
1381 3321 1454 3383 haec
1469 3321 1605 3385 lenitatis
1619 3333 1804 3402 argumenta
1886 3343 2035 3392 nascantur

1060 3422 1179 3480 attento
1210 3414 1370 3478 nobiscum
1401 3415 1505 3478 animo
1535 3424 1723 3494 repetentes,
1756 3437 1803 3482 ae·
1822 3397 1961 3512 ἓῗὲζῖᾞξὶ
1982 3399 2036 3508 ρᾞᾷἷ

1061 3525 1159 3590 quum
1180 3508 1282 3571 visum
1305 3515 1362 3583 cst,
1385 3515 1420 3571 ut
1442 3510 1565 3587 parochi
1585 3512 1664 3574 ritus
1679 3514 1802 3594 Cophti,
1822 3487 2034 3610 ffiffssgffsssffip

1060 3603 1159 3666 valide
1180 3609 1285 3664 tamen
1306 3618 1340 3665 ac
1361 3602 1420 3664 rite
1442 3603 1586 3679 ordinati,
1605 3606 1718 3707 quijev
1739 3615 1803 3672 atra
1821 3611 1872 3658 vn.
1889 3591 1948 3658 Gtfi·
2027 3594 2033 3607 ’

1060 3714 1215 3773 errorum,
1238 3699 1271 3760 in
1293 3696 1404 3776 quibus
1426 3697 1639 3776 versabantur,
1659 3701 1801 3781 caligine,

1059 3794 1092 3856 in
1114 3794 1216 3858 lucem
1231 3792 1395 3856 catholicae
1410 3793 1548 3858 veritatis
1562 3805 1740 3873 emergunt,
1756 3814 1803 3860 ca·

1060 3904 1147 3966 paces
1167 3887 1232 3970 sint
1253 3887 1345 3948 etiam
1375 3886 1458 3948 inter
1489 3887 1652 3950 catholicos
1672 3889 1802 3954 admini-

1058 3981 1215 4044 strationis
1225 3986 1489 4044 sacramentorum
1500 3981 1803 4064 parochialium,qua

1059 4077 1144 4156 prius
1172 4077 1204 4138 in
1225 4074 1390 4136 schismate
1421 4074 1630 4152 potiebantur,
1660 4080 1802 4155 quamvis

1059 4172 1132 4234 haec
1153 4171 1215 4250 ipsa
1237 4168 1403 4247 spiritualis
1431 4169 1607 4245 auctoritas,
1630 4171 1717 4234 nullo
1737 4173 1803 4234 evi·

1057 4271 1159 4328 stente
1180 4263 1314 4342 parocho
1335 4261 1494 4339 catholico,
1518 4265 1634 4327 tributa
1656 4266 1748 4328 etiam
1762 4269 1801 4330 sit

1058 4359 1195 4437 patribus
1225 4357 1437 4432 missionariis,
1460 4367 1490 4419 et
1510 4358 1547 4420 ab
1574 4359 1635 4422 illis
1662 4377 1802 4426 exercea-

1057 4464 1121 4516 tur.
1137 4453 1221 4515 Hanc
1235 4459 1340 4515 autem
1355 4452 1562 4530 capacitatem,
1579 4469 1656 4532 quae
1670 4455 1801 4532 singulis

1057 4547 1149 4622 inest,
1172 4548 1214 4608 ita
1240 4546 1474 4623 temperandam
1502 4561 1567 4608 esse
1592 4548 1799 4626 decernimus,

1058 4647 1169 4703 utnon
1185 4655 1293 4702 omnes
1308 4640 1485 4702 indistincte
1496 4639 1554 4701 hoc
1568 4642 1718 4718 pastorale
1733 4659 1800 4706 mu·

1057 4751 1116 4797 nus
1136 4734 1195 4795 sibi
1216 4739 1384 4808 assumant,
1400 4733 1452 4795 sed
1473 4733 1493 4795 il
1508 4739 1643 4808 tantum,
1660 4751 1736 4814 quos
1751 4736 1802 4799 lli-

1056 4829 1155 4892 carius
1177 4827 1330 4904 generalis
1351 4827 1506 4890 dominico
1532 4827 1621 4904 gregi
1649 4829 1803 4907 praefece-

1056 4922 1113 4997 rit3
1136 4921 1189 4999 qui
1214 4920 1338 4999 pietate,
1361 4920 1449 4982 castis
1476 4920 1615 4982 moribus
1643 4923 1800 5000 conspicui

1057 5015 1137 5091 sint;
1160 5014 1213 5093 qui
1234 5013 1389 5076 bonorum
1418 5013 1561 5091 exemplo
1582 5013 1797 5094 praeluceant3

1056 5116 1087 5171 et
1110 5109 1299 5186 inquorum
1329 5108 1431 5170 reditu
1458 5109 1494 5169 ad
1523 5107 1690 5171 Ecclesiam
1720 5110 1799 5171 nihil

1055 5203 1163 5264 lictum
1184 5209 1237 5262 aut
1251 5199 1443 5276 simulatum,
1459 5199 1512 5262 sed
1526 5208 1648 5262 certum
1661 5201 1800 5264 sincerae

1055 5294 1264 5357 conversionis
1285 5293 1436 5356 indicium
1457 5293 1716 5373 deprehendatur.

1093 5389 1112 5464 5
1136 5388 1182 5450 l3.
1207 5389 1379 5462 Praeterea,
1401 5388 1455 5466 qui
1476 5405 1492 5448 a
1515 5387 1634 5451 llicario
1659 5389 1798 5464 generali
1843 5400 2026 5450 cananaeus

1053 5483 1137 5545 inter
1158 5481 1232 5543 alios
1250 5480 1410 5558 praeelecti
1427 5481 1556 5557 luerint,
1572 5481 1747 5544 abstineant
1762 5482 1799 5545 ab
1816 5455 1931 5502 ⁸⁰¹⁹²⁰⁶L

1054 5576 1202 5638 exercitio
1222 5575 1319 5637 dictae
1340 5575 1542 5650 auctoritatis,
1555 5589 1716 5652 quousque
1733 5590 1797 5638 non

1052 5670 1281 5749 reportaverint
1300 5669 1502 5732 necessariam
1524 5669 1557 5731 in
1579 5675 1712 5748 utroque
1731 5670 1797 5732 loro

1053 5763 1288 5838 absolutionem,
1302 5762 1593 5838 rehabilitationem,
1604 5779 1725 5826 necnon
1738 5763 1798 5826 dis·

1053 5857 1266 5938 pensationem
1287 5856 1323 5918 ab
1345 5855 1583 5932 irregularitate,
1606 5856 1744 5920 censuris
1767 5865 1798 5918 et

1052 5950 1170 6029 poenis,
1194 5949 1283 6030 lapsis
1305 5950 1337 6013 iu
1359 5949 1512 6013 haeresim
1533 5949 1680 6012 canonice
1699 5951 1798 6014 inilic-
