<?xml version="1.0" encoding="UTF-8"?>
<!DOCTYPE html PUBLIC "-//W3C//DTD XHTML 1.0 Transitional//EN"
    "http://www.w3.org/TR/xhtml1/DTD/xhtml1-transitional.dtd">
<html xmlns="http://www.w3.org/1999/xhtml" xml:lang="en" lang="en">
 <head>
  <title>
</title>
<meta http-equiv="Content-Type" content="text/html;charset=utf-8" />
  <meta name='ocr-system' content='tesseract 3.04.00' />
  <meta name='ocr-capabilities' content='ocr_page ocr_carea ocr_par ocr_line ocrx_word'/>
</head>
<body>
  <div class='ocr_page' id='page_1' title='image "./iurispontificii02martgoog_0221.png"; bbox 0 0 4744 6976; ppageno 0'>
   <div class='ocr_carea' id='block_1_1' title="bbox 1729 559 2030 624">
    <p class='ocr_par' dir='ltr' id='par_1_1' title="bbox 1729 559 2030 624">
     <span class='ocr_line' id='line_1_1' title="bbox 1729 559 2030 624; baseline -0.013 -2"><span class='ocrx_word' id='word_1_1' title='bbox 1729 559 1789 624; x_wconf 72' lang='lat'>205</span> <span class='ocrx_word' id='word_1_2' title='bbox 1839 561 1892 614; x_wconf 82' lang='lat' dir='ltr'>An.</span> <span class='ocrx_word' id='word_1_3' title='bbox 1908 562 1937 614; x_wconf 78' lang='grc' dir='ltr'>Ο.</span> <span class='ocrx_word' id='word_1_4' title='bbox 1960 565 2030 618; x_wconf 85' lang='grc'><strong>1744</strong></span> 
     </span>
    </p>
   </div>
   <div class='ocr_carea' id='block_1_2' title="bbox 27 565 233 650">
    <p class='ocr_par' dir='ltr' id='par_1_2' title="bbox 27 547 233 650">
     <span class='ocr_line' id='line_1_2' title="bbox 27 565 233 650; baseline -0.053 -13"><span class='ocrx_word' id='word_1_5' title='bbox 27 594 29 650; x_wconf 88' lang='grc'>;</span> <span class='ocrx_word' id='word_1_6' title='bbox 85 587 122 638; x_wconf 80' lang='lat' dir='ltr'>u.</span> <span class='ocrx_word' id='word_1_7' title='bbox 132 581 155 630; x_wconf 87' lang='lat' dir='ltr'>r.</span> <span class='ocrx_word' id='word_1_8' title='bbox 173 565 233 627; x_wconf 75' lang='lat' dir='ltr'>aaut</span> 
     </span>
    </p>
   </div>
   <div class='ocr_carea' id='block_1_3' title="bbox 889 581 1172 628">
    <p class='ocr_par' dir='ltr' id='par_1_3' title="bbox 889 581 1172 628">
     <span class='ocr_line' id='line_1_3' title="bbox 889 581 1172 628; baseline 0 -2"><span class='ocrx_word' id='word_1_9' title='bbox 889 581 1087 628; x_wconf 80' lang='lat' dir='ltr'>uuuuutcutts</span> <span class='ocrx_word' id='word_1_10' title='bbox 1110 581 1172 628; x_wconf 85' lang='lat' dir='ltr'>xlv.</span> 
     </span>
    </p>
   </div>
   <div class='ocr_carea' id='block_1_4' title="bbox 26 695 1809 2276">
    <p class='ocr_par' dir='ltr' id='par_1_4' title="bbox 260 695 1808 785">
     <span class='ocr_line' id='line_1_4' title="bbox 260 695 1808 785; baseline -0.005 -19"><span class='ocrx_word' id='word_1_11' title='bbox 260 702 437 785; x_wconf 76' lang='lat' dir='ltr'>legitimum</span> <span class='ocrx_word' id='word_1_12' title='bbox 458 702 709 764; x_wconf 75' lang='lat' dir='ltr'><strong><em>matrimonium</em></strong></span> <span class='ocrx_word' id='word_1_13' title='bbox 730 700 921 764; x_wconf 74' lang='lat' dir='ltr'><strong><em>contrahere</em></strong></span> <span class='ocrx_word' id='word_1_14' title='bbox 939 717 1004 762; x_wconf 89' lang='lat' dir='ltr'>noa</span> <span class='ocrx_word' id='word_1_15' title='bbox 1030 699 1033 785; x_wconf 73' lang='lat' dir='ltr'>l</span> <span class='ocrx_word' id='word_1_16' title='bbox 1060 705 1193 763; x_wconf 88' lang='lat' dir='ltr'>tractum</span> <span class='ocrx_word' id='word_1_17' title='bbox 1215 707 1282 780; x_wconf 92' lang='lat' dir='ltr'>post</span> <span class='ocrx_word' id='word_1_18' title='bbox 1304 699 1423 764; x_wconf 91' lang='lat' dir='ltr'>obitum</span> <span class='ocrx_word' id='word_1_19' title='bbox 1445 699 1604 777; x_wconf 80' lang='lat' dir='ltr'>legitimae</span> <span class='ocrx_word' id='word_1_20' title='bbox 1625 695 1808 774; x_wconf 82' lang='lat' dir='ltr'>uxoris;sed</span> 
     </span>
    </p>

    <p class='ocr_par' dir='ltr' id='par_1_5' title="bbox 259 782 1809 893">
     <span class='ocr_line' id='line_1_5' title="bbox 259 782 1809 893; baseline -0.005 -35"><span class='ocrx_word' id='word_1_21' title='bbox 259 801 455 874; x_wconf 84' lang='lat' dir='ltr'>potueruut:</span> <span class='ocrx_word' id='word_1_22' title='bbox 478 811 556 873; x_wconf 87' lang='lat' dir='ltr'>quae</span> <span class='ocrx_word' id='word_1_23' title='bbox 577 795 704 874; x_wconf 88' lang='lat' dir='ltr'>quidem</span> <span class='ocrx_word' id='word_1_24' title='bbox 726 794 820 857; x_wconf 87' lang='lat' dir='ltr'>rerba</span> <span class='ocrx_word' id='word_1_25' title='bbox 841 795 874 856; x_wconf 91' lang='lat' dir='ltr'>in</span> <span class='ocrx_word' id='word_1_26' title='bbox 889 794 1003 873; x_wconf 88' lang='lat' dir='ltr'>Grego·</span> <span class='ocrx_word' id='word_1_27' title='bbox 1030 816 1033 893; x_wconf 60' lang='lat' dir='ltr'>p</span> <span class='ocrx_word' id='word_1_28' title='bbox 1060 793 1137 856; x_wconf 91' lang='lat' dir='ltr'>illud</span> <span class='ocrx_word' id='word_1_29' title='bbox 1160 796 1330 870; x_wconf 81' lang='lat' dir='ltr'><strong>dumtaxat,</strong></span> <span class='ocrx_word' id='word_1_30' title='bbox 1346 794 1429 872; x_wconf 90' lang='lat' dir='ltr'>quod</span> <span class='ocrx_word' id='word_1_31' title='bbox 1452 794 1493 856; x_wconf 90' lang='lat' dir='ltr'>ihi</span> <span class='ocrx_word' id='word_1_32' title='bbox 1515 782 1715 872; x_wconf 70' lang='lat' dir='ltr'>supenditur,</span> <span class='ocrx_word' id='word_1_33' title='bbox 1738 788 1809 853; x_wconf 91' lang='lat' dir='ltr'>nul-</span> 
     </span>
    </p>

    <p class='ocr_par' dir='ltr' id='par_1_6' title="bbox 259 886 1809 968">
     <span class='ocr_line' id='line_1_6' title="bbox 259 886 1809 968; baseline -0.006 -16"><span class='ocrx_word' id='word_1_34' title='bbox 259 890 340 952; x_wconf 91' lang='lat' dir='ltr'>riaua</span> <span class='ocrx_word' id='word_1_35' title='bbox 363 888 584 968; x_wconf 78' lang='lat' dir='ltr'>compilatione</span> <span class='ocrx_word' id='word_1_36' title='bbox 606 904 669 950; x_wconf 93' lang='lat' dir='ltr'>non</span> <span class='ocrx_word' id='word_1_37' title='bbox 690 895 765 950; x_wconf 92' lang='lat' dir='ltr'>suut</span> <span class='ocrx_word' id='word_1_38' title='bbox 787 887 893 951; x_wconf 91' lang='lat' dir='ltr'>relata.</span> <span class='ocrx_word' id='word_1_39' title='bbox 924 889 1002 952; x_wconf 88' lang='lat' dir='ltr'>llaec</span> <span class='ocrx_word' id='word_1_40' title='bbox 1060 887 1126 950; x_wconf 90' lang='lat' dir='ltr'>lum</span> <span class='ocrx_word' id='word_1_41' title='bbox 1148 887 1318 950; x_wconf 89' lang='lat' dir='ltr'>iudicatum</span> <span class='ocrx_word' id='word_1_42' title='bbox 1340 887 1446 962; x_wconf 87' lang='lat' dir='ltr'>luisse,</span> <span class='ocrx_word' id='word_1_43' title='bbox 1462 887 1533 966; x_wconf 89' lang='lat' dir='ltr'>quia</span> <span class='ocrx_word' id='word_1_44' title='bbox 1552 886 1581 948; x_wconf 90' lang='lat' dir='ltr'>ei</span> <span class='ocrx_word' id='word_1_45' title='bbox 1602 889 1809 964; x_wconf 68' lang='lat' dir='ltr'>praecesserat</span> 
     </span>
    </p>

    <p class='ocr_par' dir='ltr' id='par_1_7' title="bbox 257 975 1808 1060">
     <span class='ocr_line' id='line_1_7' title="bbox 257 975 1808 1060; baseline -0.005 -17"><span class='ocrx_word' id='word_1_46' title='bbox 257 988 360 1046; x_wconf 88' lang='lat' dir='ltr'>autem</span> <span class='ocrx_word' id='word_1_47' title='bbox 382 997 439 1060; x_wconf 93' lang='lat' dir='ltr'>pro</span> <span class='ocrx_word' id='word_1_48' title='bbox 459 988 646 1059; x_wconf 86' lang='lat' dir='ltr'>argumento</span> <span class='ocrx_word' id='word_1_49' title='bbox 661 981 717 1044; x_wconf 85' lang='lat' dir='ltr'>tihi</span> <span class='ocrx_word' id='word_1_50' title='bbox 739 981 826 1044; x_wconf 90' lang='lat' dir='ltr'>iacile</span> <span class='ocrx_word' id='word_1_51' title='bbox 847 988 952 1057; x_wconf 89' lang='lat' dir='ltr'>eruut,</span> <span class='ocrx_word' id='word_1_52' title='bbox 969 990 1004 1045; x_wconf 90' lang='lat' dir='ltr'>ut</span> <span class='ocrx_word' id='word_1_53' title='bbox 1060 980 1247 1042; x_wconf 81' lang='lat' dir='ltr'>machinatio</span> <span class='ocrx_word' id='word_1_54' title='bbox 1269 981 1302 1041; x_wconf 92' lang='lat' dir='ltr'>in</span> <span class='ocrx_word' id='word_1_55' title='bbox 1321 981 1432 1057; x_wconf 91' lang='lat' dir='ltr'>prioris</span> <span class='ocrx_word' id='word_1_56' title='bbox 1446 980 1589 1056; x_wconf 84' lang='lat' dir='ltr'>coniugis</span> <span class='ocrx_word' id='word_1_57' title='bbox 1610 993 1731 1040; x_wconf 89' lang='lat' dir='ltr'>necem.</span> <span class='ocrx_word' id='word_1_58' title='bbox 1748 975 1808 1038; x_wconf 92' lang='lat' dir='ltr'>No-</span> 
     </span>
    </p>

    <p class='ocr_par' dir='ltr' id='par_1_8' title="bbox 257 1068 1806 1151">
     <span class='ocr_line' id='line_1_8' title="bbox 257 1068 1806 1151; baseline -0.005 -15"><span class='ocrx_word' id='word_1_59' title='bbox 257 1091 382 1150; x_wconf 79' lang='lat' dir='ltr'>assemn,</span> <span class='ocrx_word' id='word_1_60' title='bbox 406 1075 617 1138; x_wconf 79' lang='lat' dir='ltr'>Alexandrum</span> <span class='ocrx_word' id='word_1_61' title='bbox 633 1075 683 1137; x_wconf 92' lang='lat' dir='ltr'>lll.</span> <span class='ocrx_word' id='word_1_62' title='bbox 701 1075 880 1151; x_wconf 79' lang='lat' dir='ltr'>declarasse,</span> <span class='ocrx_word' id='word_1_63' title='bbox 897 1076 1005 1138; x_wconf 90' lang='lat' dir='ltr'>matri·</span> <span class='ocrx_word' id='word_1_64' title='bbox 1030 1096 1032 1122; x_wconf 62' lang='grc' dir='ltr'>ι</span> <span class='ocrx_word' id='word_1_65' title='bbox 1060 1073 1233 1136; x_wconf 90' lang='lat' dir='ltr'>bisantem</span> <span class='ocrx_word' id='word_1_66' title='bbox 1261 1073 1422 1150; x_wconf 89' lang='lat' dir='ltr'>integrum</span> <span class='ocrx_word' id='word_1_67' title='bbox 1451 1075 1511 1135; x_wconf 91' lang='lat' dir='ltr'>erit</span> <span class='ocrx_word' id='word_1_68' title='bbox 1536 1087 1690 1146; x_wconf 86' lang='lat' dir='ltr'><strong><em>asserere,</em></strong></span> <span class='ocrx_word' id='word_1_69' title='bbox 1713 1068 1806 1149; x_wconf 91' lang='lat' dir='ltr'>quod,</span> 
     </span>
    </p>

    <p class='ocr_par' dir='ltr' id='par_1_9' title="bbox 258 1127 1808 1233">
     <span class='ocr_line' id='line_1_9' title="bbox 258 1127 1808 1233; baseline -0.006 -1"><span class='ocrx_word' id='word_1_70' title='bbox 258 1169 399 1232; x_wconf 89' lang='lat' dir='ltr'>monium</span> <span class='ocrx_word' id='word_1_71' title='bbox 412 1169 495 1231; x_wconf 88' lang='lat' dir='ltr'>iuter</span> <span class='ocrx_word' id='word_1_72' title='bbox 509 1168 687 1231; x_wconf 90' lang='lat' dir='ltr'>adulterum</span> <span class='ocrx_word' id='word_1_73' title='bbox 701 1177 733 1231; x_wconf 89' lang='lat' dir='ltr'>et</span> <span class='ocrx_word' id='word_1_74' title='bbox 748 1167 921 1232; x_wconf 90' lang='lat' dir='ltr'>adulteram</span> <span class='ocrx_word' id='word_1_75' title='bbox 935 1185 1005 1232; x_wconf 92' lang='lat' dir='ltr'>sua·</span> <span class='ocrx_word' id='word_1_76' title='bbox 1030 1127 1032 1233; x_wconf 61' lang='lat' dir='ltr'>l</span> <span class='ocrx_word' id='word_1_77' title='bbox 1060 1166 1133 1230; x_wconf 88' lang='lat' dir='ltr'>licet</span> <span class='ocrx_word' id='word_1_78' title='bbox 1155 1167 1294 1230; x_wconf 89' lang='lat' dir='ltr'>validum</span> <span class='ocrx_word' id='word_1_79' title='bbox 1315 1168 1440 1230; x_wconf 91' lang='lat' dir='ltr'>ineatur</span> <span class='ocrx_word' id='word_1_80' title='bbox 1468 1165 1703 1228; x_wconf 87' lang='lat' dir='ltr'>matrimonium</span> <span class='ocrx_word' id='word_1_81' title='bbox 1725 1163 1808 1224; x_wconf 90' lang='lat' dir='ltr'>inter</span> 
     </span>
    </p>

    <p class='ocr_par' dir='ltr' id='par_1_10' title="bbox 257 1236 1808 1361">
     <span class='ocr_line' id='line_1_10' title="bbox 257 1236 1808 1361; baseline -0.005 -35"><span class='ocrx_word' id='word_1_82' title='bbox 257 1271 307 1342; x_wconf 88' lang='lat' dir='ltr'>pte</span> <span class='ocrx_word' id='word_1_83' title='bbox 328 1271 439 1325; x_wconf 89' lang='lat' dir='ltr'>natura</span> <span class='ocrx_word' id='word_1_84' title='bbox 461 1260 585 1325; x_wconf 91' lang='lat' dir='ltr'>nullum</span> <span class='ocrx_word' id='word_1_85' title='bbox 607 1269 638 1324; x_wconf 90' lang='lat' dir='ltr'>et</span> <span class='ocrx_word' id='word_1_86' title='bbox 659 1263 787 1325; x_wconf 90' lang='lat' dir='ltr'>irritum</span> <span class='ocrx_word' id='word_1_87' title='bbox 809 1279 885 1337; x_wconf 89' lang='lat' dir='ltr'>esse,</span> <span class='ocrx_word' id='word_1_88' title='bbox 906 1262 945 1323; x_wconf 89' lang='lat' dir='ltr'>ob</span> <span class='ocrx_word' id='word_1_89' title='bbox 960 1261 1002 1322; x_wconf 91' lang='lat' dir='ltr'>id·</span> <span class='ocrx_word' id='word_1_90' title='bbox 1029 1236 1033 1361; x_wconf 52' lang='grc' dir='ltr'>ξ</span> <span class='ocrx_word' id='word_1_91' title='bbox 1060 1261 1227 1335; x_wconf 91' lang='lat' dir='ltr'>adulteros,</span> <span class='ocrx_word' id='word_1_92' title='bbox 1243 1261 1407 1324; x_wconf 83' lang='lat' dir='ltr'>deliciante</span> <span class='ocrx_word' id='word_1_93' title='bbox 1423 1259 1662 1332; x_wconf 89' lang='lat' dir='ltr'>machinatione,</span> <span class='ocrx_word' id='word_1_94' title='bbox 1679 1256 1808 1334; x_wconf 86' lang='lat' dir='ltr'>aliisque</span> 
     </span>
    </p>

    <p class='ocr_par' dir='ltr' id='par_1_11' title="bbox 256 1347 1808 1434">
     <span class='ocr_line' id='line_1_11' title="bbox 256 1347 1808 1434; baseline -0.006 -16"><span class='ocrx_word' id='word_1_95' title='bbox 256 1371 316 1434; x_wconf 91' lang='lat' dir='ltr'>que</span> <span class='ocrx_word' id='word_1_96' title='bbox 338 1355 535 1432; x_wconf 83' lang='lat' dir='ltr'>illegitimam</span> <span class='ocrx_word' id='word_1_97' title='bbox 558 1371 624 1416; x_wconf 92' lang='lat' dir='ltr'>esse</span> <span class='ocrx_word' id='word_1_98' title='bbox 649 1355 769 1432; x_wconf 87' lang='lat' dir='ltr'>prolem</span> <span class='ocrx_word' id='word_1_99' title='bbox 791 1371 829 1416; x_wconf 83' lang='lat' dir='ltr'>eu</span> <span class='ocrx_word' id='word_1_100' title='bbox 850 1355 1003 1418; x_wconf 88' lang='lat' dir='ltr'>adulterio</span> <span class='ocrx_word' id='word_1_101' title='bbox 1030 1368 1032 1408; x_wconf 75' lang='grc' dir='ltr'><em>τ</em></span> <span class='ocrx_word' id='word_1_102' title='bbox 1059 1352 1301 1415; x_wconf 84' lang='lat' dir='ltr'>circumstantiis</span> <span class='ocrx_word' id='word_1_103' title='bbox 1323 1351 1361 1415; x_wconf 89' lang='lat' dir='ltr'>de</span> <span class='ocrx_word' id='word_1_104' title='bbox 1382 1353 1449 1414; x_wconf 90' lang='lat' dir='ltr'>iure</span> <span class='ocrx_word' id='word_1_105' title='bbox 1471 1351 1619 1413; x_wconf 87' lang='lat' dir='ltr'>canonico</span> <span class='ocrx_word' id='word_1_106' title='bbox 1641 1349 1717 1412; x_wconf 91' lang='lat' dir='ltr'>illud</span> <span class='ocrx_word' id='word_1_107' title='bbox 1740 1347 1808 1410; x_wconf 91' lang='lat' dir='ltr'>irri-</span> 
     </span>
    </p>

    <p class='ocr_par' dir='ltr' id='par_1_12' title="bbox 257 1440 1807 1528">
     <span class='ocr_line' id='line_1_12' title="bbox 257 1440 1807 1528; baseline -0.005 -18"><span class='ocrx_word' id='word_1_108' title='bbox 257 1456 439 1528; x_wconf 85' lang='lat' dir='ltr'>susceptam.</span> <span class='ocrx_word' id='word_1_109' title='bbox 469 1449 572 1527; x_wconf 88' lang='lat' dir='ltr'>Atque</span> <span class='ocrx_word' id='word_1_110' title='bbox 594 1449 626 1509; x_wconf 90' lang='lat' dir='ltr'>in</span> <span class='ocrx_word' id='word_1_111' title='bbox 655 1450 713 1510; x_wconf 90' lang='lat' dir='ltr'>hoc</span> <span class='ocrx_word' id='word_1_112' title='bbox 740 1447 1001 1522; x_wconf 82' lang='lat' dir='ltr'>manifestissima,</span> <span class='ocrx_word' id='word_1_113' title='bbox 1030 1446 1032 1455; x_wconf 90' lang='lat'>&#39;</span> <span class='ocrx_word' id='word_1_114' title='bbox 1061 1446 1210 1521; x_wconf 86' lang='lat' dir='ltr'>lantibus,</span> <span class='ocrx_word' id='word_1_115' title='bbox 1233 1454 1370 1508; x_wconf 88' lang='lat' dir='ltr'>attamen</span> <span class='ocrx_word' id='word_1_116' title='bbox 1386 1445 1488 1524; x_wconf 89' lang='lat' dir='ltr'>proles</span> <span class='ocrx_word' id='word_1_117' title='bbox 1504 1452 1644 1523; x_wconf 88' lang='lat' dir='ltr'>tempore</span> <span class='ocrx_word' id='word_1_118' title='bbox 1664 1440 1807 1505; x_wconf 88' lang='lat' dir='ltr'>adulterii</span> 
     </span>
    </p>

    <p class='ocr_par' dir='ltr' id='par_1_13' title="bbox 257 1537 1806 1622">
     <span class='ocr_line' id='line_1_13' title="bbox 257 1537 1806 1622; baseline -0.005 -19"><span class='ocrx_word' id='word_1_119' title='bbox 257 1549 288 1604; x_wconf 89' lang='lat' dir='ltr'>te</span> <span class='ocrx_word' id='word_1_120' title='bbox 309 1542 420 1616; x_wconf 88' lang='lat' dir='ltr'>iudice,</span> <span class='ocrx_word' id='word_1_121' title='bbox 437 1549 482 1604; x_wconf 90' lang='lat' dir='ltr'>est</span> <span class='ocrx_word' id='word_1_122' title='bbox 496 1541 702 1622; x_wconf 84' lang='lat' dir='ltr'>discrepantia</span> <span class='ocrx_word' id='word_1_123' title='bbox 718 1542 803 1604; x_wconf 88' lang='lat' dir='ltr'>inter</span> <span class='ocrx_word' id='word_1_124' title='bbox 817 1541 1003 1604; x_wconf 89' lang='lat' dir='ltr'>decretalem</span> <span class='ocrx_word' id='word_1_125' title='bbox 1030 1549 1032 1614; x_wconf 65' lang='lat' dir='ltr'>t</span> <span class='ocrx_word' id='word_1_126' title='bbox 1060 1538 1174 1615; x_wconf 87' lang='lat' dir='ltr'>hahita,</span> <span class='ocrx_word' id='word_1_127' title='bbox 1198 1538 1359 1616; x_wconf 89' lang='lat' dir='ltr'>illegitima</span> <span class='ocrx_word' id='word_1_128' title='bbox 1381 1553 1505 1617; x_wconf 88' lang='lat' dir='ltr'>semper</span> <span class='ocrx_word' id='word_1_129' title='bbox 1527 1538 1597 1612; x_wconf 88' lang='lat' dir='ltr'>erit,</span> <span class='ocrx_word' id='word_1_130' title='bbox 1613 1537 1648 1598; x_wconf 90' lang='lat' dir='ltr'>ad</span> <span class='ocrx_word' id='word_1_131' title='bbox 1664 1549 1806 1598; x_wconf 88' lang='lat' dir='ltr'>normam</span> 
     </span>
    </p>

    <p class='ocr_par' dir='ltr' id='par_1_14' title="bbox 26 1629 1805 1715">
     <span class='ocr_line' id='line_1_14' title="bbox 26 1629 1805 1715; baseline -0.004 -19"><span class='ocrx_word' id='word_1_132' title='bbox 26 1637 27 1696; x_wconf 84' lang='lat' dir='ltr'>l</span> <span class='ocrx_word' id='word_1_133' title='bbox 257 1640 410 1715; x_wconf 88' lang='lat' dir='ltr'>integram</span> <span class='ocrx_word' id='word_1_134' title='bbox 425 1645 457 1698; x_wconf 88' lang='lat' dir='ltr'>et</span> <span class='ocrx_word' id='word_1_135' title='bbox 471 1636 664 1708; x_wconf 71' lang='lat' dir='ltr'>mutilatam</span> <span class='ocrx_word' id='word_1_136' title='bbox 687 1637 761 1699; x_wconf 89' lang='lat' dir='ltr'>duni</span> <span class='ocrx_word' id='word_1_137' title='bbox 776 1636 850 1698; x_wconf 91' lang='lat' dir='ltr'>haec</span> <span class='ocrx_word' id='word_1_138' title='bbox 865 1635 1003 1698; x_wconf 84' lang='lat' dir='ltr'>validum</span> <span class='ocrx_word' id='word_1_139' title='bbox 1030 1645 1032 1711; x_wconf 68' lang='lat' dir='ltr'><strong>j</strong></span> <span class='ocrx_word' id='word_1_140' title='bbox 1060 1631 1153 1694; x_wconf 89' lang='lat' dir='ltr'>etiam</span> <span class='ocrx_word' id='word_1_141' title='bbox 1182 1633 1343 1695; x_wconf 87' lang='lat' dir='ltr'>decretalis</span> <span class='ocrx_word' id='word_1_142' title='bbox 1367 1648 1431 1694; x_wconf 91' lang='lat' dir='ltr'>non</span> <span class='ocrx_word' id='word_1_143' title='bbox 1460 1631 1636 1706; x_wconf 89' lang='lat' dir='ltr'>mutilatae,</span> <span class='ocrx_word' id='word_1_144' title='bbox 1665 1645 1744 1708; x_wconf 92' lang='lat' dir='ltr'>quae</span> <span class='ocrx_word' id='word_1_145' title='bbox 1766 1629 1805 1690; x_wconf 92' lang='lat' dir='ltr'>ita</span> 
     </span>
    </p>

    <p class='ocr_par' dir='ltr' id='par_1_15' title="bbox 255 1716 1807 1815">
     <span class='ocr_line' id='line_1_15' title="bbox 255 1721 1807 1803; baseline -0.009 -7"><span class='ocrx_word' id='word_1_146' title='bbox 255 1735 390 1798; x_wconf 85' lang='lat' dir='ltr'>admittit</span> <span class='ocrx_word' id='word_1_147' title='bbox 411 1733 648 1795; x_wconf 89' lang='lat' dir='ltr'>matrimonium</span> <span class='ocrx_word' id='word_1_148' title='bbox 664 1732 746 1793; x_wconf 88' lang='lat' dir='ltr'>iuter</span> <span class='ocrx_word' id='word_1_149' title='bbox 761 1731 915 1794; x_wconf 89' lang='lat' dir='ltr'>adulteros</span> <span class='ocrx_word' id='word_1_150' title='bbox 931 1747 1002 1793; x_wconf 88' lang='lat' dir='ltr'>con·</span> <span class='ocrx_word' id='word_1_151' title='bbox 1030 1774 1032 1803; x_wconf 85' lang='grc'>,</span> <span class='ocrx_word' id='word_1_152' title='bbox 1058 1729 1183 1791; x_wconf 89' lang='lat' dir='ltr'>statuit:</span> <span class='ocrx_word' id='word_1_153' title='bbox 1215 1727 1258 1791; x_wconf 78' lang='lat' dir='ltr'>Et</span> <span class='ocrx_word' id='word_1_154' title='bbox 1279 1730 1308 1791; x_wconf 89' lang='lat' dir='ltr'>si</span> <span class='ocrx_word' id='word_1_155' title='bbox 1336 1726 1396 1792; x_wconf 85' lang='lat' dir='ltr'>tihi</span> <span class='ocrx_word' id='word_1_156' title='bbox 1426 1727 1623 1797; x_wconf 87' lang='lat' dir='ltr'>constiterit,</span> <span class='ocrx_word' id='word_1_157' title='bbox 1644 1722 1735 1802; x_wconf 85' lang='lat' dir='ltr'>qaod,</span> <span class='ocrx_word' id='word_1_158' title='bbox 1760 1721 1807 1782; x_wconf 87' lang='lat' dir='ltr'>ui·</span> 
     </span>
    </p>

    <p class='ocr_par' dir='ltr' id='par_1_16' title="bbox 257 1817 1807 1911">
     <span class='ocr_line' id='line_1_16' title="bbox 257 1817 1807 1911; baseline -0.01 -21"><span class='ocrx_word' id='word_1_159' title='bbox 257 1835 411 1901; x_wconf 88' lang='lat' dir='ltr'>tractum,</span> <span class='ocrx_word' id='word_1_160' title='bbox 441 1833 471 1888; x_wconf 91' lang='lat' dir='ltr'>at</span> <span class='ocrx_word' id='word_1_161' title='bbox 503 1825 709 1888; x_wconf 87' lang='lat' dir='ltr'>nihilomiuus</span> <span class='ocrx_word' id='word_1_162' title='bbox 741 1840 849 1887; x_wconf 87' lang='lat' dir='ltr'>eorum</span> <span class='ocrx_word' id='word_1_163' title='bbox 882 1823 1002 1903; x_wconf 88' lang='lat' dir='ltr'>prolem</span> <span class='ocrx_word' id='word_1_164' title='bbox 1030 1826 1032 1911; x_wconf 68' lang='grc' dir='ltr'><strong>ξ</strong></span> <span class='ocrx_word' id='word_1_165' title='bbox 1059 1829 1151 1884; x_wconf 84' lang='lat' dir='ltr'>vente</span> <span class='ocrx_word' id='word_1_166' title='bbox 1178 1841 1291 1896; x_wconf 82' lang='lat' dir='ltr'>umore,</span> <span class='ocrx_word' id='word_1_167' title='bbox 1322 1824 1421 1887; x_wconf 89' lang='lat' dir='ltr'>Pater</span> <span class='ocrx_word' id='word_1_168' title='bbox 1447 1819 1606 1900; x_wconf 82' lang='lat' dir='ltr'>praedicti</span> <span class='ocrx_word' id='word_1_169' title='bbox 1634 1817 1671 1882; x_wconf 86' lang='lat' dir='ltr'>lt.</span> <span class='ocrx_word' id='word_1_170' title='bbox 1701 1817 1807 1882; x_wconf 89' lang='lat' dir='ltr'>Matre</span> 
     </span>
    </p>

    <p class='ocr_par' dir='ltr' id='par_1_17' title="bbox 254 1915 1808 1999">
     <span class='ocr_line' id='line_1_17' title="bbox 254 1915 1808 1999; baseline -0.008 -18"><span class='ocrx_word' id='word_1_171' title='bbox 254 1921 395 1999; x_wconf 89' lang='lat' dir='ltr'>spuriam</span> <span class='ocrx_word' id='word_1_172' title='bbox 423 1919 567 1993; x_wconf 85' lang='lat' dir='ltr'>declarat,</span> <span class='ocrx_word' id='word_1_173' title='bbox 597 1934 700 1996; x_wconf 89' lang='lat' dir='ltr'>neque</span> <span class='ocrx_word' id='word_1_174' title='bbox 726 1934 780 1996; x_wconf 89' lang='lat' dir='ltr'>per</span> <span class='ocrx_word' id='word_1_175' title='bbox 811 1918 1003 1996; x_wconf 87' lang='lat' dir='ltr'>subsequens</span> <span class='ocrx_word' id='word_1_176' title='bbox 1030 1961 1032 1981; x_wconf 70' lang='grc'><strong><em>,</em></strong></span> <span class='ocrx_word' id='word_1_177' title='bbox 1061 1917 1164 1994; x_wconf 87' lang='lat' dir='ltr'>ipsius</span> <span class='ocrx_word' id='word_1_178' title='bbox 1184 1916 1312 1996; x_wconf 81' lang='lat' dir='ltr'>publice</span> <span class='ocrx_word' id='word_1_179' title='bbox 1339 1915 1460 1980; x_wconf 79' lang='lat' dir='ltr'>causus</span> <span class='ocrx_word' id='word_1_180' title='bbox 1481 1915 1612 1994; x_wconf 72' lang='lat' dir='ltr'>suisset,</span> <span class='ocrx_word' id='word_1_181' title='bbox 1638 1926 1710 1972; x_wconf 88' lang='lat' dir='ltr'>eum</span> <span class='ocrx_word' id='word_1_182' title='bbox 1731 1923 1808 1985; x_wconf 86' lang='lat' dir='ltr'>spu-</span> 
     </span>
    </p>

    <p class='ocr_par' dir='ltr' id='par_1_18' title="bbox 1029 2005 1807 2086">
     <span class='ocr_line' id='line_1_18' title="bbox 1029 2005 1807 2086; baseline -0.01 -18"><span class='ocrx_word' id='word_1_183' title='bbox 1029 2007 1032 2027; x_wconf 87' lang='grc'><em>’</em></span> <span class='ocrx_word' id='word_1_184' title='bbox 1060 2009 1147 2072; x_wconf 84' lang='lat' dir='ltr'>rium</span> <span class='ocrx_word' id='word_1_185' title='bbox 1163 2019 1194 2073; x_wconf 88' lang='lat' dir='ltr'>et</span> <span class='ocrx_word' id='word_1_186' title='bbox 1209 2010 1248 2074; x_wconf 84' lang='lat' dir='ltr'>ah</span> <span class='ocrx_word' id='word_1_187' title='bbox 1264 2010 1463 2073; x_wconf 81' lang='lat' dir='ltr'>haereditate</span> <span class='ocrx_word' id='word_1_188' title='bbox 1474 2005 1702 2086; x_wconf 23' lang='lat' dir='ltr'>,repellendum</span> <span class='ocrx_word' id='word_1_189' title='bbox 1715 2017 1807 2079; x_wconf 88' lang='lat' dir='ltr'>prae-</span> 
     </span>
    </p>

    <p class='ocr_par' dir='ltr' id='par_1_19' title="bbox 1058 2092 1805 2276">
     <span class='ocr_line' id='line_1_19' title="bbox 1058 2092 1805 2181; baseline -0.012 -18"><span class='ocrx_word' id='word_1_190' title='bbox 1058 2104 1172 2166; x_wconf 89' lang='lat' dir='ltr'>sertim</span> <span class='ocrx_word' id='word_1_191' title='bbox 1192 2104 1222 2165; x_wconf 88' lang='lat' dir='ltr'>si</span> <span class='ocrx_word' id='word_1_192' title='bbox 1243 2109 1347 2166; x_wconf 70' lang='lat' dir='ltr'>mutter</span> <span class='ocrx_word' id='word_1_193' title='bbox 1368 2102 1470 2181; x_wconf 86' lang='lat' dir='ltr'>ipsius</span> <span class='ocrx_word' id='word_1_194' title='bbox 1487 2102 1522 2164; x_wconf 85' lang='lat' dir='ltr'>in</span> <span class='ocrx_word' id='word_1_195' title='bbox 1536 2105 1670 2160; x_wconf 85' lang='lat' dir='ltr'>mortem</span> <span class='ocrx_word' id='word_1_196' title='bbox 1683 2092 1805 2174; x_wconf 82' lang='lat' dir='ltr'>prioris</span> 
     </span>
     <span class='ocr_line' id='line_1_20' title="bbox 1060 2194 1711 2276; baseline -0.014 -19"><span class='ocrx_word' id='word_1_197' title='bbox 1060 2196 1176 2258; x_wconf 76' lang='lat' dir='ltr'>otmarus</span> <span class='ocrx_word' id='word_1_198' title='bbox 1198 2197 1303 2276; x_wconf 79' lang='lat' dir='ltr'>[uerit</span> <span class='ocrx_word' id='word_1_199' title='bbox 1324 2195 1527 2266; x_wconf 83' lang='lat' dir='ltr'>machinata,</span> <span class='ocrx_word' id='word_1_200' title='bbox 1551 2194 1711 2256; x_wconf 86' lang='lat' dir='ltr'>decernas.</span> 
     </span>
    </p>
   </div>
   <div class='ocr_carea' id='block_1_5' title="bbox 1099 2278 2038 2404">
    <p class='ocr_par' dir='ltr' id='par_1_20' title="bbox 1099 2278 2038 2404">
     <span class='ocr_line' id='line_1_21' title="bbox 1099 2278 2038 2404; baseline -0.015 -51"><span class='ocrx_word' id='word_1_201' title='bbox 1099 2291 1188 2365; x_wconf 76' lang='lat' dir='ltr'>§tt</span> <span class='ocrx_word' id='word_1_202' title='bbox 1213 2290 1271 2354; x_wconf 90' lang='lat' dir='ltr'>Sed</span> <span class='ocrx_word' id='word_1_203' title='bbox 1294 2304 1482 2368; x_wconf 90' lang='lat' dir='ltr'>quamquam</span> <span class='ocrx_word' id='word_1_204' title='bbox 1504 2288 1690 2350; x_wconf 88' lang='lat' dir='ltr'>destitutum</span> <span class='ocrx_word' id='word_1_205' title='bbox 1712 2289 1743 2344; x_wconf 92' lang='lat' dir='ltr'>te</span> <span class='ocrx_word' id='word_1_206' title='bbox 1758 2278 1804 2340; x_wconf 87' lang='lat' dir='ltr'>vi·</span> <span class='ocrx_word' id='word_1_207' title='bbox 1823 2295 2038 2404; x_wconf 33' lang='lat' dir='ltr'>‘&#39;grgggtgqouoatffi</span> 
     </span>
    </p>
   </div>
   <div class='ocr_carea' id='block_1_6' title="bbox 25 2010 2039 3392">
    <p class='ocr_par' dir='ltr' id='par_1_21' title="bbox 25 2010 2039 3392">
     <span class='ocr_line' id='line_1_22' title="bbox 25 2010 960 2087; baseline -0.006 -11"><span class='ocrx_word' id='word_1_208' title='bbox 25 2061 26 2076; x_wconf 44' lang='lat'>2</span> <span class='ocrx_word' id='word_1_209' title='bbox 255 2014 493 2076; x_wconf 90' lang='lat' dir='ltr'>matrimonium</span> <span class='ocrx_word' id='word_1_210' title='bbox 516 2013 579 2076; x_wconf 93' lang='lat' dir='ltr'>ullo</span> <span class='ocrx_word' id='word_1_211' title='bbox 601 2012 693 2073; x_wconf 90' lang='lat' dir='ltr'>modo</span> <span class='ocrx_word' id='word_1_212' title='bbox 715 2010 960 2087; x_wconf 89' lang='lat' dir='ltr'>legitimandam.</span> 
     </span>
     <span class='ocr_line' id='line_1_23' title="bbox 25 2106 999 2212; baseline -0.001 -44"><span class='ocrx_word' id='word_1_213' title='bbox 25 2145 27 2198; x_wconf 68' lang='lat' dir='ltr'>p</span> <span class='ocrx_word' id='word_1_214' title='bbox 102 2117 236 2212; x_wconf 46' lang='grc' dir='ltr'>,κειεάεσνεᾶ-</span> <span class='ocrx_word' id='word_1_215' title='bbox 294 2108 313 2182; x_wconf 73' lang='grc'>5</span> <span class='ocrx_word' id='word_1_216' title='bbox 337 2107 384 2170; x_wconf 83' lang='lat' dir='ltr'>le.</span> <span class='ocrx_word' id='word_1_217' title='bbox 409 2106 502 2170; x_wconf 83' lang='lat' dir='ltr'>Plane</span> <span class='ocrx_word' id='word_1_218' title='bbox 522 2106 547 2168; x_wconf 92' lang='lat' dir='ltr'>si</span> <span class='ocrx_word' id='word_1_219' title='bbox 564 2107 605 2167; x_wconf 92' lang='lat' dir='ltr'>ita</span> <span class='ocrx_word' id='word_1_220' title='bbox 621 2113 726 2167; x_wconf 85' lang='lat' dir='ltr'>tecum</span> <span class='ocrx_word' id='word_1_221' title='bbox 741 2111 910 2182; x_wconf 88' lang='lat' dir='ltr'>reputares,</span> <span class='ocrx_word' id='word_1_222' title='bbox 928 2121 999 2167; x_wconf 87' lang='lat' dir='ltr'>ren.</span> 
     </span>
     <span class='ocr_line' id='line_1_24' title="bbox 25 2173 1002 2278; baseline -0.01 -8"><span class='ocrx_word' id='word_1_223' title='bbox 25 2205 26 2230; x_wconf 64' lang='lat'>³</span> <span class='ocrx_word' id='word_1_224' title='bbox 73 2173 143 2269; x_wconf 61' lang='lat' dir='ltr'>{llll}</span> <span class='ocrx_word' id='word_1_225' title='bbox 155 2179 237 2266; x_wconf 51' lang='lat' dir='ltr'>liugn?-</span> <span class='ocrx_word' id='word_1_226' title='bbox 255 2201 361 2275; x_wconf 81' lang='lat' dir='ltr'>irater,</span> <span class='ocrx_word' id='word_1_227' title='bbox 386 2216 450 2262; x_wconf 90' lang='lat' dir='ltr'>non</span> <span class='ocrx_word' id='word_1_228' title='bbox 468 2215 603 2278; x_wconf 89' lang='lat' dir='ltr'>aequum</span> <span class='ocrx_word' id='word_1_229' title='bbox 618 2201 656 2260; x_wconf 89' lang='lat' dir='ltr'>de</span> <span class='ocrx_word' id='word_1_230' title='bbox 672 2198 761 2260; x_wconf 88' lang='lat' dir='ltr'>uobis</span> <span class='ocrx_word' id='word_1_231' title='bbox 777 2196 926 2260; x_wconf 91' lang='lat' dir='ltr'>iudicium</span> <span class='ocrx_word' id='word_1_232' title='bbox 942 2197 1002 2260; x_wconf 88' lang='lat' dir='ltr'>ler-</span> 
     </span>
     <span class='ocr_line' id='line_1_25' title="bbox 73 2285 1031 2371; baseline -0.004 -13"><span class='ocrx_word' id='word_1_233' title='bbox 73 2285 147 2324; x_wconf 71' lang='lat'><strong>⁰³¹¹⁰¹¹⁰·</strong></span> <span class='ocrx_word' id='word_1_234' title='bbox 255 2311 314 2358; x_wconf 91' lang='lat' dir='ltr'>res.</span> <span class='ocrx_word' id='word_1_235' title='bbox 338 2293 401 2356; x_wconf 90' lang='lat' dir='ltr'>Nos</span> <span class='ocrx_word' id='word_1_236' title='bbox 422 2293 508 2354; x_wconf 92' lang='lat' dir='ltr'>enim</span> <span class='ocrx_word' id='word_1_237' title='bbox 530 2293 697 2371; x_wconf 85' lang='lat' dir='ltr'>praemissa</span> <span class='ocrx_word' id='word_1_238' title='bbox 725 2293 887 2356; x_wconf 88' lang='lat' dir='ltr'>decretalis</span> <span class='ocrx_word' id='word_1_239' title='bbox 909 2293 1000 2356; x_wconf 82' lang='lat' dir='ltr'>uerita</span> <span class='ocrx_word' id='word_1_240' title='bbox 1029 2299 1031 2309; x_wconf 89' lang='lat'>&#39;</span> 
     </span>
     <span class='ocr_line' id='line_1_26' title="bbox 253 2380 2038 2466; baseline -0.002 -16"><span class='ocrx_word' id='word_1_241' title='bbox 253 2398 359 2450; x_wconf 84' lang='lat' dir='ltr'>exacte</span> <span class='ocrx_word' id='word_1_242' title='bbox 382 2386 511 2460; x_wconf 81' lang='lat' dir='ltr'>reterre,</span> <span class='ocrx_word' id='word_1_243' title='bbox 534 2401 631 2463; x_wconf 89' lang='lat' dir='ltr'>eaque</span> <span class='ocrx_word' id='word_1_244' title='bbox 657 2386 734 2446; x_wconf 91' lang='lat' dir='ltr'>iusta</span> <span class='ocrx_word' id='word_1_245' title='bbox 759 2385 847 2448; x_wconf 90' lang='lat' dir='ltr'>lanne</span> <span class='ocrx_word' id='word_1_246' title='bbox 872 2401 1003 2466; x_wconf 89' lang='lat' dir='ltr'>pensare</span> <span class='ocrx_word' id='word_1_247' title='bbox 1059 2383 1128 2446; x_wconf 91' lang='lat' dir='ltr'>deas</span> <span class='ocrx_word' id='word_1_248' title='bbox 1150 2383 1338 2445; x_wconf 88' lang='lat' dir='ltr'>validissimo</span> <span class='ocrx_word' id='word_1_249' title='bbox 1360 2383 1529 2461; x_wconf 92' lang='lat' dir='ltr'>praesidia,</span> <span class='ocrx_word' id='word_1_250' title='bbox 1557 2381 1654 2460; x_wconf 93' lang='lat' dir='ltr'>quod,</span> <span class='ocrx_word' id='word_1_251' title='bbox 1678 2380 1713 2441; x_wconf 91' lang='lat' dir='ltr'>ad</span> <span class='ocrx_word' id='word_1_252' title='bbox 1735 2393 1805 2440; x_wconf 89' lang='lat' dir='ltr'>sen·</span> <span class='ocrx_word' id='word_1_253' title='bbox 1825 2400 1916 2462; x_wconf 71' lang='lat' dir='ltr'>incrta</span> <span class='ocrx_word' id='word_1_254' title='bbox 1959 2401 2038 2464; x_wconf 74' lang='lat' dir='ltr'>vuar</span> 
     </span>
     <span class='ocr_line' id='line_1_27' title="bbox 253 2453 2039 2564; baseline -0.007 -20"><span class='ocrx_word' id='word_1_255' title='bbox 253 2495 449 2559; x_wconf 89' lang='lat' dir='ltr'>nequaquam</span> <span class='ocrx_word' id='word_1_256' title='bbox 473 2479 649 2542; x_wconf 88' lang='lat' dir='ltr'>omisimus.</span> <span class='ocrx_word' id='word_1_257' title='bbox 673 2479 791 2542; x_wconf 89' lang='lat' dir='ltr'>Verum</span> <span class='ocrx_word' id='word_1_258' title='bbox 808 2479 849 2553; x_wconf 92' lang='lat' dir='ltr'>id,</span> <span class='ocrx_word' id='word_1_259' title='bbox 866 2481 947 2557; x_wconf 90' lang='lat' dir='ltr'>quod</span> <span class='ocrx_word' id='word_1_260' title='bbox 963 2497 1001 2541; x_wconf 85' lang='lat' dir='ltr'>ex</span> <span class='ocrx_word' id='word_1_261' title='bbox 1060 2476 1190 2540; x_wconf 89' lang='lat' dir='ltr'>tentiam</span> <span class='ocrx_word' id='word_1_262' title='bbox 1205 2485 1290 2538; x_wconf 87' lang='lat' dir='ltr'>tuam</span> <span class='ocrx_word' id='word_1_263' title='bbox 1310 2477 1538 2550; x_wconf 90' lang='lat' dir='ltr'>sustinendam,</span> <span class='ocrx_word' id='word_1_264' title='bbox 1552 2474 1584 2536; x_wconf 92' lang='lat' dir='ltr'>in</span> <span class='ocrx_word' id='word_1_265' title='bbox 1598 2474 1719 2550; x_wconf 88' lang='lat' dir='ltr'>integra</span> <span class='ocrx_word' id='word_1_266' title='bbox 1736 2472 1805 2533; x_wconf 91' lang='lat' dir='ltr'>Ale·</span> <span class='ocrx_word' id='word_1_267' title='bbox 1825 2453 1949 2564; x_wconf 52' lang='grc' dir='ltr'>ξῗῆξξζῖἃθ</span> <span class='ocrx_word' id='word_1_268' title='bbox 1965 2453 2039 2500; x_wconf 54' lang='lat'>‘¹¹³⁸‘</span> 
     </span>
     <span class='ocr_line' id='line_1_28' title="bbox 253 2568 1803 2645; baseline -0.005 -11"><span class='ocrx_word' id='word_1_269' title='bbox 253 2572 362 2634; x_wconf 88' lang='lat' dir='ltr'>iisdem</span> <span class='ocrx_word' id='word_1_270' title='bbox 382 2570 584 2633; x_wconf 87' lang='lat' dir='ltr'>inlereudum</span> <span class='ocrx_word' id='word_1_271' title='bbox 607 2585 674 2631; x_wconf 90' lang='lat' dir='ltr'>esse</span> <span class='ocrx_word' id='word_1_272' title='bbox 688 2579 841 2645; x_wconf 91' lang='lat' dir='ltr'>autumas,</span> <span class='ocrx_word' id='word_1_273' title='bbox 858 2585 914 2632; x_wconf 91' lang='lat' dir='ltr'>uos</span> <span class='ocrx_word' id='word_1_274' title='bbox 929 2571 1002 2634; x_wconf 90' lang='lat' dir='ltr'>inde</span> <span class='ocrx_word' id='word_1_275' title='bbox 1028 2568 1031 2601; x_wconf 80' lang='lat'>⁸</span> <span class='ocrx_word' id='word_1_276' title='bbox 1058 2571 1210 2633; x_wconf 76' lang='lat' dir='ltr'>nandrina</span> <span class='ocrx_word' id='word_1_277' title='bbox 1235 2569 1381 2632; x_wconf 89' lang='lat' dir='ltr'>decretali</span> <span class='ocrx_word' id='word_1_278' title='bbox 1408 2570 1631 2643; x_wconf 87' lang='lat' dir='ltr'>constitueras;</span> <span class='ocrx_word' id='word_1_279' title='bbox 1654 2574 1803 2640; x_wconf 90' lang='lat' dir='ltr'>attamen,</span> 
     </span>
     <span class='ocr_line' id='line_1_29' title="bbox 252 2658 1805 2744; baseline -0.007 -15"><span class='ocrx_word' id='word_1_280' title='bbox 252 2667 357 2743; x_wconf 81' lang='lat' dir='ltr'>colligi</span> <span class='ocrx_word' id='word_1_281' title='bbox 378 2680 466 2744; x_wconf 89' lang='lat' dir='ltr'>posse</span> <span class='ocrx_word' id='word_1_282' title='bbox 488 2679 550 2724; x_wconf 91' lang='lat' dir='ltr'>non</span> <span class='ocrx_word' id='word_1_283' title='bbox 573 2663 770 2725; x_wconf 84' lang='lat' dir='ltr'>arbitramur.</span> <span class='ocrx_word' id='word_1_284' title='bbox 1058 2679 1114 2742; x_wconf 94' lang='lat' dir='ltr'>pro</span> <span class='ocrx_word' id='word_1_285' title='bbox 1136 2679 1181 2738; x_wconf 89' lang='lat' dir='ltr'>ea,</span> <span class='ocrx_word' id='word_1_286' title='bbox 1205 2680 1264 2742; x_wconf 92' lang='lat' dir='ltr'>qua</span> <span class='ocrx_word' id='word_1_287' title='bbox 1286 2663 1392 2741; x_wconf 92' lang='lat' dir='ltr'>polles,</span> <span class='ocrx_word' id='word_1_288' title='bbox 1416 2661 1601 2724; x_wconf 89' lang='lat' dir='ltr'>eruditionis</span> <span class='ocrx_word' id='word_1_289' title='bbox 1623 2658 1805 2722; x_wconf 90' lang='lat' dir='ltr'>ecclesiasti-</span> 
     </span>
     <span class='ocr_line' id='line_1_30' title="bbox 292 2754 1806 2834; baseline -0.007 -12"><span class='ocrx_word' id='word_1_290' title='bbox 292 2759 420 2822; x_wconf 85' lang='lat' dir='ltr'>Etenim</span> <span class='ocrx_word' id='word_1_291' title='bbox 446 2758 540 2819; x_wconf 87' lang='lat' dir='ltr'>verba</span> <span class='ocrx_word' id='word_1_292' title='bbox 568 2757 635 2817; x_wconf 91' lang='lat' dir='ltr'>illa:</span> <span class='ocrx_word' id='word_1_293' title='bbox 674 2757 833 2831; x_wconf 69' lang='lat' dir='ltr'>Quorum</span> <span class='ocrx_word' id='word_1_294' title='bbox 861 2757 1002 2819; x_wconf 81' lang='lat' dir='ltr'>interce</span> <span class='ocrx_word' id='word_1_295' title='bbox 1058 2771 1110 2820; x_wconf 92' lang='lat' dir='ltr'>cae</span> <span class='ocrx_word' id='word_1_296' title='bbox 1131 2757 1228 2834; x_wconf 89' lang='lat' dir='ltr'>copia,</span> <span class='ocrx_word' id='word_1_297' title='bbox 1252 2757 1284 2818; x_wconf 91' lang='lat' dir='ltr'>in</span> <span class='ocrx_word' id='word_1_298' title='bbox 1314 2756 1395 2818; x_wconf 91' lang='lat' dir='ltr'>aliud</span> <span class='ocrx_word' id='word_1_299' title='bbox 1417 2762 1448 2816; x_wconf 89' lang='lat' dir='ltr'>te</span> <span class='ocrx_word' id='word_1_300' title='bbox 1470 2754 1599 2832; x_wconf 89' lang='lat' dir='ltr'>recipies</span> <span class='ocrx_word' id='word_1_301' title='bbox 1630 2766 1806 2832; x_wconf 91' lang='lat' dir='ltr'>propugna-</span> 
     </span>
     <span class='ocr_line' id='line_1_31' title="bbox 251 2836 1805 2926; baseline -0.005 -14"><span class='ocrx_word' id='word_1_302' title='bbox 251 2849 499 2916; x_wconf 85' lang='lat' dir='ltr'>matrimouium</span> <span class='ocrx_word' id='word_1_303' title='bbox 521 2851 710 2911; x_wconf 84' lang='lat' dir='ltr'>contrahere</span> <span class='ocrx_word' id='word_1_304' title='bbox 726 2865 790 2909; x_wconf 88' lang='lat' dir='ltr'>non</span> <span class='ocrx_word' id='word_1_305' title='bbox 805 2856 998 2926; x_wconf 86' lang='lat' dir='ltr'>potuerunt,</span> <span class='ocrx_word' id='word_1_306' title='bbox 1029 2836 1031 2911; x_wconf 58' lang='lat' dir='ltr'>i</span> <span class='ocrx_word' id='word_1_307' title='bbox 1058 2849 1177 2924; x_wconf 88' lang='lat' dir='ltr'>culum,</span> <span class='ocrx_word' id='word_1_308' title='bbox 1200 2865 1388 2924; x_wconf 87' lang='lat' dir='ltr'>asseverans,</span> <span class='ocrx_word' id='word_1_309' title='bbox 1414 2845 1651 2909; x_wconf 90' lang='lat' dir='ltr'>matrimonium</span> <span class='ocrx_word' id='word_1_310' title='bbox 1671 2846 1757 2908; x_wconf 90' lang='lat' dir='ltr'>iuter</span> <span class='ocrx_word' id='word_1_311' title='bbox 1775 2861 1805 2905; x_wconf 92' lang='lat' dir='ltr'>a·</span> 
     </span>
     <span class='ocr_line' id='line_1_32' title="bbox 250 2938 1858 3020; baseline -0.006 -13"><span class='ocrx_word' id='word_1_312' title='bbox 250 2959 389 3007; x_wconf 84' lang='lat' dir='ltr'>oannem</span> <span class='ocrx_word' id='word_1_313' title='bbox 411 2943 590 3004; x_wconf 87' lang='lat' dir='ltr'>immediate</span> <span class='ocrx_word' id='word_1_314' title='bbox 611 2949 686 3003; x_wconf 92' lang='lat' dir='ltr'>sunt</span> <span class='ocrx_word' id='word_1_315' title='bbox 708 2957 781 3004; x_wconf 90' lang='lat' dir='ltr'>cum</span> <span class='ocrx_word' id='word_1_316' title='bbox 803 2941 887 3003; x_wconf 91' lang='lat' dir='ltr'>aliis:</span> <span class='ocrx_word' id='word_1_317' title='bbox 910 2957 1000 3020; x_wconf 90' lang='lat' dir='ltr'>prae·</span> <span class='ocrx_word' id='word_1_318' title='bbox 1058 2942 1215 3005; x_wconf 90' lang='lat' dir='ltr'>dulterum</span> <span class='ocrx_word' id='word_1_319' title='bbox 1232 2949 1263 3004; x_wconf 90' lang='lat' dir='ltr'>et</span> <span class='ocrx_word' id='word_1_320' title='bbox 1284 2939 1552 3018; x_wconf 89' lang='lat' dir='ltr'>adulteram‚post</span> <span class='ocrx_word' id='word_1_321' title='bbox 1574 2948 1709 3000; x_wconf 89' lang='lat' dir='ltr'>mortem</span> <span class='ocrx_word' id='word_1_322' title='bbox 1725 2938 1806 3017; x_wconf 89' lang='lat' dir='ltr'>prio·</span> <span class='ocrx_word' id='word_1_323' title='bbox 1853 2960 1858 2971; x_wconf 91' lang='lat'><strong>·</strong></span> 
     </span>
     <span class='ocr_line' id='line_1_33' title="bbox 249 3032 1806 3117; baseline -0.003 -20"><span class='ocrx_word' id='word_1_324' title='bbox 249 3036 364 3098; x_wconf 86' lang='lat' dir='ltr'>sertim</span> <span class='ocrx_word' id='word_1_325' title='bbox 385 3035 414 3096; x_wconf 87' lang='lat' dir='ltr'>si</span> <span class='ocrx_word' id='word_1_326' title='bbox 436 3039 542 3096; x_wconf 91' lang='lat' dir='ltr'>mater</span> <span class='ocrx_word' id='word_1_327' title='bbox 570 3033 674 3110; x_wconf 85' lang='lat' dir='ltr'>ipsias</span> <span class='ocrx_word' id='word_1_328' title='bbox 696 3033 733 3093; x_wconf 83' lang='lat' dir='ltr'>iu</span> <span class='ocrx_word' id='word_1_329' title='bbox 758 3041 894 3096; x_wconf 89' lang='lat' dir='ltr'>martem</span> <span class='ocrx_word' id='word_1_330' title='bbox 916 3037 1001 3112; x_wconf 91' lang='lat' dir='ltr'>prio·</span> <span class='ocrx_word' id='word_1_331' title='bbox 1028 3091 1030 3117; x_wconf 33' lang='grc' dir='ltr'>Ι</span> <span class='ocrx_word' id='word_1_332' title='bbox 1058 3035 1099 3096; x_wconf 89' lang='lat' dir='ltr'>ris</span> <span class='ocrx_word' id='word_1_333' title='bbox 1121 3036 1239 3110; x_wconf 83' lang='lat' dir='ltr'>uxoris,</span> <span class='ocrx_word' id='word_1_334' title='bbox 1261 3041 1467 3107; x_wconf 88' lang='lat' dir='ltr'>contractum,</span> <span class='ocrx_word' id='word_1_335' title='bbox 1492 3034 1578 3095; x_wconf 83' lang='lat' dir='ltr'>iuxta</span> <span class='ocrx_word' id='word_1_336' title='bbox 1600 3042 1740 3094; x_wconf 87' lang='lat' dir='ltr'>ueterem</span> <span class='ocrx_word' id='word_1_337' title='bbox 1762 3032 1806 3094; x_wconf 94' lang='lat' dir='ltr'>di·</span> 
     </span>
     <span class='ocr_line' id='line_1_34' title="bbox 251 3126 1804 3206; baseline -0.001 -18"><span class='ocrx_word' id='word_1_338' title='bbox 251 3129 298 3190; x_wconf 85' lang='lat' dir='ltr'>ris</span> <span class='ocrx_word' id='word_1_339' title='bbox 321 3127 438 3189; x_wconf 82' lang='lat' dir='ltr'>neoris</span> <span class='ocrx_word' id='word_1_340' title='bbox 461 3129 566 3204; x_wconf 73' lang='lat' dir='ltr'>tuerit</span> <span class='ocrx_word' id='word_1_341' title='bbox 587 3126 789 3190; x_wconf 83' lang='lat' dir='ltr'>macltiuota.</span> <span class='ocrx_word' id='word_1_342' title='bbox 813 3129 856 3190; x_wconf 88' lang='lat' dir='ltr'>Ac</span> <span class='ocrx_word' id='word_1_343' title='bbox 872 3127 1001 3204; x_wconf 90' lang='lat' dir='ltr'>proinde</span> <span class='ocrx_word' id='word_1_344' title='bbox 1028 3164 1030 3201; x_wconf 80' lang='grc'>,</span> <span class='ocrx_word' id='word_1_345' title='bbox 1056 3128 1236 3206; x_wconf 91' lang='lat' dir='ltr'>scipliuam,</span> <span class='ocrx_word' id='word_1_346' title='bbox 1266 3143 1322 3206; x_wconf 94' lang='lat' dir='ltr'>pro</span> <span class='ocrx_word' id='word_1_347' title='bbox 1353 3127 1441 3188; x_wconf 93' lang='lat' dir='ltr'>nullo</span> <span class='ocrx_word' id='word_1_348' title='bbox 1464 3126 1605 3189; x_wconf 85' lang='lat' dir='ltr'>trabitum</span> <span class='ocrx_word' id='word_1_349' title='bbox 1631 3141 1713 3201; x_wconf 81' lang='lat' dir='ltr'>esse3</span> <span class='ocrx_word' id='word_1_350' title='bbox 1739 3133 1804 3186; x_wconf 91' lang='lat' dir='ltr'>tum</span> 
     </span>
     <span class='ocr_line' id='line_1_35' title="bbox 249 3216 1807 3299; baseline -0.003 -16"><span class='ocrx_word' id='word_1_351' title='bbox 249 3222 301 3299; x_wconf 82' lang='lat' dir='ltr'>(eu</span> <span class='ocrx_word' id='word_1_352' title='bbox 317 3220 425 3296; x_wconf 87' lang='lat' dir='ltr'>regula</span> <span class='ocrx_word' id='word_1_353' title='bbox 438 3219 701 3298; x_wconf 88' lang='lat' dir='ltr'>iurisperitorum,</span> <span class='ocrx_word' id='word_1_354' title='bbox 714 3219 904 3297; x_wconf 81' lang='lat' dir='ltr'>iuxtaquam</span> <span class='ocrx_word' id='word_1_355' title='bbox 921 3220 1002 3282; x_wconf 89' lang='lat' dir='ltr'>reia·</span> <span class='ocrx_word' id='word_1_356' title='bbox 1028 3216 1030 3239; x_wconf 86' lang='lat'><strong>¹</strong></span> <span class='ocrx_word' id='word_1_357' title='bbox 1057 3220 1156 3284; x_wconf 90' lang='lat' dir='ltr'>adhuc</span> <span class='ocrx_word' id='word_1_358' title='bbox 1176 3229 1277 3284; x_wconf 88' lang='lat' dir='ltr'>aetate</span> <span class='ocrx_word' id='word_1_359' title='bbox 1297 3219 1466 3284; x_wconf 82' lang='lat' dir='ltr'>Alexandri</span> <span class='ocrx_word' id='word_1_360' title='bbox 1487 3220 1536 3282; x_wconf 91' lang='lat' dir='ltr'>lll.</span> <span class='ocrx_word' id='word_1_361' title='bbox 1562 3219 1740 3282; x_wconf 88' lang='lat' dir='ltr'>huiusmodi</span> <span class='ocrx_word' id='word_1_362' title='bbox 1762 3217 1807 3278; x_wconf 92' lang='lat' dir='ltr'>di-</span> 
     </span>
     <span class='ocr_line' id='line_1_36' title="bbox 252 3309 1804 3392; baseline -0.001 -17"><span class='ocrx_word' id='word_1_363' title='bbox 252 3314 297 3375; x_wconf 90' lang='lat' dir='ltr'>tio</span> <span class='ocrx_word' id='word_1_364' title='bbox 307 3314 344 3390; x_wconf 76' lang='lat' dir='ltr'>pit</span> <span class='ocrx_word' id='word_1_365' title='bbox 360 3311 402 3374; x_wconf 86' lang='lat' dir='ltr'>ad</span> <span class='ocrx_word' id='word_1_366' title='bbox 416 3309 581 3390; x_wconf 75' lang='lat' dir='ltr'>prosimu)</span> <span class='ocrx_word' id='word_1_367' title='bbox 592 3311 756 3374; x_wconf 87' lang='lat' dir='ltr'>declaratio</span> <span class='ocrx_word' id='word_1_368' title='bbox 772 3311 925 3374; x_wconf 88' lang='lat' dir='ltr'>nullitatis</span> <span class='ocrx_word' id='word_1_369' title='bbox 937 3327 1000 3373; x_wconf 91' lang='lat' dir='ltr'>ma·</span> <span class='ocrx_word' id='word_1_370' title='bbox 1056 3314 1220 3392; x_wconf 91' lang='lat' dir='ltr'>sciplinam</span> <span class='ocrx_word' id='word_1_371' title='bbox 1234 3315 1388 3391; x_wconf 85' lang='lat' dir='ltr'>riguisse;</span> <span class='ocrx_word' id='word_1_372' title='bbox 1411 3331 1444 3376; x_wconf 90' lang='lat' dir='ltr'>ac</span> <span class='ocrx_word' id='word_1_373' title='bbox 1459 3313 1587 3375; x_wconf 88' lang='lat' dir='ltr'>demum</span> <span class='ocrx_word' id='word_1_374' title='bbox 1610 3313 1804 3375; x_wconf 89' lang='lat' dir='ltr'>immutatam</span> 
     </span>
    </p>
   </div>
   <div class='ocr_carea' id='block_1_7' title="bbox 251 3404 1805 3488">
    <p class='ocr_par' dir='ltr' id='par_1_22' title="bbox 251 3404 1805 3488">
     <span class='ocr_line' id='line_1_37' title="bbox 251 3404 1805 3488; baseline -0.001 -20"><span class='ocrx_word' id='word_1_375' title='bbox 251 3405 392 3468; x_wconf 90' lang='lat' dir='ltr'>trimonii</span> <span class='ocrx_word' id='word_1_376' title='bbox 415 3421 479 3468; x_wconf 92' lang='lat' dir='ltr'>uon</span> <span class='ocrx_word' id='word_1_377' title='bbox 500 3405 627 3483; x_wconf 90' lang='lat' dir='ltr'>quidem</span> <span class='ocrx_word' id='word_1_378' title='bbox 649 3405 682 3466; x_wconf 92' lang='lat' dir='ltr'>in</span> <span class='ocrx_word' id='word_1_379' title='bbox 706 3404 899 3484; x_wconf 87' lang='lat' dir='ltr'>praecedenti</span> <span class='ocrx_word' id='word_1_380' title='bbox 915 3406 1000 3469; x_wconf 92' lang='lat' dir='ltr'>adul·</span> <span class='ocrx_word' id='word_1_381' title='bbox 1058 3425 1124 3471; x_wconf 87' lang='lat' dir='ltr'>esse</span> <span class='ocrx_word' id='word_1_382' title='bbox 1147 3409 1336 3488; x_wconf 85' lang='lat' dir='ltr'>temporibus</span> <span class='ocrx_word' id='word_1_383' title='bbox 1357 3408 1531 3470; x_wconf 89' lang='lat' dir='ltr'>iunocentii</span> <span class='ocrx_word' id='word_1_384' title='bbox 1553 3406 1622 3481; x_wconf 89' lang='lat' dir='ltr'>lll.‚</span> <span class='ocrx_word' id='word_1_385' title='bbox 1645 3407 1734 3469; x_wconf 91' lang='lat' dir='ltr'>ouius</span> <span class='ocrx_word' id='word_1_386' title='bbox 1755 3405 1805 3467; x_wconf 87' lang='lat' dir='ltr'>de·</span> 
     </span>
    </p>
   </div>
   <div class='ocr_carea' id='block_1_8' title="bbox 71 3879 1029 3991">
    <p class='ocr_par' dir='ltr' id='par_1_23' title="bbox 22 3865 1029 3991">
     <span class='ocr_line' id='line_1_38' title="bbox 71 3879 1029 3991; baseline 0.01 -59.513"><span class='ocrx_word' id='word_1_387' title='bbox 71 3893 232 3991; x_wconf 42' lang='lat' dir='ltr'>meppiemrg&#39;fearsig</span> <span class='ocrx_word' id='word_1_388' title='bbox 291 3879 382 3955; x_wconf 74' lang='lat'>§20-</span> <span class='ocrx_word' id='word_1_389' title='bbox 406 3880 569 3941; x_wconf 88' lang='lat' dir='ltr'>Praeterea</span> <span class='ocrx_word' id='word_1_390' title='bbox 584 3879 771 3942; x_wconf 90' lang='lat' dir='ltr'>concedatur</span> <span class='ocrx_word' id='word_1_391' title='bbox 785 3879 890 3954; x_wconf 87' lang='lat' dir='ltr'>etiam,</span> <span class='ocrx_word' id='word_1_392' title='bbox 906 3879 998 3940; x_wconf 83' lang='lat' dir='ltr'>rerba</span> <span class='ocrx_word' id='word_1_393' title='bbox 1026 3885 1029 3925; x_wconf 58' lang='lat'>&lt;¹</span> 
     </span>
    </p>
   </div>
   <div class='ocr_carea' id='block_1_9' title="bbox 251 3478 1805 3601">
    <p class='ocr_par' dir='ltr' id='par_1_24' title="bbox 251 3478 1805 3601">
     <span class='ocr_line' id='line_1_39' title="bbox 251 3478 1805 3601; baseline 0 -39"><span class='ocrx_word' id='word_1_394' title='bbox 251 3499 331 3562; x_wconf 89' lang='lat' dir='ltr'>terio</span> <span class='ocrx_word' id='word_1_395' title='bbox 352 3498 512 3572; x_wconf 81' lang='lat' dir='ltr'>fundatur,</span> <span class='ocrx_word' id='word_1_396' title='bbox 528 3497 581 3558; x_wconf 91' lang='lat' dir='ltr'>sed</span> <span class='ocrx_word' id='word_1_397' title='bbox 603 3499 636 3558; x_wconf 91' lang='lat' dir='ltr'>in</span> <span class='ocrx_word' id='word_1_398' title='bbox 651 3497 881 3562; x_wconf 86' lang='lat' dir='ltr'>machinatione</span> <span class='ocrx_word' id='word_1_399' title='bbox 895 3501 1002 3562; x_wconf 90' lang='lat' dir='ltr'>adver·</span> <span class='ocrx_word' id='word_1_400' title='bbox 1027 3478 1029 3601; x_wconf 52' lang='grc' dir='ltr'>ξ</span> <span class='ocrx_word' id='word_1_401' title='bbox 1057 3509 1152 3577; x_wconf 89' lang='lat' dir='ltr'>creto,</span> <span class='ocrx_word' id='word_1_402' title='bbox 1175 3504 1211 3564; x_wconf 94' lang='lat' dir='ltr'>ad</span> <span class='ocrx_word' id='word_1_403' title='bbox 1245 3501 1430 3565; x_wconf 90' lang='lat' dir='ltr'>irritandum</span> <span class='ocrx_word' id='word_1_404' title='bbox 1457 3502 1695 3564; x_wconf 91' lang='lat' dir='ltr'>matrimonium</span> <span class='ocrx_word' id='word_1_405' title='bbox 1722 3501 1805 3562; x_wconf 91' lang='lat' dir='ltr'>inter</span> 
     </span>
    </p>
   </div>
   <div class='ocr_carea' id='block_1_10' title="bbox 248 3591 1000 3846">
    <p class='ocr_par' dir='ltr' id='par_1_25' title="bbox 248 3591 1000 3846">
     <span class='ocr_line' id='line_1_40' title="bbox 248 3591 1000 3672; baseline 0.005 -20"><span class='ocrx_word' id='word_1_406' title='bbox 248 3607 302 3654; x_wconf 92' lang='lat' dir='ltr'>sus</span> <span class='ocrx_word' id='word_1_407' title='bbox 334 3592 430 3652; x_wconf 88' lang='lat' dir='ltr'>vitam</span> <span class='ocrx_word' id='word_1_408' title='bbox 464 3591 623 3668; x_wconf 89' lang='lat' dir='ltr'>legitimae</span> <span class='ocrx_word' id='word_1_409' title='bbox 651 3591 774 3667; x_wconf 86' lang='lat' dir='ltr'>uxoris,</span> <span class='ocrx_word' id='word_1_410' title='bbox 804 3593 884 3654; x_wconf 89' lang='lat' dir='ltr'>eirca</span> <span class='ocrx_word' id='word_1_411' title='bbox 905 3610 1000 3672; x_wconf 89' lang='lat' dir='ltr'>quam</span> 
     </span>
     <span class='ocr_line' id='line_1_41' title="bbox 250 3687 1000 3763; baseline -0.003 -13"><span class='ocrx_word' id='word_1_412' title='bbox 250 3687 338 3751; x_wconf 94' lang='lat' dir='ltr'>nulla</span> <span class='ocrx_word' id='word_1_413' title='bbox 353 3688 435 3748; x_wconf 89' lang='lat' dir='ltr'>inter</span> <span class='ocrx_word' id='word_1_414' title='bbox 450 3702 518 3762; x_wconf 89' lang='lat' dir='ltr'>uos,</span> <span class='ocrx_word' id='word_1_415' title='bbox 530 3699 632 3763; x_wconf 86' lang='lat' dir='ltr'>neque</span> <span class='ocrx_word' id='word_1_416' title='bbox 647 3687 741 3747; x_wconf 89' lang='lat' dir='ltr'>etiam</span> <span class='ocrx_word' id='word_1_417' title='bbox 756 3687 840 3748; x_wconf 90' lang='lat' dir='ltr'>iuter</span> <span class='ocrx_word' id='word_1_418' title='bbox 851 3687 938 3763; x_wconf 92' lang='lat' dir='ltr'>alios,</span> <span class='ocrx_word' id='word_1_419' title='bbox 954 3693 1000 3748; x_wconf 86' lang='lat' dir='ltr'>est</span> 
     </span>
     <span class='ocr_line' id='line_1_42' title="bbox 250 3783 473 3846; baseline -0.018 0"><span class='ocrx_word' id='word_1_420' title='bbox 250 3783 473 3846; x_wconf 82' lang='lat' dir='ltr'>controuersia.</span> 
     </span>
    </p>
   </div>
   <div class='ocr_carea' id='block_1_11' title="bbox 22 3974 1000 4057">
    <p class='ocr_par' dir='ltr' id='par_1_26' title="bbox 22 3974 1000 4057">
     <span class='ocr_line' id='line_1_43' title="bbox 22 3974 1000 4057; baseline 0.005 -22"><span class='ocrx_word' id='word_1_421' title='bbox 22 3991 23 4052; x_wconf 79' lang='lat' dir='ltr'>j</span> <span class='ocrx_word' id='word_1_422' title='bbox 71 4002 182 4044; x_wconf 72' lang='lat' dir='ltr'>trauan.</span> <span class='ocrx_word' id='word_1_423' title='bbox 251 3974 321 4049; x_wconf 90' lang='lat' dir='ltr'>illa,</span> <span class='ocrx_word' id='word_1_424' title='bbox 347 3976 505 4051; x_wconf 79' lang='lat' dir='ltr'>Quoniam</span> <span class='ocrx_word' id='word_1_425' title='bbox 527 3978 615 4040; x_wconf 79' lang='lat' dir='ltr'>iuter</span> <span class='ocrx_word' id='word_1_426' title='bbox 634 3994 667 4038; x_wconf 88' lang='lat' dir='ltr'>se</span> <span class='ocrx_word' id='word_1_427' title='bbox 689 3978 868 4057; x_wconf 75' lang='lat' dir='ltr'>legitimam</span> <span class='ocrx_word' id='word_1_428' title='bbox 884 3980 1000 4042; x_wconf 90' lang='lat' dir='ltr'>matri·</span> 
     </span>
    </p>
   </div>
   <div class='ocr_carea' id='block_1_12' title="bbox 250 4073 1029 4246">
    <p class='ocr_par' dir='ltr' id='par_1_27' title="bbox 250 4073 1029 4246">
     <span class='ocr_line' id='line_1_44' title="bbox 250 4073 1029 4163; baseline 0.001 -28"><span class='ocrx_word' id='word_1_429' title='bbox 250 4076 396 4135; x_wconf 85' lang='lat' dir='ltr'>mortium</span> <span class='ocrx_word' id='word_1_430' title='bbox 419 4073 606 4137; x_wconf 83' lang='lat' dir='ltr'>contradere</span> <span class='ocrx_word' id='word_1_431' title='bbox 628 4090 691 4134; x_wconf 91' lang='lat' dir='ltr'>uon</span> <span class='ocrx_word' id='word_1_432' title='bbox 713 4080 904 4152; x_wconf 88' lang='lat' dir='ltr'>potuerunt,</span> <span class='ocrx_word' id='word_1_433' title='bbox 935 4090 998 4136; x_wconf 92' lang='lat' dir='ltr'>uou</span> <span class='ocrx_word' id='word_1_434' title='bbox 1026 4082 1029 4163; x_wconf 64' lang='lat' dir='ltr'>j</span> 
     </span>
     <span class='ocr_line' id='line_1_45' title="bbox 250 4168 1001 4246; baseline 0 -18"><span class='ocrx_word' id='word_1_435' title='bbox 250 4175 376 4230; x_wconf 89' lang='lat' dir='ltr'>tantum</span> <span class='ocrx_word' id='word_1_436' title='bbox 386 4169 421 4229; x_wconf 92' lang='lat' dir='ltr'>ad</span> <span class='ocrx_word' id='word_1_437' title='bbox 434 4169 695 4232; x_wconf 86' lang='lat' dir='ltr'>machinationem</span> <span class='ocrx_word' id='word_1_438' title='bbox 710 4168 800 4246; x_wconf 90' lang='lat' dir='ltr'>paulo</span> <span class='ocrx_word' id='word_1_439' title='bbox 815 4176 889 4228; x_wconf 89' lang='lat' dir='ltr'>ante</span> <span class='ocrx_word' id='word_1_440' title='bbox 899 4184 1001 4229; x_wconf 88' lang='lat' dir='ltr'>enun-</span> 
     </span>
    </p>
   </div>
   <div class='ocr_carea' id='block_1_13' title="bbox 249 4261 998 4434">
    <p class='ocr_par' dir='ltr' id='par_1_28' title="bbox 249 4261 998 4434">
     <span class='ocr_line' id='line_1_46' title="bbox 249 4261 998 4340; baseline 0.003 -17"><span class='ocrx_word' id='word_1_441' title='bbox 249 4261 362 4323; x_wconf 85' lang='lat' dir='ltr'>tiatam</span> <span class='ocrx_word' id='word_1_442' title='bbox 384 4263 505 4336; x_wconf 86' lang='lat' dir='ltr'>relerri,</span> <span class='ocrx_word' id='word_1_443' title='bbox 532 4264 585 4324; x_wconf 92' lang='lat' dir='ltr'>sed</span> <span class='ocrx_word' id='word_1_444' title='bbox 606 4265 642 4324; x_wconf 92' lang='lat' dir='ltr'>ad</span> <span class='ocrx_word' id='word_1_445' title='bbox 666 4270 767 4325; x_wconf 90' lang='lat' dir='ltr'>totum</span> <span class='ocrx_word' id='word_1_446' title='bbox 790 4263 832 4338; x_wconf 90' lang='lat' dir='ltr'>id,</span> <span class='ocrx_word' id='word_1_447' title='bbox 861 4265 942 4340; x_wconf 89' lang='lat' dir='ltr'>quod</span> <span class='ocrx_word' id='word_1_448' title='bbox 966 4264 998 4325; x_wconf 92' lang='lat' dir='ltr'>iu</span> 
     </span>
     <span class='ocr_line' id='line_1_47' title="bbox 250 4353 998 4434; baseline 0.004 -19"><span class='ocrx_word' id='word_1_449' title='bbox 250 4353 374 4432; x_wconf 89' lang='lat' dir='ltr'>integra</span> <span class='ocrx_word' id='word_1_450' title='bbox 394 4356 540 4419; x_wconf 88' lang='lat' dir='ltr'>decretali</span> <span class='ocrx_word' id='word_1_451' title='bbox 562 4357 738 4434; x_wconf 86' lang='lat' dir='ltr'>expositum</span> <span class='ocrx_word' id='word_1_452' title='bbox 755 4356 824 4420; x_wconf 92' lang='lat' dir='ltr'>luit.</span> <span class='ocrx_word' id='word_1_453' title='bbox 850 4357 943 4417; x_wconf 86' lang='lat' dir='ltr'>Porro</span> <span class='ocrx_word' id='word_1_454' title='bbox 965 4357 998 4418; x_wconf 92' lang='lat' dir='ltr'>in</span> 
     </span>
    </p>
   </div>
   <div class='ocr_carea' id='block_1_14' title="bbox 247 4447 1028 4811">
    <p class='ocr_par' dir='ltr' id='par_1_29' title="bbox 247 4447 1028 4811">
     <span class='ocr_line' id='line_1_48' title="bbox 249 4447 1028 4527; baseline 0.003 -19"><span class='ocrx_word' id='word_1_455' title='bbox 249 4447 374 4525; x_wconf 88' lang='lat' dir='ltr'>integro</span> <span class='ocrx_word' id='word_1_456' title='bbox 395 4451 558 4514; x_wconf 89' lang='lat' dir='ltr'>decretalis</span> <span class='ocrx_word' id='word_1_457' title='bbox 578 4457 726 4513; x_wconf 79' lang='lat' dir='ltr'>contextu</span> <span class='ocrx_word' id='word_1_458' title='bbox 753 4451 856 4527; x_wconf 90' lang='lat' dir='ltr'>agitur</span> <span class='ocrx_word' id='word_1_459' title='bbox 876 4451 914 4512; x_wconf 94' lang='lat' dir='ltr'>de</span> <span class='ocrx_word' id='word_1_460' title='bbox 935 4465 1000 4510; x_wconf 90' lang='lat' dir='ltr'>ma·</span> <span class='ocrx_word' id='word_1_461' title='bbox 1025 4452 1028 4467; x_wconf 85' lang='lat'><em>&#39;</em></span> 
     </span>
     <span class='ocr_line' id='line_1_49' title="bbox 250 4543 1027 4623; baseline 0.005 -21"><span class='ocrx_word' id='word_1_462' title='bbox 250 4543 398 4604; x_wconf 89' lang='lat' dir='ltr'>trimonio</span> <span class='ocrx_word' id='word_1_463' title='bbox 420 4551 486 4622; x_wconf 92' lang='lat' dir='ltr'>post</span> <span class='ocrx_word' id='word_1_464' title='bbox 509 4545 618 4622; x_wconf 90' lang='lat' dir='ltr'>prioris</span> <span class='ocrx_word' id='word_1_465' title='bbox 639 4545 746 4606; x_wconf 80' lang='lat' dir='ltr'>uxoris</span> <span class='ocrx_word' id='word_1_466' title='bbox 768 4553 917 4619; x_wconf 90' lang='lat' dir='ltr'>mortem,</span> <span class='ocrx_word' id='word_1_467' title='bbox 934 4561 996 4606; x_wconf 90' lang='lat' dir='ltr'>non</span> <span class='ocrx_word' id='word_1_468' title='bbox 1025 4572 1027 4623; x_wconf 73' lang='grc' dir='ltr'>ς</span> 
     </span>
     <span class='ocr_line' id='line_1_50' title="bbox 247 4638 997 4718; baseline 0 -20"><span class='ocrx_word' id='word_1_469' title='bbox 247 4638 351 4699; x_wconf 91' lang='lat' dir='ltr'>solum</span> <span class='ocrx_word' id='word_1_470' title='bbox 372 4638 457 4700; x_wconf 90' lang='lat' dir='ltr'>inter</span> <span class='ocrx_word' id='word_1_471' title='bbox 483 4639 657 4714; x_wconf 90' lang='lat' dir='ltr'>adulteros,</span> <span class='ocrx_word' id='word_1_472' title='bbox 679 4641 731 4702; x_wconf 91' lang='lat' dir='ltr'>sed</span> <span class='ocrx_word' id='word_1_473' title='bbox 753 4640 847 4702; x_wconf 90' lang='lat' dir='ltr'>etiam</span> <span class='ocrx_word' id='word_1_474' title='bbox 876 4639 997 4718; x_wconf 87' lang='lat' dir='ltr'>praevia</span> 
     </span>
     <span class='ocr_line' id='line_1_51' title="bbox 248 4731 1027 4811; baseline 0.004 -19"><span class='ocrx_word' id='word_1_475' title='bbox 248 4731 537 4794; x_wconf 83' lang='lat' dir='ltr'>machinationem</span> <span class='ocrx_word' id='word_1_476' title='bbox 566 4733 677 4811; x_wconf 90' lang='lat' dir='ltr'>prioris</span> <span class='ocrx_word' id='word_1_477' title='bbox 708 4733 814 4794; x_wconf 76' lang='lat' dir='ltr'>uxoris</span> <span class='ocrx_word' id='word_1_478' title='bbox 842 4743 996 4808; x_wconf 87' lang='lat' dir='ltr'>mortem,</span> <span class='ocrx_word' id='word_1_479' title='bbox 1025 4773 1027 4785; x_wconf 84' lang='lat'>·</span> 
     </span>
    </p>
   </div>
   <div class='ocr_carea' id='block_1_15' title="bbox 1027 3593 1804 3777">
    <p class='ocr_par' dir='ltr' id='par_1_30' title="bbox 1027 3593 1804 3786">
     <span class='ocr_line' id='line_1_52' title="bbox 1027 3593 1804 3679; baseline -0.004 -22"><span class='ocrx_word' id='word_1_480' title='bbox 1027 3611 1029 3679; x_wconf 63' lang='grc' dir='ltr'>ξ</span> <span class='ocrx_word' id='word_1_481' title='bbox 1057 3595 1224 3670; x_wconf 89' lang='lat' dir='ltr'>adulteros,</span> <span class='ocrx_word' id='word_1_482' title='bbox 1241 3603 1363 3673; x_wconf 89' lang='lat' dir='ltr'>praeter</span> <span class='ocrx_word' id='word_1_483' title='bbox 1378 3595 1522 3657; x_wconf 89' lang='lat' dir='ltr'>adulterii</span> <span class='ocrx_word' id='word_1_484' title='bbox 1538 3596 1669 3669; x_wconf 88' lang='lat' dir='ltr'>crimen,</span> <span class='ocrx_word' id='word_1_485' title='bbox 1686 3593 1804 3672; x_wconf 87' lang='lat' dir='ltr'>requiri</span> 
     </span>
     <span class='ocr_line' id='line_1_53' title="bbox 1056 3688 1804 3777; baseline -0.018 -15.523"><span class='ocrx_word' id='word_1_486' title='bbox 1056 3699 1156 3777; x_wconf 91' lang='lat' dir='ltr'>coepit</span> <span class='ocrx_word' id='word_1_487' title='bbox 1177 3707 1230 3760; x_wconf 94' lang='lat' dir='ltr'>aut</span> <span class='ocrx_word' id='word_1_488' title='bbox 1251 3695 1437 3758; x_wconf 89' lang='lat' dir='ltr'>machinatio</span> <span class='ocrx_word' id='word_1_489' title='bbox 1458 3693 1491 3754; x_wconf 92' lang='lat' dir='ltr'>iu</span> <span class='ocrx_word' id='word_1_490' title='bbox 1515 3700 1650 3754; x_wconf 88' lang='lat' dir='ltr'>mortem</span> <span class='ocrx_word' id='word_1_491' title='bbox 1672 3688 1804 3765; x_wconf 90' lang='lat' dir='ltr'>legitimi</span> 
     </span>
    </p>
   </div>
   <div class='ocr_carea' id='block_1_16' title="bbox 1056 3787 1804 4040">
    <p class='ocr_par' dir='ltr' id='par_1_31' title="bbox 1056 3787 1804 4040">
     <span class='ocr_line' id='line_1_54' title="bbox 1056 3787 1804 3868; baseline -0.008 -14"><span class='ocrx_word' id='word_1_492' title='bbox 1056 3791 1216 3868; x_wconf 89' lang='lat' dir='ltr'>coniugis,</span> <span class='ocrx_word' id='word_1_493' title='bbox 1245 3797 1298 3852; x_wconf 88' lang='lat' dir='ltr'>aut</span> <span class='ocrx_word' id='word_1_494' title='bbox 1322 3790 1484 3868; x_wconf 90' lang='lat' dir='ltr'>promissio</span> <span class='ocrx_word' id='word_1_495' title='bbox 1516 3787 1713 3865; x_wconf 74' lang='lat' dir='ltr'>criptarum,</span> <span class='ocrx_word' id='word_1_496' title='bbox 1737 3794 1804 3865; x_wconf 89' lang='lat' dir='ltr'>post</span> 
     </span>
     <span class='ocr_line' id='line_1_55' title="bbox 1056 3881 1804 3965; baseline -0.004 -18"><span class='ocrx_word' id='word_1_497' title='bbox 1056 3887 1167 3965; x_wconf 90' lang='lat' dir='ltr'>prioris</span> <span class='ocrx_word' id='word_1_498' title='bbox 1189 3883 1381 3946; x_wconf 88' lang='lat' dir='ltr'>matrimonii</span> <span class='ocrx_word' id='word_1_499' title='bbox 1396 3881 1598 3956; x_wconf 87' lang='lat' dir='ltr'>solutionem,</span> <span class='ocrx_word' id='word_1_500' title='bbox 1616 3882 1699 3943; x_wconf 90' lang='lat' dir='ltr'>iuter</span> <span class='ocrx_word' id='word_1_501' title='bbox 1720 3881 1804 3944; x_wconf 93' lang='lat' dir='ltr'>adul·</span> 
     </span>
     <span class='ocr_line' id='line_1_56' title="bbox 1057 3977 1455 4040; baseline -0.015 0"><span class='ocrx_word' id='word_1_502' title='bbox 1057 3987 1139 4040; x_wconf 87' lang='lat' dir='ltr'>leros</span> <span class='ocrx_word' id='word_1_503' title='bbox 1160 3977 1455 4040; x_wconf 88' lang='lat' dir='ltr'>contrahendarum.</span> 
     </span>
    </p>
   </div>
   <div class='ocr_carea' id='block_1_17' title="bbox 1096 4065 2034 4151">
    <p class='ocr_par' dir='ltr' id='par_1_32' title="bbox 1096 4065 2034 4151">
     <span class='ocr_line' id='line_1_57' title="bbox 1096 4065 2034 4151; baseline -0.017 -11"><span class='ocrx_word' id='word_1_504' title='bbox 1096 4076 1184 4151; x_wconf 67' lang='lat'>§22</span> <span class='ocrx_word' id='word_1_505' title='bbox 1208 4074 1277 4137; x_wconf 91' lang='lat' dir='ltr'>Nou</span> <span class='ocrx_word' id='word_1_506' title='bbox 1300 4075 1375 4134; x_wconf 89' lang='lat' dir='ltr'>adeo</span> <span class='ocrx_word' id='word_1_507' title='bbox 1398 4082 1538 4150; x_wconf 89' lang='lat' dir='ltr'>tempore</span> <span class='ocrx_word' id='word_1_508' title='bbox 1559 4073 1754 4136; x_wconf 90' lang='lat' dir='ltr'>abundamus</span> <span class='ocrx_word' id='word_1_509' title='bbox 1772 4078 1803 4133; x_wconf 90' lang='lat' dir='ltr'>et</span> <span class='ocrx_word' id='word_1_510' title='bbox 1848 4065 1993 4112; x_wconf 75' lang='lat' dir='ltr'>Auctoritas</span> <span class='ocrx_word' id='word_1_511' title='bbox 2011 4066 2034 4112; x_wconf 84' lang='lat' dir='ltr'>S·</span> 
     </span>
    </p>
   </div>
   <div class='ocr_carea' id='block_1_18' title="bbox 1822 4120 2035 4182">
    <p class='ocr_par' dir='ltr' id='par_1_33' title="bbox 1822 4120 2035 4182">
     <span class='ocr_line' id='line_1_58' title="bbox 1822 4120 2035 4182; baseline 0 -18"><span class='ocrx_word' id='word_1_512' title='bbox 1822 4120 1960 4182; x_wconf 77' lang='lat' dir='ltr'>Augustini</span> <span class='ocrx_word' id='word_1_513' title='bbox 1990 4131 2035 4176; x_wconf 90' lang='lat' dir='ltr'>pro</span> 
     </span>
    </p>
   </div>
   <div class='ocr_carea' id='block_1_19' title="bbox 1026 4167 2036 4245">
    <p class='ocr_par' dir='ltr' id='par_1_34' title="bbox 1026 4167 2036 4245">
     <span class='ocr_line' id='line_1_59' title="bbox 1026 4167 2036 4245; baseline -0.008 -14"><span class='ocrx_word' id='word_1_514' title='bbox 1026 4169 1131 4245; x_wconf 72' lang='lat' dir='ltr'>ctio,</span> <span class='ocrx_word' id='word_1_515' title='bbox 1159 4179 1194 4232; x_wconf 93' lang='lat' dir='ltr'>ut</span> <span class='ocrx_word' id='word_1_516' title='bbox 1221 4170 1401 4232; x_wconf 89' lang='lat' dir='ltr'>canonicam</span> <span class='ocrx_word' id='word_1_517' title='bbox 1433 4167 1682 4231; x_wconf 86' lang='lat' dir='ltr'>dissertationem</span> <span class='ocrx_word' id='word_1_518' title='bbox 1710 4182 1803 4244; x_wconf 89' lang='lat' dir='ltr'>super</span> <span class='ocrx_word' id='word_1_519' title='bbox 1822 4172 1957 4220; x_wconf 71' lang='lat' dir='ltr'>validitate</span> <span class='ocrx_word' id='word_1_520' title='bbox 1980 4183 2036 4218; x_wconf 85' lang='lat' dir='ltr'>me-</span> 
     </span>
    </p>
   </div>
   <div class='ocr_carea' id='block_1_20' title="bbox 1055 4227 2036 4341">
    <p class='ocr_par' dir='ltr' id='par_1_35' title="bbox 1055 4227 2036 4341">
     <span class='ocr_line' id='line_1_60' title="bbox 1055 4227 2036 4341; baseline 0 -17"><span class='ocrx_word' id='word_1_521' title='bbox 1055 4263 1111 4324; x_wconf 91' lang='lat' dir='ltr'>hac</span> <span class='ocrx_word' id='word_1_522' title='bbox 1133 4265 1315 4341; x_wconf 86' lang='lat' dir='ltr'>quaestione</span> <span class='ocrx_word' id='word_1_523' title='bbox 1336 4271 1504 4326; x_wconf 87' lang='lat' dir='ltr'>contexere</span> <span class='ocrx_word' id='word_1_524' title='bbox 1525 4262 1693 4324; x_wconf 82' lang='lat' dir='ltr'>valeamus.</span> <span class='ocrx_word' id='word_1_525' title='bbox 1717 4262 1802 4324; x_wconf 89' lang='lat' dir='ltr'>Nihi-</span> <span class='ocrx_word' id='word_1_526' title='bbox 1822 4227 2036 4326; x_wconf 46' lang='lat' dir='ltr'>hpffgfflltnplosta-</span> 
     </span>
    </p>
   </div>
   <div class='ocr_carea' id='block_1_21' title="bbox 1055 4355 1804 4815">
    <p class='ocr_par' dir='ltr' id='par_1_36' title="bbox 1055 4355 1804 4815">
     <span class='ocr_line' id='line_1_61' title="bbox 1057 4355 1804 4434; baseline 0.001 -19"><span class='ocrx_word' id='word_1_527' title='bbox 1057 4355 1192 4418; x_wconf 90' lang='lat' dir='ltr'>lominus</span> <span class='ocrx_word' id='word_1_528' title='bbox 1219 4371 1312 4434; x_wconf 90' lang='lat' dir='ltr'>pauca</span> <span class='ocrx_word' id='word_1_529' title='bbox 1333 4358 1482 4434; x_wconf 88' lang='lat' dir='ltr'>quaedam</span> <span class='ocrx_word' id='word_1_530' title='bbox 1515 4356 1679 4418; x_wconf 85' lang='lat' dir='ltr'>observare</span> <span class='ocrx_word' id='word_1_531' title='bbox 1699 4357 1804 4417; x_wconf 90' lang='lat' dir='ltr'>stude·</span> 
     </span>
     <span class='ocr_line' id='line_1_62' title="bbox 1057 4449 1804 4528; baseline -0.003 -18"><span class='ocrx_word' id='word_1_532' title='bbox 1057 4449 1170 4523; x_wconf 87' lang='lat' dir='ltr'>bimus,</span> <span class='ocrx_word' id='word_1_533' title='bbox 1186 4451 1299 4528; x_wconf 92' lang='lat' dir='ltr'>quibus</span> <span class='ocrx_word' id='word_1_534' title='bbox 1312 4452 1385 4511; x_wconf 89' lang='lat' dir='ltr'>satis</span> <span class='ocrx_word' id='word_1_535' title='bbox 1406 4466 1562 4528; x_wconf 89' lang='lat' dir='ltr'>superque</span> <span class='ocrx_word' id='word_1_536' title='bbox 1578 4457 1628 4512; x_wconf 89' lang='lat' dir='ltr'>tua</span> <span class='ocrx_word' id='word_1_537' title='bbox 1643 4449 1804 4512; x_wconf 89' lang='lat' dir='ltr'>relellatur</span> 
     </span>
     <span class='ocr_line' id='line_1_63' title="bbox 1056 4543 1803 4621; baseline 0.004 -20"><span class='ocrx_word' id='word_1_538' title='bbox 1056 4543 1193 4605; x_wconf 86' lang='lat' dir='ltr'>assertio.</span> <span class='ocrx_word' id='word_1_539' title='bbox 1219 4544 1299 4607; x_wconf 89' lang='lat' dir='ltr'>Sane</span> <span class='ocrx_word' id='word_1_540' title='bbox 1319 4545 1347 4606; x_wconf 91' lang='lat' dir='ltr'>ei</span> <span class='ocrx_word' id='word_1_541' title='bbox 1370 4545 1466 4607; x_wconf 86' lang='lat' dir='ltr'>obstat</span> <span class='ocrx_word' id='word_1_542' title='bbox 1481 4544 1512 4607; x_wconf 89' lang='lat' dir='ltr'>S.</span> <span class='ocrx_word' id='word_1_543' title='bbox 1528 4545 1695 4621; x_wconf 76' lang='lat' dir='ltr'>Augustini</span> <span class='ocrx_word' id='word_1_544' title='bbox 1718 4544 1803 4605; x_wconf 91' lang='lat' dir='ltr'>testi·</span> 
     </span>
     <span class='ocr_line' id='line_1_64' title="bbox 1057 4641 1801 4719; baseline -0.005 -17"><span class='ocrx_word' id='word_1_545' title='bbox 1057 4641 1220 4715; x_wconf 92' lang='lat' dir='ltr'>monium,</span> <span class='ocrx_word' id='word_1_546' title='bbox 1253 4642 1387 4704; x_wconf 90' lang='lat' dir='ltr'>relatum</span> <span class='ocrx_word' id='word_1_547' title='bbox 1418 4660 1538 4704; x_wconf 87' lang='lat' dir='ltr'>canone</span> <span class='ocrx_word' id='word_1_548' title='bbox 1572 4642 1713 4719; x_wconf 86' lang='lat' dir='ltr'>Denique</span> <span class='ocrx_word' id='word_1_549' title='bbox 1746 4642 1801 4702; x_wconf 88' lang='grc'>31.</span> 
     </span>
     <span class='ocr_line' id='line_1_65' title="bbox 1055 4735 1803 4815; baseline -0.003 -19"><span class='ocrx_word' id='word_1_550' title='bbox 1055 4740 1177 4812; x_wconf 87' lang='lat' dir='ltr'>quaest.</span> <span class='ocrx_word' id='word_1_551' title='bbox 1202 4736 1252 4807; x_wconf 90' lang='lat'>1.,</span> <span class='ocrx_word' id='word_1_552' title='bbox 1279 4737 1312 4797; x_wconf 93' lang='lat' dir='ltr'>iu</span> <span class='ocrx_word' id='word_1_553' title='bbox 1341 4752 1403 4815; x_wconf 94' lang='lat' dir='ltr'>quo</span> <span class='ocrx_word' id='word_1_554' title='bbox 1427 4739 1470 4799; x_wconf 92' lang='lat' dir='ltr'>sic</span> <span class='ocrx_word' id='word_1_555' title='bbox 1501 4737 1631 4813; x_wconf 87' lang='lat' dir='ltr'>legitur:</span> <span class='ocrx_word' id='word_1_556' title='bbox 1662 4735 1803 4813; x_wconf 83' lang='lat' dir='ltr'>Denique</span> 
     </span>
    </p>
   </div>
   <div class='ocr_carea' id='block_1_22' title="bbox 246 4814 2035 5935">
    <p class='ocr_par' dir='ltr' id='par_1_37' title="bbox 247 4814 1801 4915">
     <span class='ocr_line' id='line_1_66' title="bbox 247 4814 1801 4915; baseline 0.003 -31"><span class='ocrx_word' id='word_1_557' title='bbox 247 4831 422 4886; x_wconf 88' lang='lat' dir='ltr'>contracto:</span> <span class='ocrx_word' id='word_1_558' title='bbox 448 4823 544 4888; x_wconf 85' lang='lat' dir='ltr'>Nobis</span> <span class='ocrx_word' id='word_1_559' title='bbox 568 4827 776 4905; x_wconf 74' lang='lat' dir='ltr'>significauit,</span> <span class='ocrx_word' id='word_1_560' title='bbox 802 4827 884 4904; x_wconf 85' lang='lat' dir='ltr'>quod</span> <span class='ocrx_word' id='word_1_561' title='bbox 905 4835 999 4904; x_wconf 88' lang='lat' dir='ltr'>pater</span> <span class='ocrx_word' id='word_1_562' title='bbox 1025 4814 1027 4915; x_wconf 66' lang='lat' dir='ltr'><strong>j</strong></span> <span class='ocrx_word' id='word_1_563' title='bbox 1054 4835 1183 4892; x_wconf 90' lang='lat' dir='ltr'>mortuo</span> <span class='ocrx_word' id='word_1_564' title='bbox 1204 4829 1286 4901; x_wconf 85' lang='lat' dir='ltr'>ciro,</span> <span class='ocrx_word' id='word_1_565' title='bbox 1310 4847 1382 4892; x_wconf 92' lang='lat' dir='ltr'>cum</span> <span class='ocrx_word' id='word_1_566' title='bbox 1398 4847 1457 4908; x_wconf 85' lang='lat' dir='ltr'>quo</span> <span class='ocrx_word' id='word_1_567' title='bbox 1474 4847 1583 4892; x_wconf 88' lang='lat' dir='ltr'>rerum</span> <span class='ocrx_word' id='word_1_568' title='bbox 1605 4827 1801 4891; x_wconf 82' lang='lat' dir='ltr'>connubium</span> 
     </span>
    </p>

    <p class='ocr_par' dir='ltr' id='par_1_38' title="bbox 246 4917 1802 5002">
     <span class='ocr_line' id='line_1_67' title="bbox 246 4917 1802 5002; baseline 0.003 -26"><span class='ocrx_word' id='word_1_569' title='bbox 246 4934 342 4988; x_wconf 87' lang='lat' dir='ltr'>suus,</span> <span class='ocrx_word' id='word_1_570' title='bbox 364 4918 490 4981; x_wconf 85' lang='lat' dir='ltr'>uiuente</span> <span class='ocrx_word' id='word_1_571' title='bbox 511 4935 626 4990; x_wconf 75' lang='lat' dir='ltr'>umore,</span> <span class='ocrx_word' id='word_1_572' title='bbox 650 4925 786 4982; x_wconf 89' lang='lat' dir='ltr'>matrem</span> <span class='ocrx_word' id='word_1_573' title='bbox 802 4919 839 4982; x_wconf 82' lang='lat' dir='ltr'>tt.</span> <span class='ocrx_word' id='word_1_574' title='bbox 859 4917 996 4993; x_wconf 84' lang='lat' dir='ltr'>tenebat,</span> <span class='ocrx_word' id='word_1_575' title='bbox 1055 4921 1141 5001; x_wconf 72' lang='lat' dir='ltr'>tuit,</span> <span class='ocrx_word' id='word_1_576' title='bbox 1172 4921 1244 5002; x_wconf 79' lang='lat' dir='ltr'>fieri</span> <span class='ocrx_word' id='word_1_577' title='bbox 1270 4926 1373 5000; x_wconf 87' lang='lat' dir='ltr'>potest</span> <span class='ocrx_word' id='word_1_578' title='bbox 1399 4922 1605 5002; x_wconf 82' lang='lat' dir='ltr'>couirtpium,</span> <span class='ocrx_word' id='word_1_579' title='bbox 1637 4938 1710 4982; x_wconf 82' lang='lat' dir='ltr'>ruat</span> <span class='ocrx_word' id='word_1_580' title='bbox 1742 4937 1802 4998; x_wconf 89' lang='lat' dir='ltr'>quo</span> 
     </span>
    </p>

    <p class='ocr_par' dir='ltr' id='par_1_39' title="bbox 246 5005 2035 5374">
     <span class='ocr_line' id='line_1_68' title="bbox 247 5005 2035 5106; baseline 0.003 -35"><span class='ocrx_word' id='word_1_581' title='bbox 247 5019 277 5072; x_wconf 88' lang='lat' dir='ltr'>et</span> <span class='ocrx_word' id='word_1_582' title='bbox 301 5027 373 5072; x_wconf 82' lang='lat' dir='ltr'>eram</span> <span class='ocrx_word' id='word_1_583' title='bbox 396 5013 431 5073; x_wconf 92' lang='lat' dir='ltr'>iu</span> <span class='ocrx_word' id='word_1_584' title='bbox 454 5013 617 5076; x_wconf 87' lang='lat' dir='ltr'>adulterio</span> <span class='ocrx_word' id='word_1_585' title='bbox 643 5021 850 5091; x_wconf 82' lang='lat' dir='ltr'>procreasset,</span> <span class='ocrx_word' id='word_1_586' title='bbox 871 5023 901 5076; x_wconf 88' lang='lat' dir='ltr'>et</span> <span class='ocrx_word' id='word_1_587' title='bbox 917 5017 997 5094; x_wconf 89' lang='lat' dir='ltr'>quod</span> <span class='ocrx_word' id='word_1_588' title='bbox 1054 5015 1227 5091; x_wconf 85' lang='lat' dir='ltr'>praecessit</span> <span class='ocrx_word' id='word_1_589' title='bbox 1247 5016 1460 5078; x_wconf 83' lang='lat' dir='ltr'>adulterium.</span> <span class='ocrx_word' id='word_1_590' title='bbox 1483 5015 1624 5078; x_wconf 88' lang='lat' dir='ltr'>Proiecto</span> <span class='ocrx_word' id='word_1_591' title='bbox 1639 5031 1701 5078; x_wconf 90' lang='lat' dir='ltr'>uon</span> <span class='ocrx_word' id='word_1_592' title='bbox 1715 5016 1801 5090; x_wconf 90' lang='lat' dir='ltr'>iguo·</span> <span class='ocrx_word' id='word_1_593' title='bbox 1821 5005 2035 5106; x_wconf 50' lang='lat' dir='ltr'>ttdssss‘fft‘sse‘assfi&#39;</span> 
     </span>
     <span class='ocr_line' id='line_1_69' title="bbox 247 5105 2035 5212; baseline 0.001 -46"><span class='ocrx_word' id='word_1_594' title='bbox 247 5105 283 5166; x_wconf 82' lang='lat' dir='ltr'>iu</span> <span class='ocrx_word' id='word_1_595' title='bbox 307 5113 440 5167; x_wconf 90' lang='lat' dir='ltr'>mortem</span> <span class='ocrx_word' id='word_1_596' title='bbox 472 5106 576 5182; x_wconf 85' lang='lat' dir='ltr'>ipsias</span> <span class='ocrx_word' id='word_1_597' title='bbox 609 5106 724 5168; x_wconf 82' lang='lat' dir='ltr'>umoris</span> <span class='ocrx_word' id='word_1_598' title='bbox 757 5114 863 5169; x_wconf 90' lang='lat' dir='ltr'>mater</span> <span class='ocrx_word' id='word_1_599' title='bbox 892 5107 996 5187; x_wconf 75' lang='lat' dir='ltr'>suerit</span> <span class='ocrx_word' id='word_1_600' title='bbox 1024 5154 1026 5203; x_wconf 51' lang='grc' dir='ltr'>Ι</span> <span class='ocrx_word' id='word_1_601' title='bbox 1055 5122 1177 5180; x_wconf 90' lang='lat' dir='ltr'>ramus,</span> <span class='ocrx_word' id='word_1_602' title='bbox 1213 5108 1356 5170; x_wconf 81' lang='lat' dir='ltr'>laconum</span> <span class='ocrx_word' id='word_1_603' title='bbox 1393 5109 1553 5172; x_wconf 86' lang='lat' dir='ltr'>Cuiacium</span> <span class='ocrx_word' id='word_1_604' title='bbox 1592 5123 1730 5170; x_wconf 89' lang='lat' dir='ltr'>asserere</span> <span class='ocrx_word' id='word_1_605' title='bbox 1767 5107 1800 5168; x_wconf 87' lang='lat' dir='ltr'>iu</span> <span class='ocrx_word' id='word_1_606' title='bbox 1821 5113 2035 5212; x_wconf 46' lang='lat' dir='ltr'>{ffiriigssitffihcontm</span> 
     </span>
     <span class='ocr_line' id='line_1_70' title="bbox 247 5197 1959 5289; baseline 0.003 -32"><span class='ocrx_word' id='word_1_607' title='bbox 247 5197 450 5260; x_wconf 86' lang='lat' dir='ltr'>urachiuata.</span> <span class='ocrx_word' id='word_1_608' title='bbox 475 5197 522 5259; x_wconf 86' lang='lat' dir='ltr'>En</span> <span class='ocrx_word' id='word_1_609' title='bbox 539 5200 613 5263; x_wconf 90' lang='lat' dir='ltr'>duas</span> <span class='ocrx_word' id='word_1_610' title='bbox 628 5198 716 5260; x_wconf 90' lang='lat' dir='ltr'>relati</span> <span class='ocrx_word' id='word_1_611' title='bbox 732 5199 925 5262; x_wconf 89' lang='lat' dir='ltr'>matrimonii</span> <span class='ocrx_word' id='word_1_612' title='bbox 939 5200 998 5259; x_wconf 86' lang='lat' dir='ltr'>cir·</span> <span class='ocrx_word' id='word_1_613' title='bbox 1024 5216 1026 5289; x_wconf 89' lang='lat'>!</span> <span class='ocrx_word' id='word_1_614' title='bbox 1055 5215 1123 5276; x_wconf 91' lang='lat' dir='ltr'>cap.</span> <span class='ocrx_word' id='word_1_615' title='bbox 1154 5201 1182 5261; x_wconf 92' lang='lat' dir='ltr'>l.</span> <span class='ocrx_word' id='word_1_616' title='bbox 1218 5201 1254 5262; x_wconf 85' lang='lat' dir='ltr'>de</span> <span class='ocrx_word' id='word_1_617' title='bbox 1285 5218 1318 5262; x_wconf 92' lang='lat' dir='ltr'>oo</span> <span class='ocrx_word' id='word_1_618' title='bbox 1353 5202 1408 5279; x_wconf 89' lang='lat' dir='ltr'>qui</span> <span class='ocrx_word' id='word_1_619' title='bbox 1437 5202 1536 5264; x_wconf 83' lang='lat' dir='ltr'>ducit</span> <span class='ocrx_word' id='word_1_620' title='bbox 1566 5201 1601 5264; x_wconf 88' lang='lat' dir='ltr'>io</span> <span class='ocrx_word' id='word_1_621' title='bbox 1634 5200 1801 5262; x_wconf 84' lang='lat' dir='ltr'>aratrima-</span> <span class='ocrx_word' id='word_1_622' title='bbox 1831 5198 1836 5210; x_wconf 86' lang='grc'><strong>’</strong></span> <span class='ocrx_word' id='word_1_623' title='bbox 1954 5201 1959 5211; x_wconf 92' lang='grc'><strong>’</strong></span> 
     </span>
     <span class='ocr_line' id='line_1_71' title="bbox 246 5289 1801 5374; baseline 0.001 -22"><span class='ocrx_word' id='word_1_624' title='bbox 246 5292 448 5352; x_wconf 89' lang='lat' dir='ltr'>cumstautias</span> <span class='ocrx_word' id='word_1_625' title='bbox 459 5289 553 5353; x_wconf 92' lang='lat' dir='ltr'>simul</span> <span class='ocrx_word' id='word_1_626' title='bbox 570 5292 691 5368; x_wconf 81' lang='lat' dir='ltr'>uuitas3</span> <span class='ocrx_word' id='word_1_627' title='bbox 714 5308 752 5353; x_wconf 87' lang='lat' dir='ltr'>ex</span> <span class='ocrx_word' id='word_1_628' title='bbox 768 5307 828 5370; x_wconf 91' lang='lat' dir='ltr'>quo</span> <span class='ocrx_word' id='word_1_629' title='bbox 843 5291 995 5369; x_wconf 89' lang='lat' dir='ltr'>sequitur,</span> <span class='ocrx_word' id='word_1_630' title='bbox 1024 5292 1026 5329; x_wconf 78' lang='lat'><strong>²</strong></span> <span class='ocrx_word' id='word_1_631' title='bbox 1055 5293 1147 5354; x_wconf 89' lang='lat' dir='ltr'>aium</span> <span class='ocrx_word' id='word_1_632' title='bbox 1169 5298 1228 5356; x_wconf 88' lang='lat' dir='ltr'>etc.</span> <span class='ocrx_word' id='word_1_633' title='bbox 1253 5296 1332 5374; x_wconf 92' lang='lat' dir='ltr'>quod</span> <span class='ocrx_word' id='word_1_634' title='bbox 1351 5295 1390 5356; x_wconf 90' lang='lat' dir='ltr'>ihi</span> <span class='ocrx_word' id='word_1_635' title='bbox 1408 5295 1577 5372; x_wconf 86' lang='lat' dir='ltr'>legendum</span> <span class='ocrx_word' id='word_1_636' title='bbox 1598 5296 1653 5356; x_wconf 88' lang='lat' dir='ltr'>sit:</span> <span class='ocrx_word' id='word_1_637' title='bbox 1678 5293 1801 5357; x_wconf 83' lang='lat' dir='ltr'>Marito</span> 
     </span>
    </p>

    <p class='ocr_par' dir='ltr' id='par_1_40' title="bbox 246 5379 1799 5469">
     <span class='ocr_line' id='line_1_72' title="bbox 246 5379 1799 5469; baseline 0.004 -25"><span class='ocrx_word' id='word_1_638' title='bbox 246 5383 330 5463; x_wconf 92' lang='lat' dir='ltr'>quod</span> <span class='ocrx_word' id='word_1_639' title='bbox 353 5384 494 5462; x_wconf 89' lang='lat' dir='ltr'>quamvis</span> <span class='ocrx_word' id='word_1_640' title='bbox 520 5399 555 5445; x_wconf 90' lang='lat' dir='ltr'>ea</span> <span class='ocrx_word' id='word_1_641' title='bbox 581 5385 690 5447; x_wconf 86' lang='lat' dir='ltr'>rerba:</span> <span class='ocrx_word' id='word_1_642' title='bbox 727 5384 882 5460; x_wconf 81' lang='lat' dir='ltr'>Quoniam</span> <span class='ocrx_word' id='word_1_643' title='bbox 911 5385 998 5446; x_wconf 87' lang='lat' dir='ltr'>inter</span> <span class='ocrx_word' id='word_1_644' title='bbox 1023 5424 1026 5449; x_wconf 91' lang='lat' dir='ltr'>t</span> <span class='ocrx_word' id='word_1_645' title='bbox 1054 5379 1194 5458; x_wconf 87' lang='lat' dir='ltr'>mortuo,</span> <span class='ocrx_word' id='word_1_646' title='bbox 1219 5405 1291 5450; x_wconf 89' lang='lat' dir='ltr'>cum</span> <span class='ocrx_word' id='word_1_647' title='bbox 1306 5405 1365 5466; x_wconf 87' lang='lat' dir='ltr'>quo</span> <span class='ocrx_word' id='word_1_648' title='bbox 1380 5405 1490 5450; x_wconf 90' lang='lat' dir='ltr'>cerum</span> <span class='ocrx_word' id='word_1_649' title='bbox 1507 5388 1702 5450; x_wconf 83' lang='lat' dir='ltr'>cocuntium</span> <span class='ocrx_word' id='word_1_650' title='bbox 1718 5390 1799 5469; x_wconf 69' lang='lat' dir='ltr'>tuit,</span> 
     </span>
    </p>

    <p class='ocr_par' dir='ltr' id='par_1_41' title="bbox 247 5477 1801 5558">
     <span class='ocr_line' id='line_1_73' title="bbox 247 5477 1801 5558; baseline 0.003 -21"><span class='ocrx_word' id='word_1_651' title='bbox 247 5494 280 5537; x_wconf 87' lang='lat' dir='ltr'>se</span> <span class='ocrx_word' id='word_1_652' title='bbox 308 5477 555 5540; x_wconf 82' lang='lat' dir='ltr'>matrimonium</span> <span class='ocrx_word' id='word_1_653' title='bbox 582 5479 772 5542; x_wconf 86' lang='lat' dir='ltr'>contrahere</span> <span class='ocrx_word' id='word_1_654' title='bbox 800 5496 863 5540; x_wconf 91' lang='lat' dir='ltr'>uon</span> <span class='ocrx_word' id='word_1_655' title='bbox 888 5486 997 5557; x_wconf 88' lang='lat' dir='ltr'>potue·</span> <span class='ocrx_word' id='word_1_656' title='bbox 1023 5504 1025 5517; x_wconf 63' lang='lat'><strong>⁴</strong></span> <span class='ocrx_word' id='word_1_657' title='bbox 1053 5479 1125 5558; x_wconf 73' lang='lat' dir='ltr'>fieri</span> <span class='ocrx_word' id='word_1_658' title='bbox 1146 5497 1256 5542; x_wconf 85' lang='lat' dir='ltr'>oerum</span> <span class='ocrx_word' id='word_1_659' title='bbox 1278 5479 1474 5543; x_wconf 82' lang='lat' dir='ltr'>conartbium</span> <span class='ocrx_word' id='word_1_660' title='bbox 1502 5498 1564 5542; x_wconf 88' lang='lat' dir='ltr'>uon</span> <span class='ocrx_word' id='word_1_661' title='bbox 1586 5487 1703 5558; x_wconf 87' lang='lat' dir='ltr'>potest,</span> <span class='ocrx_word' id='word_1_662' title='bbox 1729 5497 1801 5544; x_wconf 88' lang='lat' dir='ltr'>rum</span> 
     </span>
    </p>

    <p class='ocr_par' dir='ltr' id='par_1_42' title="bbox 248 5569 1801 5654">
     <span class='ocr_line' id='line_1_74' title="bbox 248 5569 1801 5654; baseline 0.005 -25"><span class='ocrx_word' id='word_1_663' title='bbox 248 5576 344 5641; x_wconf 88' lang='lat' dir='ltr'>runt,</span> <span class='ocrx_word' id='word_1_664' title='bbox 367 5569 478 5632; x_wconf 82' lang='lat' dir='ltr'>referri</span> <span class='ocrx_word' id='word_1_665' title='bbox 504 5571 635 5634; x_wconf 88' lang='lat' dir='ltr'>debeant</span> <span class='ocrx_word' id='word_1_666' title='bbox 656 5574 691 5634; x_wconf 91' lang='lat' dir='ltr'>ad</span> <span class='ocrx_word' id='word_1_667' title='bbox 714 5579 812 5634; x_wconf 90' lang='lat' dir='ltr'>totam</span> <span class='ocrx_word' id='word_1_668' title='bbox 837 5573 907 5634; x_wconf 89' lang='lat' dir='ltr'>iacti</span> <span class='ocrx_word' id='word_1_669' title='bbox 929 5588 998 5650; x_wconf 90' lang='lat' dir='ltr'>spe-</span> <span class='ocrx_word' id='word_1_670' title='bbox 1024 5608 1026 5617; x_wconf 35' lang='grc' dir='ltr'><em>ν</em></span> <span class='ocrx_word' id='word_1_671' title='bbox 1054 5589 1114 5650; x_wconf 87' lang='lat' dir='ltr'>quo</span> <span class='ocrx_word' id='word_1_672' title='bbox 1135 5573 1230 5650; x_wconf 85' lang='lat' dir='ltr'>prius</span> <span class='ocrx_word' id='word_1_673' title='bbox 1251 5575 1455 5636; x_wconf 84' lang='lat' dir='ltr'>adulterium</span> <span class='ocrx_word' id='word_1_674' title='bbox 1476 5575 1556 5654; x_wconf 72' lang='lat' dir='ltr'>tuit.</span> <span class='ocrx_word' id='word_1_675' title='bbox 1581 5575 1801 5652; x_wconf 71' lang='lat' dir='ltr'>sedetorare</span> 
     </span>
    </p>

    <p class='ocr_par' dir='ltr' id='par_1_43' title="bbox 247 5648 1887 5841">
     <span class='ocr_line' id='line_1_75' title="bbox 247 5662 1887 5747; baseline 0.004 -24"><span class='ocrx_word' id='word_1_676' title='bbox 247 5662 328 5724; x_wconf 88' lang='lat' dir='ltr'>ciem</span> <span class='ocrx_word' id='word_1_677' title='bbox 349 5679 422 5725; x_wconf 90' lang='lat' dir='ltr'>cum</span> <span class='ocrx_word' id='word_1_678' title='bbox 443 5665 507 5726; x_wconf 88' lang='lat' dir='ltr'>suis</span> <span class='ocrx_word' id='word_1_679' title='bbox 528 5666 768 5727; x_wconf 88' lang='lat' dir='ltr'>circumstantiis</span> <span class='ocrx_word' id='word_1_680' title='bbox 790 5668 822 5727; x_wconf 91' lang='lat' dir='ltr'>in</span> <span class='ocrx_word' id='word_1_681' title='bbox 851 5665 996 5727; x_wconf 90' lang='lat' dir='ltr'>decretali</span> <span class='ocrx_word' id='word_1_682' title='bbox 1023 5700 1026 5747; x_wconf 68' lang='grc' dir='ltr'>Ι</span> <span class='ocrx_word' id='word_1_683' title='bbox 1055 5673 1121 5728; x_wconf 91' lang='lat' dir='ltr'>tum</span> <span class='ocrx_word' id='word_1_684' title='bbox 1144 5682 1268 5746; x_wconf 90' lang='lat' dir='ltr'>quoque</span> <span class='ocrx_word' id='word_1_685' title='bbox 1289 5669 1449 5742; x_wconf 87' lang='lat' dir='ltr'>habemus,</span> <span class='ocrx_word' id='word_1_686' title='bbox 1467 5670 1499 5730; x_wconf 92' lang='lat' dir='ltr'>iu</span> <span class='ocrx_word' id='word_1_687' title='bbox 1522 5669 1664 5745; x_wconf 85' lang='lat' dir='ltr'>pluritas</span> <span class='ocrx_word' id='word_1_688' title='bbox 1686 5668 1802 5732; x_wconf 83' lang='lat' dir='ltr'>Vatiae·</span> <span class='ocrx_word' id='word_1_689' title='bbox 1886 5699 1887 5704; x_wconf 17' lang='grc' dir='ltr'><strong>κ</strong></span> 
     </span>
     <span class='ocr_line' id='line_1_76' title="bbox 247 5757 1801 5841; baseline 0.006 -25"><span class='ocrx_word' id='word_1_690' title='bbox 247 5757 417 5834; x_wconf 80' lang='lat' dir='ltr'>expressis3</span> <span class='ocrx_word' id='word_1_691' title='bbox 442 5773 614 5836; x_wconf 83' lang='lat' dir='ltr'>numquam</span> <span class='ocrx_word' id='word_1_692' title='bbox 637 5759 710 5822; x_wconf 89' lang='lat' dir='ltr'>iude</span> <span class='ocrx_word' id='word_1_693' title='bbox 731 5758 849 5822; x_wconf 78' lang='lat' dir='ltr'>inferre</span> <span class='ocrx_word' id='word_1_694' title='bbox 867 5759 995 5838; x_wconf 89' lang='lat' dir='ltr'>poteris,</span> <span class='ocrx_word' id='word_1_695' title='bbox 1023 5792 1026 5841; x_wconf 61' lang='lat' dir='ltr'>p</span> <span class='ocrx_word' id='word_1_696' title='bbox 1054 5760 1101 5820; x_wconf 91' lang='lat' dir='ltr'>nis</span> <span class='ocrx_word' id='word_1_697' title='bbox 1125 5761 1285 5823; x_wconf 86' lang='lat' dir='ltr'>Codicihus</span> <span class='ocrx_word' id='word_1_698' title='bbox 1307 5762 1490 5840; x_wconf 90' lang='lat' dir='ltr'>particulam</span> <span class='ocrx_word' id='word_1_699' title='bbox 1511 5761 1595 5823; x_wconf 90' lang='lat' dir='ltr'>illam</span> <span class='ocrx_word' id='word_1_700' title='bbox 1612 5779 1675 5824; x_wconf 90' lang='lat' dir='ltr'>aon</span> <span class='ocrx_word' id='word_1_701' title='bbox 1691 5763 1724 5824; x_wconf 91' lang='lat' dir='ltr'>in</span> <span class='ocrx_word' id='word_1_702' title='bbox 1740 5759 1801 5825; x_wconf 88' lang='lat' dir='ltr'>Au·</span> 
     </span>
    </p>

    <p class='ocr_par' dir='ltr' id='par_1_44' title="bbox 247 5848 1802 5935">
     <span class='ocr_line' id='line_1_77' title="bbox 247 5848 1802 5935; baseline 0.004 -25"><span class='ocrx_word' id='word_1_703' title='bbox 247 5849 329 5928; x_wconf 91' lang='lat' dir='ltr'>qnod</span> <span class='ocrx_word' id='word_1_704' title='bbox 352 5851 475 5928; x_wconf 89' lang='lat' dir='ltr'>integra</span> <span class='ocrx_word' id='word_1_705' title='bbox 503 5851 665 5914; x_wconf 88' lang='lat' dir='ltr'>decretalis</span> <span class='ocrx_word' id='word_1_706' title='bbox 693 5868 749 5930; x_wconf 91' lang='lat' dir='ltr'>pro</span> <span class='ocrx_word' id='word_1_707' title='bbox 776 5852 863 5914; x_wconf 90' lang='lat' dir='ltr'>nullo</span> <span class='ocrx_word' id='word_1_708' title='bbox 889 5848 1026 5913; x_wconf 83' lang='lat' dir='ltr'>habenti</span> <span class='ocrx_word' id='word_1_709' title='bbox 1053 5852 1181 5928; x_wconf 87' lang='lat' dir='ltr'>gastina</span> <span class='ocrx_word' id='word_1_710' title='bbox 1203 5853 1325 5927; x_wconf 87' lang='lat' dir='ltr'>deesse,</span> <span class='ocrx_word' id='word_1_711' title='bbox 1354 5854 1444 5916; x_wconf 90' lang='lat' dir='ltr'>sicuti</span> <span class='ocrx_word' id='word_1_712' title='bbox 1473 5855 1557 5917; x_wconf 89' lang='lat' dir='ltr'>deest</span> <span class='ocrx_word' id='word_1_713' title='bbox 1584 5855 1617 5916; x_wconf 92' lang='lat' dir='ltr'>in</span> <span class='ocrx_word' id='word_1_714' title='bbox 1646 5857 1802 5935; x_wconf 90' lang='lat' dir='ltr'>praedicta</span> 
     </span>
    </p>
   </div>
   <div class='ocr_carea' id='block_1_23' title="bbox 247 5916 1800 6026">
    <p class='ocr_par' dir='ltr' id='par_1_45' title="bbox 247 5916 1800 6026">
     <span class='ocr_line' id='line_1_78' title="bbox 247 5916 1800 6026; baseline 0.004 -22"><span class='ocrx_word' id='word_1_715' title='bbox 247 5941 408 6022; x_wconf 90' lang='lat' dir='ltr'>quodlibet</span> <span class='ocrx_word' id='word_1_716' title='bbox 423 5945 661 6008; x_wconf 88' lang='lat' dir='ltr'>matrimonium</span> <span class='ocrx_word' id='word_1_717' title='bbox 676 5945 998 6010; x_wconf 88' lang='lat' dir='ltr'>intermoechoscou-</span> <span class='ocrx_word' id='word_1_718' title='bbox 1023 5916 1026 5988; x_wconf 52' lang='grc' dir='ltr'><strong>ἶ</strong></span> <span class='ocrx_word' id='word_1_719' title='bbox 1054 5945 1183 6008; x_wconf 87' lang='lat' dir='ltr'>Canone</span> <span class='ocrx_word' id='word_1_720' title='bbox 1204 5943 1362 6026; x_wconf 63' lang='lat' dir='ltr'>Denique·</span> <span class='ocrx_word' id='word_1_721' title='bbox 1389 5949 1471 6026; x_wconf 87' lang='lat' dir='ltr'>quod</span> <span class='ocrx_word' id='word_1_722' title='bbox 1497 5947 1592 6009; x_wconf 88' lang='lat' dir='ltr'>etiam</span> <span class='ocrx_word' id='word_1_723' title='bbox 1615 5948 1637 6009; x_wconf 92' lang='lat' dir='ltr'>ii</span> <span class='ocrx_word' id='word_1_724' title='bbox 1665 5950 1800 6011; x_wconf 90' lang='lat' dir='ltr'>animad-</span> 
     </span>
    </p>
   </div>
   <div class='ocr_carea' id='block_1_24' title="bbox 0 0 2376 6976">
    <p class='ocr_par' dir='ltr' id='par_1_46' title="bbox 0 0 2376 6976">
     <span class='ocr_line' id='line_1_79' title="bbox 0 0 2376 6976; baseline 0 4"><span class='ocrx_word' id='word_1_725' title='bbox 0 0 2376 6976; x_wconf 95' lang='lat' dir='ltr'> </span> 
     </span>
    </p>
   </div>
  </div>
 </body>
</html>
