4708 6978
871 575 1067 620 bonnbtcvt's
1091 578 1152 622 XIV.

239 695 318 758 lium
340 697 560 762 Tridentinum
582 695 700 760 indulta
715 696 845 770 censeri,
861 693 920 756 nisi
935 693 985 756 vel

239 803 307 873 post
329 795 425 874 ipsius
448 796 576 859 Consilii
598 797 868 862 confirmationem
889 795 985 874 reipsa

240 889 356 951 tuerint
378 905 528 965 concessa,
551 891 613 964 vel,
629 896 784 969 quatenus
805 897 892 951 antea
915 903 987 952 con-

238 999 319 1044 cessa
342 991 373 1044 et
395 984 547 1062 posterius
569 985 749 1047 confirmata
771 999 836 1045 esse
850 999 985 1044 asseran-

241 1087 302 1151 tur,
335 1077 512 1139 huiusmodi
541 1079 791 1140 confirmationes
817 1077 850 1138 iu
881 1078 986 1158 formo

237 1170 382 1249 specifica
404 1187 476 1232 curu
498 1171 610 1233 literali
625 1172 740 1234 veteris
754 1171 869 1234 indulti
891 1171 986 1232 inser·

239 1265 336 1338 tione,
359 1264 487 1343 eiusque
503 1280 645 1343 expressa
661 1265 875 1342 innovatione,
892 1263 986 1326 luctae

238 1357 476 1433 dignoscantur,
499 1376 533 1420 ac
560 1359 760 1432 declarantes,
787 1357 913 1420 alterius
935 1373 986 1433 ge-

239 1451 323 1512 neris
343 1453 608 1527 confirmationes,
631 1464 709 1530 quae
732 1453 767 1514 iu
786 1453 890 1531 {ortaria
906 1467 987 1512 ccur-

239 1544 331 1605 maui
348 1555 581 1623 nuncupantur,
595 1546 714 1608 nemini
731 1547 765 1608 ad
782 1545 986 1623 praemissum

238 1637 385 1699 ellectum
407 1639 471 1702 ullo
493 1649 580 1718 pacto
600 1639 773 1716 sullragari.
805 1639 889 1713 Quod
912 1653 986 1698 vero

237 1739 355 1808 spectat
376 1733 412 1793 ad
435 1733 615 1795 eorumdem
637 1732 872 1812 privilegiorum
894 1746 985 1792 usum

238 1831 269 1885 et
291 1825 488 1900 exercitium,
504 1827 654 1888 monendi
675 1834 748 1888 sarrit
764 1825 797 1898 ii,
814 1825 923 1902 quibus
938 1840 986 1886 ea·

238 1915 322 1992 dem,
346 1919 431 1984 iuxta
458 1920 635 1997 praemissa,
660 1919 752 1998 pleno
773 1919 843 1980 iure
864 1931 985 1994 compe·

240 2019 305 2072 tere
326 2012 564 2088 dignoscuntur,
583 2021 618 2076 ut
633 2029 696 2076 non
710 2011 777 2074 sine
792 2012 871 2098 iusta
885 2028 985 2083 causa,

238 2120 296 2167 neo
317 2112 405 2168 entra
427 2105 543 2168 debitas
558 2105 815 2178 circumstantias,
829 2121 884 2183 pvo
899 2103 986 2164 libito

237 2199 335 2277 ipsius
359 2206 498 2274 utantur,
523 2199 653 2262 minime
675 2214 750 2260 vero
772 2197 806 2259 ad
830 2205 986 2260 ostentan-

237 2293 307 2354 dam
330 2294 488 2354 dumtaxat
512 2291 649 2370 ipsorum
664 2291 902 2370 privilegiorum
923 2289 986 2350 sin·

237 2386 453 2463 gularitate1u3
483 2385 747 2464 quemadmodum
773 2383 927 2462 aliquibus
954 2383 984 2444 in

240 2496 327 2542 more
349 2481 483 2558 positum
507 2495 572 2542 esse
594 2479 751 2551 novimus,
770 2475 822 2556 qui
838 2475 937 2554 pridie
953 2475 988 2536 il-

238 2573 298 2636 lius
320 2573 391 2647 diei,
404 2589 466 2650 quo
485 2573 521 2634 ab
539 2571 687 2650 Episcopo
703 2571 883 2634 dioecesano
899 2569 987 2632 cleri-

237 2683 346 2728 corum
365 2666 575 2730 ordinationes
588 2665 708 2744 publice
725 2665 883 2728 habendae
898 2672 985 2738 sunt,

237 2763 273 2822 ad
295 2760 420 2822 alterius
435 2758 575 2838 Episcopi
596 2757 758 2822 dioecesim
773 2758 914 2820 consulto
930 2757 986 2820 mi·

237 2865 342 2931 grant,
365 2869 501 2931 moxque
521 2858 664 2930 suscepto
683 2851 796 2914 ibidem
818 2851 985 2913 ordinatio-

238 2949 287 3011 nis
308 2965 453 3022 munere,
470 2949 504 3010 ad
527 2945 695 3024 pristinum
711 2945 900 3007 domicilium
918 2944 985 3008 red·

237 3049 331 3118 eunt3
350 3041 443 3118 idque
457 3057 490 3104 se
505 3039 604 3102 lacere
618 3040 717 3113 aiunt,
734 3047 768 3102 ut
785 3039 900 3100 iurium
916 3053 985 3100 suo-

239 3152 308 3198 rum
321 3134 519 3198 indemnitati
535 3133 715 3208 consulant3
728 3136 814 3212 quasi
830 3148 904 3194 vero
916 3148 985 3210 apo-

236 3229 343 3292 stolica
364 3227 539 3307 privilegia,
562 3227 685 3290 nonnisi
707 3241 779 3289 cum
795 3233 899 3304 aperto
916 3225 985 3303 Epi-

236 3323 320 3402 scopi
342 3322 521 3384 Dioecesani
549 3327 747 3399 contemptu,
770 3335 897 3382 suarum
920 3319 984 3380 vim

238 3425 269 3480 et
290 3417 385 3479 robur
405 3414 547 3478 habitura
569 3413 682 3476 lorent.

94 3525 219 3571 utuouauo
278 3510 419 3586 Denique
440 3517 502 3570 tam
525 3508 718 3570 venerabiles
733 3507 841 3571 iratres
856 3508 986 3569 Patriac-

58 3579 220 3677 ἷζῖᾂζῗξῑῖῃῖῗ
238 3606 319 3678 cnas,
352 3601 603 3679 llrcbiepiscopos
625 3609 655 3662 et
677 3599 860 3678 EpiscopoS,
890 3616 982 3678 quam

59 3687 220 3746 uorumeoniun·

59 3746 137 3787 tuanen.

238 3696 367 3759 dilectos
397 3694 478 3756 filios
509 3694 652 3756 omnium
687 3693 877 3770 regularium
905 3693 985 3754 ordi-

239 3806 316 3853 num
338 3789 536 3868 professores,
554 3803 648 3867 quam
663 3788 800 3850 maximo
822 3789 984 3866 possumus

237 3883 419 3963 apostolicae
445 3880 614 3942 voluntatis
640 3879 758 3956 studio,
781 3898 837 3958 per
865 3881 985 3944 miseri-

238 3979 371 4041 cordiam
388 3977 442 4038 Dei
464 3975 573 4049 nostri,
587 3984 617 4036 et
629 3991 684 4053 per
705 3976 863 4037 caritatem
880 3975 983 4038 Sancti

238 4071 384 4151 Spiritus,
407 4069 569 4132 hortamur
592 4069 624 4130 in
646 4069 778 4132 Domino
800 4078 831 4131 et
853 4071 983 4132 obtesta-

239 4181 321 4240 mur,
341 4175 376 4228 ut
398 4173 459 4226 tam
477 4164 508 4226 in
524 4164 581 4224 boc
596 4164 733 4240 negotio,
756 4179 849 4241 quam
872 4165 903 4226 in
920 4181 983 4226 cae-

240 4258 311 4320 teris
332 4258 488 4330 omnibus,
508 4255 618 4318 soliciti
638 4257 701 4317 sint
722 4257 874 4318 unitatem
896 4258 984 4337 spiri·

241 4360 298 4427 tus,
322 4360 354 4414 et
375 4352 512 4414 sincerae
527 4349 698 4412 dilectionis
713 4351 906 4413 concordiam
921 4367 983 4412 ser-

241 4461 321 4507 vare.
344 4444 545 4506 llemiuerint
566 4442 736 4520 regulares,
753 4459 813 4522 quo
834 4443 900 4506 loco
916 4443 983 4522 Spi-

241 4539 318 4601 ritus
347 4537 477 4600 Sanctus
508 4537 646 4615 posuerit
678 4536 841 4615 Episcopus
874 4553 984 4614 regere

241 4631 407 4694 Ecclesiam
437 4630 509 4705 Dei,
537 4631 618 4708 quod
646 4629 720 4709 ipsis
746 4647 761 4690 a
790 4629 982 4694 Sacrosancta

239 4724 441 4789 desumenica
461 4723 661 4786 Laterauensi
683 4722 807 4801 Synodo
829 4723 887 4786 sub
907 4723 984 4786 Leo-

240 4835 278 4881 ne
298 4819 336 4882 X.
361 4817 479 4892 babila,
510 4816 699 4880 inculcatum
730 4816 805 4893 luit,
834 4832 889 4895 per
910 4817 983 4880 baec

241 4913 347 4976 verba:
373 4910 502 4973 Eosdem
518 4911 651 4988 iusuper
672 4913 793 4989 [ratres
810 4911 984 4974 iu'cirtute

239 5013 367 5070 sauctae
389 5003 597 5076 obedientiae,
614 5011 651 5066 ut
672 5003 791 5066 cosdem
814 5001 983 5082 Episcopus

240 5099 302 5160 loco
326 5098 520 5162 Sanctorum
536 5095 759 5175 Apostolorum
780 5097 981 5176 subrogatos,

240 5207 292 5270 pro
314 5191 421 5254 debite
442 5196 473 5252 ct
493 5197 604 5252 nostro
623 5207 662 5252 oc
679 5189 879 5267 Apostolicuc
895 5190 983 5253 Sedis

241 5285 429 5356 reverentia,
453 5300 593 5364 congruo
608 5281 726 5346 honore
740 5291 769 5346 ct
793 5285 983 5363 congruent-l

241 5377 441 5442 observantia
456 5383 659 5440 secarentur.
677 5375 786 5454 Neque
802 5376 982 5440 obliviscan-

242 5480 290 5534 tur
311 5471 468 5551 Episcopi,
496 5471 664 5548 llegulares
692 5471 775 5533 viros
802 5470 873 5548 ipsis
898 5471 982 5532 datos

241 5582 302 5628 esse
322 5565 477 5629 adiutores
500 5567 532 5626 in
554 5564 728 5626 dominicae
752 5564 862 5626 vineae
882 5565 982 5628 cultu·

242 5674 286 5735 ra,
328 5659 432 5722 subdit
454 5658 538 5721 enim
560 5659 667 5720 eadem
688 5663 792 5719 sancta
822 5655 979 5736 Synodus:

243 5751 322 5828 lpsos
344 5767 463 5830 quoque
485 5751 654 5830 Episcopos
677 5749 858 5821 hortamur,
875 5768 912 5812 cc
926 5766 982 5828 per

243 5846 362 5906 aisrcru
383 5843 623 5906 misericordiae
644 5841 701 5905 Dei
723 5843 828 5906 riustri
845 5844 981 5921 requiri·

244 5952 321 6010 vaus,
332 5942 371 6000 ut
386 5938 508 6018 [ratres
523 5937 607 6016 ipsos
622 5936 739 6017 affectu
756 5934 896 6000 lanceola
911 5952 981 6016 pro-

1709 563 1768 626 gqp
1819 557 1871 610 un.
1887 560 1916 613 c.
1939 559 2007 612 1747

1042 703 1203 774 sequacitas
1225 698 1397 762 claritatioc
1420 705 1574 771 tractent,
1597 718 1635 762 uc
1657 698 1789 778 benigne

1043 792 1272 870 sociaetatem,
1296 799 1325 854 et
1343 801 1505 870 tamquam
1528 794 1563 854 in
1584 811 1661 873 upra
1683 793 1789 854 Donti·
1872 794 1873 800 ’

1042 885 1114 946 atico
1126 892 1356 963 cooperaturos,
1372 903 1541 964 curatorque
1555 885 1700 950 ludorum
1714 904 1790 965 por-

1044 977 1173 1055 ticipas,
1201 988 1350 1056 promptu
1381 979 1578 1064 benignitate
1610 984 1787 1062 rccipiunt:

1043 1075 1176 1136 llemum
1208 1082 1238 1136 et
1267 1074 1408 1155 Episcopi
1436 1085 1469 1139 et
1495 1077 1664 1153 Regulares
1694 1077 1788 1140 simul

1043 1167 1182 1230 animum
1205 1169 1368 1232 advertant
1380 1171 1414 1232 ad
1432 1170 1472 1246 id,
1485 1169 1565 1248 quod
1589 1171 1702 1234 ibidem
1718 1171 1787 1234 sub·

1043 1260 1163 1322 licitur:
1200 1261 1265 1324 Ureu
1294 1270 1340 1324 cst
1362 1262 1566 1342 regularium
1588 1271 1618 1326 ct
1647 1263 1790 1328 saccutu-

1045 1353 1143 1425 rium,
1165 1354 1386 1431 praelatorum
1402 1353 1663 1429 atsubditorum,
1687 1373 1790 1420 excarc-

1041 1452 1171 1525 ptoruut
1183 1457 1212 1510 et
1225 1465 1287 1510 riou
1299 1456 1516 1527 eaccmptoruoa
1528 1449 1722 1513 atuiccrsclis
1735 1453 1791 1514 Ec-

1044 1540 1149 1613 clesia,
1175 1547 1269 1604 caetra
1292 1559 1386 1620 quara
1409 1542 1521 1605 scollus
1537 1544 1664 1604 amerino
1686 1545 1790 1607 sulcu·

1045 1641 1112 1705 tur,
1136 1650 1306 1712 corumque
1334 1635 1475 1698 amnicum
1505 1654 1591 1698 ciuus
1618 1636 1787 1708 Dominus,

1043 1743 1110 1788 uuo
1125 1727 1211 1806 fides,
1228 1735 1259 1789 ct
1273 1733 1440 1806 propterea
1457 1730 1542 1792 dccet
1557 1747 1618 1801 cos,
1634 1730 1691 1808 qui
1707 1730 1788 1791 cius·

1044 1819 1112 1880 deut
1133 1825 1212 1882 surra
1235 1823 1388 1898 corporis,
1414 1823 1513 1885 unius
1535 1824 1633 1886 ctiam
1655 1841 1718 1884 csse
1739 1840 1789 1884 cc·

1044 1914 1196 1978 luctatis.

1083 2005 1162 2068 llaec
1183 2008 1319 2085 prolecto
1341 2010 1525 2074 christianae
1547 2011 1729 2075 veritatiset
1743 2030 1788 2074 ca·
1807 2043 1815 2084 a
1851 2030 1881 2073 at
1900 2034 2019 2094 maccam

1044 2100 1142 2162 vitatis
1164 2101 1347 2164 documenta
1369 2120 1467 2181 quum
1491 2105 1649 2184 utrimque
1669 2113 1788 2168 servata
1807 2079 1981 2130 ‘¹⁰¹⁰f⁰¹'¹¹²¹¹¹·

1044 2192 1173 2268 luerint,
1197 2197 1341 2258 omuibus
1357 2198 1387 2259 in
1405 2199 1509 2273 rebus,
1527 2200 1663 2278 adeoque
1685 2199 1718 2262 in
1735 2201 1787 2262 trac

1043 2287 1136 2348 etiam
1159 2287 1389 2351 ordinationum
1420 2291 1560 2366 materia,
1590 2292 1787 2370 importunae

1042 2380 1178 2457 partium
1195 2382 1339 2458 querelae
1355 2384 1478 2460 penitus
1493 2384 1710 2449 conticescent.
1730 2385 1788 2446 Ne-

1043 2491 1104 2552 que
1135 2476 1221 2536 enim
1253 2477 1409 2554 regulares
1439 2480 1786 2558 conquevipoteruot,

1042 2567 1135 2646 quod,
1159 2570 1371 2632 recusantibus
1394 2571 1549 2652 Episcopis
1570 2562 1686 2634 sacram
1708 2574 1787 2634 ordi·

1042 2662 1200 2724 nationem
1232 2664 1466 2738 administrare,
1503 2673 1718 2745 praeterquam
1755 2667 1785 2728 in

1044 2755 1236 2833 temporibus
1251 2757 1287 2817 ab
1310 2757 1441 2822 Ecclesia
1456 2759 1588 2833 statutis,
1603 2776 1711 2822 eorum
1727 2761 1788 2838 pri-

1042 2848 1153 2926 vilegia
1176 2851 1213 2912 de
1236 2851 1397 2914 ordinibus
1418 2859 1504 2913 extra
1535 2860 1673 2931 tempora
1694 2853 1788 2916 susci·

1042 2941 1161 3019 piendis
1182 2943 1295 3006 ellectu
1317 2960 1411 3006 vacua
1427 2955 1622 3021 remaneant,
1647 2947 1787 3025 Episcopi

1041 3034 1127 3096 enim
1150 3035 1224 3096 alios
1244 3037 1338 3098 etiam
1360 3047 1550 3116 opportunos
1565 3039 1629 3100 dies
1643 3039 1788 3104 ordinan-

1042 3128 1087 3190 dis
1110 3128 1305 3205 regularibus
1317 3129 1404 3193 lacile
1426 3132 1600 3194 invenient.
1625 3133 1786 3212 Episcopo-

1042 3239 1113 3286 rum
1136 3233 1240 3284 autem
1269 3223 1432 3285 cessabunt
1456 3225 1612 3302 querelae,
1635 3229 1715 3303 quod
1737 3244 1787 3300 su·

1042 3316 1177 3392 periores
1209 3315 1379 3392 regulares,
1403 3318 1437 3378 ad
1461 3316 1644 3379 eludendam
1672 3320 1787 3382 decreti

1043 3409 1213 3472 Clementis
1234 3410 1475 3485 observantiam,
1488 3411 1724 3475 advenientibus
1739 3430 1788 3474 or-

1041 3503 1237 3567 dinationum
1259 3504 1460 3583 temporibus,
1484 3505 1621 3568 subditos
1642 3523 1713 3568 suos
1735 3508 1787 3569 do·

1041 3597 1158 3660 micilio
1189 3605 1355 3673 moveant,
1386 3600 1571 3677 eosdemque
1593 3600 1698 3662 statim
1720 3607 1786 3679 post

1040 3699 1196 3769 susceptos
1218 3690 1357 3765 Ordines,
1388 3691 1469 3754 lalsis
1490 3693 1527 3754 de
1548 3693 1646 3758 causis
1667 3695 1702 3756 ad
1725 3695 1785 3774 pri·
1825 3705 1831 3714 “

1039 3785 1156 3846 stinum
1186 3785 1411 3848 monasterium
1439 3786 1554 3848 reverti
1583 3787 1724 3865 iolreant3
1747 3790 1786 3850 si-

1040 3881 1165 3958 quidem
1187 3879 1344 3954 regulares
1364 3879 1541 3942 huiusmodi
1563 3882 1673 3957 agendi
1694 3883 1786 3946 ratio-

1041 3989 1115 4035 nem
1131 3972 1236 4052 (quam
1250 3981 1280 4036 et
1292 3972 1364 4034 alias
1381 3973 1411 4034 in
1425 3973 1491 4036 toro
1503 3981 1634 4036 externo
1649 3977 1786 4052 graviter

1040 4068 1225 4131 vindicatam
1248 4066 1341 4128 luisse
1362 4075 1393 4128 et
1416 4067 1447 4128 in
1470 4074 1627 4144 posterum
1649 4069 1786 4132 districte

1039 4159 1239 4224 coercendam
1270 4160 1334 4222 lore
1365 4160 1540 4239 noverint),
1573 4170 1639 4223 tum
1662 4179 1678 4224 a
1699 4163 1785 4242 probi

1039 4255 1099 4316 viri
1121 4254 1281 4318 honestate
1303 4263 1333 4316 et
1355 4255 1415 4318 lide
1437 4255 1580 4331 alienam,
1603 4263 1672 4318 tum
1694 4257 1783 4322 etiam

1040 4350 1157 4414 debitae
1179 4366 1250 4426 erga
1272 4367 1371 4414 sacros
1393 4351 1599 4414 Ecclesiarum
1623 4351 1785 4415 Antistites

1039 4444 1251 4505 observantiae
1279 4444 1464 4506 contrariam
1494 4461 1576 4520 esse,
1599 4444 1655 4524 ipsi
1678 4461 1733 4524 per
1752 4460 1785 4506 se

1023 4536 1126 4610 ,tacite
1147 4546 1343 4613 cognoscent.

1079 4629 1258 4692 Praesentes
1280 4646 1353 4692 vero
1375 4639 1495 4693 nostras
1515 4631 1619 4695 literas
1641 4639 1671 4694 et
1692 4633 1724 4694 in
1742 4632 1785 4696 eis
1879 4663 2015 4711 epum„

1039 4729 1152 4785 statuta
1184 4739 1415 4802 quaecumque,
1439 4725 1531 4788 etiam
1561 4741 1596 4786 eu
1627 4743 1674 4801 eo,
1703 4725 1783 4806 quod
1803 4719 2013 4771 li³⁰⁵⁶¹l³²¹l³³·

1039 4815 1169 4894 quilibet
1190 4817 1222 4878 in
1244 4818 1434 4895 praemissis,
1458 4835 1512 4881 seu
1534 4835 1643 4883 eorum
1669 4821 1782 4900 aliquo,

1039 4909 1086 4971 ius
1102 4909 1152 4972 vel
1174 4911 1322 4974 interesse
1342 4911 1501 4988 babentes,
1513 4915 1567 4974 seu
1582 4913 1784 4994 baberequo-

1039 5002 1208 5066 modolibet
1237 5006 1491 5084 praetendentes,
1514 4999 1651 5068 cuiusvis
1675 5016 1782 5083 status,

1040 5096 1162 5172 gradus,
1186 5096 1314 5171 ordinis,
1336 5099 1598 5176 praeeminentiae
1613 5099 1663 5162 vel
1684 5100 1784 5176 digni·

1039 5189 1121 5265 tatis,
1145 5191 1291 5265 existant,
1312 5191 1379 5252 sive
1401 5191 1473 5254 alias
1494 5193 1634 5269 specifica
1655 5200 1685 5254 et
1706 5194 1785 5256 indi-

1039 5283 1131 5346 vidua
1154 5284 1314 5346 mentione
1336 5292 1367 5346 et
1388 5285 1584 5364 expressione
1606 5285 1705 5362 digni,
1723 5287 1783 5348 illis

1039 5393 1102 5439 non
1125 5378 1350 5453 consenserint,
1368 5395 1423 5440 neo
1445 5379 1480 5440 ad
1502 5393 1536 5440 ea
1559 5378 1656 5440 vocati
1678 5387 1709 5441 et
1731 5397 1784 5442 au-

1038 5471 1106 5547 diti,
1132 5489 1234 5550 neque
1264 5488 1371 5546 cause,
1401 5479 1527 5550 propter
1552 5489 1626 5550 quas
1656 5473 1783 5536 eaedem

1038 5575 1216 5644 praesentes
1227 5565 1455 5640 emanaverint,
1472 5567 1628 5641 adductae,
1646 5567 1784 5629 verifica·

1038 5667 1098 5732 tac,
1122 5658 1173 5721 vel
1193 5659 1402 5733 sufficienter,
1425 5667 1477 5721 aut
1499 5659 1562 5722 ullo
1584 5661 1675 5723 modo
1698 5661 1784 5724 iusti·

1039 5753 1147 5814 Ecatae
1168 5751 1296 5825 luerint,
1320 5760 1372 5816 aut
1394 5769 1432 5814 ex
1447 5753 1504 5814 alia
1526 5752 1674 5831 qualibet,
1690 5754 1784 5818 etiam

1038 5845 1238 5924 quantumvis
1259 5845 1387 5907 iuridica
1410 5853 1440 5907 et
1461 5846 1667 5924 privilegiata,
1683 5865 1781 5923 causa,

1037 5939 1150 6014 colore,
1173 5947 1347 6018 praetextu,
1373 5947 1404 6002 et
1426 5939 1533 6021 capite,
1545 5942 1641 6014 ctiam
1664 5941 1695 6004 in
1717 5959 1783 6010 cot·
