4764 6972
86 591 154 648 luc.
171 583 229 636 1744
889 597 1086 641 sauunrcrus
1108 596 1171 641 urv.
1353 627 1357 635 ,
1730 579 1786 640 l53
1836 581 1890 632 An.
1904 579 1935 633 d.
1956 581 2026 634 1744

93 729 241 785 paratoniu·
296 714 443 788 Quocirca
466 714 588 777 illustre
615 715 688 776 satis
712 713 890 793 exemplum
917 713 1004 774 nobis

81 779 266 930 ’[ξιὶῗῗῗὲἔῗιξι.
258 824 288 868 ru
318 807 480 869 annalium
509 808 784 870 ecclesiasticorum
818 821 1006 868 mouumen-

81 885 240 1000 ᾒῇῑῗζῗιζῗιῗ
257 901 294 962 tis
329 901 475 963 occurrit.
511 900 663 963 Defuncto
696 901 808 964 Sancto
844 899 1003 962 Eustathio

81 965 164 1057 1³÷euio
184 992 239 1041 80⁶⁰
257 993 430 1056 Patriarcha
451 993 657 1068 Antiocheno,
674 1010 746 1057 cum
769 993 872 1055 hriaui
895 1008 1004 1072 quem-

80 1059 162 1104 ΜΝ*
255 1084 327 1146 dam
350 1101 389 1146 er
410 1087 475 1149 suis
496 1087 651 1149 Euroium
684 1088 829 1162 nomine,
862 1085 1002 1147 catholici

255 1193 330 1239 vero
351 1178 511 1241 Melctium
526 1179 733 1242 Patriarcham
749 1180 925 1256 elegissent,
942 1178 1004 1239 Lu-

254 1269 331 1332 cifer
353 1272 535 1334 calaritanus
564 1282 594 1334 et
621 1272 772 1334 Eusebius
804 1270 1002 1333 vercellensis

254 1363 434 1443 Episcopus,
449 1365 504 1442 qui
525 1365 555 1425 id
578 1365 726 1444 temporis
747 1366 780 1426 in
802 1365 926 1428 Oriente
948 1363 1003 1427 Se·

253 1455 299 1516 dis
321 1458 512 1534 Apostolicae
535 1459 703 1535 Legatioue
727 1457 949 1534 fungebantur,
972 1475 1004 1518 e-

254 1548 422 1612 lectionem
445 1552 608 1628 utriusque
622 1551 740 1613 nullam
756 1553 937 1629 irritamque
952 1552 1003 1612 de-

252 1641 410 1703 clararuut
432 1651 462 1704 et
483 1643 689 1706 Patriarcham
711 1651 889 1707 statuerunt
903 1643 1001 1704 Pauli·

253 1747 348 1795 uum:
363 1733 391 1794 id
405 1736 486 1813 quod
498 1753 515 1797 a
526 1737 657 1798 summis
668 1736 867 1798 Pontificibus
879 1735 1001 1796 Liberio

253 1833 284 1886 et
306 1827 435 1888 Damaso
463 1829 684 1890 confirmatum
714 1828 788 1903 luit,
818 1829 999 1890 tumeliam

254 1915 369 1981 Sancto
384 1920 550 1982 Athanasio
565 1935 636 1982 cum
649 1920 781 1983 Ecclesia
793 1919 1001 1982 Alexandrina

253 2018 283 2071 et
305 2009 379 2072 divo
400 2013 605 2091 Hieronymo,
628 2014 680 2091 qui
703 2013 740 2075 ab
767 2015 873 2074 eodem
904 2013 1004 2074 Pauli-

253 2118 294 2164 no
310 2104 471 2168 ordinatus
486 2108 586 2170 luerat
597 2107 768 2186 presbyter,
786 2107 918 2166 maxime
934 2121 1003 2184 pro-

252 2197 372 2260 batum.

87 2313 236 2376 asumptum
293 2291 360 2353 Hoc
381 2293 573 2369 praeclarum
586 2293 764 2372 exemplum
779 2300 810 2356 et
822 2310 877 2355 nos
892 2294 1001 2368 secuti,

83 2367 236 2474 &35⁰3ss
254 2385 290 2446 ad
314 2385 457 2448 elidenda
480 2389 700 2450 discordiarum
725 2389 860 2462 semina,
883 2405 1002 2466 pacem·

84 2475 236 2588 ffirmmue'r‘i'
253 2493 315 2555 quc
328 2479 414 2540 inter
422 2479 587 2542 Maronitas
598 2481 831 2556 conciliandam,
842 2481 1002 2544 Simonem

83 2541 236 2634 inpraepar-
253 2571 384 2633 Petrum
401 2572 552 2636 Evodium
570 2575 706 2636 Damasci
731 2574 1001 2653 hrchiepiscopum

84 2639 179 2692 ‘'w''
141 2638 261 2682 aum
252 2664 286 2726 in
310 2667 515 2744 patriarcham
534 2668 763 2729 Antiocheuum
781 2667 1002 2731 Maronitarum

252 2758 410 2835 elegimus
436 2769 469 2821 ct
501 2760 729 2823 constituimus.
763 2761 835 2823 Fuit
867 2761 1003 2824 Evodius

251 2851 370 2914 Romae
392 2869 408 2913 a
433 2868 532 2931 puero
559 2853 592 2914 iu
620 2854 751 2931 collegio
781 2853 1001 2917 Maronitarum

251 2946 413 3022 educatus,
437 2948 542 3025 ibique
563 2948 741 3011 liberalibus
766 2949 934 3026 disciplinis
956 2950 1002 3011 in·

251 3039 386 3100 stitutus
407 3041 526 3102 clarum
548 3043 585 3103 de
606 3057 640 3103 se
656 3058 771 3104 nomen
794 3042 931 3121 reliquit.
949 3043 1002 3106 Est

250 3133 307 3194 ille
323 3133 408 3195 iuter
422 3133 587 3212 Episcopos
602 3135 770 3198 maronitas
785 3135 934 3198 decanus:
951 3137 1003 3198 ab

251 3233 320 3288 erat
341 3227 434 3304 louge
448 3244 465 3287 a
481 3227 643 3289 turbarum
659 3230 869 3307 praesentium
887 3229 1002 3291 tumul-

251 3327 298 3394 tu,
325 3319 436 3398 quibus
457 3336 490 3382 se
513 3322 643 3383 minime
665 3323 848 3399 miscuerat3
871 3338 1001 3401 seseque

250 3413 288 3474 ab
311 3415 399 3474 omni
421 3416 540 3476 ambitu
562 3414 702 3477 alienum
724 3417 912 3490 ostenderat,
929 3433 1000 3478 cum

250 3521 382 3569 omnem
413 3523 539 3585 operam
571 3509 731 3588 posuisset,
758 3525 798 3570 ue
827 3509 999 3571 Patriarcha

249 3598 434 3676 eligeretur.
458 3602 547 3663 Hunc
568 3602 672 3679 itaque
698 3602 905 3680 patriarchatu
927 3619 1000 3681 prae

250 3693 366 3754 ceteris
387 3694 519 3770 dignum
548 3696 745 3769 censuimus,
767 3703 859 3773 atque
881 3695 926 3756 illi
948 3696 999 3756 Pa-

250 3785 404 3848 triarchae
426 3788 609 3864 dignitatem
631 3789 834 3863 contulimus,
850 3788 997 3868 spelreti,

248 3878 309 3940 hac
328 3880 450 3941 ratione
471 3897 527 3943 uos
553 3881 698 3943 ecclesiae
724 3881 806 3944 illius
834 3883 915 3944 bono
936 3899 999 3944 ma-

250 3973 338 4033 xime
359 3973 550 4052 proluturos,
567 3983 598 4036 et
615 3975 744 4037 schisma
766 3992 859 4038 omne
874 3977 999 4054 penitus

250 4067 499 4128 fflmfflmm.

36 4151 109 4230 ξι
99 4170 208 4231 rtlraex
210 4185 233 4220 s
290 4159 477 4238 Complures
499 4161 596 4238 igitur
625 4161 801 4239 apostolicas
823 4161 926 4223 literas
948 4179 1000 4223 cx·

81 4184 208 4272 tertianasp
209 4239 234 4274 a·

36 4257 37 4260 ’
79 4243 181 4329 ξωωωω
207 4282 230 4326 tn
250 4251 350 4331 pediri
373 4255 606 4328 mandavimus,
629 4270 741 4333 easque
762 4254 848 4316 fratri
876 4255 998 4332 hloysio

79 4331 233 4432 ἓξὲξξζῖξοξξ·
251 4361 267 4408 e
290 4347 389 4408 Casali
410 4346 517 4408 Maiori
531 4365 570 4408 eu
584 4347 697 4409 Ordine
719 4348 875 4410 Minorum
890 4349 927 4410 de
941 4347 998 4412 Ob-

80 4441 233 4540 quggiiggpj
250 4439 419 4514 servantia,
444 4440 476 4501 in
498 4439 628 4516 collegio
651 4440 753 4503 Sancti
771 4440 997 4502 bartholomaei

79 4551 110 4588 rs.
249 4533 285 4592 ad
304 4532 438 4594 insulam
450 4533 575 4610 linguae
590 4535 725 4597 arabicae
736 4534 844 4597 lectori
861 4534 996 4607 traditas,

248 4639 308 4702 per
335 4625 437 4701 ipsum
459 4625 572 4688 deferri
597 4628 775 4690 curavimus
803 4628 838 4688 ad
859 4628 891 4689 P.
916 4627 994 4690 laco-

248 4715 328 4778 bum
347 4717 520 4780 Lucensem
541 4719 682 4782 eiusdem
704 4719 827 4782 Ordinis
848 4720 880 4781 iu
904 4721 995 4782 Terra

249 4808 360 4872 Sancta
372 4813 562 4874 visitatorem
577 4821 608 4874 et
619 4813 771 4876 vicarium
782 4813 995 4892 apostolicum,

247 4919 344 4979 quem
360 4906 486 4982 quidem
501 4921 557 4966 nos
572 4905 609 4966 ad
627 4905 791 4968 Maronitas
806 4906 996 4985 Apostolicae

247 4996 337 5060 Sedis
350 4998 526 5075 ablegatum
542 5000 770 5061 constituimus.
789 5001 823 5062 lu
839 5001 875 5060 iis
890 5011 995 5061 autem

246 5089 346 5152 literis
366 5091 444 5154 illud
474 5107 619 5170 expresse
648 5092 887 5168 declaravimus,
917 5093 995 5154 hanc

246 5183 442 5246 Patriarchae
473 5185 657 5247 electionem
687 5201 786 5247 nona
813 5186 902 5247 nohis
930 5201 995 5247 esse

246 5275 359 5338 factam
380 5276 417 5337 ad
439 5277 486 5339 ius
519 5277 691 5340 tollendum
714 5278 871 5357 Episcopis
896 5295 995 5340 maro-

287 5483 317 5540 (1)
332 5483 443 5541 Expleta
464 5483 629 5530 sanctissimi
646 5481 814 5537 allocutione,
834 5485 863 5527 R.
879 5485 904 5526 P.
920 5487 995 5527 Asse·

246 5559 342 5596 manus
356 5552 524 5606 Procurator,
538 5553 565 5594 et
578 5552 604 5594 P.
615 5549 764 5596 desiderius
776 5548 870 5594 literas
879 5548 996 5594 Patriar-

246 5617 311 5663 chae
325 5619 352 5662 et
366 5617 522 5663 Praesulum
537 5615 728 5662 Maronitarum
744 5615 772 5660 in
787 5617 863 5661 theca
878 5625 944 5661 auro
954 5625 996 5660 or-

247 5687 310 5730 uata
329 5682 460 5741 repositas
480 5694 543 5739 prae
564 5682 687 5728 manibus
708 5685 828 5740 gestans,
850 5682 993 5726 comitante

246 5750 457 5796 ceremoniarum
473 5749 610 5806 magistro,
624 5750 657 5795 ad
675 5748 880 5794 deosculandum
896 5747 994 5793 saucti-

246 5817 311 5862 tatis
326 5819 394 5862 Suae
405 5817 492 5874 pedes,
501 5815 634 5863 consuetis
643 5815 748 5862 emissis
758 5813 993 5871 genuflexionibus,

245 5893 386 5928 accessere.
403 5885 435 5927 ut
448 5888 607 5930 assemanus
617 5882 723 5939 quidem
734 5882 840 5927 eductas
851 5893 865 5926 e
876 5882 952 5927 theca
963 5881 994 5926 li·

247 5951 327 6006 teres,
342 5949 384 5996 ori
397 5950 472 6007 prius
486 5951 513 5996 in
527 5948 646 6006 obsequii
661 5949 767 6005 signum
777 5949 906 6004 admotas,
917 5951 995 5993 sanc·

351 6071 406 6116 tur.
421 6071 491 6118 Post.
507 6070 538 6117 de
551 6071 627 6130 Prop.
642 6069 705 6116 Pide
718 6069 800 6116 Partis
814 6070 834 6118 1.
849 6069 902 6116 vol.
917 6070 958 6115 lli.

1060 713 1134 776 uitis
1155 713 1188 776 in
1203 713 1319 776 futuris
1332 716 1504 778 successive
1518 715 1721 778 electionibus
1736 732 1806 777 suo·

1059 823 1131 870 rum
1160 807 1424 883 Patriarcharum,
1457 811 1508 872 sed
1537 810 1572 870 ad
1598 809 1806 872 dissensiones

1058 899 1271 978 amputandas,
1294 917 1465 979 eorumque
1487 902 1632 964 ecclesiae
1652 918 1757 981 pacem
1773 919 1806 964 ac

1060 995 1320 1072 tranquillitatem
1344 996 1576 1057 restituendam.

1100 1090 1176 1151 Ecce
1198 1087 1280 1165 quod
1306 1089 1392 1150 vobis
1413 1090 1630 1166 exponendum
1652 1095 1729 1164 erat,
1752 1104 1805 1150 au-

1059 1190 1182 1260 tequam
1210 1181 1400 1242 Patriarchae
1431 1181 1521 1244 electi
1552 1188 1620 1243 tum
1642 1181 1806 1260 Episcopo-

1059 1291 1130 1337 rum
1152 1282 1182 1336 et
1199 1273 1505 1351 hrchiepiscoporum
1526 1275 1750 1336 maronitaruru
1770 1275 1805 1335 li·

1057 1375 1142 1430 terae
1159 1374 1227 1428 tum
1244 1368 1336 1429 etiam
1352 1367 1802 1447 documentaperlegerentur,

1057 1478 1096 1524 ex
1116 1461 1229 1540 quibus
1250 1459 1399 1538 quidquid
1415 1462 1446 1522 in
1466 1461 1618 1523 eiusmodi
1639 1477 1673 1522 re
1688 1460 1803 1523 lactum

1057 1555 1108 1629 sit,
1132 1552 1220 1615 facile
1241 1553 1422 1630 intelligetis
1444 1551 1499 1634 (l).

1119 1756 1441 1802 duculurtscoroudrt
1462 1757 1501 1801 ΕΤ
1523 1755 1743 1802 episcopellum
1834 1761 1993 1807 Documenta
2006 1760 2034 1806 ln

1187 1849 1425 1895 uauorvrrsuuu
1446 1849 1673 1894 uocuuuuruu.
1821 1813 2034 1914 ssffissff‘fflfflr

1822 1920 1898 1966 exitu.

1097 2039 1115 2080 ‹
1137 2020 1171 2082 ln
1194 2021 1323 2083 nomine
1344 2020 1466 2082 Domini
1492 2020 1603 2082 hnen.
1626 2053 1660 2064 -
1681 2021 1736 2082 ilie
1757 2037 1804 2083 se·

1057 2114 1153 2192 ptima
1181 2113 1297 2176 mensis
1325 2113 1473 2188 octobris,
1503 2129 1586 2174 auno
1609 2129 1800 2188 unccxurrr,

1057 2207 1133 2268 hora
1155 2216 1262 2284 quarta
1289 2215 1356 2285 post
1377 2208 1559 2280 meridiem,
1586 2213 1804 2269 convenerunt

1058 2300 1255 2361 illustrissimi
1279 2317 1311 2363 ac
1335 2300 1584 2362 reverendissimi
1607 2299 1726 2361 domiui
1747 2301 1802 2361 hr-

1057 2393 1240 2472 chiepiscopi
1263 2402 1293 2455 et
1319 2394 1459 2472 Episcopi
1486 2394 1620 2455 nationis
1641 2393 1803 2455 Maronita-

1057 2501 1129 2548 rum
1151 2486 1182 2547 iu
1205 2486 1328 2548 ecclesia
1353 2486 1482 2549 Sanctae
1503 2486 1614 2547 blaciae
1630 2494 1660 2547 et
1675 2485 1803 2549 Sancto-

1057 2594 1128 2640 rum
1152 2578 1367 2655 hpostolorum
1396 2579 1478 2640 Petri
1501 2585 1531 2640 et
1559 2579 1644 2641 Pauli
1670 2577 1802 2640 fratrum

1057 2672 1215 2734 Miuorum
1239 2672 1269 2732 iu
1293 2673 1412 2746 hrissa,
1437 2672 1522 2734 iussu
1550 2671 1801 2734 reverendissimi

1058 2765 1155 2826 Patris
1185 2764 1281 2826 iacobi
1303 2764 1340 2826 de
1368 2763 1446 2827 Luca
1475 2765 1605 2842 ablegati
1631 2764 1799 2842 apostolici.

1056 2856 1221 2934 Postquam
1243 2867 1346 2919 autem
1362 2857 1442 2920 idem
1463 2859 1620 2934 ablegatus
1631 2859 1802 2920 antedictos

1056 2951 1208 3012 antistites
1223 2951 1401 3013 adhortatus
1417 2951 1536 3026 luisset,
1550 2966 1722 3029 eorumque
1736 2951 1802 3012 aui-

1056 3059 1143 3103 mum
1165 3046 1200 3104 ad
1224 3035 1282 3105 hoe
1304 3052 1525 3122 praeparasset,
1542 3051 1576 3105 ut
1598 3043 1732 3106 debitam
1748 3044 1798 3105 dc·

1055 3135 1146 3197 cretis
1170 3135 1295 3198 Sanctae
1324 3135 1411 3199 Sedis
1440 3137 1645 3200 obedientiam
1671 3137 1802 3198 submis-

1054 3227 1237 3306 sionemque
1248 3229 1442 3303 exhiberent,
1456 3230 1597 3291 invocato
1609 3229 1719 3292 Sancto
1735 3229 1801 3307 Spi-

1054 3321 1129 3395 ritu,
1153 3323 1242 3383 iussit
1262 3322 1398 3400 primum
1421 3323 1547 3399 quidem
1568 3322 1691 3383 recitari
1709 3331 1801 3400 atque

1055 3414 1245 3495 promulgari
1268 3414 1467 3490 ablegatiouis
1488 3430 1561 3476 suae
1584 3415 1678 3477 breve
1699 3417 1802 3494 ponti-

1055 3511 1177 3586 frcium;
1201 3508 1313 3569 deinde
1343 3508 1477 3568 alterum
1507 3509 1617 3583 breve,
1647 3525 1707 3587 quo
1730 3509 1800 3571 illu-

1053 3603 1280 3663 strissimorum
1308 3617 1341 3663 ac
1367 3601 1703 3663 reverendissimorum
1728 3602 1799 3679 Epi-

1053 3710 1216 3772 scoporum
1240 3693 1324 3755 Eliae
1340 3700 1372 3755 et
1387 3694 1499 3755 Tobiae
1520 3693 1555 3754 ad
1577 3694 1798 3757 antiochenum

1054 3787 1187 3850 nationis
1213 3787 1435 3850 Maronitarum
1460 3787 1698 3865 patriarchatum
1721 3788 1799 3850 elec·

1055 3881 1153 3942 tiones
1175 3880 1279 3941 irritae
1295 3895 1327 3942 ac
1342 3881 1446 3941 nullae
1464 3880 1714 3958 declarabantur;
1738 3889 1799 3942 ter·

1055 3973 1132 4035 tium
1155 3973 1289 4051 denique
1310 3973 1416 4046 breve,
1434 3989 1495 4051 qno
1518 3971 1625 4035 Simon
1640 3974 1797 4052 hrchiepi-

1052 4082 1161 4145 scopus
1177 4067 1311 4128 Damasci
1326 4066 1484 4128 aSummo
1501 4067 1650 4128 Pontifice
1664 4066 1797 4130 feliciter

1053 4169 1202 4236 regnante
1224 4161 1259 4222 ad
1285 4161 1430 4222 eumdem
1458 4159 1698 4237 patriarchatum
1727 4177 1797 4222 eve

1053 4252 1192 4315 bebatur.
1218 4252 1442 4330 Cumquehaec
1463 4251 1567 4312 brevia
1589 4267 1698 4313 omnes
1713 4253 1797 4314 audi·

1052 4346 1135 4407 tione
1166 4345 1364 4423 accepissent,
1388 4353 1423 4406 ut
1449 4345 1640 4423 propensiori
1662 4349 1796 4422 quodam

1050 4438 1151 4500 studio
1166 4456 1199 4499 se
1220 4437 1399 4499 obedientes
1414 4453 1448 4499 ac
1463 4438 1633 4514 morigeros
1645 4437 1796 4500 mandatis

1050 4532 1208 4595 Pontihcis
1230 4533 1442 4606 ostenderent,
1465 4530 1546 4592 illico
1567 4529 1602 4590 ad
1625 4547 1707 4592 aram
1732 4547 1795 4592 ma·

1050 4627 1182 4701 rimam,
1215 4626 1302 4686 cuius
1324 4625 1356 4685 iu
1383 4625 1484 4685 medio
1514 4623 1742 4685 illustrissimus
1763 4641 1796 4684 ac

1050 4717 1328 4782 reverendissimus
1358 4715 1472 4778 electus
1494 4733 1527 4776 ac
1551 4718 1721 4779 declaratus
1741 4717 1795 4778 Pa-

1052 4813 1183 4875 triarcha
1196 4811 1330 4886 sedebat,
1346 4825 1413 4872 sese
1427 4811 1597 4887 contulere,
1615 4811 1705 4887 eique
1719 4818 1795 4872 tom·

1050 4922 1143 4986 quam
1158 4921 1213 4968 suo
1225 4903 1415 4966 Patriarchae
1429 4919 1461 4964 se
1475 4904 1614 4965 subditos
1629 4902 1794 4964 subiectos·

1050 5014 1110 5077 que
1119 4998 1244 5078 professi
1255 4995 1440 5059 sunt-His
1451 4997 1554 5074 quiete
1567 4995 1794 5074 tranquilleque

1050 5093 1159 5169 gestis,
1191 5091 1298 5167 agitari
1327 5097 1471 5168 coeptum
1500 5097 1545 5150 est
1573 5090 1610 5150 de
1642 5091 1733 5151 modo
1761 5105 1794 5150 ac

1050 5191 1190 5262 tempore
1211 5183 1402 5261 peragendae
1414 5181 1553 5260 publicae
1575 5181 1794 5243 ecclesiasticae

1050 5275 1272 5352 caeremoniae,
1289 5291 1365 5354 quae
1380 5274 1418 5335 ab
1432 5275 1503 5353 ipsis
1518 5276 1549 5336 iu
1565 5274 1793 5335 Patriacharum

1047 5479 1152 5526 tissimo
1166 5479 1275 5524 Domino
1288 5479 1382 5524 Nostro
1397 5475 1548 5522 humillime
1557 5475 1667 5521 obtulit:
1681 5475 1793 5521 Sanctis·

1047 5547 1131 5593 simus
1145 5549 1236 5592 autem
1252 5544 1313 5590 illas
1327 5547 1357 5589 R.
1368 5547 1394 5588 P.
1409 5543 1546 5589 vincentio
1558 5541 1728 5589 Lucchesinio
1737 5544 1793 5590 bre·

1047 5614 1120 5660 vium
1134 5613 1340 5670 apostolicorum
1354 5611 1388 5656 sd
1402 5608 1533 5666 principes
1551 5609 1698 5656 secretario
1713 5611 1793 5656 tradi-

1047 5681 1094 5738 dit,
1109 5685 1140 5727 ut
1154 5679 1228 5738 prius
1243 5677 1347 5724 arabice
1361 5687 1377 5722 a
1391 5679 1418 5720 Ι).
1434 5675 1536 5720 andrea
1551 5675 1792 5732 scander,1inguae

1047 5748 1169 5794 arabicae
1183 5747 1211 5792 in
1225 5745 1301 5791 Urbis
1316 5741 1533 5800 arcuigymnasio
1544 5743 1571 5786 et
1586 5741 1613 5785 iu
1624 5741 1739 5800 collegio
1748 5745 1793 5787 Ur-

1046 5815 1114 5861 bano
1123 5815 1155 5860 de
1163 5811 1333 5870 Propagauda
1340 5809 1402 5854 Pide
1417 5807 1563 5865 professore
1575 5810 1655 5865 atque
1666 5808 1793 5866 interpre-

1046 5885 1081 5938 te,
1096 5882 1283 5936 recitarentur,
1297 5877 1391 5922 deiude
1403 5875 1487 5921 latine
1501 5875 1534 5920 ab
1549 5875 1639 5920 eodem
1649 5878 1679 5921 R.
1689 5878 1715 5921 P.
1731 5879 1793 5922 Lue-

1044 5947 1170 5994 chesinio.

1659 6067 1687 6112 20
