4838 6982
95 1556 202 1602 hiscrim
228 1555 294 1600 inter

74 1616 141 1672 uir..
154 1615 180 1654 et
202 1609 294 1654 diacri—

75 1675 157 1708 minis
171 1673 257 1708 causa.

108 2773 181 2814 Nora
199 2779 244 2823 pro
258 2779 297 2812 ca·

79 2824 166 2867 noniz.
193 2823 297 2866 instan-

79 2877 127 2920 tia.
146 2875 215 2920 unde
232 2887 297 2919 con-

80 2930 232 2974 scribendae
246 2929 297 2982 epi·

79 2985 164 3028 stolae
177 2983 281 3027 occasio.

937 591 1133 636 euhemerus
1154 589 1217 634 xiv.

309 707 398 786 pueri
412 708 533 772 innoxii
549 710 735 789 martyrium
749 711 940 774 obiecerant:
958 709 1050 789 idque

308 801 422 881 ipsum,
438 803 469 864 ui
490 811 523 865 et
537 803 711 866 eruditione
731 805 812 866 haud
834 803 953 882 impari,
966 819 1050 882 prae-

308 903 409 958 statur
438 897 628 960 aFlaminio
656 899 799 960 Cornelio
825 905 967 958 senatore
994 895 1050 958 ite

310 998 382 1052 neto
405 991 436 1051 in
458 1007 515 1052 suo
542 1007 633 1070 opere
662 991 698 1053 de
727 990 828 1053 Cultu
858 991 888 1052 S.
914 990 1051 1054 Simonis

311 1083 408 1144 Pueri
431 1083 625 1158 Tridentini,
642 1085 779 1147 Venetiis
800 1101 908 1148 recuso
929 1083 986 1145 sub
1001 1098 1054 1144 au·

311 1193 388 1238 uum
410 1194 589 1240 unccxunx.
621 1181 706 1242 lnter
728 1195 763 1242 ea
790 1196 881 1255 vero,
904 1196 982 1258 quae
1003 1179 1053 1241 vel

311 1269 368 1348 ipsi
389 1287 445 1348 pro
466 1271 500 1332 B.
523 1275 664 1336 Andreae
685 1274 771 1336 cultu
797 1273 982 1335 indulsimus
1004 1271 1053 1334 vel

311 1363 557 1442 praedecessores
579 1367 676 1428 nostri
697 1383 753 1444 pru
775 1366 860 1430 cultu
875 1367 907 1427 B.
920 1365 1054 1430 Simonis

312 1459 530 1528 decreverunt.
544 1460 600 1522 hoc
613 1476 712 1522 unum
723 1459 887 1522 discrimen
900 1465 956 1533 est,
973 1456 1054 1535 quud

314 1554 476 1630 nimirum,
500 1555 585 1616 iussu
608 1553 746 1629 Gregorii
779 1552 857 1616 lllll.
887 1551 1054 1624 Pontificis,

314 1649 347 1711 B.
373 1650 509 1712 Simonis
530 1664 646 1710 numen
667 1647 700 1708 in
722 1645 976 1724 llartyrolugium
998 1643 1054 1705 lto-

314 1759 442 1806 manum
464 1741 523 1804 luit.
544 1741 674 1814 illatum,
691 1741 737 1802 uti
757 1737 1007 1817 praenotavimus
1023 1736 1055 1798 in

313 1841 423 1898 austro
445 1832 499 1896 tib.
527 1834 557 1904 i,
581 1833 617 1894 de
640 1831 905 1901 Cuaoitizutionc,
920 1845 988 1907 cap.
1000 1829 1056 1899 14,

313 1945 345 1988 u.
368 1930 401 1988 4.
425 1929 464 1990 ht
487 1925 515 1987 id
531 1943 587 1988 nos
608 1935 763 2005 praestare
784 1923 943 1984 noluimus
958 1923 1056 2000 quoad

313 2021 441 2082 Beatum
463 2020 629 2092 Andrean,
652 2020 687 2080 ad
709 2023 788 2079 sarta
810 2023 887 2078 tecta
908 2015 1058 2077 servanda

313 2114 482 2192 posteriora
513 2109 651 2184 decreta,
681 2117 716 2172 ut
743 2110 774 2172 in
802 2107 1056 2184 martyrologium

315 2208 489 2268 Romanum
512 2205 772 2267 canonizaturum
795 2201 921 2263 nomina
942 2201 1059 2262 solum·

313 2299 406 2362 modo
432 2299 629 2370 inserantur,
659 2296 779 2357 omissis
807 2294 984 2357 nominibus
1008 2309 1058 2354 eo·

314 2407 397 2466 rum,
410 2392 463 2472 qui
484 2391 650 2452 Beatorum
673 2403 805 2450 numero
827 2387 969 2466 adscripti
984 2392 1058 2448 sunt

314 2485 364 2547 uel
378 2485 511 2546 solemni
527 2481 576 2544 vel
587 2481 806 2560 acquipollenti
822 2481 1055 2543 beatificatione:

316 2577 361 2640 uti
383 2577 488 2639 videre
510 2584 555 2637 est
577 2580 686 2636 austra
707 2571 797 2635 tiled
818 2573 858 2634 de·
878 2572 1059 2636 Goauuizu-

316 2671 414 2741 tione,
436 2675 522 2746 puri.
545 2667 578 2740 2,
602 2685 627 2729 c.
652 2668 705 2735 18,
729 2684 760 2727 a.
784 2666 806 2726 9
826 2671 856 2728 et
876 2683 938 2744 seq.

355 2767 374 2838 ἓ
393 2762 422 2824 6.
441 2762 471 2824 Si
484 2761 636 2838 religiosis
647 2762 720 2822 viris
734 2761 806 2823 satis
819 2759 937 2834 luisset,
950 2774 1059 2837 quem·

316 2855 481 2918 admodum
502 2857 741 2928 affirmaverant,
763 2854 900 2917 officium
921 2853 1058 2914 missam-

316 2965 378 3028 que
399 2951 554 3029 propriam
577 2949 758 3024 obtinuisse,
776 2955 807 3010 et
828 2947 957 3010 subinde
981 2945 1059 3008 ulte·

316 3045 381 3106 rius
402 3043 555 3123 progressi
577 3059 698 3107 causam
719 3044 817 3122 ipsam
838 3043 873 3104 ad
896 3039 1059 3102 formalem

317 3139 584 3201 canonizationem
598 3137 752 3200 iustruere
765 3153 829 3198 non
845 3143 1057 3209 attentassent,

317 3251 373 3296 nos
384 3234 508 3312 quidem
522 3232 684 3311 epistolam
695 3233 773 3292 hanc
784 3229 929 3305 dictandi,
944 3237 972 3290 te
985 3244 1059 3289 vero

316 3327 495 3408 perlegendi
508 3343 541 3387 ac
555 3323 761 3403 expendendi,
779 3323 881 3384 labore
896 3321 1058 3383 levavisse·

317 3439 404 3498 mus;
427 3429 468 3494 at,
497 3435 568 3482 cum
600 3418 762 3480 formatem
793 3416 1060 3478 canonizationem

286 3581 288 3586 ,
317 3532 401 3580 nunc
420 3515 478 3577 sibi
493 3514 596 3576 animo
611 3511 838 3591 proposuerint,
854 3509 1059 3573 obtinuerint-

97 4081 231 4131 Quaenam
247 4076 299 4121 sint

84 4137 114 4178 ad
147 4132 299 4176 formalem

84 4187 198 4230 canonia.
223 4194 299 4240 prae-

84 4238 221 4286 mittenda.

318 3606 640 3689 queutpotentissimi
652 3604 872 3666 catholicorum
884 3603 1059 3682 principum

318 3703 526 3780 inidipsum
554 3699 759 3761 vehementer
787 3699 956 3771 instarent,
984 3713 1060 3775 opus

319 3797 408 3860 uobis
429 3812 495 3856 esse
515 3791 743 3872 conspeximus,
760 3799 794 3854 ut
815 3791 919 3852 omnia
941 3791 1000 3852 rite
1015 3805 1060 3851 re·

318 3897 429 3968 cteque
449 3905 482 3949 se
502 3887 645 3961 habeant,
662 3885 717 3948 hac
733 3884 859 3962 epistola
874 3883 1061 3970 seutentiam

319 3991 458 4046 nostram
479 3979 516 4042 de
537 3994 653 4057 nupera
674 3979 826 4058 petitione
846 3977 975 4056 aperire.

358 4078 377 4152 ἓ
398 4076 427 4138 7.
445 4073 530 4137 Haud
551 4090 623 4135 sane
645 4072 867 4151 conquerimur
888 4087 958 4146 eus,
981 4079 1061 4148 post-

319 4186 412 4249 quam
447 4185 588 4247 expressa
622 4168 764 4246 superius
798 4165 918 4228 ratione
951 4167 1062 4232 missae

284 4273 287 4279 '
319 4264 462 4343 propriae
482 4261 660 4341 propriique
683 4259 773 4320 cilicii
795 4258 1024 4320 concessionem
1045 4276 1061 4321 a

319 4359 411 4440 nobis
428 4365 502 4419 sunt
522 4353 667 4429 assecuti,
689 4352 842 4414 declarato
868 4367 973 4413 eurum
998 4353 1062 4414 aui·

319 4469 371 4516 mo
386 4451 515 4514 ulterius
530 4449 660 4511 minime
681 4446 910 4526 progrediendi,
927 4454 1062 4509 mutasse

319 4545 432 4608 exinde
452 4544 654 4618 sententiam3
678 4558 757 4604 nova
772 4542 857 4604 euim
878 4541 954 4604 haec
975 4541 1063 4602 moli-

319 4642 404 4705 mina
424 4639 561 4701 libenter
582 4636 688 4698 damus
699 4635 816 4696 iteratis
837 4634 998 4710 religiosae
1012 4635 1064 4696 de-

319 4735 455 4796 votionis
466 4731 659 4812 impulsibus.
677 4729 760 4793 Certi
773 4736 927 4808 praetcrea
942 4744 1062 4804 sumus,

321 4829 441 4910 quoties
464 4827 519 4907 ipsi
541 4826 576 4886 ad
603 4824 765 4887 iormalem
794 4825 1063 4887 canonizationem

320 4938 486 5003 properare
507 4921 617 4995 velint,
641 4927 682 4994 te,
705 4935 760 4997 pro
782 4935 815 4980 ea
844 4935 903 4997 qua
925 4919 971 4980 uti
993 4934 1065 4980 con·

320 5017 450 5079 suevisti
471 5015 641 5091 diligentia,
658 5030 720 5076 uon
743 5013 961 5089 neglecturum
983 5029 1065 5076 com-

321 5112 504 5175 missionem
519 5107 666 5183 relaxare,
683 5125 760 5186 quae
781 5108 895 5171 dicitur
916 5109 951 5170 ia
972 5113 1063 5170 statu

322 5213 352 5269 et
374 5204 534 5275 terminis,
557 5203 594 5265 de
614 5219 673 5280 qua
696 5201 787 5263 verba
809 5201 937 5264 lecimus
959 5201 990 5264 iu
1010 5216 1065 5262 nu-

320 5307 385 5362 stro
407 5313 500 5376 opere
520 5296 558 5357 de
579 5294 821 5369 canonizatione,
839 5292 894 5358 tit.
909 5293 944 5367 2,
963 5311 988 5356 c.
1006 5294 1061 5366 38,

323 5408 411 5454 aum.
429 5391 480 5465 13,
499 5389 668 5467 legitimam
684 5403 807 5467 quoque
817 5405 982 5466 exposcere
997 5404 1065 5466 pro-

323 5486 499 5559 bationem,
527 5500 586 5561 qua
608 5497 712 5545 casum
743 5481 826 5543 hunc
852 5481 966 5544 Urbani
988 5481 1062 5543 lllll.

324 5579 453 5641 decretis
475 5593 539 5638 nun
561 5593 626 5637 esse
651 5575 909 5652 comprehensum
938 5576 1065 5638 demon·

323 5678 453 5745 stretur,
471 5667 551 5748 quud
573 5667 770 5745 caeteroquin
792 5666 878 5729 lacile
901 5669 1065 5730 admodum

324 5763 524 5844 praestabunt
544 5761 761 5840 postulatores,
777 5762 990 5823 authenticum
1013 5777 1067 5824 no·

324 5863 426 5918 strum
448 5856 557 5916 missae
578 5862 670 5934 atque
691 5853 782 5917 officii
798 5853 953 5917 indultum
968 5855 1067 5934 prole-

1107 707 1199 770 citatu
1220 723 1322 787 opere,
1340 706 1393 770 lib.
1411 709 1444 782 2,
1469 723 1536 787 cap.
1559 707 1616 780 42,
1639 723 1728 770 aum.
1738 708 1770 768 3.
1787 705 1850 768 Nec

1109 809 1138 864 te
1169 801 1284 880 pariter
1315 802 1610 879 praetermissurum
1637 801 1751 864 scimus
1783 806 1849 862 tum

1109 895 1245 972 exigere,
1261 901 1307 970 ut,
1326 910 1407 956 novo
1422 894 1560 956 coniecto
1575 911 1719 972 processu
1735 900 1852 974 aposto·

1108 988 1178 1062 lico,
1190 1003 1251 1050 una
1273 1003 1346 1050 cum
1364 987 1511 1064 martyrio
1527 987 1589 1066 ipsa
1603 988 1751 1068 probetur
1764 1003 1852 1049 causa

1111 1080 1249 1158 martyrii
1265 1079 1348 1142 Beati
1364 1081 1519 1158 Andreae3
1543 1096 1614 1143 cum
1629 1083 1664 1142 ad
1679 1081 1852 1144 solemnem

1110 1178 1375 1241 canonizationem
1391 1181 1470 1242 haud
1482 1179 1554 1240 satis
1566 1178 1748 1252 habeantur,
1762 1193 1852 1255 quae·

1111 1289 1233 1351 cunque
1255 1280 1285 1334 et
1306 1273 1383 1336 facta
1404 1280 1435 1334 et
1457 1273 1552 1336 oculis
1573 1272 1707 1334 subiecta
1723 1271 1852 1333 luerunt

1112 1365 1145 1426 ad
1169 1367 1258 1428 olllcii
1281 1366 1451 1444 missaeque
1479 1365 1727 1443 concessionem3
1754 1365 1853 1427 veluti

1112 1461 1168 1540 ipsi
1190 1461 1281 1539 plene
1302 1459 1583 1523 demonstravimus
1599 1461 1631 1522 in
1647 1467 1752 1522 nostru
1768 1456 1852 1522 libi

1113 1553 1149 1616 de
1160 1555 1417 1624 canonizatione,
1430 1570 1497 1632 cap.
1509 1553 1561 1628 32,
1576 1569 1696 1618 auum.
1709 1555 1782 1618 dod
1797 1553 1852 1624 17,

1113 1651 1143 1708 ct
1166 1663 1232 1725 cap.
1255 1647 1309 1720 42,
1334 1665 1365 1708 a.
1384 1648 1423 1721 9,·
1446 1657 1513 1710 tum
1531 1649 1565 1710 ad
1587 1661 1712 1709 seuerae
1735 1645 1854 1708 critices

1114 1741 1235 1817 regulas
1257 1741 1443 1819 expendere,
1460 1759 1498 1803 au
1515 1741 1653 1803 historici
1668 1741 1854 1818 martyrium

1114 1834 1283 1896 relerentes
1312 1835 1489 1897 necessariis
1515 1835 1649 1912 polleant
1671 1833 1855 1896 conditioni·

1114 1929 1181 2001 bus,
1203 1929 1239 1992 ad
1260 1928 1473 2006 probationem
1495 1927 1745 1990 constituendam
1760 1925 1792 1988 in
1809 1926 1855 1987 iu-

1114 2022 1191 2084 dicio
1222 2021 1370 2084 solemnis
1400 2021 1656 2094 canonizationis,
1683 2019 1797 2097 quihus
1818 2020 1856 2080 de

1113 2114 1341 2177 conditionibus
1363 2130 1418 2178 uus
1434 2113 1494 2175 late
1507 2114 1628 2190 egimus
1642 2117 1751 2174 austro
1767 2109 1821 2174 lib.
1834 2114 1855 2174 3

1115 2208 1150 2269 do
1179 2206 1444 2278 Gonoaizutioae,
1466 2222 1534 2284 cop.
1563 2207 1585 2266 7
1609 2213 1639 2269 et
1668 2203 1790 2269 duodus
1810 2220 1856 2265 se-

1114 2299 1296 2380 qucztibes,
1319 2315 1390 2362 cum
1413 2301 1509 2361 maior
1531 2300 1625 2361 etiam
1648 2298 1746 2378 quoad
1761 2298 1856 2360 histo·

1115 2395 1192 2458 riuos
1220 2394 1400 2457 adhiheatur
1427 2393 1573 2469 facilitas,
1595 2393 1715 2470 quotics
1736 2408 1785 2454 res
1811 2400 1857 2454 est

1114 2488 1152 2549 de
1172 2487 1303 2566 simplici
1324 2487 1521 2548 concessione
1542 2485 1656 2564 publici
1677 2484 1790 2561 cultus,
1806 2501 1856 2564 pe·

1115 2579 1238 2643 culiaris
1259 2578 1385 2642 alicuius
1416 2578 1561 2640 dioecesis
1590 2577 1705 2639 linibus
1726 2577 1857 2639 circum-

1114 2672 1230 2750 scripti,
1253 2687 1345 2750 quam
1368 2687 1440 2734 cum
1461 2672 1564 2748 agitur
1584 2670 1622 2732 de
1637 2669 1759 2748 publico
1771 2671 1857 2732 cultu

1118 2765 1310 2844 praeceptiva
1332 2765 1401 2842 lege
1422 2767 1556 2839 decretu,
1578 2770 1670 2842 atque
1684 2763 1717 2825 in
1732 2763 1859 2825 unirer·

1115 2874 1180 2921 sam
1212 2860 1369 2923 ecclesiam
1399 2859 1565 2937 ampliato,
1595 2859 1859 2939 quemadmodum

1116 2954 1164 3016 vel
1187 2954 1244 3032 ipsi
1265 2953 1479 3016 adnotavimus
1495 2951 1550 3016 tit.
1564 2955 1596 3025 4,
1611 2961 1698 3031 port.
1714 2953 1748 3028 2,
1762 2970 1787 3014 c.
1801 2953 1857 3026 10,

1115 3065 1203 3111 aum.
1233 3049 1299 3122 26;
1330 3065 1363 3110 ac
1389 3049 1522 3127 denique
1550 3055 1709 3127 expetere,
1738 3059 1859 3126 praeter

1116 3144 1297 3222 martyrium
1311 3141 1438 3222 eiusque
1454 3159 1588 3218 causam,
1600 3142 1762 3220 signorum
1774 3158 1859 3221 prae-

1117 3245 1199 3298 terea
1220 3253 1252 3298 ac
1280 3235 1504 3298 miraculorum
1531 3238 1705 3298 accessione
1745 3250 1859 3315 ,quae

1116 3338 1183 3409 post
1203 3330 1363 3393 indultum
1391 3328 1504 3407 publici
1526 3329 1629 3391 cultus
1657 3251 1857 3407 conrflgerint,

1116 3423 1196 3503 quod
1219 3422 1351 3503 perinde
1372 3432 1418 3485 est
1439 3421 1605 3497 aedicere,
1628 3430 1695 3501 post
1717 3424 1822 3485 datum
1844 3439 1859 3484 a

1117 3519 1205 3582 nobis
1227 3519 1325 3580 Breve
1346 3517 1549 3580 concessionis
1571 3515 1662 3579 officii
1682 3517 1715 3580 ac'
1737 3519 1857 3580 missae.

1116 3612 1224 3691 Neque
1251 3611 1301 3674 hic
1324 3610 1479 3672 suliicieut
1500 3609 1561 3672 duo
1590 3610 1678 3687 signa
1699 3611 1748 3672 vel
1769 3612 1860 3673 mira·

1117 3706 1195 3783 cula,
1217 3704 1269 3766 sed
1296 3711 1429 3783 quatuor
1458 3703 1626 3766 ailerautur
1649 3719 1775 3766 necesse
1795 3713 1858 3782 est3

1117 3815 1203 3862 causa
1227 3814 1360 3876 namque
1380 3797 1465 3859 Beati
1486 3797 1639 3872 hildreae,
1662 3799 1759 3875 quoad
1781 3814 1863 3859 mar·

1118 3894 1234 3971 tyrium
1250 3898 1280 3953 et
1294 3889 1436 3969 martyrii
1450 3905 1583 3966 causam,
1599 3889 1701 3952 fulciri
1718 3907 1780 3953 non
1795 3897 1861 3969 put·
1893 3965 1904 3990 Ι

1116 3995 1163 4046 est
1184 3983 1415 4064 probationibus
1439 3983 1574 4058 directis,
1598 3984 1726 4045 testibus
1748 3999 1860 4063 nempe

1118 4081 1154 4142 do
1174 4080 1257 4152 uisa,
1281 4079 1333 4140 sed
1360 4075 1560 4139 auxiliaribus
1581 4075 1680 4138 veluti
1707 4093 1741 4139 ac
1761 4077 1859 4140 subsi-

1117 4173 1231 4246 diariis,
1254 4172 1384 4234 testibus
1405 4171 1557 4232 nimirum
1584 4170 1619 4233 de
1640 4169 1778 4244 cudite,
1802 4187 1861 4250 qua

1117 4265 1244 4346 quidem
1265 4265 1297 4326 in
1319 4263 1389 4326 lacti
1409 4264 1521 4342 specie,
1544 4265 1604 4326 duo
1625 4264 1713 4341 signa
1734 4263 1781 4324 uel
1803 4265 1862 4326 mi·

1118 4358 1220 4422 recula
1240 4358 1312 4419 satis
1334 4371 1395 4418 nun
1417 4363 1502 4430 sunt,
1518 4358 1569 4420 sed
1592 4365 1724 4435 quatuor
1744 4355 1863 4420 deside·

1119 4460 1244 4528 rantur,
1274 4451 1357 4513 iuxta
1386 4449 1530 4527 generale
1558 4452 1716 4514 decretum
1737 4467 1753 4512 a
1775 4451 1862 4513 nobis

1118 4547 1237 4610 editum
1259 4560 1342 4609 nono
1363 4543 1510 4608 kalendas
1535 4544 1607 4606 maii
1628 4561 1780 4608 uoccxuu.
1805 4546 1863 4607 im-

1118 4654 1322 4719 pressumque
1344 4639 1376 4700 in
1398 4644 1503 4699 nostro
1524 4653 1617 4716 opere
1630 4639 1666 4699 de
1683 4637 1862 4702 danoaizu·

1120 4734 1206 4795 tiuae
1227 4729 1282 4794 tit.
1307 4735 1340 4803 3,
1364 4746 1431 4808 cap.
1447 4729 1480 4803 3,
1500 4746 1587 4793 aum.
1602 4729 1659 4803 25,
1676 4731 1757 4811 quod
1777 4748 1862 4796 nunu

1120 4827 1267 4906 temporis
1297 4824 1556 4887 accuratissimam
1585 4826 1801 4888 executionem
1828 4828 1861 4888 in

1120 4917 1368 4995 Cougrcgatione
1388 4916 1516 4979 Rituum
1537 4919 1747 4997 consequitur.

1159 5013 1177 5086 5
1198 5010 1226 5072 8.
1252 5011 1381 5074 Certum
1403 5009 1490 5072 nobis
1512 5017 1569 5086 est,
1585 5019 1616 5072 te
1637 5011 1716 5074 nihil
1737 5027 1861 5086 corum,
1921 5026 1985 5080 quia
2005 5029 2091 5071 auiam

1119 5121 1196 5183 quae
1217 5104 1365 5166 hactenus
1387 5103 1609 5178 recensuimus,
1629 5120 1685 5184 pro
1705 5113 1862 5184 perspecta
1880 5079 2093 5178 ffiaui'ffiassg]

1121 5197 1209 5259 uobis
1240 5212 1311 5258 cura
1336 5211 1369 5258 ac
1394 5195 1555 5258 sedulitate
1584 5206 1635 5259 tua
1662 5197 1800 5276 relinqui
1821 5197 1862 5260 ia·
1882 5186 1928 5230 ¹¹¹⁷·-
1943 5185 2064 5242 exempto.

1120 5301 1255 5354 uturum.
1279 5289 1364 5364 Quod
1380 5303 1435 5349 nos
1449 5288 1540 5350 habet
1554 5287 1700 5351 sollicitos
1714 5289 1790 5353 illud
1805 5301 1862 5368 cst,

1120 5399 1241 5446 causam
1262 5381 1346 5443 Beati
1372 5382 1512 5474 Andreae
1540 5383 1639 5461 pueri,
1661 5382 1698 5444 ab
1719 5382 1863 5446 Hebraeis

1120 5475 1210 5539 occisi
1232 5476 1264 5537 in
1286 5475 1392 5537 odium
1414 5474 1497 5548 fidei,
1520 5475 1652 5555 primam
1671 5490 1751 5551 esse,
1773 5493 1862 5557 quae,

1122 5577 1188 5648 post
1209 5585 1312 5630 causas
1339 5565 1589 5630 canonizationis
1614 5567 1645 5630 S.
1670 5568 1741 5632 Sedi
1766 5585 1866 5631 rescr-
1972 5585 1977 5596 ·

1122 5671 1215 5737 ratas,
1238 5660 1351 5722 instrui
1372 5660 1459 5735 velit,
1482 5660 1563 5722 haud
1584 5660 1709 5740 quidem
1731 5663 1766 5726 ad
1788 5662 1865 5724 obti-

1122 5759 1262 5820 nendum
1277 5755 1328 5818 vel
1343 5757 1501 5819 indultum
1516 5755 1734 5834 permissivum
1750 5757 1864 5836 publici

1122 5852 1223 5914 cultus
1251 5868 1313 5913 una
1339 5851 1439 5928 aliqua
1467 5849 1597 5914 dioecesi
1625 5849 1863 5927 circumscripti,

325 5957 442 6026 rentes,
465 5948 561 6011 veluti
584 5962 640 6009 nus
655 5964 778 6028 quoque
798 5947 960 6010 innuimus
982 5945 1095 6027 prae-l
1124 5945 1172 6008 vel
1194 5945 1357 6008 formalem
1387 5953 1439 6006 aut
1460 5941 1719 6023 aequipollentem
1749 5943 1866 6005 beatifi-

433 6095 483 6143 lar.
503 6097 569 6142 l'ont.
586 6094 617 6142 dc
630 6102 702 6158 nrop.
718 6095 780 6143 Fide
795 6097 875 6144 Partis
891 6098 907 6142 1.
924 6097 976 6143 vol.
993 6095 1034 6140 111.

1736 6097 1761 6145 74

1771 565 1830 630 585
1880 569 1933 622 Au.
1947 567 1977 620 0.
1999 563 2067 619 1755
