4798 6978
109 575 164 626 ila.
178 575 210 628 G.
231 575 301 628 1755

117 723 313 770 nituiturooie·
371 711 439 787 §ia
463 711 503 774 iit
522 711 548 773 si
576 723 715 790 unquam
742 709 840 791 excipi
868 710 1074 786 contingeret,

92 778 312 878 ξξᾛῗῗῗὲῃιόἷ
331 807 440 869 iisdem
463 807 495 868 in
517 805 616 868 literis
639 805 670 866 in
691 806 873 884 exemplam
890 821 946 883 per
960 803 1077 867 nosad-

92 885 313 984 {igffiffflssmssggffi
331 901 399 963 eluci
421 900 533 962 latinos
553 901 702 977 quosdam
723 899 802 960 ritus
822 899 859 961 ab
870 898 1076 962 Orientalibus

90 993 162 1090 {2²3
173 990 313 1090 ⁰35¹¹,¹¹,¹¹,¹,¹3
331 1001 361 1056 et
373 993 509 1055 vicissim
531 1009 654 1070 graecos
675 994 820 1072 quosdam
836 993 914 1055 ritus
929 1010 944 1054 a
960 992 1076 1054 Latinis

90 1098 301 1155 participatione.
331 1093 496 1166 cooptatos,
510 1095 610 1165 parata
626 1087 763 1166 suppetit
785 1087 953 1165 responsio,
970 1093 1076 1164 estque

332 1179 532 1256 eiusmodi,id
550 1179 666 1242 iactum
677 1181 726 1242 vel
742 1180 967 1242 consectarium
982 1178 1075 1240 icisse

332 1273 587 1336 immemorabilis
608 1273 843 1336 consuetudinis
867 1272 1075 1336 seoumleren·

333 1375 371 1435 tis
392 1373 504 1434 lamam
525 1370 660 1433 concessi
676 1369 843 1449 apostolici,
858 1367 1014 1446 privilegii
1027 1367 1075 1429 vel

332 1467 494 1529 inductum
510 1481 548 1528 ex
559 1465 723 1543 privilegio
737 1465 902 1545 apostolico
914 1479 988 1526 vero
1003 1480 1075 1525 oon-

332 1566 497 1638 ceptoque3
528 1575 660 1636 quarum
691 1559 816 1636 quidem
846 1573 972 1632 rernm,
994 1557 1075 1636 quod

332 1655 367 1714 ad
394 1661 590 1731 praesentem
622 1653 838 1731 quaestionem
869 1653 991 1727 attinet,
1018 1666 1077 1714 nec

331 1746 447 1825 species
469 1745 542 1820 ulla,
565 1745 640 1824 quin
664 1745 766 1823 potius
788 1745 946 1825 perspicua
968 1761 1003 1806 es
1027 1745 1078 1805 ail-

332 1856 422 1903 uerso
443 1849 576 1918 praestat
598 1840 746 1919 probatio.
777 1841 854 1903 Cum
877 1841 963 1902 enim
985 1841 1077 1902 Edes-

331 1950 425 1998 senus
445 1934 701 2013 archiepiscopus
722 1935 843 1997 armeni
865 1935 943 1997 ritas
963 1933 1078 1996 Romae

331 2029 446 2104 degens
461 2027 638 2091 iacultatem
656 2027 714 2090 sibi
730 2028 907 2105 expetiisset
921 2028 1077 2090 celebran-

332 2122 361 2182 di
376 2130 440 2184 tres
453 2123 559 2184 missas
570 2122 709 2184 natalitio
722 2123 835 2184 Christi
851 2122 911 2197 die,
924 2130 1021 2199 utque
1036 2119 1077 2180 la·

332 2215 429 2278 cultas
443 2215 595 2278 eiusmodi
607 2217 643 2278 ad
655 2216 792 2293 reliquos
803 2216 895 2277 etiam
906 2215 1077 2277 sacerdotes

333 2307 447 2370 Romae
468 2316 695 2370 commorantes
721 2309 979 2386 protenderetur;
1009 2322 1077 2384 pro·

332 2401 438 2480 positis
450 2402 776 2480 huiusmodiprecibus
788 2402 1077 2479 incongregatione

333 2495 364 2559 S.
388 2496 599 2576 inquisitionis
620 2513 723 2558 coram
748 2494 977 2558 consultoribus
998 2495 1077 2558 deci-

333 2607 384 2654 mo
400 2592 492 2655 tertio
507 2591 609 2653 kalen.
624 2591 749 2653 martias
764 2607 899 2667 uncam,
912 2590 1077 2669 relatisque

333 2687 446 2748 iterum
473 2685 777 2761 incongregatione
805 2687 843 2747 de
864 2701 952 2747 more
976 2685 1076 2747 habita

333 2780 365 2842 in
387 2781 498 2859 palatio
519 2780 684 2858 apostolico
706 2775 797 2842 te‘rtio
812 2779 874 2841 hal.
892 2779 1007 2854 martii,
1024 2795 1079 2840 ne-

334 2875 473 2950 gativam
495 2875 652 2936 redditum
665 2874 724 2936 tuit
745 2887 947 2950 responsum:
972 2889 1077 2952 quom-

333 2967 380 3028 vis
402 2967 438 3041 is,
460 2967 510 3028 cui
533 2967 714 3030 demandata
742 2967 801 3028 luit
823 2965 979 3044 provincia
1004 2966 1079 3028 scri·

334 3060 426 3122 benai
447 3062 480 3122 eii
496 3062 531 3122 de
547 3061 770 3138 rescriptaque
792 3075 878 3120 sunm
901 3058 1077 3136 proterendi

332 3155 540 3230 sententiam,
568 3155 599 3216 in
628 3166 746 3233 partem
777 3156 992 3219 ailirmativam
1013 3171 1079 3216 sese

333 3249 522 3327 praestiterit
553 3249 789 3327 procliviorem,
817 3248 1078 3328 quemadmodum

334 3341 594 3421 deprehendimus
616 3342 797 3421 exscriptis
818 3344 980 3420 negotium
1001 3342 1078 3406 illud

334 3435 571 3512 attingentibus,
594 3451 672 3512 quae
693 3451 733 3497 eii
754 3435 879 3499 aedibus
901 3437 933 3499 S.
949 3437 1079 3515 inquisi-

334 3528 428 3590 tionis
449 3527 552 3592 aiieiri
572 3530 609 3590 ad
630 3545 686 3591 nos
699 3528 873 3605 voluimus3
896 3539 927 3592 et
947 3530 1006 3592 hoo
1020 3529 1079 3592 luit

238 3641 244 3652 ·
335 3623 462 3700 quidem
483 3621 614 3683 dubium
637 3630 712 3684 tunc
733 3623 942 3702 propositum:
960 3624 1010 3687 Aa
1031 3623 1080 3685 dt-

335 3722 385 3776 cto
406 3713 648 3792 Arcaiapiscopo
670 3715 901 3777 concedendum
914 3715 1080 3778 sitiridul·

337 3814 407 3870 tum
429 3805 609 3871 celebrandi
630 3816 695 3869 tres
716 3808 830 3871 missus
851 3810 886 3871 ia
915 3809 964 3871 die
985 3809 1079 3874 Nati-

335 3902 451 3965 uitatis
472 3899 602 3962 Domimr'
624 3917 708 3962 more
730 3901 935 3975 Latinorum,
964 3901 1079 3983 hocque

335 3994 571 4056 extendendam
599 3994 644 4056 ud
672 4010 776 4055 omues
802 3993 999 4073 presbyteros
1026 4013 1079 4059 ar-

335 4088 420 4149 meni
443 4089 531 4151 ritus
546 4089 582 4149 ia
598 4086 675 4150 Urbe
690 4094 937 4152 commorantes:
960 4089 1016 4152 hoc
1027 4106 1079 4152 re·

334 4199 370 4245 ro
390 4182 589 4260 rescriptum:
619 4181 728 4256 Quoad
749 4182 887 4260 petitum
913 4183 1078 4245 indultum

335 4273 515 4338 celebrandi
538 4281 602 4336 tres
623 4277 736 4337 missus
756 4277 792 4337 in
814 4275 1004 4339 dieillatulis
1020 4276 1080 4339 Bu-

334 4369 416 4431 mim'
431 4381 517 4431 mure
532 4368 737 4441 Latinorum,
751 4369 1001 4447 respondendam
1016 4385 1079 4432 csse

335 4464 492 4542 negative.

134 4566 317 4623 niiapeauiia-
375 4557 394 4631 ἓ
416 4556 444 4616 5.
476 4556 721 4618 Praetereundae
753 4572 809 4619 nec
839 4567 923 4633 sunt,
946 4573 1025 4636 quae
1047 4559 1078 4618 in

100 4621 316 4720 {ffffl‘haffll
335 4649 478 4728 praelatis
500 4649 598 4710 literis
630 4649 743 4711 uostris
763 4650 782 4723 ὅ
803 4650 842 4712 is
863 4667 878 4710 a
901 4652 989 4713 nobis
1009 4651 1079 4712 aile-

100 4727 208 4828 fflgss‘m
244 4737 316 4774 ⁰⁰⁰¹·
336 4753 461 4806 rantur.
485 4743 618 4805 Gauium
640 4741 740 4804 iuerat
761 4743 822 4804 iam
844 4745 917 4806 inde
938 4745 976 4806 ab
997 4760 1078 4806 anno

335 4852 510 4900 uaccxniv.
542 4843 575 4896 ot
603 4836 733 4897 Armeni
758 4835 899 4899 Liburno
926 4839 958 4900 in
985 4839 1079 4900 Portu

334 4929 526 4992 domicilium
542 4929 701 5004 habentes,
714 4931 826 5009 quippe
841 4949 902 4994 una
918 4931 1080 4994 nobiscum

334 5024 490 5096 viventes,
506 5023 538 5083 in
559 5021 711 5084 Paschatis
725 5024 897 5102 ceterisque
918 5023 1004 5086 iestis
1018 5025 1080 5087 die-

334 5117 390 5179 bus
410 5115 612 5190 celebrandis
629 5115 665 5176 ad
686 5116 914 5194 Gregoiianum
935 5119 1080 5180 emenda·

335 5218 403 5272 tum
433 5209 652 5271 kalendarium
681 5225 714 5271 se
745 5210 987 5273 conformarent.
1022 5211 1079 5272 Tot

335 5311 496 5380 tantasque
516 5302 620 5364 turbas
634 5310 871 5364 commoverunt
887 5303 1012 5382 praelati
1023 5307 1079 5366 hi·-

335 5396 432 5470 meni,
454 5402 490 5457 nt
511 5396 613 5457 habital
633 5395 690 5458 sub
710 5411 827 5458 annum
843 5412 1000 5459 cccxcix.
1024 5399 1079 5460 ite-

335 5489 400 5550 reta
411 5489 661 5566 congregatione
671 5489 830 5552 decretum
845 5489 950 5567 luerit,
959 5500 993 5553 ut
1006 5510 1079 5558 usus

335 5583 450 5644 veteris
470 5582 642 5645 kalendarii
663 5584 808 5646 Armenia
833 5583 1078 5650 tiburnensibus

335 5675 567 5753 relinqueretur
577 5691 737 5755 quousque
747 5679 784 5740 ad
798 5693 917 5741 novum
928 5680 1079 5758 recipien-

336 5769 411 5828 dum
431 5783 498 5829 sese
512 5771 792 5832 accommodassent
813 5777 844 5832 et
865 5787 1025 5850 quousque
1039 5774 1079 5834 Α·

335 5860 480 5937 postolica
501 5859 594 5923 Sedes
621 5861 703 5924 aliud
723 5863 877 5926 edixisset.
903 5865 956 5927 Bst
975 5865 1079 5944 itaque

335 5953 582 6018 tiburnensinus
595 5957 740 6018 ilrmeuis
760 5957 813 6020 sut
828 5974 884 6038 pro
898 5959 1018 6028 ratione
1027 5975 1078 6021 vo·

963 585 1160 636 BENEDIUTUS
1182 586 1245 636 xit.

1800 569 1858 636 627
1910 570 1963 625 An.
1978 573 2008 626 0.
2029 570 2099 625 1755

1133 706 1253 786 luntas3
1276 717 1428 789 respuant
1443 709 1575 774 latinum
1591 711 1699 785 ritum,
1716 727 1808 774 usum
1822 711 1879 774 sci·

1134 803 1205 866 licet
1226 803 1397 866 kalendarii
1420 806 1593 878 emendati,
1624 806 1765 882 quamvis
1791 807 1879 868 nobis

1134 896 1308 958 intermixti
1322 897 1556 976 vicinamque
1572 897 1646 960 illud
1660 899 1794 962 iustitiae
1808 915 1879 962 ron·

1132 1005 1260 1053 sonum:
1285 1007 1419 1070 cumque
1441 1008 1532 1070 porro
1554 993 1686 1056 latinum
1714 994 1810 1056 ritum
1832 1003 1880 1058 ter

1133 1083 1282 1145 olierendi
1303 1086 1489 1148 sacrificium
1510 1087 1604 1148 natali
1627 1087 1741 1150 Christi
1759 1088 1808 1150 die
1822 1089 1879 1151 sibi

1134 1176 1307 1240 indebitum
1329 1188 1506 1258 exposcant,
1522 1179 1611 1242 tacile
1625 1187 1714 1258 captu
1727 1188 1784 1255 est,
1798 1182 1878 1245 liaud

1132 1268 1252 1345 decere,
1275 1278 1309 1332 ut
1330 1273 1377 1333 sul
1399 1274 1463 1334 voti
1484 1283 1643 1352 compotes
1664 1276 1750 1336 hant.

1173 1365 1240 1440 §b
1258 1366 1431 1443 ‚Reliquum
1454 1366 1529 1430 illud
1551 1378 1608 1444 est,
1631 1371 1711 1450 qaod
1733 1372 1879 1434 asseritur
1924 1382 2024 1448 ‚ariana
2044 1383 2112 1429 ocia-

1133 1459 1164 1520 in
1189 1460 1286 1522 literis
1317 1461 1417 1524 Pisani
1448 1463 1693 1544 archiepiscopi,
1725 1469 1879 1530 hrmenae
1897 1437 2112 1538 ssi'ssoida‘iffi'iii‘-

1133 1554 1284 1617 nimirum
1299 1555 1433 1618 nationis
1454 1557 1596 1620 homines
1610 1559 1745 1622 Liburno
1760 1561 1792 1630 in
1807 1562 1879 1623 Por·
1898 1545 2112 1644 ξξοξᾷἕζξῇῗζξ

1134 1653 1168 1708 tu
1183 1655 1411 1711 commorantes
1421 1666 1608 1727 asseverare,
1621 1662 1805 1716 memoratas
1818 1662 1879 1718 tres
1898 1652 1939 1716 ¹i¹⁵
1953 1651 2038 1716 peragi
2052 1651 2113 1697 ⁸⁰¹¹·

1132 1739 1240 1801 missas
1260 1757 1276 1800 a
1298 1741 1407 1804 multis
1429 1759 1482 1821 per
1496 1744 1655 1808 Orientem
1676 1708 2040 1810 Armenissa·ii¹3101⁴i³i'aiian.¹
2067 1714 2111 1761 Μ’

1133 1833 1308 1896 cerdotibus
1323 1835 1490 1912 catholicis,
1503 1838 1706 1918 eiusdemque
1716 1841 1795 1903 ritus
1807 1841 1879 1904 mis-

1133 1927 1285 2004 sicnariis,
1309 1928 1468 2004 celebrari,
1488 1930 1579 2010 idque
1601 1934 1689 1995 nohis
1710 1935 1880 1997 verisimile

1134 2021 1272 2083 videtur:
1297 2031 1327 2084 at
1348 2023 1427 2084 nihil
1449 2023 1521 2086 inde
1534 2026 1566 2086 ln
1582 2043 1650 2088 rem
1671 2036 1877 2106 praesentem.

1133 2115 1167 2175 B.
1192 2115 1442 2179 Bartholomaeus
1464 2118 1677 2196 Bononiensis,
1695 2137 1733 2184 er
1747 2122 1880 2185 iratrum

1134 2208 1382 2271 Praedicatorum
1404 2210 1531 2287 iamilit,
1547 2212 1606 2275 luit
1622 2215 1767 2277 aloanne
1782 2217 1877 2279 iiiiii.

1135 2302 1282 2364 Pontidoe
1304 2302 1336 2364 in
1360 2304 1536 2368 Armeniam
1552 2306 1711 2384 ablegatus
1726 2309 1783 2372 sub
1797 2326 1879 2372 anno

1135 2410 1328 2470 neccarum,
1345 2403 1375 2458 et
1389 2395 1426 2457 ab
1441 2396 1505 2474 ipso
1515 2398 1700 2475 Maragensis
1713 2401 1879 2480 Episcopus

1135 2487 1349 2564 inauguratus,
1378 2489 1553 2569 exindeque
1573 2493 1738 2556 translatus
1764 2497 1798 2557 ad
1821 2494 1881 2557 Na·

1134 2581 1282 2654 rivarium
1304 2583 1606 2662 archiepiscopatum.
1630 2587 1695 2660 Quo
1716 2587 1780 2664 ipso
1800 2596 1879 2650 tem·
1915 2603 2112 2670 raamiasqcp-
2192 2646 2194 2655 .

1135 2689 1207 2751 pore
1239 2673 1391 2752 praelatus
1418 2676 1452 2737 B.
1481 2677 1735 2742 Bartholomaeus
1765 2681 1879 2744 celebri
1897 2659 2111 2759 ξῖξῑζῗῗῑξὲξξὲἶ

1135 2766 1186 2828 illa
1208 2768 1354 2830 missione
1375 2768 1573 2847 tangebatur,
1596 2774 1699 2835 aderat
1714 2774 1745 2836 in
1771 2776 1879 2838 Arme·
1897 2763 1981 2820 ΠΜ)
2002 2767 2110 2821 ¹³¹³¹¹⁵

1136 2859 1185 2922 nia
1207 2861 1294 2923 isaias
1309 2862 1433 2940 quidam
1448 2864 1657 2928 schismaticus
1672 2870 1819 2930 trecentis
1833 2886 1878 2930 se·
1898 2817 2111 2918 {isgacefuwrffi

1135 2955 1295 3033 ptaaginia
1317 2956 1473 3034 discipulis
1489 2960 1690 3039 praepositus.
1714 2963 1800 3024 lllens
1821 2963 1877 3040 ipsi
1898 2924 2111 3026 iiat'iimissnfffl:

1135 3049 1234 3110 inerat
1266 3058 1363 3128 recta;
1396 3058 1427 3112 ct
1458 3060 1562 3116 motus
1597 3053 1676 3116 iamai
1710 3058 1879 3120 sanctitatis
1898 3034 2002 3078 'mm'

1135 3142 1170 3202 B.
1205 3142 1442 3219 Bartholomaei,
1471 3145 1658 3226 edoctusque
1684 3150 1721 3211 ab
1747 3149 1811 3230 ipso
1833 3167 1881 3213 ca·

1136 3237 1267 3299 tholicae
1288 3239 1359 3300 iidei
1381 3240 1563 3315 veritatem,
1585 3257 1618 3303 se
1640 3243 1669 3304 ei
1690 3245 1808 3307 socium
1830 3247 1879 3308 ail-

1136 3331 1238 3392 iunxit
1259 3330 1322 3392 suis
1343 3331 1490 3394 omnibus
1518 3332 1675 3414 discipulis
1702 3353 1808 3400 secum
1830 3341 1880 3402 ad-

1135 3422 1250 3501 ductis,
1274 3432 1410 3504 ‘tuncque
1431 3427 1578 3504 contigit,
1602 3437 1636 3492 ut
1661 3431 1880 3496 institueretur

1137 3517 1340 3595 Congregatio
1366 3518 1498 3582 fratrum
1521 3524 1701 3601 unitorum,
1724 3536 1879 3606 assumpto

1135 3610 1173 3672 ab
1194 3612 1230 3673 iis
1245 3613 1388 3676 omnibus
1403 3613 1509 3677 habitu
1523 3616 1716 3680 Dominioani
1731 3620 1877 3696 instituti,

1135 3705 1307 3785 emissaque
1335 3706 1523 3785 professione
1548 3711 1629 3772 uitae
1650 3713 1801 3790 regularis
1821 3715 1879 3778 sub

1135 3802 1242 3881 regala
1263 3802 1295 3865 S.
1323 3803 1491 3879 Augustini
1512 3810 1543 3864 ei
1571 3803 1703 3868 iratrum
1724 3806 1880 3872 Praedica-

1136 3904 1240 3960 torum
1262 3895 1545 3960 constitutionibus.
1573 3898 1686 3961 Videre
1706 3909 1753 3963 est
1774 3904 1878 3964 omnia

1135 3991 1166 4053 in
1189 4007 1282 4069 opere
1303 3991 1398 4069 patris
1418 3989 1525 4054 Galani
1546 3991 1583 4053 da
1597 3991 1805 4057 Consentium
1820 3999 1879 4060 Ar·

1135 4100 1243 4148 merrae
1275 4082 1433 4147 Ecclesiae
1453 4101 1526 4146 cum
1554 4084 1707 4161 Rumaad,
1735 4095 1822 4166 part.
1846 4091 1876 4162 1,

1134 4193 1206 4257 pag.
1217 4182 1289 4241 508
1303 4183 1334 4238 et
1348 4193 1422 4256 seq„
1435 4187 1528 4258 atque
1541 4179 1748 4244 elucubratius
1764 4191 1839 4244 tum.
1856 4183 1880 4242 2

1135 4271 1298 4334 dilatoriae
1312 4271 1459 4332 utrorum
1475 4271 1658 4336 illustrium
1674 4273 1878 4339 Dominicaai

1138 4365 1286 4436 Ordinis,
1318 4373 1443 4428 auctore
1474 4374 1559 4444 patre
1590 4368 1732 4445 Touron,
1766 4369 1820 4433 lili.
1846 4370 1877 4444 1,

1134 4474 1206 4540 pag.
1231 4461 1296 4520 108
1318 4465 1349 4520 et
1370 4475 1429 4537 seq.
1447 4459 1562 4524 isthaec
1584 4462 1789 4540 congregatio
1808 4465 1879 4527 sub·

1136 4553 1210 4614 lecta
1232 4553 1291 4616 luit
1318 4555 1466 4630 magistro
1494 4555 1633 4629 generali
1661 4556 1879 4620 Dominioanae

1135 4647 1269 4708 iamiliae
1299 4647 1336 4710 ab
1367 4647 1550 4709 innocentio
1584 4647 1635 4710 ii.
1672 4649 1730 4711 suli
1760 4666 1879 4713 annam

1135 4756 1298 4816 uccccva,
1315 4749 1351 4802 ut
1364 4740 1510 4817 colligere
1530 4749 1577 4803 est
1592 4758 1630 4802 eii
1645 4741 1710 4804 eius
1732 4743 1830 4805 literis
1845 4745 1877 4806 in

1135 4833 1372 4896 Dominioanum
1393 4833 1565 4897 Baliarium
1587 4835 1691 4898 relatis
1704 4851 1778 4915 pap.
1794 4837 1878 4911 148,-

1133 4934 1166 4987 et
1188 4927 1220 4988 in
1241 4926 1437 5004 generalibus
1468 4927 1562 4990 totius
1591 4928 1714 4991 Ordinis
1744 4931 1879 4992 comitiis

1135 5019 1246 5081 habitis
1261 5035 1343 5080 anno
1358 5034 1539 5082 sucasini.
1558 5037 1638 5082 nora
1654 5022 1727 5084 haec
1743 5023 1877 5100 Congre-

1135 5113 1217 5189 gailo
1238 5114 1274 5174 ad
1295 5113 1448 5189 regularis
1469 5114 1644 5192 provinciae
1666 5117 1788 5191 grados,
1811 5117 1877 5178 iura

1135 5216 1166 5271 et
1181 5209 1313 5271 honores
1326 5209 1426 5273 attolli
1446 5210 1555 5289 coepit.
1573 5211 1652 5273 Cum
1667 5219 1771 5274 autem
1786 5213 1878 5274 isaiae

1135 5303 1276 5381 discipuli
1305 5319 1396 5365 unam
1430 5313 1593 5368 noscerent
1623 5309 1791 5368 armenam
1820 5306 1878 5368 lin·

1135 5413 1240 5474 guam,
1263 5403 1420 5475 praeterea
1442 5397 1603 5460 nullamet
1617 5399 1740 5477 plenam
1762 5408 1878 5464 cetero-

1135 5491 1302 5570 quiricum
1326 5489 1543 5554 Dominioanae
1569 5491 1702 5556 tamiliae
1727 5494 1879 5571 religiosis

1136 5585 1287 5646 unionem
1300 5583 1538 5659 constituerent,
1550 5600 1674 5648 necesse
1688 5587 1758 5670 tait,
1771 5605 1878 5668 quem·

1134 5677 1299 5740 admodum
1324 5677 1465 5740 reierunt
1491 5679 1646 5756 praecitati
1671 5680 1821 5757 historici,
1843 5693 1878 5746 ut

1135 5771 1271 5848 regulae,
1286 5777 1410 5845 statuta,
1427 5771 1616 5835 breviarium
1637 5783 1668 5836 et
1689 5775 1811 5838 missale
1826 5777 1879 5840 Or-

1135 5865 1215 5927 dinis
1237 5865 1270 5926 in
1296 5863 1435 5942 linguam
1465 5873 1664 5930 verterentur
1695 5869 1875 5932 armenam.

1136 5956 1353 6039 Comperimus
1372 5966 1477 6024 autem
1498 5959 1690 6041 temporibus
1707 5963 1795 6025 uobis
1809 5980 1878 6046 pro-
