4828 6990
386 559 441 622 An.
455 569 486 624 O.
506 566 575 623 1748
625 557 683 634 382

605 723 649 783 re,
672 721 804 786 suosque
830 706 982 786 plenarios
1010 715 1040 771 et
1065 708 1201 785 integros
1223 707 1349 770 allectus

603 803 708 865 sortiri
729 809 760 864 et
777 801 936 878 obtinere;
959 819 992 864 ac
1012 801 1224 879 superioribus
1245 808 1276 864 et
1291 801 1349 862 lra-

603 896 702 958 trihus
717 897 814 958 dietae
828 895 1080 976 congregationis
1093 894 1273 973 plenissime
1286 895 1350 957 sul·

603 987 725 1066 iragari,
751 995 782 1051 et
806 989 923 1051 abillis
948 990 984 1051 ad
1006 1005 1082 1068 quos
1109 995 1237 1068 spectat,
1264 995 1294 1052 et
1317 990 1348 1052 in

604 1083 747 1145 loturum
767 1082 928 1161 spectabit,
947 1083 1167 1145 iuviolabiliter
1181 1082 1348 1155 observari,

602 1176 709 1254 sicque
726 1177 758 1238 in
781 1177 954 1257 praemissis
974 1193 1029 1256 per
1043 1193 1255 1257 quoscumque
1271 1177 1351 1239 iudi-

603 1285 651 1330 ces
672 1269 843 1332 ordinarios
866 1277 898 1332 et
929 1269 1099 1347 delegatos,
1124 1271 1220 1332 etiam
1247 1287 1349 1332 causa·

603 1379 672 1424 rum
695 1363 798 1443 palatii
818 1363 978 1442 apostolici
992 1365 1159 1440 auditores,
1176 1363 1301 1426 iudicari
1318 1370 1348 1425 el

602 1454 727 1518 deliniri
748 1458 873 1520 debere:
897 1473 930 1519 ac
945 1457 1069 1520 irritum
1090 1467 1121 1520 et
1144 1457 1247 1530 inane,
1264 1457 1288 1517 si
1302 1471 1349 1518 se·

603 1567 656 1612 eus
676 1567 770 1630 super
789 1551 837 1612 his
858 1569 873 1612 a
897 1567 1063 1629 quoquam,
1087 1550 1194 1629 quavis
1216 1549 1349 1612 auctori·

601 1651 676 1719 tate,
697 1644 833 1706 scienter
848 1643 898 1706 rel
920 1645 1103 1720 ignoranter
1123 1643 1290 1719 contigerit
1305 1649 1347 1704 at·

602 1721 727 1800 te'ntari.

371 1829 582 1942 „,3,¹³,⁸,l³,⁰l¹¹¹¹¹
643 1831 710 1895 Non
732 1834 924 1897 obstantibus
945 1834 1091 1896 omnibus
1112 1841 1143 1895 et
1163 1831 1296 1908 singulis
1312 1829 1346 1890 ii-

505 1918 510 1930 '
602 1927 650 2001 lis,
663 1943 741 2006 quae
756 1927 838 1988 idem
853 1927 997 1990 Clemens
1013 1926 1227 2006 praedecessor
1241 1925 1273 1988 in
1284 1925 1345 2004 pri-

603 2021 743 2084 modialis
756 2019 821 2081 suis
835 2018 933 2081 literis
947 2019 1090 2099 praelatis
1105 2019 1278 2081 voluitnon
1295 2017 1348 2080 ob
1373 2040 1376 2169 p

600 2126 692 2190 stare,
704 2115 894 2192 caeterisque
910 2113 1071 2176 contrariis
1086 2113 1343 2192 qrribuscumque.

640 2211 752 2272 ilatum
780 2209 912 2283 Romae,
938 2207 1017 2285 apud
1043 2205 1074 2269 S.
1101 2206 1227 2294 hieriam
1256 2205 1347 2268 blaio·

600 2319 686 2376 rem,
710 2302 768 2364 sub
795 2301 913 2363 annulo
942 2300 1119 2374 Piscatorls,
1145 2298 1194 2360 die
1219 2315 1250 2359 x.
1278 2297 1345 2360 iulii

602 2412 816 2471 unacsevrrr„
838 2393 1034 2475 pontificatus
1055 2393 1154 2456 nostri
1172 2408 1254 2454 arrno
1275 2408 1343 2454 vur.

855 2555 1094 2566 ——..-—----

950 2679 997 2742 Gi.

602 2866 778 2946 Confirmat
796 2864 1018 2945 indulgentias
1034 2861 1296 2943 christifidelibus
1312 2863 1347 2924 in

640 2961 742 3024 indiis
772 2961 967 3022 concessise
987 2953 1293 3036 praedecessoribus,
1316 2960 1345 3015 et

640 3054 817 3134 [bonitates
837 3049 1010 3131 presbyter.
1036 3052 1103 3115 Sor.
1120 3052 1193 3114 icsn
1215 3054 1347 3110 renovet

640 3148 681 3210 ad
702 3147 819 3226 ripinti
841 3161 942 3210 aranos
963 3145 1060 3225 edne
1075 3143 1211 3206 nltimae
1226 3157 1347 3203 conces·

639 3259 751 3303 secors.

770 3409 1014 3480 beneolentis
1031 3410 1090 3479 ΡΡ.
1106 3409 1175 3477 ltili.

739 3536 776 3605 ad
796 3536 927 3603 interam
954 3535 997 3603 rei
1023 3535 1202 3604 memoriam.

639 3715 821 3778 Animarum
844 3713 936 3776 saluti
958 3713 1105 3776 charitate
1126 3713 1252 3788 intenti,
1273 3728 1345 3789 sup·

598 3809 814 3890 plicationibns
834 3807 939 3870 dilecti
961 3807 1016 3868 tilii
1031 3807 1183 3870 Francisci
1199 3807 1275 3869 Reiz
1291 3806 1345 3870 So-

597 3903 715 3966 cietatis
737 3888 810 3964 'iesu
838 3899 1002 3980 praepositi
1035 3899 1190 3978 generalis
1216 3901 1344 3962 nomine

597 4015 690 4078 super
710 3998 768 4059 hoc
786 3995 950 4058 humiliter
963 3995 1112 4074 porrectis
1126 3993 1266 4057 inclinati
1282 4001 1340 4056 etc.

598 4091 732 4170 Bellona
765 4087 836 4150 clds
864 4088 899 4149 tc
927 4087 996 4150 alin
1028 4087 1129 4148 simili
1160 4087 1255 4150 Clcm.
1288 4087 1340 4150 nl.

596 4185 657 4247 ool.
682 4185 737 4256 ll,
759 4199 831 4264 pag.
854 4181 933 4243 258.

636 4279 749 4340 ilatum
771 4277 902 4350 Romae,
932 4276 1012 4354 apud
1044 4275 1075 4338 S.
1100 4275 1227 4337 hieriam
1252 4276 1343 4339 Maio-

597 4387 677 4446 rem,
698 4371 756 4433 snb
776 4369 892 4432 annulo
914 4368 1086 4444 piscatoris,
1109 4369 1158 4432 die
1179 4385 1258 4431 xvrr.
1275 4368 1342 4432 iulii

598 4481 810 4540 uncertainn,
833 4461 1029 4542 pontificatus
1050 4463 1148 4524 nostri
1170 4479 1252 4525 anno
1273 4479 1340 4525 rur.

935 4746 996 4810 Cli.

596 4933 708 4997 Firma
730 4939 912 4997 remanente
933 4933 997 5012 lepe
1019 4933 1055 4996 de
1076 4933 1173 4994 nnieo
1187 4934 1342 5013 consessa·

636 5029 684 5090 rio
704 5044 762 5107 pro
783 5025 1042 5098 nantolienses
1064 5025 1279 5089 conscientiae
1294 5043 1342 5088 ea-

635 5137 708 5183 rnm
722 5121 929 5184 serenitatem
947 5117 1162 5190 obtinentiam,
1180 5119 1216 5180 de
1231 5124 1343 5182 entra·

635 5213 814 5276 ordinariis
826 5212 1033 5296 confessariis
1046 5217 1224 5290 opportune
1238 5211 1341 5274 decer·

634 5308 685 5370 uit
706 5308 805 5370 innta
826 5308 963 5369 modam.

726 5449 970 5521 ΒΕΝΕὓΙῦῘϋὸ
993 5449 1209 5520 [piscosus

780 5607 888 5660 sersus
910 5607 1065 5659 serrorum
1089 5589 1152 5671 liei,

720 5699 756 5768 ad
779 5706 950 5785 perpetuam
973 5699 1016 5768 rel
1039 5699 1218 5767 memoriam.

389 5885 558 5934 prooemium.
633 5877 793 5940 Pastoraiis
812 5895 903 5943 curae
924 5879 1011 5942 nobis
1034 5879 1194 5958 impositae
1210 5893 1337 5951 munus,

594 5972 684 6050 hane,
708 5973 790 6035 inter
810 5974 893 6051 alias,
909 5974 1139 6036 solicitudinem
1154 5991 1169 6033 a
1185 5972 1273 6034 nobis
1288 5987 1339 6034 er·

1126 581 1191 634 iull.
1215 581 1305 634 PONT.
1329 579 1369 631 bn
1391 585 1419 632 P·
1445 582 1473 632 ἲ.
1498 584 1579 634 PARS
1601 581 1622 632 l.

2178 569 2240 624 An.
2255 571 2288 625 O.
2308 573 2372 628 1748

1405 707 1512 786 poscit,
1535 714 1569 770 ut
1591 707 1777 785 pusillorum
1798 705 1909 770 animis
1931 706 1963 770 in
1985 705 2150 771 aillictioue

1405 808 1436 861 et
1457 801 1598 878 angustia
1612 801 1788 864 constitutis
1803 808 1974 878 opportuna
1994 802 2101 864 solatia
2116 820 2150 866 ac
2173 818 2381 884 vigilantiores-

1405 895 1538 956 remedia
1560 895 1669 957 allerre
1691 911 1753 957 non
1782 895 1988 974 negligamus,
2014 913 2148 976 quorum
2166 874 2380 978 {fflillipffi

1405 1003 1462 1066 ope
1478 987 1658 1051 interiorem
1674 990 1878 1052 conscientiae
1894 991 2148 1069 tranquillitatem
2167 982 2342 1082 ssgffilglglm
2352 997 2382 1032 ⁵⁰·

1405 1097 1587 1162 recuperare
1615 1088 1668 1143 aut
1702 1097 1887 1145 conservare
1912 1085 2053 1160 valeant,
2082 1086 2149 1148 sine

1405 1190 1463 1250 qua
1492 1175 1679 1254 impossibiie
1704 1183 1750 1237 est
1777 1176 1913 1239 debitam
1941 1178 2150 1258 omnipotenti

1405 1269 1466 1328 ileo
1481 1268 1667 1330 servitutem
1682 1269 1772 1332 alacri
1787 1277 1819 1332 et
1833 1279 1973 1351 prompta
1988 1271 2150 1336 allectione

1403 1361 1561 1423 exhibere.
1579 1361 1761 1426 Huiusmodi
1782 1364 1947 1441 angoribus
1969 1371 1999 1427 et
2013 1365 2149 1430 afflictio-

1405 1455 1495 1518 nibus
1517 1455 1625 1518 conlici
1645 1457 1755 1535 passim
1777 1465 1896 1520 constat
1911 1459 2067 1537 religiosas
2081 1476 2149 1523 mu·

1404 1547 1496 1610 lieres
1517 1550 1550 1610 in
1571 1549 1713 1612 claustris
1735 1551 1895 1627 degentes,
1912 1553 2024 1631 quibus
2045 1561 2147 1618 certus
2201 1570 2376 1632 praeeipuam

1404 1649 1434 1702 et
1449 1643 1560 1704 unicus
1575 1641 1765 1706 Sacramentl
1782 1645 1991 1708 paenitentiae
2006 1648 2150 1716 minister.
2167 1622 2376 1732 3¹11⁰a¹0¹¹³¹0¹0iiil

1403 1752 1419 1796 a
1440 1738 1619 1799 monasterii
1642 1737 1776 1816 praelato
1792 1739 1827 1802 ad
1845 1747 1906 1801 tres
1927 1747 1962 1802 ut
1979 1741 2147 1806 minimum
2166 1730 2279 1830 lfflgffi
2294 1733 2374 1780 ⁰⁰⁰¹*

1403 1844 1500 1890 annos
1511 1830 1667 1907 designari
1677 1831 1772 1909 soiet3
1788 1833 1838 1897 cui
1849 1834 1875 1894 si
1889 1832 2064 1911 aliquando,
2075 1850 2148 1913 prae

1402 1925 1520 2001 pudore
1552 1924 1602 1986 rel
1627 1925 1684 1987 alia
1715 1927 1859 2006 quapiam
1885 1926 1922 1988 cle
1948 1943 2054 2004 eausa,
2084 1945 2147 1991 non

1403 2031 1511 2079 omnes
1539 2020 1746 2081 conscientiae
1765 2037 1839 2082 suae
1863 2036 1999 2084 recessus
2028 2023 2147 2101 aperire

1402 2111 1546 2185 audeant,
1568 2119 1661 2189 atque
1676 2112 1743 2174 ideo
1758 2112 1959 2176 confessionis
1974 2115 2147 2191 integritati

1402 2204 1563 2266 detrahere
1584 2205 1786 2285 incipientia
1802 2207 1982 2271 barathrum
2003 2209 2148 2287 perditio-

1403 2296 1451 2357 nis
1481 2305 1624 2360 aeternae
1651 2315 1684 2360 se
1710 2298 1788 2378 ipsas
1820 2301 1932 2364 misere
1962 2301 2145 2365 coniiciunt.

1402 2390 1486 2465 Quod
1508 2407 1581 2453 sane
1601 2393 1682 2457 hand
1704 2410 1773 2456 raro
1796 2395 1936 2470 evenire,
1958 2396 2030 2458 satis
2059 2394 2147 2458 uobis

1403 2484 1598 2564 exploratum
1620 2494 1713 2566 atque
1734 2497 1929 2567 compertum
1949 2497 2147 2567 esttamen

1403 2577 1451 2653 iis,
1474 2595 1551 2656 quae
1572 2579 1604 2641 in
1628 2581 1818 2659 Apostolicae
1833 2583 2091 2648 Paenitentiariae
2104 2584 2149 2647 oi-

1404 2671 1473 2732 iicio
1495 2673 1618 2734 tractari
1639 2673 1873 2750 ildimundum
1894 2677 1970 2740 oiim
1993 2677 2024 2738 in
2047 2679 2146 2740 mino

1403 2764 1487 2828 ribus
1513 2767 1674 2830 constituti
1699 2769 1839 2847 plurium
1867 2787 2022 2836 annorum
2049 2775 2147 2851 spatio

1403 2873 1520 2920 munus
1542 2861 1673 2923 doctoris
1694 2863 1725 2924 in
1748 2863 1878 2926 decretis
1899 2865 1932 2928 in
1953 2865 2062 2928 eodem
2083 2868 2148 2930 offi-

1403 2950 1449 3012 cio
1470 2953 1693 3032 sustinuimus3
1717 2963 1784 3017 tum
1813 2958 1967 3020 etiamen
1993 2959 2046 3036 iis,
2069 2977 2148 3039 quae

1404 3042 1435 3104 in
1451 3046 1629 3124 episcopalis
1643 3049 1854 3112 anconitanae
1868 3051 2020 3130 primum,
2035 3054 2147 3116 deinde

1402 3136 1435 3200 in
1457 3140 1711 3218 metropolitanae
1726 3143 1929 3207 Bononiensis
1941 3147 2087 3210 ecciesiae
2100 3165 2147 3211 re·

1404 3231 1533 3309 ginatus,
1563 3233 1719 3313 trequenti
1747 3254 1805 3300 usu
1831 3241 2052 3318 cognovimus;
2079 3249 2147 3305 lum

1402 3326 1531 3390 demum
1552 3345 1591 3390 er
1611 3329 1670 3406 his,
1686 3346 1765 3409 qnae
1779 3332 1900 3411 saepius
1915 3335 1952 3398 ad
1968 3351 2023 3398 uos
2045 3337 2076 3398 in
2091 3335 2147 3398 Pe·

1404 3423 1442 3484 tri
1462 3424 1607 3486 cathedra
1627 3431 1770 3486 octavum
1793 3425 1853 3488 iam
1875 3443 1996 3490 annum
2017 3430 2071 3492 bel
2088 3430 2146 3493 mi·

1402 3518 1556 3580 seratione
1571 3518 1754 3594 residentes,
1770 3518 1883 3583 deierri
1897 3523 2064 3600 contingit,
2080 3523 2147 3586 siro

1402 3629 1439 3674 ex
1453 3619 1537 3690 parte
1550 3612 1742 3674 diversarum
1758 3615 1936 3677 huiusmodi
1952 3615 2145 3694 monialium,

1401 3721 1480 3784 quae
1500 3705 1677 3768 animarum
1690 3723 1817 3770 suarum
1832 3709 1990 3786 angustias
2010 3711 2145 3788 paternis

1400 3799 1497 3862 oculis
1518 3800 1631 3862 nostris
1655 3800 1826 3864 identidem
1852 3802 2004 3866 subiicere
2030 3820 2147 3882 cogun-

1402 3901 1463 3969 tur,
1486 3893 1553 3955 sire
1579 3909 1616 3956 ex
1644 3903 1730 3972 parte
1756 3896 1984 3959 venerabilium
2014 3896 2145 3963 iratrum

1401 3995 1581 4050 nostrorum
1595 3987 1795 4050 ecclesiarum
1809 3989 2006 4066 hulistitum,
2022 3993 2076 4070 qui
2091 4009 2147 4055 uo-

1400 4081 1445 4143 bis
1466 4081 1645 4144 earumdem
1655 4082 1840 4145 monialium
1862 4083 1895 4146 in
1916 4085 1981 4148 suis
2001 4086 2146 4150 dioecesi·

1400 4173 1457 4236 bus
1478 4175 1679 4237 existentium
1708 4175 1913 4254 calamitates,
1937 4193 1976 4240 ex
1999 4180 2144 4258 praealle-

1400 4276 1468 4345 gata
1497 4285 1585 4330 causa
1614 4277 1711 4345 ortas,
1744 4277 1798 4332 aut
1819 4271 1890 4332 vira
1920 4287 1995 4334 voce
2016 4281 2069 4334 aut
2090 4291 2145 4354 per

1400 4361 1504 4423 literas
1518 4377 1581 4423 non
1596 4362 1692 4424 semel
1703 4371 1989 4441 repraesentarunt,
2005 4382 2038 4428 aa
2051 4383 2145 4445 super

1400 4471 1434 4516 ea
1456 4472 1489 4517 re
1510 4455 1690 4534 apostolicae
1711 4457 1925 4534 providentiae
1935 4473 2025 4537 opem
2041 4471 2143 4537 postu·
2204 4463 2210 4480 '

1400 4548 1516 4610 larunt.
1540 4548 1619 4610 Hinc
1639 4555 1697 4623 est,
1710 4551 1791 4627 quod
1805 4565 1981 4614 noseorum
2001 4553 2145 4632 spiritua·
2175 4571 2363 4628 meerman-

1401 4641 1479 4703 iibus
1500 4641 1683 4719 indigentiis
1703 4658 1758 4721 per
1778 4643 1858 4706 hauc
1877 4653 2013 4708 nostram
2034 4663 2143 4728 perpe·
2161 4630 2290 4726 3·ᾌὲιῖθῇξῖ
2308 4625 2361 4724 ἒξξῗ

1401 4742 1453 4796 tuo
1484 4734 1649 4798 valituram
1681 4736 1938 4801 constitutionem
1968 4747 2142 4818 opportune
2161 4733 2269 4833 {53310
2299 4732 2361 4779 orar-

1400 4827 1572 4908 prospicere
1594 4828 1749 4905 rolentes‚
1773 4846 1835 4893 uon
1862 4831 1987 4910 quidem
2009 4833 2142 4897 intendi·
2237 4822 2243 4844 ’

1400 4937 1467 4984 mus
1488 4923 1749 4986 consultissimam
1770 4925 1855 4986 iiiam
1877 4933 1907 4987 et
1922 4928 2036 4989 veteris
2055 4929 2144 4992 disci·

1398 5016 1500 5094 phuae
1520 5017 1702 5080 auctoritate
1723 5017 1896 5082 roboratam
1916 5020 2018 5098 legem
2034 5021 2142 5084 toliere

1398 5117 1451 5171 aut
1465 5109 1624 5187 abrogare,
1638 5127 1696 5189 qua
1709 5112 1894 5188 generaliter
1908 5120 2062 5178 statutum
2077 5131 2142 5178 esse

1398 5201 1601 5280 dignoscitur,
1614 5212 1714 5281 utpro
1729 5205 1860 5282 singulis
1879 5207 2062 5270 monialium
2076 5225 2142 5271 mo-

1398 5296 1540 5358 nasteriis
1566 5313 1649 5359 uuus
1676 5298 1835 5361 dumtaxat
1860 5298 2066 5364 confessarius
2091 5305 2141 5365 de·

1397 5397 1545 5470 putetur,
1578 5391 1632 5470 qui
1662 5393 1897 5456 sacramentales
1932 5395 2142 5460 ooniessiones

1398 5486 1562 5548 universae
1588 5500 1696 5548 earum
1731 5488 1963 5550 communitatis
1991 5490 2140 5569 excipiat,

1397 5595 1499 5658 neque
1519 5579 1609 5642 liceat
1623 5581 1792 5660 unicuique
1807 5581 1934 5644 moniali
1955 5584 2141 5661 peculiarem

1396 5673 1619 5737 confessarium
1646 5690 1702 5753 pro
1724 5673 1809 5736 libito
1829 5675 1889 5738 sibl
1913 5676 2066 5755 deligere;
2087 5677 2141 5740 sed
2186 5681 2359 5750 pessimoru-

1396 5769 1453 5830 hoc
1473 5769 1633 5831 dumtaxat
1654 5767 1742 5830 nobis
1762 5769 1955 5847 propositum
1969 5777 2014 5832 est
2029 5772 2141 5834 consti·
2159 5744 2359 5857 liii⁵a⁰s¹iiiliij

1397 5871 1499 5939 tuere,
1523 5871 1568 5936 ut,
1590 5863 1616 5923 si
1644 5864 1766 5942 quando
1789 5863 1942 5937 generalis
1963 5863 2141 5928 huiusmodi
2160 5852 2190 5894 ‘¹‘
2204 5847 2278 5893 ’Μ’

1396 5959 1472 6036 legis
1500 5959 1603 6034 rigor,
1626 5957 1659 6019 in
1687 5956 1893 6035 peculiaribus
1918 5957 2054 6037 casibus,
2077 5974 2140 6023 non
