4820 6980
335 580 390 633 An.
404 581 435 633 (l.
457 578 525 632 1745
575 577 634 643 728

331 726 537 774 usursmsssva-
593 715 612 792 ἓ
635 714 663 778 7.
686 715 826 778 Primum
848 713 1038 793 grauissimis
1052 711 1154 774 uerbis
1176 705 1296 791 populis

322 777 537 932 ff÷iffl„⁰ssvgg},i
555 809 664 873 vestris
685 809 849 884 ostendite,
871 825 984 872 usurae
1009 807 1108 870 labem
1129 824 1162 870 ac
1184 807 1296 867 vitium

322 884 536 988 ssssssgffiqffi‘m‘
553 921 569 965 a
591 904 705 968 divinis
720 904 817 967 literis
831 904 1036 966 vehementer
1057 901 1245 980 improbari3
1262 899 1297 960 il·

553 996 606 1062 lud
627 997 754 1077 quidem
765 997 863 1061 varias
879 997 992 1059 iormas
1006 1003 1098 1073 atque
1119 993 1236 1073 species
1251 993 1299 1055 in-

552 1093 660 1164 duere,
673 1098 708 1153 ut
729 1090 834 1154 tideles
856 1091 971 1154 Christi
993 1089 1151 1166 Sanguine
1173 1087 1297 1151 restitu-

552 1191 599 1246 tos
620 1184 652 1248 in
674 1184 850 1248 libertatem
863 1195 894 1248 et
908 1186 1050 1262 gratiam,
1066 1199 1176 1246 rursus
1197 1183 1229 1244 iu
1246 1197 1298 1244 ert-

553 1284 685 1340 tremam
706 1278 830 1341 ruinam
844 1278 1026 1357 praecipites
1048 1275 1201 1356 impellat;
1223 1291 1297 1353 quo·

552 1371 630 1434 circa
651 1371 677 1434 si
698 1371 863 1452 pecuniam
892 1388 980 1446 suam
1007 1371 1156 1434 collocare
1182 1369 1296 1444 velint,

552 1463 718 1542 diligenter
740 1473 878 1542 careant,
904 1483 945 1529 ne
967 1465 1133 1544 cupiditate
1156 1463 1298 1526 omnium

553 1558 707 1621 malorum
735 1557 820 1620 lente
847 1560 1021 1639 rapiantur:
1049 1557 1102 1619 sed
1131 1555 1234 1634 potius
1261 1555 1298 1617 ab

553 1651 623 1730 illis,
646 1653 700 1731 qui
721 1651 878 1716 doctrinae
892 1670 926 1716 ao
947 1653 1073 1716 virtutis
1095 1650 1191 1729 gloria
1206 1664 1297 1727 supra

553 1759 688 1808 caeteros
708 1747 899 1823 atteruntur,
926 1745 1092 1809 consilium
1113 1749 1288 1824 exposcant.

336 1844 470 1893 consultos
478 1857 536 1893 cau·
593 1841 612 1916 ἓ
633 1839 661 1901 8.
686 1839 828 1906 Secundo
855 1841 938 1919 loco;
967 1839 1021 1920 qui
1042 1838 1161 1901 riribus
1181 1837 1245 1899 suis
1266 1853 1300 1900 ao

322 1899 536 2002 ffli'ffiiffffi
553 1933 721 2012 sapientiae
735 1934 776 1997 ita
787 1935 959 2010 confidunt,
976 1941 1011 1996 ut
1022 1945 1201 2012 responsum
1217 1928 1299 1991 terre

322 2005 535 2110 ffiffliffflssffl
554 2025 591 2088 de
623 2027 659 2089 iis
686 2027 916 2106 quaestionibus
942 2041 1007 2090 nen
1034 2025 1176 2088 dubitent
1207 2022 1298 2101 (quae

552 2125 658 2181 tamen
679 2121 759 2183 naud
781 2121 926 2198 exiguam
947 2136 1049 2182 sacrae
1070 2116 1252 2194 Theologiae
1266 2123 1299 2178 et

554 2213 715 2276 Canonum
735 2214 895 2277 scientiam
921 2209 1111 2293 requirunt),
1139 2211 1176 2274 ab
1196 2216 1297 2272 extre·

553 2307 630 2384 urb,
652 2323 731 2387 quae
755 2323 879 2387 semper
899 2307 1009 2370 vitiosa
1037 2313 1128 2381 sunt,
1151 2303 1244 2381 louge
1264 2319 1299 2365 se

552 2401 740 2466 abstineant:
764 2402 882 2466 etenim
904 2402 998 2481 aliqui
1026 2408 1110 2463 tanta
1131 2397 1298 2460 severitate

552 2495 591 2558 de
612 2494 648 2558 iis
670 2497 761 2560 rebus
781 2496 929 2572 iudicant,
947 2501 981 2558 ut
992 2492 1162 2574 quamlibet
1183 2485 1297 2552 utilila-

554 2596 617 2652 tem
632 2605 669 2652 el
684 2590 814 2669 pecunia
835 2591 1029 2670 desumptam
1050 2593 1204 2661 accusent,
1221 2591 1298 2647 tam·-

552 2698 645 2763 quam
667 2684 818 2760 illicitam,
834 2691 866 2747 et
880 2699 951 2747 cum
972 2699 1066 2746 usura
1086 2681 1297 2757 coniunctam

552 2785 658 2842 contra
678 2794 753 2840 rero
774 2777 921 2841 nonnulli
943 2776 1141 2855 indulgentes
1161 2774 1235 2838 adeo
1250 2789 1299 2837 re·

552 2871 701 2951 missique
714 2879 800 2949 sunt,
816 2878 851 2936 ut
872 2873 1091 2952 quodcumque
1104 2869 1299 2933 emolumen-

552 2974 621 3029 tum
642 2966 679 3029 ab
700 2981 811 3029 usurae
823 2967 1017 3047 turpitudine
1039 2965 1173 3028 liberum
1194 2963 1297 3026 existi-

551 3069 652 3124 ment.
676 3059 746 3124 Suis
767 3061 895 3141 privatis
920 3061 1117 3142 opinionibus
1142 3077 1183 3123 ne
1204 3060 1297 3124 nimis

552 3153 754 3233 adhaereant3
770 3156 823 3218 sed
837 3156 1016 3236 priusquam
1032 3170 1214 3235 responsum
1230 3155 1297 3216 red·

553 3249 637 3324 dant,
660 3249 763 3327 plures
777 3249 942 3328 scriptores
955 3250 1148 3323 examinent,
1166 3248 1219 3327 qui
1234 3263 1298 3310 rna·

553 3341 599 3420 gis
614 3343 696 3405 inter
710 3351 847 3407 caeteros
868 3342 1099 3422 praedicantur;
1122 3342 1234 3406 deinde
1247 3359 1297 3404 eas

553 3443 653 3516 partes
678 3438 860 3517 suscipiant,
883 3453 957 3516 quas
979 3445 1048 3500 tunt
1073 3437 1204 3513 ratione,
1227 3445 1294 3500 turn

552 3531 733 3594 auctoritate
756 3527 848 3610 plane
878 3531 1073 3594 confirmatas
1103 3529 1294 3607 intelligent.

444 3639 447 3650 ·
551 3623 637 3700 Quod
659 3623 685 3686 si
707 3623 873 3702 disputatio
900 3625 1056 3702 insurgat,
1079 3625 1155 3688 dum
1176 3631 1308 3704 contra·¹

552 3725 620 3782 ctus
640 3715 750 3796 aliquis
771 3717 803 3779 in
825 3731 956 3780 eramen
984 3718 1162 3794 adducitur,
1191 3719 1297 3783 nullae

551 3811 682 3874 omnino
703 3810 910 3872 contumeliae
932 3811 1038 3874 ineos
1064 3813 1295 3890 contingantur,

551 3902 605 3982 qui
627 3904 813 3966 contrariam
832 3905 1020 3967 sententiam
1038 3915 1227 3984 sequuntur,
1242 3923 1298 3970 ne·

551 4011 611 4075 que
632 3994 718 4058 illam
739 3997 884 4074 gravibus
905 3999 1043 4061 censuris
1064 3999 1229 4062 notandam
1252 4015 1298 4060 as·

550 4099 665 4168 serant,
688 4091 714 4154 si
738 4093 921 4171 praesertim
944 4093 1064 4156 ratione
1084 4100 1115 4156 et
1142 4085 1296 4171 praestan·

552 4183 631 4246 tiuui
653 4183 794 4249 virorum
817 4185 1003 4249 testimoniis
1024 4185 1156 4248 minime
1177 4193 1309 4260 careat,·'

551 4277 705 4357 siquidem
720 4279 857 4342 convicia
875 4287 968 4358 atque
984 4279 1115 4342 iniuriae
1133 4279 1296 4341 vinculum

552 4371 734 4434 christianae
749 4373 880 4435 caritatis
903 4371 1091 4450 infringunt,
1104 4379 1134 4435 et
1155 4373 1297 4450 gravissi·

552 4479 636 4528 marn
646 4463 759 4544 populo
770 4464 973 4529 oiiensienem
986 4471 1016 4528 et
1026 4464 1204 4528 scandalum
1214 4481 1298 4545 prae

552 4556 702 4621 scierunt.

353 4666 535 4714 consuetunis
593 4651 654 4727 59.
669 4652 774 4714 'lertio
787 4651 866 4728 loco,
883 4652 937 4731 qui
950 4652 987 4715 ab
1001 4653 1088 4716 omni
1103 4668 1215 4716 usurae
1230 4651 1297 4716 labe

322 4722 537 4832 iiiffifflffiffi
553 4761 586 4808 se
606 4746 764 4810 immunes
784 4755 816 4807 et
837 4747 976 4823 integros
999 4753 1153 4826 praestare
1174 4745 1295 4823 volunt,

323 4826 422 4875 ΝΜ·
553 4855 703 4918 suamque
722 4839 886 4919 pecuniam
908 4839 949 4901 ita
969 4840 1059 4903 alteri
1079 4839 1162 4917 dare,
1178 4847 1214 4902 ut
1233 4839 1300 4903 iru-

553 4939 639 4996 ctum
650 4932 825 5010 legitimum
839 4933 1034 4997 solummodo
1048 4933 1232 5014 percipiant,
1247 4932 1298 4996 ad·

553 5027 701 5106 monendi
714 5037 800 5103 suut,
811 5031 847 5090 ut
861 5032 1053 5091 contractum
1068 5027 1296 5090 instituendum

553 5128 642 5183 antea
663 5120 831 5199 declarent,
853 5128 885 5184 et
905 5120 1099 5184 conditiones
1120 5119 1297 5184 inserendas

1073 592 1137 638 run.
1160 591 1251 638 nour.
1265 589 1315 654 ,uu
1337 588 1366 634 r.
1389 589 1419 636 r.
1444 590 1526 638 rues
1548 591 1569 636 l.

2127 568 2184 623 Art.
2199 572 2231 624 0.
2254 567 2328 620 trts

1349 708 1518 787 explicent,
1539 716 1571 773 et
1592 725 1686 790 quern
1707 709 1844 774 lructum
1864 725 1903 774 eu
1923 708 2031 772 eadem
2045 725 2099 788 pe-

1351 801 1441 865 cunia
1457 802 1626 882 postulent.
1644 804 1724 867 llaec
1734 819 1922 882 magnopere
1932 801 2097 867 conterunt

1351 912 1416 958 uon
1439 898 1579 961 modoad
1595 898 1691 960 animi
1711 897 1940 960 solicitudinem
1962 903 1993 960 et
2012 913 2097 961 scru-

1352 989 1439 1069 pulos
1462 991 1632 1067 evitandos,
1648 993 1700 1054 sed
1722 991 1757 1053 ad
1780 992 1881 1070 ipsum
1903 997 2096 1054 contractum

1351 1085 1383 1146 in
1406 1084 1472 1148 loro
1484 1093 1615 1149 externo
1626 1086 1906 1166 comprobandum:
1919 1085 1993 1148 baec
2003 1084 2096 1147 etism

1351 1180 1469 1243 aditum
1491 1179 1706 1244 intercludunt
1727 1180 1996 1259 disputationibus,
2017 1195 2096 1258 quas

1353 1288 1417 1337 non
1437 1275 1534 1338 semel
1555 1273 1754 1338 concitandae
1775 1279 1867 1350 sunt,
1890 1283 1924 1337 ut
1945 1273 2024 1338 clare
2045 1290 2097 1354 pa-

1352 1375 1426 1445 teat,
1450 1377 1557 1432 utrum
1578 1369 1720 1448 pecunia,
1738 1383 1817 1448 quae
1838 1370 1897 1432 rite
1917 1369 1985 1431 data
2006 1367 2096 1431 alteri

1351 1477 1417 1524 esse
1438 1462 1573 1540 ridetur,
1591 1479 1698 1526 revera
1720 1469 1825 1526 tamen
1847 1462 2002 1542 palliatam
2024 1479 2097 1526 usu·

1353 1572 1418 1618 ram
1439 1556 1607 1620 contineat.

1392 1652 1411 1726 ἓ
1433 1651 1480 1715 lo.
1502 1652 1617 1728 Quarto
1638 1651 1770 1714 luceres
1792 1652 1965 1728 hortamur,
1981 1669 2021 1716 ue
2035 1651 2096 1714 adi·
2133 1661 2285 1710 romeam
2298 1663 2336 1728 qr-

1353 1753 1420 1807 tum
1441 1741 1625 1823 relinquatis
1653 1745 1766 1824 ineptis
1790 1745 1917 1807 illorum
1944 1748 2096 1810 sermoni·
2113 1715 2338 1818 ffiffipn-

1353 1839 1421 1914 bus,
1444 1840 1496 1917 qui
1518 1839 1672 1916 dictitant,
1696 1839 1734 1902 de
1754 1840 1858 1902 usuris
1879 1839 1936 1902 boc
1957 1848 2097 1920 tempore

1352 1933 1566 2012 quaestionem
1578 1933 1801 2013 institui,quae
1810 1933 1875 1996 solo
1887 1935 2014 1998 nomine
2025 1951 2097 1998 con·

1353 2027 1504 2104 tineatur3
1531 2043 1603 2090 cum
1624 2043 1662 2090 ex
1685 2027 1829 2106 pecunia,
1852 2044 1931 2106 quae
1959 2028 2098 2107 qualibet

1353 2121 1472 2182 ratione
1493 2121 1581 2184 alteri
1604 2121 1794 2196 conceditur,
1807 2120 1926 2185 tructus
1946 2131 1981 2186 ut
2002 2121 2098 2201 pluri·

1353 2229 1440 2278 mum
1455 2221 1662 2293 comparetur.
1686 2215 1813 2278 Etenim
1826 2232 1920 2294 quarn
1941 2216 2052 2280 lalsurn
2067 2219 2096 2282 id

1351 2310 1404 2385 sit,
1424 2317 1457 2372 et
1471 2328 1486 2370 a
1505 2311 1637 2372 veritate
1657 2310 1807 2386 alienum,
1822 2309 1913 2388 plane
1927 2312 2097 2390 depreben-

1352 2402 1465 2479 dimuS,
1476 2403 1501 2465 si
1514 2403 1749 2484 perpendamus,
1762 2413 1906 2467 naturam
1918 2405 2012 2467 unius
2024 2422 2097 2469 con-

1354 2503 1468 2560 tractus
1483 2497 1520 2560 ab
1533 2498 1661 2560 alterius
1677 2503 1786 2560 natura
1805 2513 1929 2576 prorsus
1943 2498 2096 2562 diversam

1352 2599 1383 2654 et
1403 2591 1575 2655 seiunctam
1596 2607 1677 2669 esse3
1700 2597 1730 2652 et
1746 2607 1781 2653 ea
1795 2592 1911 2670 pariter
1925 2591 2098 2673 discrepare

1353 2700 1542 2764 magnopere
1562 2685 1647 2748 inter
1667 2701 1841 2765 sequace
1863 2686 1992 2748 dirersis
2014 2687 2097 2750 inter

1352 2793 1386 2841 se
1406 2777 1614 2842 contractibus
1635 2785 1881 2856 consequuntur.
1899 2777 2017 2844 llorere
2039 2783 2097 2845 dis·

1353 2875 1472 2938 crimen
1503 2872 1735 2951 apertissimum
1766 2873 1929 2937 intercedit
1960 2874 2097 2939 tructurn

1354 2969 1448 3053 inter,
1461 2967 1513 3048 qui
1529 2968 1599 3029 iure
1612 2966 1697 3028 licito
1708 2982 1747 3028 ex
1768 2967 1896 3046 pecunia
1911 2966 2094 3048 desumitur,

1352 3062 1483 3150 ideoque
1510 3069 1611 3141 potest
1633 3061 1666 3122 in
1687 3067 1821 3139 utroque
1842 3061 1921 3124 Foro
1949 3062 2095 3140 retineri;

1352 3171 1386 3218 ac
1407 3155 1561 3231 iunctum,
1583 3159 1636 3235 qul
1658 3171 1696 3217 ex
1717 3156 1845 3234 pecunia
1869 3153 1978 3219 illicite
1998 3158 2097 3220 conci·

1353 3247 1460 3324 liatur,
1483 3247 1615 3327 ideoque
1636 3245 1706 3311 nori
1726 3247 1891 3326 utriusque
1915 3247 2029 3310 iudicio
2050 3265 2097 3312 re·

1351 3343 1527 3405 stituendus
1541 3340 1729 3404 decernitur.
1756 3341 1881 3404 Constat
1902 3341 2000 3418 igitur
2014 3342 2094 3406 haud

1353 3435 1479 3498 inanem
1494 3435 1532 3498 de
1542 3435 1646 3498 usuris
1660 3433 1871 3513 quaestionem
1886 3433 1943 3497 noc
1958 3441 2096 3513 tempore

1351 3529 1481 3608 proponi
1497 3528 1536 3591 ob
1547 3543 1615 3590 eam
1630 3543 1764 3604 causam,
1780 3527 1860 3607 quod
1876 3527 2096 3607 utplurimum

1352 3639 1390 3685 er
1412 3623 1561 3702 pecunia,
1582 3637 1661 3700 quae
1682 3620 1772 3684 alteri
1794 3620 1954 3698 tribuitur,
1977 3622 2097 3685 tructus

1350 3716 1461 3795 aliquis
1482 3716 1662 3794 excipiatur.

1390 3808 1479 3885 §tl
1503 3809 1582 3871 llaec
1606 3807 1802 3886 potissimum
1824 3808 1910 3870 vobis
1936 3808 2093 3873 indicanda
2112 3818 2334 3920 ugffiffl

1350 3904 1536 3978 censuimus,
1549 3911 1708 3981 sperantes
1722 3901 1799 3978 lore,
1812 3909 1846 3964 ut
1860 3901 2012 3965 mandetis
2026 3919 2096 3965 exe·
2113 3925 2183 3982 pison
2203 3926 2226 3971 rs
2259 3937 2335 3972 som-
2408 3967 2409 3970 ,

1346 3996 1468 4060 cutioni
1489 4009 1702 4074 quaecumque
1713 4011 1769 4074 per
1784 3995 1836 4057 nas
1858 3995 1962 4058 literas
1976 4013 1992 4056 a
2007 3995 2095 4058 nobis
2113 3989 2173 4025 Μ
2193 3983 2229 4028 “

1351 4089 1620 4170 praescribuntur:
1645 4089 1828 4170 opportunis
1849 4105 1972 4169 quoque
1996 4103 2095 4151 reme·

1351 4183 1408 4246 diis
1430 4182 1608 4258 consuletis,
1630 4183 1677 4246 nti
1699 4183 1895 4258 confidimus
1917 4183 1942 4244 si
1963 4181 2043 4246 lorte
2056 4183 2096 4245 ob

1351 4275 1429 4339 banc
1438 4277 1710 4342 novemdeusurls
1721 4277 1964 4340 controversiam
1972 4275 2004 4340 in
2012 4277 2095 4340 dice

1351 4369 1412 4434 cesi
1433 4375 1536 4432 restra
1559 4371 1666 4433 turbae
1686 4370 1896 4448 concitentur,
1919 4370 1968 4433 vel
1990 4386 2096 4434 corru-

1352 4463 1451 4544 ptelae
1482 4462 1519 4526 ad
1547 4462 1793 4528 labefactandum
1820 4479 1912 4526 sanae
1939 4464 2095 4527 doctrinae

1352 4557 1518 4622 candorem
1530 4565 1562 4620 et
1575 4558 1743 4636 puritatem
1758 4556 1962 4621 inducantur:
1980 4565 2097 4636 postre-

1353 4667 1404 4714 mo
1426 4650 1524 4728 robis,
1546 4659 1577 4712 et
1602 4652 1689 4728 gregi
1711 4667 1804 4715 curae
1828 4657 1950 4714 restrae
1970 4667 2096 4716 concre-

1352 4747 1434 4822 dito,
1463 4745 1659 4824 apostolicam
1680 4745 1930 4809 benedictionem
1957 4744 2098 4825 imperti-

1353 4856 1436 4903 mur.

1392 4933 1503 4995 Datum
1523 4932 1638 4994 Romae
1658 4932 1738 5012 apud
1759 4929 1790 4994 S.
1808 4931 1935 4994 llariam
1949 4931 2095 4994 llaiorem

1352 5027 1403 5089 die
1422 5041 1445 5087 r.
1462 5024 1642 5087 novembris
1657 5038 1815 5088 unccxur.
1829 5025 2026 5104 pontificatus
2040 5041 2094 5088 no·

1350 5120 1408 5182 stri
1428 5134 1510 5182 anno
1532 5133 1575 5180 rr.
