4744 6976
86 2405 139 2442 trusa
153 2405 228 2452 propo·

71 2451 228 2496 uiturroraruSS.

72 2513 142 2560 utraque
169 2508 229 2558 parte

80 2561 184 2602 alimanie.

74 4082 228 4180 „ffifffigfgg
245 4080 410 4144 visitatore
431 4081 523 4156 edita,
540 4098 555 4141 a
578 4081 753 4159 particulari
772 4080 991 4155 congregatio·

74 4169 227 4232 retas'lrsnci-

74 4241 123 4282 euis-
132 4240 185 4284 reddi
193 4241 228 4287 de·

75 4293 150 4336 emitur.

881 583 1077 628 ueuuuvcrrs
1101 583 1163 627 xiv.
1191 559 1195 566 '

251 719 371 782 semper
392 705 590 783 possederant
612 709 642 764 et
664 701 763 782 reipsa
783 701 992 781 possidebant3

251 815 283 860 ac
302 804 466 876 propterea
488 797 576 859 nobis
603 797 696 858 etiam
716 795 881 875 supplicari
909 792 992 872 fecit,

252 898 296 967 ut,
325 905 389 953 uon
418 891 560 952 obstante
584 889 737 952 antedicta
757 889 992 968 approbatione,

251 984 505 1060 confirmatione,
549 1001 582 1046 ac
624 984 804 1062 praesertim
835 983 921 1044 tertii
964 989 994 1044 et

250 1079 349 1157 quarti
364 1079 563 1142 decretorum
577 1077 768 1155 praeinserta
783 1076 992 1154 ampliatione,

250 1175 287 1236 de
307 1187 389 1234 novo
412 1173 445 1234 in
469 1173 617 1252 praedicta
647 1171 896 1248 congregatione
923 1172 993 1235 Car-

251 1266 400 1330 dinaiium
422 1281 517 1344 super
538 1265 647 1327 iisdem
664 1265 754 1326 tertio
771 1272 801 1324 et
815 1271 927 1343 quarto
944 1265 994 1326 de-

250 1361 340 1423 cretis
370 1359 528 1421 rationum
565 1366 723 1420 momenta
752 1358 990 1420 discuterentur.

249 1453 309 1516 Nos
340 1455 445 1531 itaque
476 1453 511 1513 ad
543 1451 691 1513 dilectum
721 1451 820 1512 filium
850 1458 992 1512 nostrum

248 1547 449 1630 Yiuoentium
461 1548 493 1610 S.
507 1547 541 1609 R.
554 1545 588 1607 E.
607 1545 777 1622 praedictae
798 1542 992 1608 Cardinalem

248 1643 335 1705 Petra
364 1649 580 1719 nuncupatum
612 1640 710 1702 dictae
737 1639 993 1716 congregationis

247 1736 464 1815 Propagandae
475 1735 558 1797 Fidei
574 1735 765 1814 praefectum
781 1732 993 1811 rescripsimus

248 1833 295 1894 die
311 1847 404 1892 xxm.
423 1831 540 1892 mensis
555 1827 734 1893 novembris
749 1827 886 1888 eiusdem
899 1826 990 1887 anni:

250 1926 380 1988 Eosdem
393 1925 506 1986 Patres
519 1922 751 1986 franciscanos
764 1921 888 1992 audiri,
903 1927 931 1981 et
945 1922 993 1982 iu-

249 2020 344 2080 terim
366 2017 565 2096 supersederi
587 2017 622 2078 iu
645 2015 992 2078 curculionememoru-

249 2119 356 2174 toratm
372 2113 574 2174 decretorum
589 2110 624 2170 io
640 2126 675 2170 cu
689 2115 784 2185 purte
804 2107 991 2185 dumtuacot,

247 2221 326 2284 quoe
347 2206 431 2282 ipsos
461 2203 608 2281 respicit,
641 2218 704 2264 novt
733 2202 902 2263 mttrrdetu
923 2218 992 2262 ecce·

248 2300 376 2360 cutione
398 2297 501 2376 quoad
523 2296 657 2375 reliquo.

286 2393 305 2466 ξ
325 2392 355 2454 6.
374 2391 514 2464 interim,
530 2389 812 2453 animadvertentes
831 2389 993 2466 negotium

247 2485 425 2548 huiusmodi
452 2501 516 2546 non
539 2483 615 2546 levis
636 2500 703 2546 esse
725 2485 885 2564 ponderis,
909 2501 993 2563 prae·

246 2579 437 2657 scripsimus,
452 2587 485 2640 ut
501 2588 561 2639 tam
576 2577 685 2640 fratres
700 2578 821 2642 Ordinis
837 2577 993 2639 llinorum

248 2673 278 2736 S.
303 2672 473 2746 Francisci,
503 2675 595 2750 quam
624 2672 799 2750 Presbyteri
828 2669 992 2733 Seminarii

247 2765 426 2827 Parisiensis
448 2765 591 2842 praedicti
613 2764 716 2845 (inter
738 2771 886 2843 utrosque
908 2781 993 2826 nam-

247 2873 306 2936 que
329 2857 494 2936 praecipua
514 2857 740 2920 dissensionum
758 2873 847 2920 cansa
862 2858 994 2934 agitaba-

248 2950 312 3030 tur)
328 2958 512 3026 argumeuta
524 2951 750 3014 documentave
764 2967 819 3029 pro
835 2959 992 3014 utrorum-

246 3060 309 3122 que
329 3059 417 3105 causa
439 3043 580 3105 facientia
602 3045 636 3104 ad
659 3045 846 3122 praedictam
860 3047 992 3123 particu-

246 3136 343 3199 larem
366 3137 640 3213 congregationem
656 3152 759 3199 coram
775 3137 862 3198 nobis
879 3139 994 3200 baben-

245 3231 316 3292 dam
337 3229 485 3292 afferrent
507 3230 797 3309 producerenuque:
812 3231 896 3306 Quod
921 3247 992 3294 cum

245 3323 283 3384 ab
292 3325 462 3403 utriusque
476 3325 570 3402 partis
584 3325 721 3402 patronis
738 3332 804 3386 tum
825 3342 901 3388 voce
924 3333 991 3388 tum

244 3417 358 3496 scripto
381 3418 564 3496 praestitum
580 3417 704 3493 fuisset,
728 3417 852 3480 tandem
867 3418 916 3481 die
931 3421 991 3496 pri-

245 3529 294 3573 ma
316 3511 434 3572 mensis
454 3511 638 3589 septembris
660 3513 815 3574 currentis
836 3514 910 3574 unni
925 3520 991 3591 post

244 3617 384 3672 exactam
406 3607 634 3673 controversiae
657 3607 888 3682 discussionem,
909 3609 941 3670 in
957 3625 993 3670 u-

245 3705 406 3768 nanimem
428 3703 609 3766 eorumdem
632 3702 844 3766 Cardinaiium
866 3711 991 3764 senten-

246 3800 320 3861 tiam
342 3815 399 3860 nos
427 3815 551 3876 quoque
572 3807 701 3872 euntes,
725 3797 919 3859 decrevimus
946 3813 994 3857 re·

244 3892 416 3954 cedendum
445 3908 509 3954 csse
531 3909 548 3954 a
568 3892 692 3964 decisis,
723 3907 844 3955 necnon
871 3892 991 3952 decreta

247 3995 313 4048 tum
342 3987 472 4048 tertium
502 3994 569 4052 tum
591 3995 738 4065 quartum
760 3988 797 4048 ab
817 3985 991 4064 Apostolioo

246 4192 288 4237 ue
310 4176 518 4240 Cardinaiium
547 4177 689 4254 ampliata
721 4186 789 4240 eta
819 4177 922 4251 nobis,
957 4185 991 4238 ut

245 4270 470 4348 praemittitur,
493 4270 657 4348 approbata
673 4278 702 4333 et
716 4273 909 4346 confirmata,
926 4285 991 4331 esse

247 4361 432 4437 revocantia,
449 4379 482 4424 ac
497 4369 657 4440 propterea
668 4365 792 4426 eosdem
814 4363 923 4425 fratres
938 4362 992 4425 Or-

210 4503 217 4520 .
246 4455 326 4517 dinis
347 4455 503 4540 ldinorum
529 4453 559 4517 S.
583 4457 735 4519 francisci
758 4457 794 4518 de
820 4456 991 4520 Observan-

247 4550 287 4611 tia
304 4549 555 4612 Excalceatorum
578 4549 611 4611 iu
633 4551 776 4613 omnium
792 4549 990 4613 ecclesiarum

245 4660 279 4706 ac
300 4643 551 4719 residentiarum,
575 4643 698 4723 quibus,
719 4652 790 4706 ante
812 4660 906 4723 quam
927 4659 991 4706 me-

245 4743 363 4799 morata
385 4735 507 4799 decreta
527 4737 759 4812 editaiuissent,
777 4737 873 4814 gavisi
894 4753 992 4816 acpo·

246 4831 296 4891 titi
321 4829 445 4892 fueraut
473 4838 505 4893 et
533 4831 705 4908 gaudebant
735 4849 768 4892 ac
794 4829 991 4907 potiebantur

245 4924 445 5000 possessione,
461 4923 707 4987 manutenendos
720 4931 750 4985 et
762 4923 990 4987 confirmandos

243 5032 322 5078 esse.

87 5103 228 5160 stravisti>
286 5111 304 5184 5
326 5110 355 5172 7.
378 5110 530 5185 Quoniam
551 5117 655 5173 autem
671 5110 702 5172 in
718 5116 858 5174 accurato
877 5111 989 5173 barum

77 5159 144 5208 prauus
167 5160 228 5206 dele-

76 5215 121 5254 ‚aur
134 5223 167 5266 pro
181 5226 228 5260 exe·

76 5268 143 5309 tollunt,

245 5220 352 5266 rerum
374 5204 532 5278 examine,
555 5211 590 5265 ut
616 5204 844 5282 praemittitur,
873 5203 988 5278 habito,

245 5306 348 5360 certus
370 5313 525 5375 verusque
547 5313 697 5358 numerus
721 5296 921 5359 eeclesiarum
942 5313 990 5358 re-

244 5391 526 5468 sidentiarumque,
555 5398 590 5452 ut
617 5391 824 5466 asserebatur,
854 5398 927 5453 ante
952 5392 990 5454 ab

245 5483 317 5561 ipsis
332 5482 478 5545 fratribus
499 5483 620 5547 Ordinis
642 5481 672 5546 S.
698 5483 851 5546 Francisoi
873 5501 991 5563 posses·

244 5592 358 5653 sarum,
382 5575 575 5655 aliarumque
596 5593 704 5638 rerum
729 5579 765 5640 ad
787 5577 911 5639 easdem
933 5578 989 5641 Co-

244 5669 404 5731 cincbinae
418 5670 576 5732 Missiones
590 5671 798 5750 spectantium
813 5671 922 5733 notitia
938 5671 990 5732 ba·

245 5762 310 5824 beri
332 5778 394 5824 non
418 5763 527 5840 potuit.
546 5763 624 5826 llinc
639 5773 696 5840 est,
713 5763 795 5844 quod
810 5781 866 5826 nos
881 5781 987 5842 quam-

244 5870 378 5936 cumque
399 5871 493 5933 super
515 5855 625 5918 iisdem
646 5857 782 5918 ecclesiis
804 5874 837 5919 ac
851 5857 987 5920 residen-

245 5947 293 6009 tiis
315 5940 511 6024 designandis
533 5949 738 6028 imposterum
757 5949 925 6012 altercandi
939 5966 988 6012 oe-

1051 701 1203 764 casiouem
1238 703 1413 782 praeripere
1446 719 1478 764 ac
1513 701 1637 779 penitus
1673 698 1795 762 auferre

1049 794 1221 873 cupientes,
1235 811 1357 858 necnon
1369 797 1406 857 de
1420 794 1621 859 fraternitatis
1636 801 1707 856 tuae
1722 793 1793 867 fide,

1050 889 1227 967 prudentia,
1250 888 1397 964 doctrina,
1422 888 1592 966 vigilantia,
1615 887 1795 964 integritate

1051 990 1081 1043 et
1103 981 1245 1059 pastorali
1268 981 1443 1043 animarum
1464 982 1563 1044 salute
1587 998 1620 1044 ac
1642 981 1709 1043 zelo
1732 980 1795 1059 ple-

1050 1091 1121 1138 nam
1144 1076 1176 1136 in
1198 1074 1332 1136 Domino
1354 1074 1497 1138 fiduciam
1516 1075 1676 1149 babentes,
1694 1081 1724 1136 te
1740 1092 1796 1136 no-

1049 1175 1151 1230 strum
1173 1175 1266 1246 atque
1287 1167 1380 1230 buius
1408 1167 1597 1246 apostolicae
1625 1165 1711 1230 Sedis
1743 1169 1793 1230 de·

1050 1259 1188 1338 legatum
1211 1260 1244 1323 ad
1274 1261 1457 1338 praemissa,
1485 1261 1622 1339 aliaque,
1645 1267 1680 1321 ut
1701 1260 1792 1337 infra,

1051 1355 1173 1432 negotia
1195 1355 1227 1416 in
1250 1354 1453 1419 Cocincbinae
1479 1355 1595 1431 Regnis
1621 1355 1794 1432 peragenda

1049 1466 1120 1512 curu
1143 1448 1339 1512 facultatibus
1357 1446 1433 1508 infra
1449 1447 1596 1522 dicendis,
1613 1448 1799 1509 auctoritate

1049 1541 1223 1621 apostoliea,
1247 1551 1354 1604 tenore
1382 1542 1610 1618 praesentium,
1633 1541 1795 1602 constitui·

1050 1653 1119 1698 mus
1139 1643 1171 1697 et
1197 1635 1396 1714 deputamus,
1426 1651 1458 1698 ac
1486 1635 1539 1698 tibi
1567 1634 1794 1696 committimus

1050 1737 1080 1791 et
1094 1729 1287 1805 mandamus,
1305 1737 1350 1806 ut,
1368 1730 1493 1792 redditis
1508 1729 1564 1792 tibi
1579 1729 1663 1793 bisce
1679 1731 1795 1792 nostris

1051 1824 1082 1886 in
1105 1823 1202 1885 forma
1224 1825 1330 1884 Brevis
1353 1823 1462 1898 literis,
1479 1841 1512 1886 ac
1527 1823 1740 1898 Pro-Vicario,
1758 1825 1792 1884 ad

1051 1919 1154 1980 omnia
1177 1928 1207 1978 et
1222 1917 1344 1994 singula
1360 1917 1499 1980 muneris
1517 1916 1700 1978 fraternitati
1724 1923 1794 1979 tuae

1050 2011 1224 2074 demandati
1247 2009 1396 2088 (exceptis
1419 2017 1522 2072 tamen
1545 2011 1593 2084 iis,
1614 2027 1692 2088 quae
1713 2010 1795 2072 ordi·

1050 2120 1123 2165 nem
1154 2103 1357 2182 episcopalem
1385 2103 1569 2182 requirunt)
1594 2104 1707 2177 ollicia,
1729 2111 1794 2166 toto

1050 2198 1202 2260 absentiae
1225 2204 1295 2259 tuae
1317 2205 1466 2276 tempore,
1481 2197 1513 2259 in
1529 2197 1638 2274 Regno
1658 2196 1794 2260 Tusciui-

1050 2291 1085 2352 rtt'
1100 2290 1277 2354 orientatis
1288 2291 1456 2370 supplenda
1472 2308 1505 2353 ac
1521 2293 1710 2370 praestanda,
1723 2300 1793 2372 apto

1048 2392 1080 2446 et
1101 2382 1223 2458 idoneo,
1246 2399 1319 2444 cum
1344 2383 1537 2445 facultatibus
1564 2385 1741 2446 necessariis
1763 2395 1794 2449 et

1049 2476 1244 2556 opportunis,
1267 2475 1304 2536 ad
1327 2477 1372 2538 tui
1393 2477 1558 2540 arbitrium
1579 2479 1749 2541 constituto
1764 2486 1794 2541 et

1049 2571 1207 2648 deputato,
1231 2576 1261 2631 te
1282 2570 1385 2635 statim
1405 2572 1441 2632 ad
1465 2570 1669 2632 Cocincbinae
1697 2587 1794 2648 regna

1049 2664 1200 2726 conferas.
1225 2662 1377 2725 Volumus
1399 2671 1516 2739 autem,
1540 2672 1585 2740 nt,
1608 2673 1680 2726 ante
1701 2681 1794 2743 quam

1050 2773 1172 2836 pergas,
1203 2755 1412 2818 venerabilem
1442 2756 1571 2820 fratrem
1600 2757 1794 2821 firmandum

1049 2850 1245 2912 Franciscum
1272 2849 1299 2910 lc
1326 2847 1423 2911 Fcfrre
1448 2847 1634 2928 Episcopum
1661 2849 1791 2913 Noelen.

1048 2946 1235 3007 modernum
1263 2944 1418 3007 Vicariuru
1448 2945 1657 3023 apostolicum
1684 2947 1794 3011 Cocin-

1048 3039 1169 3114 cbinae,
1178 3039 1216 3101 de
1227 3039 1399 3118 Apostolica
1409 3038 1590 3102 visitatione
1603 3041 1791 3116 huiusmodi,

1048 3131 1147 3209 deque
1186 3139 1238 3194 tuo
1270 3149 1407 3207 accessu,
1444 3135 1704 3211 quemadmodum
1737 3150 1793 3196 nos

1049 3227 1142 3287 etiam
1159 3242 1213 3304 per
1228 3226 1301 3288 alias
1322 3235 1442 3289 nostras
1454 3227 1485 3289 in
1500 3226 1594 3288 simili
1609 3226 1707 3289 forma
1722 3227 1794 3289 Bre-

1049 3319 1095 3380 vis
1116 3318 1220 3380 literas
1241 3322 1386 3382 eumdem
1401 3321 1615 3394 admonemus,
1629 3321 1792 3382 certiorem

1048 3411 1149 3487 facias,
1172 3420 1208 3474 ut
1234 3413 1319 3475 nulla
1347 3420 1509 3492 propterea
1537 3411 1706 3474 intercedat
1727 3413 1790 3475 ani·

1048 3521 1173 3568 morum
1189 3505 1286 3583 quoad
1304 3507 1547 3570 iurisdictionem
1563 3507 1724 3582 discordia,
1739 3507 1791 3570 sed

1049 3599 1171 3678 glutino
1197 3601 1331 3664 caritatis
1358 3602 1426 3664 lesu
1458 3602 1581 3665 Cbristo
1613 3601 1790 3677 coniuncti,

1048 3704 1192 3758 aeternae
1219 3698 1392 3759 animarum
1424 3695 1671 3758 christifidelium
1699 3695 1790 3758 saluti

1047 3799 1222 3868 opportune
1243 3791 1419 3853 consulatis.

1087 3887 1106 3961 ἓ
1127 3885 1155 3946 8.
1180 3885 1345 3966 Postquam
1371 3891 1466 3966 igitur
1497 3891 1570 3953 illuc
1599 3893 1789 3970 perveneris,
1811 3900 2023 4010 nobetrprffflffiirssiiss

1811 4017 1872 4052 num
1895 4007 2023 4054 restituat.

1048 3983 1184 4062 primum
1207 3989 1349 4051 omnium
1373 3988 1546 4065 apostolico
1562 3987 1683 4051 llicario
1705 4005 1792 4067 prae-

1047 4080 1127 4143 dicto
1149 4081 1183 4144 in
1205 4085 1323 4145 virtute
1345 4083 1375 4148 S.
1392 4083 1593 4147 Obedientiae
1614 4093 1721 4147 nostro
1736 4102 1790 4148 no·

1047 4174 1133 4236 mine
1154 4182 1184 4236 et
1205 4177 1386 4240 auctoritate
1408 4185 1458 4240 tua
1481 4178 1638 4256 iniunges,
1670 4186 1704 4241 ut
1726 4195 1791 4240 om·

1046 4269 1096 4328 nia
1118 4275 1150 4330 et
1171 4269 1293 4346 singula
1315 4271 1501 4348 praeinserta
1523 4269 1645 4334 decreta
1673 4273 1792 4335 debitae

1046 4364 1223 4426 executioni
1245 4363 1421 4439 demandari
1451 4373 1540 4428 curet
1562 4366 1718 4442 eliacim,
1742 4366 1791 4427 iis-

1047 4456 1117 4518 dem
1141 4473 1264 4536 prorsus
1286 4457 1430 4519 modoet
1452 4457 1566 4534 forma,
1588 4461 1702 4538 quibus
1722 4475 1791 4537 pro-

1047 4549 1142 4628 posita
1164 4557 1195 4610 et
1216 4549 1332 4627 publici
1353 4550 1429 4613 iuris
1444 4549 1519 4615 facta
1535 4552 1633 4629 fuere;
1658 4552 1792 4630 exceptis

1047 4649 1151 4704 tamen
1183 4642 1276 4704 tertio
1302 4653 1335 4706 et·
1354 4653 1465 4723 quarto
1486 4647 1628 4720 decretis,
1656 4661 1788 4726 quorum

1046 4736 1263 4799 executionem
1286 4737 1371 4800 iuxta
1387 4745 1524 4801 nostram
1540 4740 1790 4802 emendationem

1046 4828 1363 4911 reformationemque
1378 4831 1433 4893 tibi
1448 4833 1608 4894 dumtaxat
1629 4833 1790 4896 demanda·

1045 4939 1126 4985 mus.
1151 4924 1256 5001 Porro,
1280 4933 1315 4989 ut
1342 4925 1486 5004 imposito
1510 4924 1697 4989 fraternitati
1719 4937 1790 4991 tuae

1047 5020 1100 5079 bac
1115 5033 1208 5096 super
1223 5035 1257 5080 re
1272 5017 1454 5094 gravissimo
1470 5019 1596 5080 muneri
1617 5020 1790 5085 secundum

1046 5117 1116 5171 vota
1137 5116 1240 5173 nostra
1261 5110 1434 5174 satisfacere
1456 5111 1573 5187 valeas,
1596 5121 1733 5191 oportet,
1757 5121 1792 5177 ut

1046 5209 1145 5280 partes
1167 5204 1309 5266 invicem
1325 5204 1547 5267 contendentes
1565 5205 1699 5285 aliosque
1714 5223 1792 5268 neu-

1045 5295 1084 5357 tri
1107 5298 1243 5373 partium
1264 5301 1476 5374 adhaerentes,
1494 5298 1546 5360 sed
1561 5299 1703 5377 probatae
1720 5299 1790 5362 fidei

1044 5396 1075 5450 et
1097 5389 1283 5466 integritatis
1315 5391 1398 5452 viros
1424 5392 1698 5454 extraiudicialiter
1723 5393 1791 5455 sine

1043 5485 1177 5562 strepitu
1199 5493 1229 5546 et
1251 5485 1348 5546 forma
1381 5484 1486 5547 iudicii
1512 5485 1632 5561 audiaS,
1663 5503 1724 5565 quo
1753 5489 1790 5550 ad

1043 5593 1151 5638 veram
1173 5579 1315 5639 omnium
1343 5585 1374 5638 et
1400 5579 1596 5654 singularum
1622 5596 1731 5641 rerum
1753 5587 1789 5643 ad

1044 5670 1189 5734 ellectum
1218 5671 1396 5733 huiusmodi
1430 5672 1673 5735 necessariorum
1710 5674 1791 5737 noti·

1044 5763 1130 5840 tiam,
1147 5779 1202 5842 pro
1219 5774 1269 5826 tua
1285 5765 1443 5826 dumtaxat
1459 5764 1679 5842 intelligentia,
1696 5769 1791 5830 ductu

1043 5873 1076 5917 ac
1096 5856 1264 5934 regimine,
1281 5857 1427 5919 devenire
1447 5857 1556 5919 valeas.
1581 5857 1692 5922 Statim
1713 5875 1789 5922 vero

1042 5957 1135 6029 atque
1160 5959 1281 6014 certum
1308 5950 1508 6013 ecclesiarum
1536 5950 1789 6015 residentiarum-

1720 557 1774 621 litt
1826 553 1880 608 an.
1895 557 1924 608 c.
1946 557 2015 609 1744
