4798 6978
335 528 525 584 An.o.1am
574 527 634 592 626

556 667 723 728 missorum
746 665 977 745 quomodolibet
999 665 1159 740 concessio,
1189 665 1302 729 condr-

555 759 868 836 matisetinnoratis3
880 759 1051 836 ceterisque
1063 757 1303 836 contrariisqui·

556 853 761 931 buscumque.

595 949 614 1021 ὲ
633 947 662 1008 il.
682 945 832 1008 Volumus
847 955 964 1021 autem,
977 955 1012 1009 ut
1026 948 1204 1009 earumdem
1218 963 1303 1025 prae-

555 1041 692 1104 sentium
715 1041 877 1102 literarum
895 1041 1110 1120 transumptis,
1122 1055 1177 1102 seu
1199 1054 1302 1100 exem-

556 1135 625 1213 plis,
648 1135 741 1197 etlam
764 1135 930 1212 impressis,
949 1149 1044 1195 manu
1066 1133 1195 1195 alicuius
1217 1141 1303 1196 nota·

556 1227 595 1289 rii
620 1226 735 1305 publici
764 1227 956 1306 subscriptis,
979 1235 1011 1288 et
1031 1225 1135 1303 sigillo
1154 1241 1302 1304 personae

557 1321 589 1382 in
611 1320 764 1397 (lignitate
784 1321 985 1382 ecclesiastica
1000 1319 1185 1382 constitutae
1200 1320 1305 1382 muni-

558 1415 608 1487 tis,
631 1414 739 1476 eadem
761 1429 887 1492 prorsus
916 1412 990 1474 sides
1012 1413 1204 1488 adhibeatur,
1226 1429 1303 1492 quae

556 1509 754 1572 adhiberetur
777 1509 885 1570 iisdem
907 1508 1131 1587 praesentibus,
1153 1507 1177 1568 si
1200 1507 1303 1569 lorent

555 1602 711 1664 exhibitae
732 1602 781 1664 vel
805 1610 955 1664 ostensae.

595 1697 706 1757 [latum
726 1694 851 1771 Romae,
867 1695 946 1774 apud
966 1695 996 1757 S.
1008 1696 1134 1758 Mariam
1156 1697 1302 1760 blaiorem

554 1790 612 1851 sub
632 1790 748 1852 annulo
778 1790 953 1866 Piscatoris‚
977 1791 1026 1853 die
1049 1807 1148 1853 xsvrr.
1180 1791 1303 1868 augusti

555 1900 706 1956 uocata,
726 1884 923 1962 pontificatus
945 1885 1043 1946 nostri
1065 1901 1146 1946 anno
1170 1901 1234 1946 xrr.

811 2141 1049 2148 ---—--.---.—-=

846 2358 1005 2420 nhxxttt.

558 2545 637 2606 Cum
655 2540 825 2605 celebratio
842 2545 944 2605 trium
959 2544 1135 2608 Missurum
1147 2544 1303 2607 natalitio

598 2637 722 2700 Christi
745 2638 795 2700 die
821 2637 957 2701 Latiaae
987 2645 1117 2700 tautum
1143 2639 1304 2702 Ecclesiae

596 2732 640 2793 sit
664 2731 761 2804 ritus,
787 2748 850 2792 aaa
872 2733 948 2794 item
974 2730 1201 2803 Orientalium,
1228 2747 1302 2792 non-

596 2825 662 2888 uisi
675 2841 732 2904 per
746 2822 884 2888 abusum
899 2823 938 2888 ab
950 2825 1097 2888 drmcuis
1108 2822 1252 2887 Liburno
1268 2825 1303 2886 iu

594 2928 691 2998 portu
707 2917 977 2982 complorantibus
992 2926 1190 2997 usurpatum
1201 2919 1304 2999 [uisse

595 3013 694 3076 decet.

556 3198 631 3267 ten.
650 3201 738 3268 tratri
762 3199 887 3267 ltieolao
914 3200 1036 3267 [creari
1066 3200 1303 3284 archiepiscopo

597 3294 757 3363 Rhodiensi
793 3291 1046 3378 Conprepationis
1083 3291 1302 3378 Propaqandae

596 3389 677 3457 Fidei
702 3389 890 3468 secretario,

714 3559 958 3630 assentatus
982 3560 1042 3629 ΡΡ.
1068 3561 1139 3630 ΧΝ.

768 3737 957 3807 venerabilis
980 3739 1088 3818 trater,

595 3862 723 3930 salutem
743 3867 776 3928 et
795 3861 991 3945 apostolicam
1012 3859 1261 3927 benedictionem.

337 4053 537 4154 cffirrosnuae
595 4054 614 4129 ἓ
639 4055 664 4114 l.
688 4054 723 4116 ln
741 4054 893 4132 superiori
911 4062 984 4116 ante
999 4053 1179 4131 proximum
1194 4052 1229 4114 ad
1246 4067 1303 4112 nos

323 4118 538 4209 ssia⁵rsc³i⁰ns2⁰tir³rss
556 4149 659 4210 habito
681 4164 801 4211 accessu
822 4149 968 4222 retulisti,
992 4155 1022 4209 te
1043 4146 1076 4208 in
1097 4146 1301 4224 suspicionem

556 4241 734 4316 adductum,
757 4243 927 4303 sacerdotes
949 4256 1094 4302 armenos
1115 4239 1254 4302 Liburno
1270 4239 1301 4299 in

556 4345 648 4415 portu
664 4345 892 4400 commorantes
906 4352 990 4397 sacro
1006 4334 1098 4397 natali
1114 4332 1238 4395 Domini
1253 4331 1303 4392 die

556 4438 620 4492 tres
643 4445 900 4507 unumquemque
912 4429 1019 4489 missas
1034 4427 1066 4488 in
1081 4424 1215 4490 nationis
1229 4439 1302 4485 suae

556 4522 673 4602 templo
700 4522 870 4596 celebrare,
894 4536 957 4582 non
985 4518 1230 4599 praetermisisse
1250 4532 1301 4594 op·

555 4623 704 4694 portanas
725 4615 760 4677 ad
783 4615 926 4676 Pisanum
944 4612 1217 4692 Archiepiscopum
1231 4612 1302 4672 dare

556 4711 670 4784 literas,
695 4716 729 4772 ul
759 4709 874 4771 certior
902 4707 1008 4782 heres,
1032 4723 1109 4768 uum
1131 4721 1181 4767 res
1208 4712 1301 4782 prout

556 4803 713 4866 terebatur
733 4818 765 4864 se
786 4800 913 4863 baberet
930 4808 971 4876 et,
987 4801 1011 4862 si
1035 4801 1076 4863 ita
1097 4798 1240 4880 quidem,
1263 4813 1301 4858 ex

555 4913 617 4975 quo
639 4902 781 4974 tempore
795 4894 963 4957 invaluerit
979 4909 1051 4956 usus
1068 4895 1127 4954 tria
1141 4892 1302 4968 designato

555 4989 604 5051 die
626 4989 949 5065 ollerendisacrillcia3
968 4987 1085 5066 tibique
1099 4986 1192 5076 luisse
1207 5003 1223 5046 a
1239 5001 1302 5046 me·

556 5091 674 5144 morato
697 5082 836 5161 praesule
851 5083 1047 5159 rescriptum,
1064 5080 1168 5143 ollerri
1189 5080 1226 5142 ab
1247 5081 1302 5142 hr-

556 5177 655 5238 menis
669 5177 880 5239 sacerdotibus
894 5177 926 5236 in
943 5174 1129 5237 Liburnensi
1140 5191 1212 5236 suae
1228 5189 1302 5250 gen·

557 5270 595 5332 tis
617 5268 743 5332 ecclesia
759 5278 820 5332 tres
832 5271 939 5332 missas
954 5267 1093 5330 natalitio
1110 5268 1224 5330 Christi
1240 5266 1300 5342 die,

556 5363 648 5441 idque
671 5363 702 5425 in
725 5379 783 5424 usu
806 5364 943 5442 primum
965 5377 999 5422 ea
1014 5361 1046 5421 in
1063 5361 1188 5423 ecclesia
1209 5359 1302 5421 luisse

556 5457 717 5535 posituma
732 5457 852 5518 duobus
874 5455 1075 5518 missioaariis
1090 5453 1230 5533 parochis
1245 5452 1303 5514 sub

556 5567 674 5612 annum
696 5567 874 5625 unaarum,
897 5548 1071 5628 exindeque
1091 5563 1215 5626 semper
1236 5562 1302 5609 rem

556 5651 665 5712 eodem
686 5648 778 5710 modo
804 5653 1003 5718 transactam
1027 5662 1060 5707 ac
1086 5645 1213 5722 insuper
1235 5641 1303 5702 eius

558 5743 659 5820 gentis
680 5741 823 5803 homines
844 5740 974 5814 reterre,
991 5739 1105 5801 multos
1126 5754 1181 5816 per
1195 5737 1302 5800 Orien-

556 5846 621 5899 tem
634 5837 805 5899 sacerdotes
819 5838 971 5896 Armenes
986 5832 1149 5894 catholicos
1164 5831 1302 5892 eiusdem

556 5935 635 5997 ritus
657 5931 862 5995 blissionarios
883 5937 986 5990 sancto
1009 5927 1102 5990 natali
1118 5925 1234 5990 Christi
1254 5923 1303 5984 die

1077 545 1141 590 lttu.
1166 545 1257 590 t’ottr.
1281 545 1321 589 ba
1342 547 1372 590 Ρ.
1395 546 1424 591 E·
1449 546 1531 592 PARS
1553 548 1576 593 1.

2134 527 2337 583 hn.o.1755

1358 669 1419 726 tres
1442 664 1548 726 missas
1576 663 1715 742 singulos
1745 663 1917 740 celebrare;
1947 683 1962 724 a
1990 664 2104 743 quibus

1356 773 1449 836 porro
1471 758 1617 820 omnibus
1629 766 1733 820 nostra
1755 758 1818 835 ipse
1834 757 1997 836 expetebas
2012 757 2101 830 iussa,

1357 852 1396 913 de
1417 851 1620 930 relinquendi
1642 851 1693 914 vel
1714 851 1923 914 interdicendi
1941 851 2035 913 trium
2057 868 2104 910 sa-

1356 961 1482 1011 crorum
1503 943 1660 1006 oblatione
1674 944 1712 1004 ab
1726 944 1871 1005 hrmenis
1892 943 2103 1006 sacerdotibus

1357 1037 1496 1100 natalitio
1518 1037 1631 1100 Christi
1644 1037 1694 1098 die
1706 1037 1835 1098 Liburni
1858 1037 1889 1098 in
1913 1037 2015 1113 gentis
2029 1053 2102 1100 suae

1357 1130 1482 1192 ecclesii
1504 1131 1571 1193 lteri
1593 1131 1691 1193 soliti.

1362 1280 1364 1286 .
1397 1225 1465 1298 ἐξ.
1489 1227 1690 1289 Pervetustus
1718 1233 1780 1301 est,
1803 1235 1895 1306 atque
1927 1225 2100 1288 universim
2137 1236 2244 1282 baanae
2259 1233 2346 1281 necte-

1357 1319 1389 1382 in
1411 1320 1550 1382 Latinam
1576 1321 1743 1383 Ecclesiam
1766 1329 1920 1400 receptus,
1933 1321 2011 1382 ritus
2027 1320 2101 1381 trini
2120 1291 2346 1405 {fflaffissfffi

1356 1414 1494 1476 sacrificii
1507 1431 1562 1493 por
1574 1429 1833 1494 unumquemque
1847 1414 2036 1476 sacerdotem
2051 1429 2103 1476 na·
2121 1394 2347 1497 {ssssfffflgsfflffi‘}

1358 1508 1458 1570 talitio
1485 1508 1599 1571 Christi
1620 1508 1669 1570 die
1694 1509 1858 1570 ollereudi:
1889 1524 2001 1570 rerum
2023 1503 2344 1602 apudffitfgffigffljilg

1357 1603 1546 1666 Orientalem
1574 1602 1740 1666 Ecclesiam
1763 1602 1888 1664 nullum
1913 1610 1997 1665 extat
2018 1619 2104 1680 prae-

1357 1696 1409 1758 lati
1432 1696 1509 1758 ritus
1525 1698 1710 1774 vestigium
1734 1712 1774 1758 ne
1790 1696 1921 1759 verbum
1936 1696 2050 1774 quippe
2065 1697 2103 1759 de

1358 1807 1394 1852 eo
1409 1791 1441 1853 in
1457 1791 1591 1868 liturgiis
1607 1792 1861 1869 graeco-arabicis
1876 1790 2102 1864 blelchitarum‚

1357 1885 1482 1960 syriacis
1503 1887 1726 1966 chaldaeisque,
1745 1904 1849 1968 neque
1869 1891 1962 1952 etiam
1984 1891 2016 1952 in
2032 1888 2102 1952 roli-

1357 1981 1426 2058 quis
1442 1981 1645 2058 Cophtorum,
1664 1984 1886 2058 hrmenorum,
1902 1984 2101 2057 Graecorum,
2118 2023 2122 2032 ·

1357 2085 1450 2154 atque
1478 2075 1697 2139 Iluthenorum
1718 2077 1772 2156 qui
1794 2093 1916 2152 praeces
1945 2077 2003 2140 sibi
2024 2079 2103 2140 ritus

1357 2168 1523 2231 adscivere.
1549 2168 1652 2231 Patres
1673 2170 1815 2232 Basiliani
1845 2171 1978 2251 Cryptae
1997 2174 2103 2234 Ferra-

1358 2269 1417 2336 tae,
1440 2262 1497 2324 etsi
1519 2262 1631 2324 latinos
1651 2263 1769 2340 aliquot
1784 2265 1862 2326 ritus
1878 2265 2010 2344 amplexi
2026 2265 2100 2340 sint,

1359 2363 1420 2418 tres
1442 2363 1545 2418 tamen
1578 2356 1685 2417 missas
1717 2357 1809 2419 natali
1831 2359 1955 2420 Domini
1977 2361 2026 2422 die
2047 2375 2103 2421 nec

1359 2450 1390 2511 in
1420 2457 1590 2511 memorato
1618 2451 1807 2512 monasterio
1835 2469 1892 2514 nec
1924 2453 1994 2514 alibi
2023 2453 2102 2515 cele·

1358 2542 1447 2604 brace
1461 2551 1701 2606 consueverunt.
1720 2545 1759 2606 Et
1781 2545 1812 2608 in
1836 2547 1897 2624 ipsa
1920 2547 2101 2624 provinciali

1357 2636 1473 2714 synodo
1502 2635 1601 2698 habita
1627 2637 1686 2698 sub
1707 2654 1826 2701 annum
1847 2653 2046 2700 muccunava.
2070 2641 2102 2702 in

1357 2730 1462 2794 blonte
1491 2732 1620 2807 Libano,
1643 2732 1691 2794 cul
1715 2733 1847 2811 praeluit
1867 2734 1976 2813 loseph
2003 2734 2102 2798 Simo-

1359 2823 1430 2886 nius
1459 2825 1643 2887 hssemanus
1672 2825 1805 2904 praesul,
1834 2828 1900 2905 qui,
1925 2828 2009 2890 iussu
2036 2828 2103 2892 Cle·

1359 2918 1472 2980 mentis
1496 2918 1560 2982 llll.
1588 2918 1829 2997 praedecessoris
1855 2922 1952 2983 nostri
1976 2939 2012 2984 eo
2034 2937 2103 3001 pro-

1358 3011 1465 3088 lectus,
1488 3014 1633 3092 imposito
1654 3012 1712 3075 sibi
1734 3015 1860 3077 muneri
1880 3015 2038 3078 cumulate
2058 3034 2102 3077 sa-

1359 3105 1481 3182 tislecit,
1504 3107 1579 3170 haec
1606 3107 1756 3184 leguntur
1777 3125 1845 3187 ceap.
1872 3109 1913 3168 13
1940 3111 1976 3171 de
1996 3127 2103 3172 sacro-

1356 3209 1466 3264 sancto
1488 3201 1605 3264 Missae
1619 3201 1801 3282 Sacrificio.-
1818 3203 2030 3283 Priaitepium
2045 3223 2103 3266 au·

1358 3303 1431 3367 tem,
1454 3297 1535 3373 quod
1551 3295 1650 3358 latini
1664 3295 1842 3374 presbyteri
1857 3295 1971 3360 habeut
1990 3299 2023 3358 iu
2041 3299 2104 3360 Na·

1359 3389 1418 3452 toli
1442 3389 1572 3452 Oomiai
1585 3397 1634 3452 ter
1654 3391 1769 3453 missas
1784 3389 1975 3465 celebrandi,
1993 3392 2034 3454 ad
2051 3409 2103 3452 ao-

1357 3491 1441 3546 stros
1462 3485 1639 3546 sacerdotes
1658 3483 1846 3547 mullatenus
1868 3485 2103 3546 caterideudum

1358 3593 1421 3638 csse
1443 3579 1642 3640 deceruimus
1665 3583 1695 3640 et
1716 3579 1914 3642 statuimus:
1938 3595 2001 3640 aori
2022 3579 2104 3655 quod

1357 3689 1475 3734 morem
1497 3673 1592 3734 illum
1614 3673 1645 3736 S.
1670 3673 1831 3735 Romanus
1860 3671 2021 3734 Ecclesiae
2042 3688 2105 3732 om·

1359 3767 1451 3830 aium
1480 3766 1698 3830 Ecclesiurum
1727 3767 1845 3828 matris
1866 3784 1903 3828 ac
1929 3764 2105 3845 mapistrac

1359 3861 1620 3933 condemuemus,·
1641 3857 1726 3922 absit
1749 3858 1805 3920 ltac
1820 3877 1839 3921 a
1855 3857 1956 3930 uobis,
1973 3860 2027 3936 qui
2041 3857 2103 3937 filii

1359 3955 1451 4016 illius
1483 3951 1754 4032 obsequentissimi
1785 3969 1916 4024 sutrium
1943 3952 1995 4013 scd
2026 3952 2102 4029 quia

1358 4056 1493 4110 ceteram
1516 4052 1666 4109 uestrum
1678 4048 1782 4109 ritum
1803 4041 2100 4108 seruari'¹aolumus.

1399 4143 1466 4219 53.
1492 4142 1570 4204 llaec
1591 4139 1749 4219 synodus,
1777 4141 1902 4218 praevio
1929 4147 2103 4218 opportuno
2130 4151 2340 4214 rasoqueonen-

1358 4238 1518 4311 examine,
1541 4234 1600 4297 luit
1621 4251 1637 4294 a
1664 4233 1751 4296 nohis
1779 4232 1976 4307 confirmata,
2005 4231 2104 4293 veluti
2122 4205 2338 4316 ffiffidssg'taess'ss

1358 4346 1448 4392 nosse
1469 4330 1541 4392 licet
1562 4345 1600 4390 eu
1622 4325 1844 4389 constitutione
1866 4326 1969 4388 nostra
1983 4325 2015 4386 iu
2032 4323 2105 4386 Bul·

1357 4425 1470 4486 larium
1493 4431 1637 4485 nostrum
1652 4421 1744 4482 illati.
1768 4421 1911 4498 Cumque
1933 4435 1970 4480 ex
1986 4435 2104 4480 memo-

1358 4527 1422 4580 rata
1444 4517 1580 4596 Synodo,
1602 4531 1699 4593 aeque
1719 4531 1753 4577 ac
1773 4531 1812 4576 ex
1834 4513 2048 4593 praeindicatis
2069 4512 2104 4574 li-

1359 4611 1469 4688 turgiis
1484 4609 1697 4684 orientalibus,
1710 4609 1892 4680 innotescat,
1913 4607 2018 4668 ollerri
2036 4607 2105 4684 qui-

1358 4706 1429 4766 dem
1450 4704 1483 4764 in
1504 4701 1690 4766 Occidentali
1712 4700 1847 4764 Ecclesia
1868 4701 1987 4761 trinum
2010 4699 2103 4760 natali

1359 4799 1474 4862 Christi
1495 4796 1544 4858 die
1565 4795 1761 4870 sacrificium,
1785 4810 1847 4855 non
1875 4795 1952 4854 item
1975 4792 2103 4854 veroin

1358 4891 1505 4956 Orientali
1528 4890 1672 4965 Ecclesia,
1689 4890 1749 4950 iam
1772 4887 1855 4950 locus
1877 4887 2048 4964 htregulae
2063 4885 2103 4946 la-

1358 4987 1417 5049 tius
1440 5003 1494 5066 per
1515 5003 1571 5049 nos
1593 4986 1732 5046 firmatae
1753 4984 1785 5043 in
1808 4981 1920 5045 nostris
1941 4979 2104 5058 encyclicis
2121 4987 2342 5098 assiisenffiffiy‘ssl'fi

1357 5088 1456 5150 literis
1477 5087 1554 5150 datis
1576 5093 1681 5148 octavo
1702 5085 1848 5148 kalendas
1875 5085 1999 5162 augusti
2021 5099 2103 5145 anno
2121 5105 2163 5140 cas
2173 5093 2284 5141 arsuras.

1358 5198 1495 5246 nascar.
1529 5181 1565 5243 ad
1596 5179 1805 5241 missionarios
1836 5193 1891 5256 per
1922 5178 2101 5250 Orientem,

1358 5274 1524 5352 praeloque
1546 5272 1801 5348 Congregatlonis
1823 5269 2039 5348 Propagandae
2053 5269 2103 5331 Fi-

1358 5367 1406 5428 dei
1428 5366 1596 5446 impressis,
1613 5381 1675 5426 non
1698 5381 1764 5425 esse
1778 5363 1893 5425 scilicet
1915 5363 2103 5441 permiscen-

1358 5459 1411 5521 dos
1432 5459 1528 5535 ritus;
1550 5473 1645 5520 suum
1658 5475 1673 5518 a
1688 5458 1807 5531 Latini,
1828 5473 1922 5518 suum
1945 5455 2051 5518 itidem
2067 5457 2104 5517 ab

1359 5551 1507 5614 Orientali
1529 5551 1674 5625 Ecclesid,
1689 5551 1786 5612 ritum
1808 5549 1923 5610 servari
1945 5555 2101 5627 oportere:

1359 5647 1415 5709 boc
1435 5647 1549 5724 quippe
1570 5654 1615 5706 est
1636 5645 1728 5706 sacris
1748 5643 1916 5706 canonibus
1936 5642 2103 5716 sancitum,

1358 5737 1632 5801 constitutionibus
1643 5737 1815 5814 apostolicis
1825 5731 2041 5809 cautum,acS.
2051 5733 2105 5798 Se-

1358 5832 1403 5895 dis
1419 5841 1568 5910 perpetuo
1582 5839 1758 5908 systemate,
1775 5829 1917 5908 praelatis
1930 5829 2027 5890 literis
2043 5827 2102 5890 late

1359 5927 1580 6000 demonstrato,
1604 5924 1773 5985 firmatum.
