4828 6990
373 489 427 540 An.
442 491 472 541 O.
494 488 561 540 1747

400 3160 545 3206 Exordium.

369 4663 515 4709 abbatias
529 4667 579 4708 Ρι-

356 4718 388 4780 tri
409 4716 439 4762 tle
454 4717 569 4762 Ebunrbo

357 4781 419 4869 ffi-
424 4769 570 4826 collegiou-

611 488 670 552 364

591 625 660 703 quis
691 636 796 691 autem
817 630 875 693 lroc
901 639 1052 694 attentare
1084 635 1336 713 praesumpserit,

592 716 839 795 indignationem
871 724 1099 804 omnipotentis
1127 728 1192 801 Dei,
1216 743 1249 790 ac
1271 728 1339 789 bea-

591 818 695 873 torum
718 814 800 876 Petri
822 827 852 878 et
873 817 958 879 Pauli
980 819 1197 898 Apostolorum
1212 821 1290 896 eius,
1307 837 1338 882 se

591 907 743 967 noverit
738 924 946 974 rncurstrrnm.

631 997 742 1060 Datum
771 1001 902 1078 Romae,
930 1006 1008 1082 apud
1039 1005 1069 1068 S.
1097 1006 1223 1068 Mariam
1249 1007 1338 1069 bloio·

590 1104 669 1164 rem,
693 1108 775 1152 anno
796 1093 1019 1158 incarnationis
1040 1099 1217 1162 Dominicae
1240 1100 1337 1163 mille-

590 1182 668 1244 simo
689 1187 967 1263 septingentesimo
993 1190 1225 1268 quadragesimo
1246 1193 1338 1270 septi-

591 1291 654 1351 mo,
677 1279 885 1342 decimosexto
907 1282 1054 1344 kalendas
1076 1285 1218 1359 octobris,
1238 1287 1338 1365 ponti-

591 1369 698 1431 ficatus
720 1373 820 1434 nostri
841 1388 923 1436 anno
946 1391 1014 1437 vrrr.

849 1575 1087 1586 -——-——

919 1751 1010 1816 XCV.

593 1935 1338 2020 CollepiorrcopostolictttttproSiccensibnsNeo-

629 2028 694 2105 poli
716 2036 856 2092 crccttcrtt
880 2031 998 2097 libeant
1014 2054 1032 2096 o
1047 2038 1196 2113 peticione
1211 2039 1336 2101 odttetcrr

630 2120 759 2183 oltrrtioc
773 2123 802 2186 8.
816 2125 907 2186 Petri
922 2127 957 2186 dc
971 2126 1104 2190 notura
1120 2129 1249 2209 ccllcpt'o
1265 2132 1337 2192 attri-

631 2221 694 2286 tuc,
718 2233 809 2277 ortere
832 2225 939 2280 tomen
968 2219 1114 2296 itrtposito
1140 2222 1248 2284 elcttdr'
1271 2231 1336 2286 octo

629 2309 840 2370 adolescentes
862 2328 901 2372 cm
932 2311 1019 2374 Sitris
1041 2321 1071 2374 ct
1095 2314 1196 2376 lttdit's
1228 2317 1337 2378 tlr't'ett-

631 2400 762 2475 talibus,
781 2409 810 2462 ct
825 2409 893 2463 octo
915 2421 954 2465 eto
977 2405 1076 2483 Epiro
1102 2406 1239 2484 aliisque
1261 2409 1337 2470 locis

635 2493 813 2556 Ttrrcortror
836 2495 956 2558 ditiotti
977 2496 1131 2561 subiectis
1153 2497 1208 2580 (l).

721 2663 967 2734 attentatus
990 2666 1209 2737 [etsooetts

784 2856 893 2908 sertus
916 2857 1071 2911 serrorum
1095 2842 1148 2911 Dei

710 2962 747 3028 ad
770 2968 942 3047 perpetuam
965 2965 1008 3031 tei
1035 2964 1215 3033 ιιιιιιιιιῑιιιιι.

631 3153 838 3216 Misericordia
869 3156 923 3218 Dei
954 3157 1131 3218 miserentis
1162 3157 1238 3219 sacri
1270 3173 1338 3234 apo-

590 3249 719 3312 stolatus
748 3250 934 3325 ministerio,
964 3251 1083 3312 meritis
1115 3250 1186 3311 licet
1214 3249 1338 3326 impari-

591 3344 659 3418 bus,
687 3360 821 3421 supetna
850 3346 1049 3422 dispositione
1076 3345 1159 3406 illius
1181 3345 1233 3422 qrri
1256 3345 1339 3406 debi-

591 3437 671 3498 libus
694 3437 824 3513 adauget
855 3438 949 3512 vires,
976 3439 1185 3515 praesidentes
1206 3437 1338 3498 libenter·

591 3532 783 3594 intendimus
811 3533 845 3594 ad
874 3547 909 3594 ea
937 3550 992 3612 per
1020 3549 1099 3611 qnae
1124 3533 1252 3610 collegia
1284 3550 1338 3612 pro

590 3627 725 3690 alumnis
747 3627 889 3703 gentium
912 3635 942 3688 ot
963 3628 1126 3688 nationum
1151 3627 1181 3688 iu
1203 3627 1338 3690 tenebris

590 3723 674 3783 etin
703 3721 812 3782 umbra
845 3720 1035 3782 intrdelitatis
1060 3722 1237 3782 sedentium
1259 3721 1337 3782 cirri-

589 3815 685 3875 stiana
707 3814 871 3890 religione,
896 3813 1004 3886 literis,
1028 3814 1228 3876 ecclesiastica
1250 3815 1338 3876 disci-

589 3908 685 3988 plina,
708 3907 861 3984 bonisque
884 3906 1023 3967 moribus
1049 3907 1224 3970 imbuendis
1251 3907 1337 3970 insti-

590 4009 654 4062 tuta
675 4007 707 4061 et
729 3999 854 4062 lundata
874 4015 1047 4080 eorumque
1062 4001 1252 4063 incrementa
1269 4017 1338 4080 pro

590 4101 764 4167 moventes,
787 4109 884 4170 eaque
910 4093 973 4154 illis
993 4092 1204 4156 favorabiliter·
1232 4113 1336 4158 conce-

589 4188 701 4260 dimus,
725 4203 802 4264 quae
826 4187 964 4263 ipsorum
985 4186 1187 4262 collegiorum
1210 4189 1336 4264 erigen-

589 4279 639 4340 tiis
660 4284 691 4339 ιι
713 4278 956 4351 necessitatibus,
982 4286 1015 4340 ut
1034 4293 1190 4340 novorum
1212 4297 1335 4360 quoque

588 4387 720 4433 onerum
752 4371 984 4448 impositionem
1015 4371 1120 4433 subire
1146 4379 1177 4434 et
1198 4389 1336 4449 congrue

589 4464 728 4542 perterre
753 4463 887 4537 valeant,
916 4464 979 4524 iore
1002 4465 1207 4542 conspicimus
1228 4483 1337 4546 oppor-

589 4567 673 4620 tuna.

629 4653 753 4714 Dudum
784 4652 936 4729 siquidem
967 4669 1022 4713 nos
1044 4653 1078 4714 ad
1108 4656 1333 4719 consulendum

588 4745 819 4807 necessitatibus
841 4743 962 4820 collegii
985 4746 1094 4808 Sacrae
1108 4747 1175 4810 lesu
1191 4749 1334 4812 Familiae

588 4838 758 4915 nuncupati
780 4839 811 4899 in
829 4838 953 4900 civitate
968 4840 1173 4917 neapolitana,
1189 4859 1245 4919 pro
1263 4859 1336 4920 pue·

586 4932 629 4993 ris
651 4938 681 4992 ιι
703 4930 948 4994 adolescentibus
966 4933 1142 4995 sinensibus
1156 4944 1187 4996 et
1203 4935 1335 4998 indianis

588 5024 723 5086 instituti
743 5031 774 5083 et
797 5023 931 5099 fundati,
954 5025 1067 5110 cidem
1099 5029 1229 5103 collegio
1262 5045 1334 5090 cura

587 5125 808 5194 conventuque
842 5133 948 5179 carens
987 5121 1213 5182 monasterium
1247 5122 1334 5184 abba-

588 5211 659 5272 tiam
677 5217 893 5289 nuncupatum
910 5210 940 5272 8.
960 5211 1041 5273 Petri
1057 5213 1094 5274 de
1110 5214 1262 5289 Ebumbo,
1279 5233 1332 5278 seu

587 5303 687 5376 Eboli,
719 5303 841 5364 Ordinis
874 5303 904 5366 S.
940 5304 1096 5367 Benedicti
1130 5307 1332 5370 salernitanae

586 5396 741 5470 dioecesis,
765 5399 846 5473 qnod
879 5397 1008 5459 dilectus
1041 5399 1123 5460 itlius
1146 5407 1252 5461 noster
1274 5403 1332 5463 bla-

585 5487 662 5562 rius,
687 5497 760 5549 tunc
792 5507 873 5552 unus
895 5507 932 5551 err
961 5508 1123 5553 causarum
1155 5493 1257 5569 palatii
1280 5510 1332 5554 no-

584 5581 640 5642 stri
661 5580 817 5660 apostolici
839 5583 1044 5660 auditoribus,
1061 5601 1145 5648 nunc
1161 5602 1235 5647 vero
1251 5587 1331 5648 tituli

626 5823 657 5878 (tt
672 5825 709 5868 Ex
723 5823 848 5881 originali
862 5828 950 5872 servat
952 5838 967 5872 o
981 5827 1008 5872 in
1026 5829 1165 5876 Tabulario
1180 5834 1212 5876 co
1214 5829 1332 5889 liegii.-

1114 512 1176 558 tdn.
1202 516 1307 562 PON'lu
1317 517 1408 562 DEP
1434 519 1462 564 F
1488 521 1612 566 ranst.

1395 635 1425 699 S.
1452 637 1570 700 Priscae
1601 641 1631 704 S.
1656 641 1692 704 R.
1718 643 1752 705 E.
1781 644 1942 723 presbyter
1972 643 2142 710 Cardinalis

1395 730 1507 792 biillini
1530 742 1738 814 nuncupatus,
1760 737 1792 797 in
1814 739 2028 800 commendam
2043 739 2078 800 ad
2094 738 2141 799 sui

1395 823 1550 886 vitamet
1570 829 1769 891 concessione
1789 831 1953 909 apostolica
1975 839 2050 894 tunc
2065 831 2141 893 obti-

1395 921 1497 996 nebat,
1520 930 1612 1000 prout
1634 938 1673 986 ιιι
1693 925 1787 987 simili
1809 929 2008 990 concessione
2028 936 2060 989 ιι
2083 928 2144 989 dis-

1395 1016 1576 1092 pensatione
1612 1020 1785 1096 apostolicis
1820 1021 1919 1084 adbuc
1953 1022 2073 1084 obtinet
2105 1023 2142 1084 de

1395 1109 1559 1184 praesenti,
1591 1111 1736 1190 quodque
1757 1113 1789 1174 irr
1815 1114 1952 1176 similem
1983 1131 2141 1177 commen·

1394 1202 1463 1262 dam
1485 1219 1523 1262 ex
1545 1204 1609 1280 pari
1631 1207 1829 1268 concessione
1855 1209 2017 1285 apostolica
2039 1209 2075 1270 ad
2098 1208 2143 1268 vi·

1396 1302 1458 1354 tam
1480 1295 1614 1358 obtineri
1643 1301 1818 1374 consuevit,
1842 1318 1880 1362 err
1902 1309 1977 1363 tunc
2000 1301 2143 1363 videlicet

1394 1395 1425 1449 et
1446 1405 1518 1450 cum
1541 1391 1675 1468 primurn
1698 1394 1921 1456 monasterium
1937 1395 2142 1474 praedictum,

1395 1481 1478 1542 illius
1493 1485 1675 1546 commenda
1688 1485 1865 1548 huiusmodi
1878 1503 1916 1548 err
1929 1503 2057 1565 persona
2070 1488 2142 1551 dicti

1394 1573 1479 1636 rllarii
1502 1591 1588 1636 nunc
1609 1576 1780 1639 dardinatts
1795 1580 1904 1657 quovis
1921 1579 2010 1642 modo
2024 1597 2145 1642 cessan-

1395 1674 1568 1740 revocare
1600 1671 1793 1746 contigisset,
1823 1688 1896 1734 cum
1925 1673 2054 1735 annexis
2075 1673 2145 1750 qui·

1395 1759 1588 1838 bustumque
1618 1779 1651 1824 ac
1681 1765 1827 1826 omnibns
1852 1775 1883 1827 ιι
1910 1767 2042 1842 singulis
2070 1765 2142 1828 dicti

1395 1855 1575 1915 monasterii
1593 1855 1692 1932 bonis,
1709 1857 1812 1933 rebus,
1829 1859 2080 1936 proprietatibus,
2097 1859 2146 1920 iu-

1395 1945 1480 2006 ribus
1501 1955 1534 2008 ιι
1555 1949 1764 2026 pertinentiis,
1781 1966 1838 2013 nec
1853 1967 1917 2012 non
1933 1951 2093 2029 quibusvis
2108 1950 2143 2011 il-

1394 2038 1452 2100 lius
1474 2038 1637 2115 tructibus,
1661 2041 1842 2118 redditibus,
1862 2045 2075 2122 proventibus,
2091 2045 2145 2106 ob-

1395 2132 1594 2194 ventionibus
1614 2142 1646 2214 et
1668 2136 1889 2198 emolumentis
1907 2139 2074 2212 universis,
2092 2140 2144 2200 do-

1395 2242 1451 2287 nec
1474 2231 1576 2288 tamen
1599 2237 1630 2288 ιι
1657 2243 1820 2307 quousque
1851 2231 2022 2309 praelatum
2051 2231 2146 2292 colle»

1394 2319 1481 2394 gium
1504 2319 1536 2379 in
1552 2319 1660 2382 eadem
1675 2322 1802 2384 civitate
1817 2324 2010 2401 neapolitana
2025 2323 2144 2384 extitis-

1393 2418 1450 2485 set,
1473 2427 1546 2472 cum
1568 2411 1625 2474 troc
1641 2421 1744 2477 tamen
1760 2418 1840 2493 quod
1858 2417 1960 2494 ipsum
1975 2416 2141 2492 collegium

1394 2513 1424 2565 ιι
1445 2519 1501 2581 pro
1521 2519 1558 2565 eo
1579 2507 1736 2583 qnondam
1754 2516 1827 2570 tnnc
1842 2509 1874 2570 in
1891 2509 2035 2570 humanis
2049 2525 2143 2586 agens

1394 2596 1564 2660 Matthaeus
1586 2599 1674 2678 Ripa,
1698 2610 1770 2662 tunc
1791 2609 1822 2662 et
1837 2602 1911 2663 dnm
1928 2603 2048 2664 viveret
2063 2603 2144 2664 eius-

1394 2691 1463 2752 dem
1486 2690 1610 2767 collegii
1631 2700 1742 2768 rector,
1763 2695 1977 2770 reservationi,
1994 2697 2143 2758 constitu-

2178 509 2236 562 An
2252 514 2283 566 Ο.
2305 477 2378 571 Ιῖιῖἲ

1396 2783 1471 2844 tioni
1493 2791 1526 2844 et
1544 2785 1745 2861 assignationi
1763 2787 1971 2866 infrascriptae
1986 2789 2144 2868 pensionis
2219 2783 2221 2788 ’

1395 2891 1517 2937 annuae
1539 2883 1615 2939 tunc
1636 2894 1691 2956 per
1712 2895 1769 2940 nos
1790 2881 1994 2942 reservandae
2015 2897 2142 2942 conseo·

1397 2968 1454 3028 tire
1476 2969 1607 3030 omnino
1629 2977 1801 3047 teneretur,
1824 2973 1988 3050 apostolica
2012 2973 2142 3034 auctori·

1397 3073 1457 3126 tate
1479 3065 1651 3141 univimus,
1675 3068 1862 3130 annerimus
1883 3075 1914 3128 ιι
1936 3067 2145 3144 incorporavi-

1396 3173 1481 3234 mus;
1506 3157 1671 3235 ipsumque
1698 3159 1866 3236 collegium
1887 3160 1925 3221 ab
1945 3167 2141 3233 annatarum,

1395 3249 1675 3326 quindenniorrrm,
1694 3255 1911 3316 communium
1933 3255 2141 3327 minutorum,

1395 3343 1592 3421 aliorumque
1613 3345 1731 3407 iurinrn
1753 3346 1899 3408 Gamerae
1920 3346 2047 3409 Nostrae
2063 3347 2140 3425 ripo-

1395 3437 1530 3509 stolicae,
1554 3457 1586 3499 ao
1613 3439 1708 3500 etiam
1739 3441 1969 3502 venerabilibus
1997 3441 2143 3502 iratribus

1396 3534 1508 3593 nostris
1536 3533 1565 3595 S.
1592 3533 1625 3594 il.
1652 3533 1686 3593 E.
1717 3534 1942 3609 Cardinalibus,
1972 3544 2002 3597 et
2024 3535 2143 3598 dilectis

1395 3627 1485 3687 ctiam
1502 3626 1572 3686 srliis
1586 3626 1743 3687 Romanae
1764 3627 1875 3689 Curiae
1889 3638 1920 3689 et
1936 3628 2143 3691 cancellariae

1396 3717 1524 3779 Nostrae
1543 3717 1734 3795 Apostolicae
1748 3719 1940 3795 officialibus,
1957 3723 1995 3782 de
2009 3721 2142 3795 annalis,

1394 3811 1608 3888 quindenniis,
1629 3815 1848 3874 communibus
1873 3813 2003 3876 minutis
2024 3821 2055 3874 ct
2076 3813 2143 3874 aliis

1395 3905 1512 3967 iuribus
1525 3905 1702 3968 huiusmodi
1715 3907 1946 3987 quomodolibet
1958 3907 2142 3984 participan-

1394 3999 1487 4074 tibus,
1511 4014 1684 4077 eorumque
1706 4001 1879 4079 respective
1899 3999 2037 4076 collegiis
2052 3999 2143 4060 ratio-

1394 4107 1433 4152 ne
1456 4093 1583 4156 unionis
1602 4092 1780 4154 huiusmodi
1795 4093 1973 4155 debitorum
1987 4093 2141 4154 solutione

1393 4193 1424 4246 et
1446 4186 1663 4264 praestatione,
1686 4187 1765 4248 dicta
1782 4185 1945 4264 apostoliea
1960 4185 2143 4248 auctoritato

1393 4280 1567 4341 exemimus
1596 4287 1628 4340 et
1657 4279 1874 4354 liberavimus,
1905 4286 1998 4358 prout
2026 4278 2057 4339 in
2088 4294 2143 4340 no·

1392 4371 1463 4431 stris
1485 4373 1617 4451 desuper
1637 4371 1785 4434 conlectis
1807 4371 1906 4434 literis
1927 4372 2049 4450 plenius
2069 4387 2142 4433 corr·

1394 4463 1521 4526 tinctor.

1433 4559 1634 4621 Postmodum
1649 4575 1723 4620 vero
1738 4561 1879 4622 volentes
1893 4560 2004 4622 dictam
2020 4562 2140 4638 pensio-

1394 4669 1468 4715 nem
1490 4653 1691 4727 constituere,
1716 4660 1750 4715 nt
1765 4655 1931 4731 collegium
1947 4657 2136 4733 praedictum

1392 4749 1476 4812 illius
1499 4767 1578 4812 onus
1599 4753 1717 4814 tamdiu
1732 4752 1895 4830 perterret,
1912 4752 2059 4830 quamdin
2076 4769 2138 4814 me·

1394 4853 1529 4906 moratae
1561 4847 1686 4906 unionis
1715 4848 1911 4908 commodum
1941 4848 2087 4908 sensisset
2108 4855 2139 4906 et

1393 4938 1572 5013 utilitatem,
1596 4947 1683 5000 motu
1706 4941 1828 5018 proprio
1847 4950 1877 5002 ιι
1892 4957 1929 5002 err
1944 4950 2027 5004 certa
2042 4941 2139 5003 scien-

1393 5032 1444 5104 tia,
1468 5046 1614 5109 metaque
1641 5029 1863 5094 deliberatione
1891 5033 2015 5109 nostris,
2039 5036 2139 5113 deque

1391 5124 1570 5200 apostolicae
1584 5125 1741 5200 potestatis
1759 5125 1952 5203 plenitudine
1967 5145 2060 5206 snper
2075 5143 2138 5189 onr-

1392 5217 1483 5278 nibus
1505 5223 1535 5277 ιι
1556 5217 1689 5292 singulis
1720 5219 1792 5282 dicti
1825 5222 2006 5282 monasterii
2034 5222 2141 5285 tructi-

1391 5309 1458 5383 bus,
1482 5311 1664 5385 redditibus,
1694 5313 1908 5389 proventibus,
1933 5315 2063 5390 iuribus,
2086 5316 2138 5378 ob-

1392 5405 1592 5466 ventionibus
1610 5415 1640 5466 ct
1656 5407 1878 5468 emolumentis
1893 5409 2059 5484 universis,
2075 5428 2138 5472 cer-

1391 5496 1427 5557 tis
1450 5506 1479 5559 et
1502 5497 1638 5572 incertis,
1669 5516 1706 5560 ex
1737 5509 1809 5562 tunc
1843 5501 1985 5565 videlicet
2014 5511 2138 5586 etcum

1390 5588 1527 5665 primum
1552 5591 1624 5651 unio
1647 5593 1797 5668 praedicta
1823 5610 1916 5656 snum
1938 5597 2043 5656 sortita
2066 5595 2138 5658 luis-

1387 5831 1547 5878 infractam
1559 5837 1623 5878 Xlll.
1640 5838 1715 5878 Doce
1717 5838 1817 5880 critort
1820 5843 1963 5888 respectes
1979 5843 2086 5890 Quanta
2096 5843 2139 5884 tic·

586 5888 649 5934 Vide
670 5901 750 5948 supra
771 5902 828 5948 pag.
846 5895 883 5936 trs
903 5897 984 5939 const.
1001 5899 1125 5942 Ιιιιιιιιο
1143 5903 1286 5952 pertempta,
1304 5900 1330 5944 ιι
1385 5903 1463 5944 etesia
1480 5904 1530 5949 Det,
1548 5902 1575 5945 et
1590 5899 1664 5945 Pium
1680 5905 1718 5946 vt
1736 5905 1928 5949 Ριαιιαιιιιιί
1943 5909 1990 5950 etc.

2200 4579 2287 4624 Pensio
2309 4576 2360 4622 alias

2160 4638 2296 4679 reservata.
