4828 6990
8 3337 9 3374 l

7 3427 9 3460 l

8 3467 9 3504 l

118 3429 281 3474 Prooemium.

123 4546 300 4593 ltissionarlor.

97 4599 301 4710 tsectasse.

97 4663 302 4806 {fpgmpagauda

150 4797 155 4818 l

948 575 1145 634 enannicros
1167 576 1230 634 xla.

314 709 484 790 nipotentis
506 710 572 786 liei,
588 728 621 773 ac
642 704 805 774 beatorum
820 709 901 771 Petri
917 717 949 771 et
962 708 1058 783 Pauli,

314 804 532 882 Apostolorum
554 803 631 879 eius,
654 820 687 865 se
709 803 832 866 noverit
846 803 1058 864 incursurum.

355 898 466 960 [latum
483 897 702 980 Romaeapud
719 897 887 960 Elimiam
903 896 1060 969 Maiorem,

313 1006 394 1052 anno
410 990 632 1052 incarnationis
647 985 824 1053 Dominicae
839 989 1004 1051 millesimo
1015 1003 1062 1048 sc-

313 1084 557 1161 ptingentesimo
568 1083 827 1162 quinquagesimo
839 1083 952 1162 primo,
963 1080 1061 1143 idibus

313 1176 428 1253 martii,
451 1177 648 1254 pontificatus
671 1176 769 1239 nostri
785 1191 866 1237 anno
882 1174 1057 1237 undecimo.

552 1393 554 1398 ·
568 1390 807 1400 ———---—

627 1554 745 1618 uxvtt.

316 1739 540 1804 Sacerdotibus
572 1743 687 1804 latinis
710 1741 745 1801 ia
767 1740 888 1803 llassio
909 1739 1061 1801 Polooica

353 1837 547 1916 [acuitatem
569 1835 712 1896 concedit
735 1833 915 1896 celebrandi
930 1833 1061 1893 missam

354 1927 389 1986 ie
410 1927 548 1988 ecclesiis
573 1926 795 1988 flotteaoram
819 1925 988 1986 astiterant
1008 1941 1061 1984 sa-

352 2035 408 2098 per
429 2037 538 2083 eoram
558 2020 764 2083 eetimeesiis
786 2023 817 2080 et
838 2015 995 2080 adbibitis
1011 2033 1063 2078 ec-

353 2112 470 2176 licibas
491 2114 649 2185 stanneis,
671 2112 700 2173 si
723 2113 801 2190 ipsis
816 2112 921 2174 desiot
936 2110 1061 2173 altaria

353 2207 527 2285 portatilia
548 2213 579 2268 et
600 2205 662 2269 elii
683 2206 807 2276 calices,
833 2205 1000 2268 dammodo
1017 2221 1061 2264 ce·

354 2300 477 2362 lebrent
498 2301 570 2362 rite
591 2299 714 2370 letiam
743 2299 878 2362 introeat
900 2299 1062 2360 decretam

357 2393 527 2456 Clementis
552 2394 630 2456 Vlll.
654 2391 852 2454 concedentis
867 2389 1062 2468 presbyteris

354 2487 469 2550 latinis
491 2495 521 2548 et
543 2485 694 2549 ratbeeis
716 2493 754 2548 at
777 2487 908 2564 quisque
929 2485 965 2546 ia
983 2484 1062 2546 elte-

353 2582 425 2644 rias
455 2580 542 2642 citas
573 2579 713 2641 ecclesiis
741 2580 794 2640 oti
822 2579 922 2656 possit
944 2576 1063 2640 altari-

355 2673 424 2744 bas,
448 2671 602 2736 calicibas
624 2679 655 2734 et
676 2671 816 2735 aestibus
834 2672 922 2733 ritas
937 2686 1062 2733 eorum-

354 2767 422 2828 dem
443 2765 661 2828 ecclesiaram.

448 2936 692 3006 sestaronus
716 2935 932 3004 [etsooetts

504 3097 878 3178 smmmmmmi

463 3222 920 3290 mmmmmwm

356 3413 501 3492 imposito
521 3413 609 3475 nobis
630 3412 812 3492 apostelicae
840 3411 1000 3473 servitutis
1022 3408 1066 3471 ol-

317 3507 384 3570 sreie
406 3507 564 3580 convenit,
594 3505 756 3568 aniversae
789 3504 903 3568 Christi
932 3503 1065 3564 familiae

318 3607 381 3662 toto
403 3607 559 3661 terrarum
580 3599 654 3659 orbe
675 3598 803 3660 dillusae
832 3594 1066 3660 necessitatibus

316 3693 454 3755 animum
469 3691 636 3768 diligenter
650 3691 824 3766 intendere,
840 3690 977 3752 maxime
990 3704 1064 3751 vero

318 3785 458 3848 fidelium
478 3785 624 3847 ecelesiae
643 3784 863 3846 ministrorum
884 3784 916 3845 in
938 3783 1065 3844 remotis

317 3878 498 3956 regionibus
520 3894 574 3956 pro
596 3877 772 3940 animarum
803 3875 901 3938 salute
927 3876 1065 3938 laboran-

319 3972 398 4033 tium
418 3987 523 4050 preees
544 3970 680 4047 benigne
702 3969 870 4046 suscipere,
893 3983 1065 4047 eorumque

318 4065 492 4145 opportuno
515 4064 663 4126 levamini
691 4079 725 4124 ac
751 4061 903 4141 spirituali
929 4063 1066 4124 consola-

317 4158 408 4234 tioni,
420 4161 516 4221 etiam
531 4173 586 4236 per
599 4171 754 4234 congruae
769 4155 1002 4234 dispensationis
1017 4157 1065 4217 in-

318 4253 415 4327 dulta,
438 4258 530 4330 prout
551 4265 669 4326 rerum,
687 4249 826 4311 locorum
841 4255 871 4310 et
888 4255 1065 4326 temporum

319 4347 456 4408 rationes
473 4361 507 4406 ac
528 4344 702 4406 veneranda
718 4341 871 4404 maiorum
886 4349 1065 4404 nostrorum

319 4438 461 4516 exempla
491 4439 633 4511 suadent,
655 4435 817 4498 consulere
837 4443 868 4497 et
889 4435 1061 4515 providere.

360 4533 379 4606 ἓ
401 4532 428 4592 l.
452 4528 533 4592 Sane
553 4529 673 4593 dtrdum
694 4528 797 4591 dilecti
819 4528 876 4589 tilii
894 4528 1066 4608 presbyteri

320 4625 407 4687 latini
430 4625 508 4686 ritus
529 4621 705 4702 apostolicas
731 4620 892 4682 missiones
914 4637 969 4700 per
990 4622 1067 4682 llus·

319 4719 396 4780 siam
415 4717 592 4780 Polonicam
614 4721 794 4777 exercentes
810 4714 1065 4792 congregationis

320 4811 548 4874 venerabilium
575 4809 709 4870 iratrum
734 4817 916 4870 nostrorum
938 4807 1066 4870 Sanctae

319 4907 474 4968 Romanae
506 4902 659 4966 Ecclesiae
690 4900 902 4965 Gardinalium
933 4901 1066 4977 negotiis

318 4997 535 5077 Propagandae
562 4995 647 5058 Fidei
678 4993 923 5071 praepositorum
952 4993 1065 5072 erponi

319 5099 480 5165 curarunt,
509 5087 602 5168 quod,
628 5101 727 5166 qaum
748 5086 781 5148 in
803 5094 866 5148 tota
891 5087 1008 5163 Russia,
1031 5105 1065 5149 ac

319 5184 516 5264 potissimum
537 5183 569 5244 in
591 5181 749 5243 mentibus
772 5181 934 5256 Polruciae,
958 5181 989 5242 in
1012 5181 1065 5242 Po·

320 5277 411 5353 dolia,
433 5278 467 5338 in
494 5275 672 5338 vastissimis
703 5274 860 5338 Ukrainae
886 5273 1065 5351 regionibus

320 5379 351 5432 et
373 5371 406 5432 in
426 5371 572 5432 universa
592 5369 656 5430 lere
677 5367 796 5443 Bassia,
815 5368 890 5430 Alba
905 5383 1066 5445 nuncupa·

322 5472 362 5540 ta,
385 5464 564 5544 trequentes
594 5461 721 5541 quidem
751 5462 814 5524 sint
846 5461 1065 5523 Emisenorum

232 5575 234 5578 ·
317 5557 483 5619 ‘unitorum
504 5555 667 5632 Ecclesiae,
690 5555 863 5616 rarissimae
884 5571 959 5617 voro
978 5554 1065 5616 latini

320 5650 414 5728 ritus;
436 5665 571 5728 cumque
594 5649 650 5727 ipsi
671 5664 726 5727 pro
747 5649 912 5710 missarum
933 5647 1065 5712 celebra·

322 5743 406 5806 tione
436 5743 567 5822 lapideas
597 5749 727 5807 sacratas
760 5741 876 5806 tabulas
896 5749 927 5803 et
958 5741 1065 5806 calices

320 5853 429 5898 aureos
450 5836 501 5899 vel
521 5847 694 5914 argenteos,
712 5853 766 5916 per
780 5837 871 5914 longa
886 5845 918 5901 et
932 5836 1065 5900 difficilia

320 5929 444 6012 itinera,
465 5930 532 5992 sine
555 5930 641 6010 gravi
662 5929 858 6007 incommodo
879 5939 910 5994 et
930 5931 998 5994 sine
1012 5945 1064 6012 pe·

1787 557 2084 634 mlmfflm

1116 706 1214 770 riculo
1235 703 1452 785 confringendi
1478 703 1600 770 easdem
1627 707 1745 772 tabulas
1765 715 1796 769 et
1819 725 1865 770 ca·

1117 801 1200 875 lices,
1223 817 1329 864 secum
1351 801 1470 865 deterre
1494 819 1557 866 non
1579 802 1717 878 valeant3
1742 802 1864 876 idcirco,

1117 893 1177 955 nisi
1198 894 1326 957 facultas
1348 895 1418 974 ipsis
1446 897 1669 960 concederetur
1691 894 1864 957 celebrandi

1116 997 1345 1052 sacrosanctum
1368 990 1480 1054 missae
1500 990 1685 1052 sacrificium
1707 1005 1801 1068 super
1823 989 1866 1051 di·

1116 1089 1239 1145 ctorum
1268 1082 1486 1146 Euthenorum
1516 1083 1731 1156 eatimeostis,
1757 1091 1792 1146 ut
1813 1098 1864 1144 vo

1117 1181 1198 1248 cant,
1214 1182 1244 1236 et
1260 1175 1367 1237 calices
1382 1175 1564 1238 eorumdem
1580 1192 1597 1238 e
1612 1184 1734 1252 stanno,
1753 1183 1786 1238 nt
1802 1191 1868 1236 nte·

1118 1268 1159 1330 ris
1178 1267 1258 1347 apud
1281 1268 1348 1331 illos
1370 1277 1427 1344 est,
1451 1269 1605 1332 coniectos
1621 1268 1797 1345 adhibendi,
1814 1284 1868 1331 ne-

1117 1378 1200 1424 cesse
1221 1361 1294 1441 ipsis
1315 1362 1375 1424 erit
1395 1363 1432 1424 ab
1453 1363 1594 1444 eiusdem
1622 1363 1763 1426 saerilicii
1786 1363 1867 1425 cele.

1117 1453 1257 1517 brationa
1288 1455 1475 1534 plerumque
1505 1455 1677 1517 abstinere:
1712 1455 1867 1533 multique

1117 1556 1273 1624 praeterea
1296 1547 1383 1610 latini
1405 1548 1483 1610 ritus
1505 1549 1622 1624 fideles,
1639 1549 1692 1628 qrri
1712 1551 1749 1611 ab
1770 1549 1866 1611 ecele-

1116 1639 1169 1699 siis
1191 1641 1328 1702 eiusdem
1350 1641 1430 1704 ritus
1445 1641 1537 1720 longe
1553 1643 1683 1719 degunt,
1699 1643 1864 1705 sacerdotis

1117 1730 1205 1795 latini
1227 1735 1410 1812 praesentia,
1427 1751 1443 1795 a
1461 1751 1523 1813 quo
1537 1752 1620 1797 sacra
1636 1738 1782 1814 mysteria
1797 1751 1867 1814 per·

1117 1834 1249 1902 agantur
1276 1827 1381 1904 eisque
1403 1828 1642 1903 distribuantur,
1665 1829 1795 1891 omnino
1821 1847 1866 1892 ca-

1117 1920 1247 1998 rebunt3
1264 1929 1356 1999 prout
1371 1922 1469 2000 reipsa
1483 1937 1584 1999 saepe,
1596 1921 1779 1998 gravissimo
1794 1939 1865 1986 cum

1117 2014 1293 2076 animarum
1325 2015 1524 2090 detrimento,
1548 2031 1602 2094 per
1633 2015 1737 2094 plures
1768 2032 1867 2080 annos

1117 2123 1220 2169 carere
1241 2108 1480 2184 dignoscuntur.
1509 2108 1704 2186 Proindeque
1727 2109 1867 2172 demissis

1117 2200 1258 2278 precibus
1280 2201 1487 2279 postularunt,
1509 2208 1544 2262 ut
1564 2201 1621 2263 sibi
1643 2203 1865 2264 concederetur

1118 2293 1295 2356 huiusmodi
1327 2293 1465 2370 facultas,
1493 2301 1724 2358 sacrosanctum
1753 2312 1867 2375 nempe

1118 2387 1228 2449 missae
1258 2385 1453 2462 sacrificium,
1476 2387 1569 2450 etiam
1589 2387 1656 2449 sine
1684 2388 1801 2466 lapidea
1821 2407 1866 2450 sa·

1118 2487 1200 2543 trata
1221 2479 1334 2555 tabula,
1351 2479 1526 2542 celebrandi
1546 2496 1640 2560 super
1660 2481 1866 2544 otttimettsiis

1118 2573 1338 2636 Rutltenorum
1356 2574 1530 2648 unitorum,
1546 2574 1686 2652 atquem
1702 2577 1866 2640 missarum

1118 2666 1324 2728 celebratione
1346 2667 1530 2729 eorumdem
1551 2667 1769 2732 Euthenerum
1784 2678 1867 2732 stan-

1119 2775 1193 2821 neos
1214 2760 1321 2822 calices
1342 2760 1517 2822 adhibendi.
1582 2809 1584 2812 .

1159 2856 1178 2930 ἓ
1198 2853 1227 2914 2.
1252 2854 1331 2917 Cum
1346 2863 1451 2916 autem
1467 2856 1643 2922 trutusmodt
1658 2860 1866 2922 missienario-
1923 2879 2100 2926 remittuntur

1119 2964 1192 3010 rum
1213 2963 1328 3026 preces,
1351 2965 1365 3009 a
1389 2947 1466 3011 dieta
1495 2950 1708 3014 cardinalium
1730 2953 1866 3030 Congre—
1885 2932 2102 3042 {lssjffiissffi‘pffgssgl

1120 3041 1243 3118 gatione
1273 3040 1489 3120 Propagandae
1520 3043 1604 3106 Fidei
1626 3045 1759 3121 negotiis
1781 3061 1868 3123 prae·
1886 3040 2026 3085 manantur.

1120 3133 1216 3211 posita
1235 3133 1360 3196 alterius
1375 3136 1625 3212 congregationis
1640 3137 1866 3201 venerabilium

1119 3243 1244 3305 quoque
1258 3227 1390 3289 fratrum
1405 3235 1586 3290 nostrornm
1598 3229 1736 3292 eiusdem
1752 3229 1865 3293 S.R.E.

1121 3318 1345 3394 Cardinaliam
1362 3320 1508 3382 adversus
1530 3322 1715 3385 haereticam
1737 3326 1869 3404 pravita-

1121 3420 1184 3474 tem
1206 3412 1400 3488 generalium
1421 3412 1655 3491 inquisitorum,
1678 3418 1816 3479 examini
1837 3427 1868 3480 et

1120 3505 1243 3580 iudicio,
1266 3506 1303 3567 de
1324 3520 1422 3580 more,
1439 3506 1586 3569 remissae
1600 3508 1733 3587 luerint;
1750 3518 1781 3573 et
1796 3527 1867 3572 con·

1118 3607 1287 3678 sequenter
1308 3600 1345 3661 de
1367 3599 1402 3660 iis
1424 3609 1525 3662 aetum
1547 3599 1643 3664 luerit
1669 3602 1702 3664 in
1723 3619 1868 3666 consessu

1120 3708 1223 3755 eoram
1245 3692 1334 3754 nobis
1348 3692 1451 3755 babilo
1466 3693 1516 3755 die
1531 3707 1611 3758 xtrrr.
1629 3695 1759 3759 ianuarii
1774 3697 1868 3777 elapsi

1120 3787 1195 3849 anni
1216 3803 1348 3863 uncet.;
1372 3803 1429 3849 nos
1451 3795 1536 3863 tunc,
1555 3797 1590 3851 ut
1608 3791 1644 3854 ad
1660 3791 1806 3867 generale
1820 3808 1869 3853 re-

1119 3880 1269 3959 scriptum
1291 3896 1384 3960 super
1405 3881 1452 3942 his
1478 3881 1634 3944 edendum
1656 3892 1778 3946 mature
1800 3901 1868 3963 pro·

1120 3975 1311 4048 cederemus,
1334 3972 1483 4052 quidquid
1504 3974 1580 4035 olim
1602 3975 1634 4037 in
1663 3977 1719 4038 hac
1740 3979 1868 4040 materia

1119 4068 1157 4129 ab
1177 4070 1233 4130 lrac
1260 4067 1367 4131 eadem
1394 4069 1566 4146 Apostoliea
1597 4069 1675 4132 Sede
1706 4073 1868 4136 decretum

1120 4159 1238 4235 luisset,
1261 4161 1293 4222 in
1316 4177 1416 4224 unum
1437 4162 1541 4240 colligi
1557 4162 1715 4240 iussimus3
1734 4183 1766 4230 ac
1782 4183 1869 4246 prae·

1121 4262 1204 4316 terea
1224 4255 1395 4317 venerabili
1421 4255 1509 4317 tratri
1539 4256 1686 4336 Episcopo
1708 4258 1868 4339 Zenopoli-
1904 4282 2052 4337 excusetur
2066 4285 2101 4329 ta-

1121 4355 1204 4423 l³¹¹02
1223 4349 1276 4424 (lui
1299 4356 1374 4410 lune
1387 4355 1563 4426 opportuno
1577 4349 1610 4410 in
1625 4351 1710 4412 curia
1724 4368 1867 4430 praesens
1887 4335 2039 4382 ⁸²¹¹¹¹⁰¹¹¹¹¹¹¹¹
2075 4339 2102 4382 ⁰²
2197 4393 2198 4396 ,

1121 4441 1235 4516 aderat,
1258 4441 1373 4519 quique
1395 4448 1427 4502 et
1447 4445 1536 4504 antea
1551 4441 1604 4505 diu
1620 4444 1653 4506 in
1670 4445 1805 4509 Polonici
1820 4463 1867 4510 re·
1886 4391 2101 4504 {gfflpstcffi

1121 4534 1176 4610 gni
1207 4532 1387 4609 ditionibus,
1420 4541 1512 4612 atque
1533 4534 1566 4597 in
1591 4537 1801 4602 ecclesiasticis
1822 4557 1868 4602 ca-
1887 4496 2010 4595 gssnffsssffl
2020 4507 2102 4648 ἕιῖῗιῗὶ

1121 4625 1308 4688 tltolicorum
1336 4625 1505 4688 latinorum
1528 4643 1773 4710 graecorumque
1798 4635 1869 4696 uni·
1887 4603 1960 4646 Ροηῑ·
1974 4600 2017 4648 ¹³¹¹
2037 4609 2071 4648 Μ’

1120 4726 1225 4781 torum
1246 4717 1391 4795 negotiis,
1414 4720 1606 4796 apostolicae
1623 4721 1694 4785 Sedi
1709 4725 1869 4802 egregiam

1121 4827 1245 4890 operam
1278 4810 1431 4885 navando,
1455 4819 1593 4876 versatas
1624 4815 1742 4893 luerat;
1766 4826 1797 4880 et
1818 4820 1870 4882 de-

1121 4903 1194 4966 inde
1215 4903 1249 4966 ad
1272 4901 1395 4968 easdem
1417 4906 1573 4982 regiones,
1590 4914 1620 4968 et
1635 4908 1671 4970 ad
1687 4912 1812 4973 eosdem
1827 4911 1869 4972 la·

1121 4997 1209 5059 bores
1239 4996 1433 5059 laudabiliter
1461 5001 1706 5078 prosequendos,
1729 5019 1794 5065 non
1817 5006 1870 5066 olt-

1120 5091 1273 5152 stantibus
1294 5090 1445 5153 itinerum
1466 5091 1697 5157 difficultatibus
1712 5099 1868 5175 expensis·

1121 5200 1194 5262 que,
1210 5182 1311 5245 redire
1331 5181 1395 5245 no'n
1410 5183 1573 5260 dubitavit,
1590 5186 1817 5265 mandavimus,
1833 5200 1869 5252 ut

1120 5292 1177 5337 nos
1197 5291 1291 5354 super
1312 5277 1523 5355 expositorum
1550 5279 1681 5341 veritate
1702 5281 1869 5345 instructos

1120 5368 1276 5445 redderet,
1297 5384 1448 5447 suamque
1469 5370 1557 5433 nobis
1572 5375 1761 5436 sententiam
1776 5392 1870 5455 super

1120 5463 1299 5526 huiusmodi
1319 5463 1490 5542 postulatis
1507 5470 1571 5527 tam
1586 5481 1673 5542 voce,
1689 5484 1781 5546 quam
1796 5469 1870 5532 scri-

1120 5563 1184 5633 pto,
1207 5557 1350 5636 aperiret.
1382 5555 1472 5619 Nune
1503 5573 1589 5633 vero,
1612 5561 1758 5624 exhibitis
1779 5563 1868 5625 nobis

1120 5651 1373 5727 praecedentium
1403 5651 1599 5714 decretorum
1635 5657 1867 5732 monumentis,

1121 5745 1219 5822 iisque
1240 5761 1295 5824 per
1322 5761 1378 5806 nos
1406 5751 1547 5807 accurate
1578 5748 1753 5826 perpensis3
1776 5758 1869 5827 atque

1120 5837 1277 5911 omnibus,
1300 5837 1433 5915 quaein
1455 5837 1542 5900 dictis
1574 5841 1716 5918 precibus
1747 5852 1868 5906 narrata

1121 5929 1254 6009 luerent,
1278 5929 1404 6011 praelati
1426 5931 1565 6014 Episcopi
1589 5934 1804 6018 Zenopolitani
1826 5946 1868 6004 te·
