4838 6982
955 568 1151 615 ncxnbfc‘rus
1174 570 1236 617 xlv.

323 684 493 762 Apostolica
524 686 612 760 Sede,
636 687 668 748 in
690 689 819 750 schisma
849 696 939 766 atque
961 691 1067 750 haere-

322 778 379 838 sim
403 779 443 838 ita
465 778 627 852 defecisse,
650 787 684 842 nt
710 782 862 844 subiectos
890 782 984 842 etiam
1010 782 1067 844 sibi

323 870 450 949 populos
471 871 629 934 mortifera
653 873 720 935 labe
742 874 962 952 inquinaverit,
988 876 1067 938 Con-

324 963 392 1040 tigit
413 971 534 1041 autem,
559 973 592 1027 ut
614 967 721 1028 Petrus
752 967 941 1030 hbrahamus
963 967 1067 1031 llarta·

323 1057 396 1132 biet,
420 1058 673 1136 hrchiepiscopus
694 1061 886 1139 flleppcnsis,
903 1063 938 1121 ad
961 1077 1067 1124 mona·

322 1152 451 1212 sterium
468 1152 500 1212 in
516 1151 619 1213 Monte
631 1152 746 1214 Libano
761 1157 855 1214 situm
871 1154 1065 1230 confugiens,

322 1253 415 1324 atque
436 1247 471 1308 ad
499 1247 674 1308 infidelium
701 1248 946 1325 persecutionem
976 1247 1067 1309 decli·

323 1341 453 1400 uanvlam
477 1357 491 1400 a
513 1357 567 1401 sua
596 1341 724 1401 dioecesi
749 1341 915 1418 profugae,
938 1348 1067 1416 repente

322 1431 415 1493 fuerit
436 1434 472 1496 ab
488 1433 644 1512 Episcopis
658 1433 802 1496 hvmenis
817 1433 1000 1496 Orthodoxis
1016 1434 1067 1493 Pa·

324 1525 451 1586 triarcha
474 1527 597 1589 Ciliciae
613 1531 827 1589 armenorum
844 1526 976 1588 electus:
1001 1534 1067 1604 post

322 1633 411 1692 quae,
441 1635 510 1679 cum
542 1619 673 1680 Romam
704 1621 858 1692 venisset,
892 1619 1065 1695 legitimum

322 1710 479 1772 electionis
493 1728 565 1772 suae
580 1712 804 1774 documentum
826 1711 980 1787 deferens,
997 1727 1066 1789 sup-

322 1802 392 1881 plex
407 1821 422 1863 a
438 1805 526 1865 nobis
549 1805 649 1882 petiit,
668 1813 702 1866 ut
717 1804 800 1866 illam
817 1805 996 1868 auctoritate
1012 1821 1065 1866 no·

321 1903 381 1958 stra
403 1898 676 1972 confirmaremus,
701 1913 873 1976 magnoque
893 1899 994 1960 studio
1016 1899 1067 1960 ila·

322 1990 444 2066 giravit,
468 1999 501 2052 ut
533 1991 588 2068 ipsi
619 1989 742 2068 pallium
770 2007 893 2074 quoque
920 1991 1066 2067 elargire-

325 2100 404 2144 mur.
428 2084 489 2144 llos
506 2086 592 2145 'vero
615 2084 773 2162 quibusvis
803 2085 893 2146 illum
921 2093 1067 2164 paternae

324 2176 555 2238 benevolentiae
576 2177 852 2254 significationibus
874 2180 1065 2258 excepimus

323 2286 423 2349 neque
446 2271 488 2332 illi
510 2271 542 2332 in
565 2271 746 2348 gravissimo
767 2290 800 2333 ac
820 2274 970 2335 diuturno
985 2289 1067 2334 mor-

324 2367 371 2440 bo,
388 2383 449 2444 quo
465 2369 522 2431 fuit
538 2374 570 2432 in
582 2371 664 2434 Urbe
679 2373 882 2447 conflictatus,
897 2372 1066 2451 quidquam

323 2461 426 2530 deesse
448 2465 524 2542 passi
546 2482 670 2527 sumus:
695 2467 763 2528 eius
778 2467 888 2528 deinde
903 2467 1066 2528 confirma-

324 2555 424 2616 vimus
453 2556 654 2635 electionem3
678 2568 725 2634 et,
750 2577 819 2622 cum
842 2564 876 2622 ad
906 2560 1066 2638 pubiicum

322 2651 540 2712 consistorium
555 2653 740 2728 accessisset,
758 2653 890 2731 fideique
905 2653 1065 2730 professio-

324 2759 396 2806 nem
418 2745 581 2820 emisisset,
599 2748 724 2825 nosipsi
749 2749 875 2824 pallium
899 2749 991 2826 ipsius
1011 2752 1066 2809 hu·

325 2839 416 2900 meris
449 2839 663 2917 imposuimus.
701 2843 854 2904 Eunidem
887 2850 1064 2920 praeterea,

323 2949 393 2994 cum
416 2940 495 2996 esset
516 2934 716 3010 discessurus,
732 2951 813 2998 sacra
828 2935 1014 3014 supellectili
1029 2936 1064 2996 ad

325 3027 507 3104 pontificalia
539 3029 679 3090 obeunda
712 3030 938 3104 instruximus,
974 3031 1066 3107 eique

325 3121 469 3183 viaticum
498 3122 744 3184 ministravimus
771 3123 805 3184 ad
836 3124 964 3200 longum
994 3124 1064 3199 iter,

323 3216 403 3292 quod
432 3223 631 3292 suscepturus
655 3218 982 3292 erat,'necessarium,
1005 3232 1066 3294 quo

324 3306 441 3370 lucilius
455 3309 490 3369 ad
504 3310 609 3371 sedem
624 3326 712 3372 suam
729 3311 758 3371 in
771 3312 876 3373 blonte
888 3309 1003 3373 Libano
1020 3327 1065 3372 re-

323 3410 507 3464 verteretur.
527 3403 673 3466 Pervenit
692 3406 816 3465 tandem
835 3404 965 3467 feliciter
986 3405 1066 3466 idem

323 3494 493 3557 Patriarcha
522 3496 712 3558 amabamus
741 3496 910 3571 llartabiet‚
937 3499 989 3576 qui
1014 3499 1066 3560 Pe-

325 3588 362 3648 tri
385 3588 406 3649 l.
430 3605 546 3651 nomen
575 3591 755 3668 assumpsit,
786 3590 821 3652 ad
844 3593 1065 3654 monasterium

322 3682 433 3744 Montis
456 3684 577 3758 Libani,
601 3686 683 3746 unde
706 3686 894 3761 discesserat,
911 3693 941 3747 et
956 3688 988 3747 in
1005 3701 1066 3764 quo

324 3777 495 3837 necessario
516 3777 684 3838 consistere
705 3777 881 3854 cogebatur.
907 3779 964 3840 Ubi
986 3789 1067 3856 post-

323 3885 414 3947 quam
437 3869 628 3931 Patriarchae
650 3887 781 3934 mrrnere
802 3889 857 3950 per
879 3880 948 3936 octo
969 3889 1066 3935 annos

324 3961 448 4025 functus
470 3971 526 4038 est,
549 3963 582 4024 in
610 3966 833 4028 communione
861 3966 991 4030 Sanctae
1012 3969 1066 4029 Ca-

324 4056 451 4118 tholicae
473 4056 624 4119 Ecclesiae
646 4075 683 4120 ex
706 4059 760 4120 hac
782 4060 902 4122 mortali
926 4061 988 4120 vita
1009 4062 1066 4121 mi·

322 4151 434 4228 gravit,
458 4153 631 4214 mercedem
653 4161 833 4230 accepturus
854 4153 919 4231 (uti
941 4168 1067 4231 speran-

322 4246 397 4308 dum
419 4243 484 4325 est)
505 4263 598 4324 quam
613 4246 670 4307 sibi
685 4245 718 4307 iu
735 4247 792 4307 hoc
814 4247 896 4308 vitae
911 4247 1065 4310 curriculo

322 4341 526 4420 comparavit:
551 4338 648 4402 multa
674 4339 828 4416 siquidem
847 4357 949 4418 passus
972 4348 1017 4402 est
1034 4341 1064 4402 in

322 4433 433 4508 exiliis,
456 4434 489 4496 in
517 4433 688 4495 carceribus
710 4439 741 4493 et
763 4432 795 4492 in
817 4434 1014 4508 cruciatibus,
1031 4443 1065 4496 ut

320 4529 463 4590 sedentes
491 4525 680 4587 intenebris
710 4532 741 4587 et
770 4524 803 4586 in
828 4526 935 4586 umbra
957 4527 1065 4588 mortis

321 4619 356 4680 ad
380 4620 479 4681 lucem
501 4625 531 4679 et
554 4618 705 4680 unitatem
731 4617 881 4679 Ecclesiae
895 4625 1064 4694 revocaret,

321 4718 414 4790 atque
434 4712 471 4772 ab
491 4711 624 4774 haeresis
645 4712 751 4788 abysso
773 4711 957 4790 proriperet.

359 4806 456 4880 Quam
477 4804 516 4865 ob
537 4819 604 4866 rem
626 4803 854 4883 hrchiepiscopi
870 4804 997 4865 Armeni
1019 4821 1064 4867 ca-

323 4900 427 4962 tholici
448 4898 541 4960 simul
563 4899 676 4959 iterum
699 4899 879 4975 congregati
901 4899 1065 4960 indemor-

323 4992 367 5055 tui
389 4993 579 5072 patriarchae
601 4989 701 5052 locum
716 4991 905 5052 suffecerunt
924 4990 1066 5053 iacobum

321 5085 491 5159 Vartabiet,
513 5083 622 5162 Aleppi
644 5085 926 5162 hrchiepiscopum,
944 5085 997 5163 qui
1013 5085 1065 5146 Pe-

323 5180 361 5242 tri
382 5179 417 5242 ll.
441 5194 557 5241 nomen
579 5178 755 5255 assumpsit.
785 5178 839 5239 llic
867 5186 971 5239 autern
994 5194 1065 5240 cum

321 5273 449 5336 Romam
471 5289 503 5334 se
532 5270 673 5332 conferre
702 5271 904 5350 nequivisset,
938 5281 972 5334 ut
993 5289 1066 5333 suae

322 5364 535 5446 postulationis
556 5365 826 5426 confirmationem
848 5365 967 5426 anobis
989 5365 1066 5426 obti-

322 5467 421 5534 neret,
445 5465 508 5520 acta
536 5459 704 5519 necessaria
734 5456 975 5534 legitimumque
996 5473 1091 5535 pron

321 5561 494 5615 curatorem
517 5551 612 5626 misit,
635 5549 688 5627 qui
708 5550 890 5612 solemniter
915 5550 946 5610 in
968 5551 1065 5611 consi-

321 5649 415 5708 storio
437 5645 567 5724 pallium
582 5645 741 5720 flagitavit.
766 5643 875 5718 Quare,
898 5643 1066 5720 diligenter

321 5738 504 5800 examinatis
526 5737 680 5811 omnibus,
710 5751 786 5815 quae
818 5737 972 5815 proposita
1001 5736 1067 5798 fue·

324 5841 403 5908 rant,
426 5833 665 5912 postulationem
686 5833 951 5905 confirmavimus,
969 5831 1066 5893 hono·

323 5943 451 6006 remque
474 5925 558 5988 Pallii
580 5926 637 6004 ipsi
658 5925 899 6005 impertivimus.

431 6073 482 6122 lor.
498 6074 566 6121 l’oal.
582 6073 612 6120 rte
630 6075 701 6134 l’rop.
718 6074 778 6121 Fide
791 6076 874 6124 Partis
888 6076 906 6120 l.
922 6071 975 6118 vol.
991 6075 1033 6122 lll.

1164 691 1369 769 Contigerant
1391 694 1465 755 haec
1479 709 1561 755 anno
1576 692 1770 766 universalis,
1786 692 1867 772 quod

1122 787 1263 863 proxime
1291 787 1525 862 celebravimus,
1558 787 1691 849 iubilaei.
1721 787 1771 862 ht,
1795 801 1868 848 cum

1122 881 1204 942 idem
1226 881 1398 944 Patriarcha
1421 882 1503 942 diem
1529 897 1713 960 supremum
1740 882 1866 957 obierit,

1124 973 1300 1053 iterumque
1322 973 1463 1036 catholici
1490 974 1718 1054 hrchiepiscopi
1739 975 1868 1038 Michae-

1123 1066 1184 1128 lem
1205 1067 1332 1129 Petrum
1355 1068 1541 1129 monachum
1564 1067 1737 1144 delegerint
1760 1069 1791 1131 in
1813 1069 1868 1130 hr-

1122 1159 1348 1237 chiepiscopum
1362 1160 1468 1239 hleppi
1485 1170 1514 1223 et
1527 1160 1731 1222 Patriarcham
1746 1162 1866 1225 Ciliciae

1124 1253 1352 1330 hvmenorom,
1383 1261 1450 1315 tum
1478 1254 1626 1316 electores
1657 1264 1723 1317 tum
1752 1256 1868 1318 electus

1122 1356 1301 1433 suppliciter
1322 1358 1359 1418 de
1381 1372 1468 1418 more
1489 1357 1697 1435 postularunt,
1715 1365 1748 1420 ut
1770 1367 1800 1420 et
1816 1375 1867 1436 po·

1121 1449 1320 1511 stulationem
1343 1450 1599 1512 confirmaremus
1615 1458 1646 1512 et
1667 1449 1750 1529 pallii
1772 1453 1867 1512 hono·

1124 1557 1188 1602 rem
1210 1543 1460 1605 concederemus.
1486 1543 1609 1606 Electus
1638 1560 1711 1605 vero
1733 1561 1803 1606 cum
1827 1545 1869 1605 le-

1122 1638 1244 1713 gitimas
1266 1637 1373 1698 afferre
1389 1654 1492 1699 causas
1514 1653 1576 1698 non
1592 1637 1743 1711 omiserit,
1756 1637 1868 1714 quibus

1120 1730 1155 1791 ad
1178 1731 1294 1792 Urbem
1317 1732 1461 1792 accedere
1485 1729 1664 1806 impeditur,
1691 1738 1792 1792 totum
1816 1746 1869 1791 ne-

1122 1823 1243 1900 gotium
1265 1823 1505 1899 Congregationi
1528 1824 1565 1884 de
1581 1823 1779 1901 Propaganda
1794 1823 1868 1885 Fide

1121 1915 1349 1977 discutiendum
1371 1916 1601 1992 commisimus3
1625 1933 1716 1993 quae,
1733 1923 1801 1993 post
1823 1931 1868 1976 ac-

1120 2015 1260 2070 curatum
1293 2024 1439 2084 examen,
1470 2009 1694 2070 admittendam
1721 2025 1786 2070 esse
1808 2008 1868 2070 ele-

1121 2101 1253 2164 ctionem
1276 2118 1331 2163 seu
1353 2102 1592 2180 postulationem
1614 2102 1703 2164 electi
1731 2120 1787 2165 seu
1815 2119 1867 2180 po-

1122 2193 1224 2254 stulati
1248 2195 1393 2257 monachi
1416 2195 1569 2256 llichaelis
1585 2196 1717 2270 censuit,
1731 2211 1868 2274 eumque

1121 2286 1304 2348 solvendum
1319 2305 1335 2348 a
1353 2287 1478 2349 vinculo
1496 2287 1647 2350 Ecclesiae
1660 2288 1869 2366 hrchiepisco·

1122 2381 1869 2461 palishleppensis,etdefectumomnem,quam-

1120 2475 1195 2537 libet
1216 2474 1462 2549 substantialem,
1486 2490 1552 2536 esse
1573 2476 1755 2537 sanandum.

1161 2569 1255 2630 Porro
1287 2568 1324 2628 de
1354 2567 1442 2629 electi
1474 2583 1529 2630 seu
1561 2566 1706 2645 postulati
1738 2584 1868 2645 persona

1121 2677 1284 2739 nunquam
1306 2660 1531 2736 dubitavimus;
1556 2676 1628 2722 cum
1644 2660 1731 2722 nobis
1746 2677 1869 2740 perspe-

1120 2765 1205 2817 ctum
1233 2756 1288 2829 sit,
1320 2755 1554 2832 quatuordecim
1585 2769 1740 2817 annorum
1770 2754 1868 2832 spatio

1121 2849 1221 2924 ipsum
1242 2849 1325 2910 inter
1341 2847 1511 2927 ‚monachos
1536 2847 1658 2910 Ordinis
1684 2845 1714 2910 S.
1741 2847 1867 2910 Antonii

1121 2942 1246 3004 Abbatis
1261 2942 1357 3004 multa
1372 2957 1445 3003 cum
1460 2941 1580 3019 pietatis
1595 2940 1673 3004 fama
1688 2939 1782 3003 fuisse
1800 2957 1868 3003 vcr-

1121 3044 1234 3108 satum,
1251 3032 1404 3095 doctrinae
1429 3032 1517 3094 laude
1537 3043 1567 3094 et
1582 3049 1736 3096 sacrarum
1753 3034 1869 3096 littera·

1121 3144 1192 3190 rum
1214 3127 1342 3189 scientia
1365 3143 1430 3188 esse
1454 3127 1639 3204 praeditum,
1656 3127 1870 3206 plurimosque

1121 3219 1306 3297 impendisse
1338 3218 1473 3293 laboreS,
1502 3227 1536 3281 ut
1564 3219 1742 3281 catholicam
1774 3219 1867 3281 odem

1124 3319 1274 3386 tueretur,
1298 3329 1331 3374 ac
1353 3319 1543 3390 propagaret.
1570 3312 1647 3374 illud
1663 3329 1786 3390 quoque
1808 3312 1866 3374 lae·

1123 3405 1222 3468 titiam
1245 3406 1332 3466 nobis
1353 3404 1470 3480 attulit,
1486 3406 1567 3483 qood
1583 3406 1751 3468 monachus
1767 3405 1798 3467 in
1813 3406 1868 3467 Pa-

1124 3497 1285 3560 triarcham
1318 3496 1453 3560 delectus
1482 3497 1593 3574 fuerit,
1627 3499 1712 3560 iuxta
1745 3499 1865 3560 firmam

1121 3598 1376 3668 constantemque
1406 3591 1559 3652 Ecclesiae
1588 3591 1753 3654 orientalis
1781 3592 1868 3654 disci-

1123 3684 1325 3762 plicamque
1346 3683 1382 3744 ad
1404 3685 1610 3762 episcopatum
1633 3685 1747 3748 assumi
1763 3685 1882 3763 prohi-⁴

1124 3777 1224 3852 betur,
1247 3777 1299 3856 qui
1323 3777 1535 3838 monachalem
1557 3776 1778 3856 professionem
1802 3794 1865 3840 uon

1122 3870 1277 3931 emiserit:
1311 3871 1366 3931 hac
1392 3869 1506 3946 quippe
1533 3869 1652 3932 ratione
1684 3871 1867 3948 contingere

1124 3963 1243 4041 nequit,
1268 3969 1302 4024 ut
1324 3961 1490 4040 Episcopus
1512 3963 1576 4037 fiat,
1592 3963 1644 4040 qui
1668 3979 1800 4025 uxorem
1814 3966 1868 4026 ha·

1123 4057 1208 4132 beat;
1231 4056 1311 4132 quod
1333 4071 1408 4116 sane
1430 4055 1582 4131 eveniret,
1595 4054 1645 4119 vel
1665 4057 1775 4119 saltem
1797 4073 1866 4120 eve·

1123 4150 1190 4211 nire
1212 4156 1324 4228 posset,
1340 4148 1364 4209 si
1384 4148 1561 4227 episcopalis
1582 4150 1715 4226 dignitas
1735 4151 1866 4229 simplici

1121 4242 1270 4304 sacerdoti
1291 4241 1502 4317 conferretur,
1525 4245 1579 4320 qui
1605 4243 1757 4320 professus
1784 4245 1866 4306 inter

1123 4338 1287 4399 monachos
1320 4352 1383 4399 non
1416 4345 1508 4398 esset:
1539 4351 1626 4410 curu,
1655 4337 1739 4397 iuxta
1772 4337 1866 4400 totius

1122 4431 1255 4494 Orientis
1281 4440 1312 4492 et
1334 4430 1485 4492 Ecclesiae
1512 4429 1642 4491 Graecae
1670 4431 1867 4492 consuetudi·

1123 4541 1208 4599 nem,
1229 4524 1384 4603 simplices
1405 4523 1575 4601 presbyteri
1595 4515 1727 4585 'uxorem
1751 4525 1865 4587 retine-

1121 4625 1187 4691 ant,
1204 4634 1297 4697 quam
1318 4619 1489 4692 duxeruut,
1512 4616 1692 4695 priusquam
1707 4619 1798 4680 sacris
1812 4619 1866 4682 Ur-

1122 4711 1245 4773 dinibus
1266 4711 1477 4773 initiarentur.

1162 4803 1240 4866 lllud
1263 4819 1337 4866 vero
1360 4820 1453 4881 grave
1468 4819 1501 4866 ac
1516 4802 1637 4866 difficile
1660 4806 1748 4868 nobis
1762 4808 1866 4869 visum

1123 4906 1178 4972 est,
1202 4899 1283 4975 quod
1306 4897 1475 4960 monachus
1501 4897 1629 4961 Michael
1650 4899 1687 4960 ab
1707 4901 1867 4979 Archiepi-

1121 4993 1219 5070 scopis
1239 4993 1433 5068 congregatis
1455 4992 1636 5070 hleppensis
1650 4994 1789 5071 primum
1810 4995 1865 5056 Ar·

1121 5086 1331 5165 chiepiscopus
1351 5085 1466 5148 electus
1488 5086 1597 5162 fuerit,
1621 5104 1654 5149 ac
1681 5086 1791 5149 deinde
1813 5088 1867 5148 Pa·

1123 5180 1253 5242 triarcha
1282 5179 1405 5242 Ciliciae
1426 5182 1636 5242 firmanorum
1664 5181 1780 5243 electus
1800 5182 1866 5243 sive

1123 5271 1302 5352 postulatus.
1320 5272 1546 5351 hrchiepiscopi
1563 5274 1648 5334 euim
1660 5273 1866 5336 Patriarcham

1122 5368 1190 5428 iure
1211 5367 1335 5446 quidem
1358 5382 1414 5428 suo
1435 5365 1552 5441 eligere
1574 5375 1711 5444 possunt,
1730 5383 1792 5428 non
1814 5385 1867 5430 au·

1123 5469 1187 5522 tem
1209 5459 1372 5537 Episcopus
1398 5467 1429 5520 et
1455 5459 1722 5538 hrchiepiscopos:
1752 5462 1865 5523 horum

1123 5553 1207 5615 enim
1219 5553 1330 5614 electio
1341 5553 1377 5616 ad
1388 5554 1490 5616 solum
1502 5553 1638 5632 pertinet
1649 5555 1863 5617 Patriarcbam.

1122 5647 1326 5724 Quapropter,
1355 5663 1427 5709 curn
1450 5647 1584 5709 Ecclesia
1609 5647 1790 5727 hleppensis
1809 5666 1865 5712 suo

1124 5738 1245 5799 viduata
1267 5745 1346 5799 esset
1368 5748 1502 5817 pastore,
1527 5746 1557 5800 et
1583 5739 1710 5802 insimul
1740 5741 1866 5820 patriar-

1123 5833 1229 5894 chatus
1250 5839 1382 5908 vacaret,
1405 5832 1493 5894 nullo
1519 5834 1609 5894 modo
1638 5834 1866 5913 hrchiepiscopi

1123 5931 1264 6004 poterant
1286 5925 1492 6004 hleppensem
1518 5926 1790 6006 Archiepiscopum
1811 5929 1867 5990 eli-

1734 6077 1760 6120 7³

1789 552 1847 616 577
1897 555 1951 608 An.
1965 558 1996 608 C.
2017 549 2087 608 1754
