4708 6978
295 550 348 606 An.
363 552 392 606 0.
415 551 482 606 1747
533 551 592 616 3111

513 689 714 763 servantiam,
729 705 745 749 a
759 687 914 766 primaeva
930 684 1089 763 disciplina
1105 699 1160 764 per
1174 699 1259 764 prae·

513 785 686 848 decessores
707 789 828 846 nostros
851 781 1004 844 Romanos
1031 779 1207 854 Pontifices,
1230 785 1260 842 et

513 876 618 942 Sacros
639 878 780 940 11000000
799 875 979 938 confirmata
993 877 1109 938 sensim
1125 876 1261 939 dilaben-

284 976 495 1078 auriiiiaaffiffis·
513 980 588 1049 tem,
610 971 682 1032 satis
704 987 769 1032 esse
791 971 823 1031 in
846 971 977 1032 Domino
999 970 1156 1033 duximus.
1179 969 1260 1046 Quo-

283 1084 338 1132 lati.

513 1082 596 1130 uram
612 1072 717 1126 autern
733 1081 796 1126 non
812 1064 878 1128 sine
896 1063 1078 1141 gravissimo
1094 1063 1188 1126 animi
1205 1078 1259 1124 no·

511 1162 568 1224 stri
590 1176 706 1237 angore
723 1159 895 1236 accepimus
910 1174 1005 1218 novas
1021 1166 1113 1231 artes,
1130 1174 1163 1218 ac
1180 1172 1260 1218 0000

514 1259 653 1332 inventa,
682 1257 739 1318 etsi
771 1255 896 1334 antiqua
927 1255 1002 1329 sint,
1025 1271 1058 1316 00
1081 1253 1170 1314 101100
1191 1267 1259 1330 pro·

512 1353 636 1432 scripta,
658 1351 715 1412 sub
737 1349 830 1410 variis
858 1347 1082 1426 exquisitisque
1109 1344 1208 1407 000010
1229 1351 1259 1406 01

512 1445 684 1510 rationibus
706 1443 738 1505 in
760 1443 824 1504 dies
846 1442 1025 1520 excogitari,
1043 1457 1121 1519 quae
1136 1455 1198 1501 non
1214 1453 1261 1498 so·

513 1540 579 1603 lum
594 1555 648 1616 per
664 1535 863 1616 praescriptas
878 1534 961 1611 leges
977 1533 1194 1613 probibentur,
1208 1533 1259 1596 sed

514 1629 754 1711 quamplurimis
786 1627 880 1689 eiiam
916 1624 1199 1688 inordinationibus
1231 1630 1261 1685 01

513 1725 707 1790 offendiculis
722 1723 840 1786 aditum
856 1722 1057 1803 patefaciunt:
1075 1739 1108 1784 ac
1123 1720 1259 1800 primum

415 1820 418 1828 '
514 1821 640 1899 quidem
661 1835 697 1880 eo
719 1817 862 1897 pervenit
885 1814 1071 1877 famularum
1092 1815 1127 1876 ad
1144 1812 1261 1874 monia-

514 1915 593 1978 lium
614 1912 825 1975 ministerium
848 1910 880 1971 in
898 1909 1082 1971 monasteria
1097 1907 1261 1969 admitted·

515 2009 624 2072 darum
646 2007 769 2079 abusus,
790 2011 824 2068 01
845 2002 1017 2076 indultum,
1033 1999 1261 2080 0001100100-

515 2100 618 2162 0101100
641 2100 696 2160 bac
717 2098 824 2162 Sancta
848 2096 926 2159 Sede
945 2095 1002 2158 sub
1019 2104 1063 2158 101
1076 2091 1261 2156 salutaribus

515 2193 742 2256 conditionibus
764 2191 888 2254 concedi
909 2190 999 2264 solet,
1018 2189 1076 2250 etsi
1093 2203 1147 2272 pro
1162 2186 1261 2265 prima

516 2289 583 2350 vice
604 2286 734 2348 servatis
755 2286 865 2347 iisdem
893 2282 1122 2346 conditionibus
1151 2297 1262 2343 execu-

517 2383 592 2444 tioni
615 2381 832 2454 demandetur,
855 2379 998 2456 deinceps
1022 2383 1124 2437 tamen
1140 2375 1261 2454 quoties

516 2477 677 2542 admissam
701 2473 847 2536 famulam
866 2479 919 2534 aut
939 2468 1162 2533 emonasterlo
1175 2483 1261 2545 egre-

516 2573 558 2648 di,
580 2579 632 2633 001
654 2569 736 2630 riam
757 2568 921 2629 universae
936 2565 1036 2627 carnis
1050 2564 1173 2641 ingredi
1190 2581 1260 2625 con·

518 2667 627 2742 tingat,
652 2664 753 2738 toties,
776 2659 862 2725 00110
884 2659 996 2722 indulti
1012 2657 1190 2720 huiusmodi
1210 2656 1261 2718 ba·

517 2761 577 2822 bita
605 2757 735 2830 ratione,
758 2757 793 2818 ad
820 2755 944 2816 libitum
975 2750 1171 2826 monialium,
1194 2733 1261 2812 sine

516 2851 573 2914 0110
594 2851 769 2914 antistitum
790 2847 1025 2911 ordinariorum
1051 2845 1203 2919 locorum,
1226 2845 1260 2905 ad

517 2963 593 3025 quos
623 2949 750 3024 spectat,
783 2942 963 3004 0010011001
990 2939 1128 3013 licentia,
1150 2939 1202 3000 sed
1225 2939 1265 3000 de

515 3037 713 3117 superiorum
736 3034 927 3110 regularium
949 3033 1132 3095 eorumdem
1157 3045 1262 3093 mona-

517 3133 686 3196 stericrnm
715 3129 875 3192 dumtaxat
906 3127 1070 3206 aliquando
1097 3141 1260 3201 consensu,

516 3228 592 3289 aliae
613 3232 707 3302 atquc
727 3223 802 3284 aliae
821 3223 852 3283 in
875 3221 1099 3284 monasterium
1116 3221 1262 3282 inducan-

518 3329 571 3383 tur
600 3317 744 3392 famulae,
768 3317 805 3378 de
826 3331 958 3392 quarum
991 3313 1141 3388 moribus,
1170 3311 1261 3383 fama,

518 3413 612 3486 vitiis,
634 3429 667 3474 ac
694 3408 864 3472 virtutibus
892 3405 977 3468 00110
1000 3406 1198 3484 praecesserit
1220 3404 1262 3468 le-

518 3506 626 3584 gitima
646 3504 797 3581 cogniti03
821 3502 904 3565 unde
932 3501 977 3574 fit,
1001 3508 1035 3562 ut
1056 3499 1114 3560 sub
1136 3498 1264 3561 lamula-

517 3615 589 3662 rum
611 3599 739 3660 nomine
760 3613 793 3658 ac
814 3602 989 3674 praetextu,
1005 3591 1158 3655 foeminae
1173 3609 1264 3670 quae-

517 3708 653 3772 cumque
674 3691 707 3753 in
729 3690 894 3764 clausuras,
918 3706 982 3752 non
1009 3689 1078 3752 sine
1105 3689 1264 3752 clausurae

518 3786 697 3859 violatione,
720 3784 940 3847 admittantur:
965 3784 1043 3846 illud
1059 3792 1214 3864 praeterea
1229 3781 1263 3843 in

518 3897 606 3943 more
635 3879 771 3957 positum
803 3893 869 3938 esse
900 3876 1040 3940 dolentes
1071 3876 1262 3947 audivimus,

517 3974 592 4036 ostia
614 3973 766 4035 nimirum
788 3973 1063 4046 monasteriorum,
1086 3987 1164 4049 qnae
1185 3985 1263 4032 sem·

518 4083 572 4148 per
593 4066 693 4130 clausa
715 4081 792 4140 0000,
816 4081 873 4127 000
895 4063 953 4126 0101
974 4066 1011 4127 ad
1030 4063 1200 4126 necessaria
1213 4080 1265 4125 eu-

517 4163 662 4223 rumdem
683 4158 947 4220 monasteriorum
968 4159 1127 4221 commoda
1145 4158 1263 4220 recludi

518 4256 644 4329 debent,
668 4254 709 4315 ita
730 4253 849 4316 assidue
878 4251 1028 4330 patefieri,
1053 4259 1087 4314 ut
1116 4251 1264 4313 moniales

517 4355 549 4409 et
569 4363 783 4426 quaecumque
802 4344 876 4406 aliae
892 4345 923 4407 in
939 4345 1135 4407 monasteriis
1150 4344 1263 4421 degen-

519 4447 564 4502 tes
585 4440 734 4518 virgines‚
762 4439 794 4500 in
824 4439 983 4517 propatulo
1015 4440 1169 4513 sedentes,
1198 4438 1265 4499 sive

518 4541 646 4609 stantes,
663 4547 734 4595 cum
749 4531 909 4610 quibusvis
924 4533 1088 4610 utriusque
1102 4549 1195 4593 sexus
1210 4532 1264 4592 bo-

519 4626 656 4689 minibus
678 4625 743 4688 illic
764 4623 978 4687 accedentibus
992 4624 1265 4686 indiscriminatim

518 4719 653 4798 colloqui
674 4727 704 4780 01
726 4719 818 4782 100001
849 4717 954 4792 etiam,
978 4733 1041 4779 non
1069 4717 1264 4793 erubescant,

520 4821 555 4877 01
575 4827 665 4891 saepe
685 4811 855 4890 quamlibet
876 4809 1045 4872 foeminam
1067 4811 1098 4872 in
1119 4826 1265 4889 quacum-

519 4921 581 4987 que
615 4913 713 4967 aetate
746 4905 947 4967 constitutam
982 4904 1047 4966 sire
1082 4906 1265 4982 consangui-

520 5015 623 5075 neam,
644 4999 710 5062 sive
741 4997 879 5073 affinem,
901 4997 968 5058 sire
990 5007 1146 5075 tamquam
1167 4997 1267 5060 famu-

522 5095 582 5155 lam
613 5091 779 5154 cuiuslibet
810 5090 990 5153 earumdem
1023 5090 1207 5152 monialium
1233 5090 1265 5151 in

520 5187 617 5265 ipsam
648 5184 822 5247 clausuram
853 5192 1028 5260 accersant;
1061 5191 1092 5245 et
1123 5183 1265 5262 quamvis

522 5281 601 5359 ipsae
617 5277 767 5351 moniales
783 5275 955 5355 impellant,
971 5284 1084 5355 sponte
1099 5276 1266 5362 tamenin·

521 5387 655 5451 gressam
678 5371 787 5434 deinde
810 5375 961 5447 asserant;
978 5385 1035 5431 nec
1049 5369 1195 5446 religioni
1210 5370 1266 5432 du-

521 5475 590 5531 cant
612 5483 756 5530 censuras
777 5482 811 5527 ac
832 5481 942 5543 poenas
963 5463 1134 5538 canonicas,
1153 5463 1265 5540 quibus

317 5587 505 5646 apostoncae
521 5569 685 5640 eapropter
715 5559 868 5623 obnoxiae
901 5560 991 5620 durat.
1021 5555 1083 5618 Nos
1104 5573 1189 5632 sane,
1212 5557 1265 5636 qni

292 5643 439 5689 consiliaria
455 5645 505 5686 010-

291 5700 351 5798 11010
376 5697 504 5741 innovan-

521 5671 576 5734 pro
599 5654 741 5734 imposita
763 5652 851 5715 nobis
870 5651 1020 5714 divinitus
1039 5666 1182 5730 suprema
1196 5667 1265 5730 apo·

521 5749 645 5811 stolicae
659 5747 818 5810 servitutis
833 5747 1050 5825 procuratione
1063 5743 1266 5808 saluberrime

522 5859 683 5905 occurrere
704 5843 852 5904 debemus
874 5842 956 5904 bisce
977 5841 1121 5902 abusibus
1138 5839 1267 5900 011001·-

522 5937 742 6011 dinationibus,
759 5942 789 5996 et
810 5934 835 5995 si
852 5934 964 5997 abusus
979 5941 1009 5996 01
1024 5933 1267 5996 inordinationes

1037 565 1101 610 tun.
1127 563 1217 610 PONT.
1241 559 1281 606 bn
1304 560 1332 606 P.
1356 559 1384 606 F·
1410 563 1491 608 PARS
1514 563 1535 606 l.

2094 539 2151 591 An.
2169 538 2206 587 C.
2235 529 2323 583 1747

1315 684 1492 748 huiusmodi
1521 683 1633 745 101010
1663 682 1863 748 fraternitatis
1890 690 1960 746 tuae
1981 685 2063 747 dioe-

1315 781 1376 846 cesi
1398 797 1500 860 neque
1521 794 1668 858 umquam
1691 779 1860 856 irrepsisse,
1878 795 1980 857 neque
1994 795 2061 842 um-

1315 896 1408 959 quam
1439 878 1609 956 irrepturas
1640 877 1758 938 000010
1782 875 1915 938 Domino
1936 874 2061 938 confidi-

1315 989 1401 1048 mns;
1424 970 1610 1033 fraternitati
1634 979 1738 1032 tamen
1766 976 1836 1030 1000
1861 976 1971 1032 notum
1995 986 2063 1032 esse

1315 1066 1474 1140 volumus,
1497 1066 1577 1144 qnod
1608 1079 1664 1125 nos
1686 1079 1749 1125 non
1778 1062 1879 1124 solnm
1902 1077 2010 1124 omnes
2032 1072 2063 1124 01

1315 1159 1452 1234 singulas
1470 1159 1708 1220 constitutiones
1723 1164 1786 1219 tam
1801 1157 1838 1218 ab
1852 1155 1961 1218 iisdem
1977 1171 2063 1234 prae-

1315 1241 1524 1314 decessoribus
1546 1252 1662 1314 nostris
1684 1251 1830 1334 Romanis
1849 1249 2061 1324 Pontificibus,

1314 1363 1408 1424 quam
1430 1363 1445 1405 a
1467 1345 1554 1406 nobis
1575 1345 1648 1423 ipsis
1668 1361 1762 1424 super
1783 1345 1921 1407 clausura
1945 1345 2063 1406 monia-

1316 1440 1391 1502 lium
1415 1439 1521 1514 editas,
1537 1454 1648 1500 verum
1668 1437 1761 1499 etiam
1777 1439 1879 1501 omnia
1895 1445 1925 1502 et
1940 1438 2060 1514 singula

1315 1535 1435 1596 decreta
1458 1540 1556 1596 tama
1589 1531 1728 1594 Concilio
1752 1532 1946 1606 Tridentino,
1969 1547 2062 1609 quam

1315 1645 1330 1686 a
1353 1625 1657 1702 congregationibus
1678 1625 1905 1686 venerabilium
1931 1625 2063 1686 fratrum

1316 1730 1494 1782 nostrorum
1506 1715 1639 1780 Sanctae
1653 1718 1809 1780 Romanae
1824 1717 1976 1780 Ecclesiae
1992 1719 2063 1780 Car-

1316 1813 1467 1876 dinalium
1489 1827 1583 1890 super
1604 1810 1713 1872 eadem
1735 1810 1886 1886 clausura,
1900 1820 1930 1873 01
1951 1810 2063 1875 admis-

1315 1908 1411 1980 sione,
1435 1913 1466 1967 et
1488 1906 1664 1982 receptione
1697 1903 1924 1967 educandarum
1947 1905 2063 1983 puella-

1315 2017 1398 2074 0010,
1421 2008 1453 2061 01
1475 1997 1672 2074 famularum,
1695 1998 1763 2060 sive
1793 2014 2061 2077 quarumcumque

1317 2093 1524 2156 foeminarum
1555 2091 1769 2170 promulgata,
1803 2100 1955 2170 quatenus
1985 2109 2062 2171 opus

1315 2190 1366 2262 sit,
1390 2201 1497 2250 tenore
1518 2187 1729 2264 praesentium
1747 2187 1929 2270 auctoritate
1944 2195 2061 2266 aposto-

1317 2285 1371 2348 lica
1393 2284 1624 2356 confirmamus,
1647 2291 1678 2344 et
1698 2281 1756 2342 sub
1777 2282 1884 2358 poenis
1900 2281 1992 2344 otiam
2009 2297 2063 2359 per

1316 2377 1437 2440 easdem
1458 2375 1696 2440 constitutiones
1713 2385 1745 2436 01
1760 2375 1880 2438 decreta
1896 2381 2001 2436 contra
2018 2375 2064 2438 iu-

1316 2473 1494 2535 obedientes
1515 2468 1652 2542 inflictis,
1682 2469 1798 2530 serrari
1828 2469 2009 2532 mandamus
2030 2487 2063 2531 00

1317 2567 1530 2646 praecipimus.
1555 2563 1684 2642 insuper
1706 2568 1817 2623 tenore
1837 2569 1867 2624 et
1882 2564 2063 2624 auctoritate
2111 2573 2341 2622 praescribitur

1317 2661 1439 2740 paribus
1460 2659 1626 2722 statuimus
1645 2674 1678 2718 ac
1692 2654 1893 2732 declaramus
1907 2656 2062 2720 admissio
2082 2626 2341 2742 ἷῖἓοδῆῗξῖρῖξιῗ

1318 2770 1389 2818 nem
1412 2751 1683 2830 receptiouemque
1710 2765 1981 2829 quarumcumque
2002 2751 2065 2813 100-
2082 2737 2339 2839 ΞᾎΙῆθζξξζήξξῖ

1318 2849 1487 2919 minarum,
1520 2844 1585 2906 sire
1617 2842 1789 2922 puellarum
1820 2843 2060 2920 educandorum,
2082 2845 2132 2891 sua
2148 2844 2260 2900 poenis
2281 2845 2328 2886 en·

1316 2942 1382 3004 sive
1414 2937 1602 3002 famularum
1635 2937 1667 3000 in
1697 2936 1893 3010 monasteria,
1917 2954 2063 3015 quacum·

1316 3051 1378 3114 que
1399 3049 1436 3095 ex
1459 3049 1558 3105 00000,
1582 3031 1650 3092 0100
1672 3030 1809 3106 legitima
1826 3031 2064 3108 autlrenticaque

1316 3126 1455 3188 eiusdem
1478 3123 1669 3204 apostolicae
1701 3121 1787 3186 Sedis
1816 3121 1938 3184 licentia
1960 3124 2061 3198 toties,

1318 3222 1438 3300 quoties
1457 3235 1532 3296 01100
1548 3217 1652 3292 100011,
1672 3217 1875 3295 impetranda,
1892 3225 1921 3278 et
1938 3217 2063 3294 praevio

1317 3315 1460 3376 examine
1492 3328 1586 3391 super
1613 3310 1762 3384 moribus,
1791 3309 1883 3384 fama,
1906 3309 2064 3372 habilitate

1318 3416 1349 3470 et
1371 3405 1554 3470 necessitate
1576 3403 1712 3482 ipsarum
1735 3403 1964 3466 educandarum
1981 3403 2064 3481 puel-

1320 3501 1430 3575 larum,
1446 3500 1494 3562 vel
1518 3498 1716 3572 famularum,
1740 3513 1794 3576 per
1816 3497 1967 3559 antistites
1986 3497 2065 3558 loco-

1319 3611 1389 3658 rum
1411 3592 1589 3657 Ordinarios
1612 3589 1839 3666 tantummodo,
1862 3599 1893 3652 et
1912 3606 1975 3652 non
1991 3590 2064 3652 alios

1318 3705 1529 3769 quoscumque
1550 3687 1725 3764 superiores
1748 3685 1839 3746 toties
1855 3686 1974 3759 itidem,
1990 3701 2064 3763 quo-

1319 3783 1376 3846 ties
1397 3781 1561 3846 necessitas
1583 3779 1798 3858 postulaverit,
1827 3779 1977 3855 babendo,
2000 3796 2064 3842 non

1318 3877 1459 3939 obstante
1491 3889 1686 3952 quacumque
1717 3872 1944 3935 consuetudine
1972 3873 2064 3934 etiam

1319 3970 1404 4046 longi
1428 3967 1586 4048 temporis,
1611 3967 1678 4028 fieri
1700 3982 1763 4028 non
1786 3965 1908 4029 debere.
1933 3967 2065 4040 Quodsi

1317 4080 1406 4126 00000
1428 4061 1554 4136 factum,
1577 4078 1610 4122 ac
1632 4060 1700 4122 fieri
1723 4061 1753 4121 in
1771 4069 1928 4138 posterum
1945 4062 2065 4124 contin-

1320 4164 1381 4234 gat,
1404 4156 1570 4217 statuimus
1592 4154 1707 4231 pariter
1728 4170 1762 4215 ac
1784 4153 1984 4230 declaramus,
2004 4163 2065 4216 tarn

1318 4248 1477 4324 moniales,
1511 4255 1779 4327 etquascumque
1808 4248 1840 4310 in
1872 4247 2066 4311 monasteriis

1319 4345 1477 4422 degentes,
1490 4360 1568 4421 quae
1583 4341 1733 4404 foeminas
1748 4359 1958 4420 quascumque
1970 4342 2000 4403 in
2018 4359 2065 4403 ea·

1318 4437 1389 4498 dem
1424 4435 1610 4498 monasteria
1645 4437 1937 4514 quomodocumque
1972 4434 2068 4498 admi-

1319 4530 1417 4594 serint
1439 4529 1686 4608 reeeperintqne,
1709 4545 1801 4608 quam
1824 4529 1902 4608 ipsas
1917 4529 2067 4592 foeminas

1319 4624 1463 4686 admissas
1484 4631 1515 4684 01
1538 4629 1685 4701 receptas,
1708 4623 1864 4685 canonicis
1881 4623 2021 4685 censuris
2036 4630 2067 4684 et

1320 4718 1427 4798 poenis
1459 4717 1618 4779 obstrictas
1648 4731 1716 4777 esse
1752 4733 1785 4778 00
1816 4715 1893 4791 1000,
1916 4733 1931 4776 0
1954 4716 2066 4794 quibus

1319 4812 1441 4874 easdem
1470 4809 1619 4871 moniales
1648 4815 1677 4871 et
1707 4807 1856 4871 foeminas
1889 4809 2067 4872 huiusmodi

1320 4905 1460 4968 eiusdem
1483 4913 1551 4964 1000
1578 4901 1736 4977 dioecesis,
1759 4901 1784 4962 si
1806 4901 1934 4964 fortasse
1954 4903 2011 4964 bac
2034 4904 2065 4964 in

1320 5008 1406 5078 parte
1437 4996 1603 5075 deliquisse
1634 4995 1812 5073 contigerit,
1840 4995 1878 5058 de
1898 4997 2066 5074 praeterito

1320 5099 1444 5153 tantum
1471 5088 1648 5150 absolvendi
1675 5087 1854 5150 facultatem
1880 5088 2066 5151 fraternitati

1322 5191 1402 5258 tuae,
1425 5197 1498 5245 oum
1525 5181 1669 5243 facultate
1699 5181 1791 5243 etiam
1825 5181 1900 5244 01100
1927 5181 2067 5244 subdele-

1321 5278 1425 5354 gandi,
1441 5276 1609 5338 tribuimus
1625 5281 1656 5336 et
1672 5275 1882 5352 impertimur.
1901 5277 2068 5339 Caeterum

1320 5369 1508 5434 fraternitati
1539 5377 1611 5432 tuae
1643 5369 1839 5444 iniungimus
1866 5385 1899 5430 ac
1920 5369 2067 5449 praecipi-

1321 5481 1405 5540 mus,
1427 5473 1463 5527 ut
1494 5463 1637 5526 omnium
1659 5469 1690 5525 et
1721 5462 1916 5539 singularum
1945 5463 2067 5526 ordina-

1322 5559 1446 5620 tionum
1467 5573 1521 5637 per
1543 5557 1703 5619 laudatum
1726 5555 1899 5620 Concilium
1914 5557 2070 5620 Tridenti-

1321 5667 1400 5715 num
1422 5660 1453 5714 et
1470 5650 1651 5731 apostolicas
1666 5650 1903 5713 constitutiones
1918 5653 1954 5713 ¹et
1975 5649 2069 5714 dicta-

1321 5762 1393 5810 rum
1414 5744 1693 5822 congregationum
1718 5745 1850 5816 decreta,
1872 5759 1967 5823 super
1987 5744 2068 5807 0100-

1321 5840 1388 5901 0010
1426 5837 1608 5900 monialium
1645 5846 1676 5899 et
1708 5837 1845 5914 delegata
1879 5837 2069 5900 antistitibus

1323 5933 1462 5996 locorum
1480 5931 1648 5996 ordinariis
1663 5931 1840 5994 visitatione
1863 5938 1924 5992 tarn
1946 5931 2069 5994 interna
