4856 6984
134 589 187 640 Διι.
202 589 233 640 O.
255 587 324 640 1753

985 591 1180 636 baudolenus·
1204 591 1266 634 xix.

356 724 390 778 ut
411 715 525 794 pariter
547 714 770 794 praemittitur,
787 712 917 775 retineri
931 719 962 776 et
977 710 1101 774 educari

354 809 451 872 solitis
473 807 563 889 (quos
583 825 707 888 semper
727 809 758 870 in
775 807 916 870 loturum
932 824 969 869 ex
991 808 1100 870 eodem

355 903 468 967 Ordine
488 907 520 964 et
549 903 798 980 congregatione
822 901 964 965 Ruthend
992 901 1102 963 admit-

356 997 463 1059 tendos
485 995 738 1074 recipiendosque
751 995 816 1074 pari
837 993 930 1057 modo
951 1002 981 1056 et
1002 991 1101 1056 torma

357 1089 1101 1166 volumusetmendamusmtmagistros·etprae-

356 1191 494 1260 ceptores
508 1182 641 1245 habeant
656 1189 740 1261 aptos
755 1189 785 1244 et
802 1181 950 1261 idoneos),
967 1180 1101 1258 reliquos

356 1291 427 1338 sane
448 1276 604 1338 sexdecim
620 1275 773 1350 alumnos,
790 1276 843 1354 qui
857 1275 1039 1338 admittendi
1053 1289 1101 1335 re-

356 1369 552 1448 cipiendique
572 1376 657 1444 sunt,
670 1369 848 1432 distributos
870 1383 935 1429 esse
957 1367 1101 1430 volumus

357 1470 386 1524 et
397 1463 577 1526 mandamus
592 1462 677 1524 iuxta
692 1463 852 1525 decretum
868 1462 1006 1524 eiusdem
1023 1463 1103 1526 Gon·

358 1557 547 1634 gregatinnis
577 1556 792 1635 Propagandae
821 1555 916 1631 Fidei,
947 1556 1027 1636 quod
1056 1562 1102 1619 est

359 1650 473 1713 tenoris
494 1649 670 1727 sequentis:

398 1745 699 1822 incongregatione
713 1746 855 1824 perteroii
871 1745 907 1806 de
918 1744 1102 1823 Propopco·

359 1838 400 1900 dd
414 1837 490 1900 Fide
506 1835 618 1901 tobiae
630 1838 679 1900 dis
695 1855 751 1900 ιιιι.
768 1837 929 1920 februarii
944 1855 1099 1900 uocetur.

358 1933 519 1994 decretum
535 1933 613 2010 scit,
628 1939 666 1994 ot
678 1934 840 2010 seqnitur:
864 1933 910 1996 Ad
928 1931 1102 2011 Goltepinro

364 2025 525 2098 Witoense,
550 2025 641 2088 uitro
664 2033 803 2104 qoatoor
823 2025 991 2089 monachos
1013 2029 1102 2089 Besi-

359 2117 474 2190 iionos,
498 2125 529 2180 et
551 2119 646 2180 dorice
667 2119 766 2181 aliter
791 2120 1015 2196 provideatur,
1040 2137 1103 2183 esse

360 2212 394 2272 io
416 2217 577 2289 posterum
599 2211 812 2274 admittendos
844 2211 1008 2274 Raitheoos
1032 2221 1102 2277 too-

360 2309 429 2364 traos
451 2319 490 2364 eae
513 2302 738 2381 infrascriptis
764 2305 973 2368 dioecesibus:
996 2323 1103 2386 nempe

359 2411 398 2456 eor
414 2394 685 2472 archiepiscopali
701 2398 868 2472 dyostiensi
883 2415 950 2469 sec,
968 2415 1102 2476 quorum

360 2505 446 2550 coos
467 2505 507 2549 err
529 2487 724 2552 Palatinoto
751 2489 911 2562 Witoeosi,
927 2491 1011 2552 citer
1031 2509 1103 2552 sero

360 2597 399 2641 ese
421 2579 618 2645 Poiotiooto
642 2582 886 2662 Nocoqrodeosi,
903 2587 934 2643 et
958 2584 1042 2646 niter
1063 2601 1102 2648 ero

360 2672 557 2736 Polatincto
580 2675 772 2748 Mioseensi;
798 2675 863 2737 otii·
880 2692 952 2738 cero
977 2685 1041 2739 tres
1064 2695 1103 2740 ea

359 2765 485 2843 retiquci
500 2767 629 2844 eiusque
643 2767 790 2830 dioecesis
804 2770 986 2846 Kyovieosis
997 2779 1101 2848 porte,

359 2865 388 2920 et
409 2859 601 2936 praesertim
629 2877 668 2922 eto
704 2861 856 2924 Uirroioo.
887 2860 940 2923 Ero
971 2863 1103 2926 dioecesi

359 2951 626 3030 archiepiscopali
658 2953 821 3016 Poioceosi
852 2955 933 3026 dno,
966 2971 1102 3034 pacorum

358 3060 445 3106 coos
470 3061 511 3106 ero
538 3045 733 3108 Pelotiooto
759 3047 934 3120 Polocensi,
957 3048 1043 3110 citer
1062 3063 1102 3110 eor

359 3137 553 3200 Poletiooto
585 3137 785 3228 Vitebsceosi.
810 3142 862 3202 Eoo
891 3140 1023 3204 dioecesi
1051 3159 1103 3205 or-

359 3230 582 3308 chiepiscopoii
611 3231 816 3296 Smolosceosi
843 3234 916 3296 duo.
947 3235 998 3296 Ero
1021 3235 1102 3296 dioe-

359 3324 420 3384 cesi
442 3324 611 3402 episcopali
634 3324 861 3388 Uiodimireasi
876 3327 950 3399 dno,
967 3344 1102 3406 quorum

358 3432 444 3478 onos
465 3431 523 3493 pro
558 3415 799 3480 Uiodimiriensi
827 3435 883 3482 seo
911 3420 1103 3483 Podtochioe

358 3516 464 3588 porte,
485 3511 570 3572 oller
590 3527 630 3572 err
652 3511 850 3575 Polotinoto
866 3514 1038 3576 Bresterrsi.
1051 3515 1102 3576 lior

359 3604 491 3666 dioecesi
516 3604 690 3667 Cheimensi
714 3606 784 3678 duo,
803 3623 939 3684 qaorum
961 3625 1048 3669 ortos
1063 3625 1102 3670 ecs

360 3705 448 3758 terre
487 3696 679 3771 coereeat,
713 3699 797 3761 citer
831 3717 870 3763 etc
906 3699 1102 3764 Poiotinoto

360 3789 516 3852 Belzensi.
535 3792 585 3854 Eoo
602 3790 734 3854 dioecesi
753 3793 921 3872 episcopali
937 3794 1102 3856 Piasceosi

361 3883 433 3946 dno.

399 3981 654 4044 Distributionem
675 3991 778 4044 aulem
795 3983 976 4044 eorumdem
998 3985 1104 4045 sexde-

359 4075 419 4136 cim
447 4075 648 4137 alumnorum
674 4092 710 4137 ex
740 4076 875 4155 qualibet
906 4076 1034 4138 dioecesi
1056 4094 1103 4139 re·

359 4169 496 4246 spectile
518 4169 754 4246 eligendorum,
777 4187 831 4250 per
859 4173 1102 4250 praeeinsertunr

359 4262 456 4324 dietae
490 4264 745 4341 congregationis
780 4267 940 4327 decretum
976 4265 1103 4342 iactam,

359 4361 515 4433 tamquam
537 4356 649 4418 utilem
671 4365 700 4420 et
721 4358 887 4421 salutarem
916 4374 980 4420 nou
1002 4359 1103 4421 solum

359 4447 604 4527 approbamuset
625 4450 788 4527 apostolica
808 4453 1000 4525 auctoritate,
1018 4461 1103 4514 teno-

360 4559 394 4603 re
404 4544 626 4621 praesentium,
638 4545 871 4621 confirmamus,
885 4561 995 4608 verum
1010 4547 1103 4608 etiam

360 4634 497 4697 districte
526 4638 710 4700 servandam
741 4654 807 4700 esse
837 4640 1042 4717 praecipimus
1074 4649 1103 4702 et

359 4731 551 4790 mandamus.

168 4842 272 4918 arunas
290 4854 341 4906 qua
399 4823 419 4898 ἓ
441 4822 487 4885 lo.
500 4824 670 4904 Praeterea,
684 4825 718 4886 ad
730 4843 857 4889 omnem
874 4830 1026 4908 penituse
1041 4845 1104 4891 me-

130 4897 342 5060 ιιιιιιι

360 4922 410 4984 dio
431 4921 599 4984 tollendam
625 4920 849 4983 dissensionem
875 4921 1104 4985 contusionem-

360 5031 432 5094 que,
448 5014 612 5076 statuimus
627 5023 658 5076 et
672 5015 861 5089 ordinemne,
878 5021 913 5077 ut
928 5016 1105 5078 distributio

361 5112 401 5173 ita
423 5112 552 5174 omnino
573 5119 604 5173 et
626 5127 688 5173 non
705 5109 794 5171 aliter
810 5111 872 5186 liat,
889 5109 1041 5171 nimirum
1057 5119 1103 5183 ut,

360 5219 431 5266 cum
454 5203 584 5282 quilibet
611 5203 757 5266 alumnus
780 5204 857 5264 ritus
879 5202 964 5294 latini
980 5205 1013 5262 in
1041 5219 1125 5264 sae--

360 5297 479 5375 pedicto
494 5295 623 5373 collegio
638 5297 704 5358 sive
718 5295 885 5357 seminario
896 5309 1103 5369 commorans
1130 5310 1132 5331 ¹

359 5391 426 5452 sive
446 5389 547 5468 elapso
569 5397 708 5468 tempore
729 5406 791 5468 quo
813 5388 889 5450 inibi
910 5387 1033 5450 educari
1054 5387 1105 5449 de·

360 5484 422 5558 bet,
436 5483 502 5545 sive
516 5483 605 5544 aliter
616 5483 857 5563 quomodolibet,
869 5497 906 5543 ex
920 5483 1029 5543 eodem
1044 5482 1105 5543 eol-

361 5575 441 5654 legio
461 5578 527 5637 sive
542 5577 709 5639 seminario
724 5591 866 5652 egressus
880 5574 984 5648 luerit,
1001 5575 1105 5636 statim

360 5672 393 5733 in
415 5671 489 5734 iliud
513 5673 692 5735 admittatur
710 5673 938 5751 recipiaturque
958 5669 1105 5742 alumnus

1819 561 1878 624 525
1928 559 1982 612 An.
1996 559 2027 613 d.
2048 559 2116 610 1758

1156 709 1308 771 insertum
1324 710 1483 772 decretum
1500 723 1592 788 supra
1605 711 1769 781 statutum
1785 702 1898 768 deinde

1155 819 1193 864 ex
1213 802 1341 864 dioecesi
1355 801 1603 880 archiepiscopali
1618 799 1789 873 Poiooensi,
1806 805 1899 874 atque

1155 899 1264 961 eodem
1285 903 1372 972 pacto
1394 900 1424 956 et
1445 895 1554 956 ordine
1568 909 1607 956 ex
1628 893 1694 954 aliis
1709 890 1898 953 dioecesibus

1156 990 1326 1055 antedictis.
1358 990 1525 1066 Postquam
1547 1003 1620 1050 vero
1649 986 1808 1061 integrum
1830 999 1897 1044 sex·

1155 1086 1253 1146 decim
1286 1083 1483 1146 alumnorum
1512 1096 1682 1143 numerum
1708 1077 1897 1156 completum
1979 1083 1981 1088 '

1155 1195 1220 1241 esse
1233 1177 1421 1252 constiterit,
1433 1191 1504 1238 cum
1521 1174 1637 1235 vacatio
1652 1171 1787 1235 cuiusvis
1799 1170 1898 1233 alum·

1157 1279 1247 1334 natus
1268 1271 1420 1344 evenerit,
1437 1283 1501 1330 non
1516 1266 1697 1330 admittatur
1718 1264 1897 1342 recipiatur-

1156 1382 1216 1444 que
1238 1365 1297 1428 nisi
1319 1362 1495 1426 adolescens
1517 1351 1650 1423 nationis
1678 1359 1840 1421 Ruthenae
1860 1372 1898 1417 ex

1156 1461 1206 1522 illa
1228 1459 1373 1534 dioecesi,
1397 1471 1440 1520 ex'
1458 1473 1518 1534 qua
1541 1455 1687 1518 alumnus
1715 1452 1898 1516 antecedens

1156 1553 1256 1615 locum
1278 1551 1361 1615 dedit
1383 1549 1543 1613 vacationi.

1195 1653 1214 1728 ἓ
1238 1652 1286 1713 11.
1310 1652 1487 1726 Caeterum,
1501 1659 1535 1716 ut
1556 1649 1741 1730 praescripta
1756 1657 1794 1712 et
1815 1665 1899 1727 prae·
1918 1703 1933 1750 d
1958 1650 2130 1749 qsgngqqres

1157 1746 1247 1808 missa
1270 1746 1372 1806 omnia
1401 1744 1520 1808 debitae
1544 1743 1745 1822 exequutioni
1775 1744 1898 1806 deman·
1936 1713 1989 1759 ⁰⁸⁸
2089 1737 2093 1747 '

1156 1838 1281 1912 dentur,
1297 1854 1369 1900 ven.
1387 1837 1473 1899 iratri
1490 1837 1646 1899 ordinario
1661 1845 1765 1898 nostro
1776 1844 1807 1896 et
1822 1837 1899 1913 hpo-

1156 1932 1281 1994 stolicae
1302 1931 1396 1992 huius
1417 1930 1447 1994 S.
1473 1930 1559 1996 Sedis
1581 1931 1612 1992 in
1634 1930 1759 1992 Polouia
1782 1927 1900 1991 Nuntio

1156 2035 1188 2087 et
1210 2023 1322 2087 diiecto
1344 2024 1407 2086 hilo
1422 2023 1545 2100 regenti
1559 2023 1698 2086 eiusdem
1723 2022 1844 2098 collegii
1860 2022 1899 2083 si-

1158 2135 1195 2180 ve
1209 2107 1378 2192 seminarii,
1394 2117 1552 2180 modernis
1567 2122 1598 2178 et
1612 2133 1668 2196 pro
1684 2125 1822 2196 tempore
1837 2115 1901 2177 exi·

1156 2213 1321 2286 stantibus,
1345 2211 1540 2287 iniungimus
1561 2219 1607 2284 ot,
1625 2209 1707 2272 salvi
1722 2225 1843 2288 semper
1856 2208 1901 2269 di·

1157 2314 1223 2368 ctae
1235 2304 1491 2382 congregationis
1504 2303 1714 2366 Cardinalium
1728 2302 1900 2380 Propagan-

1157 2399 1212 2460 dae
1226 2399 1311 2462 Fidei
1326 2399 1573 2476 praepositorum
1590 2395 1781 2469 auctoritate,
1797 2395 1900 2456 omnia

1158 2499 1188 2554 et
1208 2490 1330 2568 singula
1346 2492 1376 2552 in
1391 2490 1475 2552 hisce
1497 2489 1612 2551 nostris
1633 2489 1665 2549 in
1678 2488 1774 2549 torma
1795 2486 1901 2548 Brevis

1158 2584 1267 2658 literis,
1290 2600 1366 2662 quas
1387 2583 1480 2644 etiarn
1502 2581 1583 2660 typis
1606 2581 1767 2660 impressas
1782 2580 1815 2641 in
1830 2595 1900 2641 con·

1157 2677 1259 2756 spicua
1287 2676 1359 2738 dicti
1381 2673 1502 2752 collegii
1530 2675 1596 2736 sive
1623 2673 1781 2736 seminarii
1802 2680 1899 2751 parte,

1158 2777 1192 2833 ut
1213 2769 1251 2830 ab
1272 2768 1417 2830 omnihus
1438 2766 1500 2844 legi
1522 2767 1654 2846 possint,
1681 2765 1793 2844 apponi
1814 2764 1901 2827 volu-

1158 2879 1228 2926 mus
1248 2871 1280 2924 et
1301 2863 1500 2937 mandamus,
1529 2869 1673 2923 contenta
1702 2867 1735 2921 et
1759 2873 1899 2936 expressa

1157 2963 1263 3018 exacte
1283 2954 1400 3017 servari
1423 2953 1534 3016 iaciant
1556 2959 1586 3015 et
1608 2958 1729 3014 curent.
1764 2949 1766 2956 ’

1196 3049 1216 3124 5
1238 3048 1285 3110 la.
1308 3047 1515 3109 Decernentes
1529 3047 1652 3108 easdem
1674 3052 1851 3124 praesentes
1867 3043 1900 3105 li·
1936 3047 2072 3110 clausolae
2087 3058 2132 3105 xro

1159 3148 1249 3214 teras,
1266 3148 1296 3202 et
1317 3141 1350 3202 in
1367 3140 1410 3202 eis
1424 3148 1568 3202 coartenta
1583 3154 1806 3218 quaecumque,
1822 3153 1902 3200 sem·
1920 3112 2131 3202 qqqqtqtrgsorum

1158 3249 1212 3311 per
1227 3233 1326 3307 hrtna,
1340 3232 1436 3295 valida
1447 3239 1482 3293 et
1494 3231 1623 3294 efficacia
1633 3231 1766 3292 existere
1779 3237 1810 3291 et
1823 3229 1898 3304 iore,

1157 3317 1290 3404 s'uosque
1310 3326 1464 3405 plenarios
1485 3333 1515 3386 et
1537 3325 1674 3402 integros
1690 3323 1816 3386 allectus
1837 3339 1901 3384 sox-

1159 3424 1209 3486 tiri
1225 3433 1255 3488 et
1271 3425 1424 3500 obtinere,
1441 3429 1472 3484 et
1484 3423 1521 3484 ab
1535 3421 1594 3484 illis
1606 3423 1639 3483 ad
1656 3436 1731 3499 quos
1743 3425 1857 3498 spectat
1871 3426 1901 3479 et

1159 3534 1213 3598 pro
1236 3527 1376 3597 tempore
1397 3518 1658 3596 quandocumque
1679 3513 1838 3592 spectabit,
1855 3513 1901 3575 in-

1159 3610 1343 3673 violabiliter
1359 3611 1514 3673 observari
1529 3610 1657 3686 debere3
1680 3609 1784 3688 sicque
1794 3617 1825 3668 et
1838 3623 1901 3669 non

1158 3706 1248 3768 aliter
1270 3707 1301 3766 in
1323 3705 1496 3784 praemissis
1519 3719 1573 3784 per
1591 3721 1803 3784 quoscumque
1825 3705 1904 3766 iudi-

1158 3817 1206 3861 ces
1221 3798 1392 3860 ordinarios
1407 3808 1438 3860 et
1454 3798 1620 3874 delegatos,
1636 3799 1728 3859 etiam
1741 3813 1902 3860 causarum

1159 3892 1260 3972 palatii
1283 3891 1439 3971 apostolici
1461 3891 1626 3964 auditores,
1651 3890 1680 3953 S.
1692 3892 1726 3954 lt.
1742 3891 1776 3952 E.
1801 3891 1902 3956 Cardi-

1159 3989 1244 4052 nales
1265 3998 1297 4052 et
1318 3989 1500 4052 eorumdem
1530 3986 1737 4048 Gardinalium
1767 3987 1904 4064 Congre-

1159 4085 1308 4160 gationes,
1325 4099 1447 4163 necnoq
1464 4081 1655 4160 apostolicae
1671 4079 1756 4143 Sedis
1772 4080 1903 4142 Nuntios

1158 4185 1188 4238 et
1210 4177 1334 4255 quosvis
1356 4176 1430 4238 alios
1445 4191 1639 4254 quacumque
1660 4173 1902 4252 praeeminentia

1158 4277 1188 4331 et
1210 4275 1357 4349 potestate
1370 4270 1537 4346 iungentes
1553 4277 1583 4331 et
1595 4268 1769 4342 iuncturos,
1785 4267 1903 4329 sublata

1158 4365 1201 4428 eis
1225 4374 1257 4427 et
1281 4378 1391 4427 eorum
1415 4365 1542 4427 cuilibet
1567 4364 1675 4442 quavis
1707 4362 1796 4423 aliter
1827 4360 1904 4422 iudi-

1157 4459 1244 4520 candi
1267 4464 1297 4519 et
1320 4456 1543 4535 interpretandi
1565 4455 1708 4518 facultate
1726 4463 1757 4516 et
1771 4453 1902 4515 auetori-

1159 4559 1231 4625 tate,
1248 4551 1373 4614 iudicari
1388 4557 1419 4612 et
1435 4550 1557 4612 dedniri
1574 4548 1698 4610 dehere:
1723 4564 1756 4609 ac
1777 4547 1903 4609 irritum

1158 4651 1189 4707 et
1212 4645 1316 4719 inane,
1345 4643 1369 4704 si
1391 4658 1478 4704 secus
1503 4641 1667 4720 superbis
1692 4657 1707 4702 a
1733 4653 1901 4718 quoquam,

1158 4738 1265 4817 quavis
1295 4735 1488 4809 auctoritate,
1522 4735 1655 4796 scienter
1679 4733 1730 4796 vel
1758 4734 1902 4810 ignoran-

1160 4839 1206 4894 ter
1234 4829 1400 4905 oontigerit
1427 4829 1582 4890 attentari.
1614 4828 1682 4890 Non
1711 4827 1903 4889 obstantibus
1935 4835 2136 4912 oerasatrocon-

1158 4924 1297 5000 Gregorii
1319 4922 1558 5002 praedecessoris
1580 4923 1677 4984 nostri
1697 4921 1806 4995 literis,
1823 4920 1904 4980 aliis·
1922 4893 2014 4936 ”³⁸¹³

1158 5033 1219 5096 que
1240 5017 1512 5080 constitutionibus
1527 5023 1558 5077 et
1572 5015 1819 5077 ordinationibus
1834 5029 1903 5092 apo-

1158 5110 1283 5184 stolicis,
1305 5109 1495 5188 caeterisque
1521 5109 1683 5172 contrariis
1704 5108 1904 5187 quibuscum-

1159 5219 1230 5282 que.

1198 5297 1287 5374 §lit
1320 5297 1472 5359 Volumus
1504 5303 1625 5368 autem,
1658 5305 1692 5358 ut
1724 5295 1901 5358 earumdem
1924 5295 2134 5396 ssdggemntorum

1160 5390 1369 5468 praesentium
1391 5390 1553 5452 literarum
1575 5388 1780 5466 transumptis
1801 5405 1856 5450 seu
1873 5403 1904 5448 e·
1988 5387 1993 5398 '

1160 5483 1307 5562 xemplis,
1338 5484 1430 5544 etiam
1459 5483 1630 5562 impressis,
1659 5497 1755 5543 manu
1776 5481 1904 5544 alicuius

1161 5577 1273 5639 notarii
1293 5576 1408 5655 publici
1436 5575 1629 5655 subscriptis,
1656 5581 1686 5636 et
1711 5574 1814 5651 sigillo
1836 5591 1905 5653 per-

1159 5687 1250 5732 sonae
1269 5670 1301 5731 in
1322 5669 1473 5746 dignitate
1496 5667 1696 5731 ecclesiastica
1720 5667 1905 5729 constitutae

360 5781 398 5828 ex
409 5765 642 5844 Metropolitana
660 5765 826 5843 Kyoxiensi
844 5763 976 5826 nationis
989 5763 1104 5824 Ruthe-
1131 5778 1133 5848 ι
1161 5762 1301 5836 munitis
1328 5764 1435 5824 eadem
1457 5777 1580 5839 prorsus
1607 5762 1682 5823 tides
1710 5759 1902 5835 adhibeatur,

361 5873 429 5933 nae,
444 5859 529 5920 etsie
544 5857 687 5934 deinceps
706 5857 850 5936 usquead
865 5871 1034 5919 numerum
1048 5872 1104 5934 pro

361 5954 467 6014 eadem
479 5951 711 6031 Metropolitana
722 5951 900 6029 Kyoviensi,
917 5950 1004 6012 iuxta
1020 5965 1105 6028 pree·

1160 5871 1237 5933 quae
1261 5855 1333 5932 ipsis
1354 5853 1565 5933 praesentibus
1588 5853 1799 5925 adhiberetur,
1814 5853 1838 5912 si
1860 5851 1904 5914 io-

1160 5955 1232 6010 rent
1253 5947 1406 6010 exhibitae
1427 5946 1477 6009 uel
1499 5953 1648 6008 ostensae.
