<?xml version="1.0" encoding="UTF-8"?>
<!DOCTYPE html PUBLIC "-//W3C//DTD XHTML 1.0 Transitional//EN"
    "http://www.w3.org/TR/xhtml1/DTD/xhtml1-transitional.dtd">
<html xmlns="http://www.w3.org/1999/xhtml" xml:lang="en" lang="en">
 <head>
  <title>
</title>
<meta http-equiv="Content-Type" content="text/html;charset=utf-8" />
  <meta name='ocr-system' content='tesseract 3.04.00' />
  <meta name='ocr-capabilities' content='ocr_page ocr_carea ocr_par ocr_line ocrx_word'/>
</head>
<body>
  <div class='ocr_page' id='page_1' title='image "./iurispontificii02martgoog_0206.png"; bbox 0 0 4744 6976; ppageno 0'>
   <div class='ocr_carea' id='block_1_1' title="bbox 319 507 705 614">
    <p class='ocr_par' dir='ltr' id='par_1_1' title="bbox 319 507 705 614">
     <span class='ocr_line' id='line_1_1' title="bbox 319 507 705 614; baseline 0 -16"><span class='ocrx_word' id='word_1_1' title='bbox 319 545 372 599; x_wconf 78' lang='lat' dir='ltr'><strong>un.</strong></span> <span class='ocrx_word' id='word_1_2' title='bbox 387 548 417 598; x_wconf 89' lang='lat' dir='ltr'><strong>c.</strong></span> <span class='ocrx_word' id='word_1_3' title='bbox 439 547 508 598; x_wconf 82' lang='lat'>1744</span> <span class='ocrx_word' id='word_1_4' title='bbox 561 549 618 614; x_wconf 71' lang='lat' dir='ltr'><strong>xpp</strong></span> <span class='ocrx_word' id='word_1_5' title='bbox 699 507 705 518; x_wconf 61' lang='grc'>’</span> 
     </span>
    </p>
   </div>
   <div class='ocr_carea' id='block_1_2' title="bbox 306 3477 520 3906">
    <p class='ocr_par' dir='ltr' id='par_1_2' title="bbox 319 3477 520 3542">
     <span class='ocr_line' id='line_1_2' title="bbox 319 3477 520 3542; baseline 0.015 -20"><span class='ocrx_word' id='word_1_6' title='bbox 319 3477 426 3540; x_wconf 50' lang='grc' dir='ltr'><strong>,Αεεθτίῑ</strong></span> <span class='ocrx_word' id='word_1_7' title='bbox 438 3479 520 3542; x_wconf 86' lang='lat' dir='ltr'><strong>priva-</strong></span> 
     </span>
    </p>

    <p class='ocr_par' dir='ltr' id='par_1_3' title="bbox 306 3531 520 3906">
     <span class='ocr_line' id='line_1_3' title="bbox 306 3531 520 3592; baseline 0.019 -18"><span class='ocrx_word' id='word_1_8' title='bbox 306 3531 385 3592; x_wconf 70' lang='lat' dir='ltr'><strong>tpvam</strong></span> <span class='ocrx_word' id='word_1_9' title='bbox 402 3531 520 3578; x_wconf 80' lang='lat' dir='ltr'><strong>iurisdic-</strong></span> 
     </span>
     <span class='ocr_line' id='line_1_4' title="bbox 306 3585 519 3646; baseline 0.009 -17"><span class='ocrx_word' id='word_1_10' title='bbox 306 3585 404 3646; x_wconf 87' lang='lat' dir='ltr'><strong>tropem</strong></span> <span class='ocrx_word' id='word_1_11' title='bbox 422 3586 519 3641; x_wconf 75' lang='lat' dir='ltr'><strong>Episco-</strong></span> 
     </span>
     <span class='ocr_line' id='line_1_5' title="bbox 307 3637 520 3700; baseline 0.009 -18"><span class='ocrx_word' id='word_1_12' title='bbox 307 3637 332 3692; x_wconf 91' lang='lat' dir='ltr'><strong>pl</strong></span> <span class='ocrx_word' id='word_1_13' title='bbox 348 3647 374 3682; x_wconf 89' lang='lat' dir='ltr'><strong>tn</strong></span> <span class='ocrx_word' id='word_1_14' title='bbox 392 3639 520 3700; x_wconf 86' lang='lat' dir='ltr'><strong>parochio-</strong></span> 
     </span>
     <span class='ocr_line' id='line_1_6' title="bbox 306 3692 518 3752; baseline 0.024 -19"><span class='ocrx_word' id='word_1_15' title='bbox 306 3699 353 3752; x_wconf 84' lang='lat' dir='ltr'><strong>nos</strong></span> <span class='ocrx_word' id='word_1_16' title='bbox 372 3693 450 3737; x_wconf 83' lang='lat' dir='ltr'><strong>attoni</strong></span> <span class='ocrx_word' id='word_1_17' title='bbox 471 3692 518 3738; x_wconf 92' lang='lat' dir='ltr'><strong>bu·</strong></span> 
     </span>
     <span class='ocr_line' id='line_1_7' title="bbox 306 3743 519 3806; baseline 0.014 -19"><span class='ocrx_word' id='word_1_18' title='bbox 306 3743 418 3806; x_wconf 73' lang='lat' dir='ltr'><strong>uusmpdi</strong></span> <span class='ocrx_word' id='word_1_19' title='bbox 441 3755 519 3798; x_wconf 88' lang='lat' dir='ltr'><strong>paro-</strong></span> 
     </span>
     <span class='ocr_line' id='line_1_8' title="bbox 306 3795 519 3845; baseline 0.014 -3"><span class='ocrx_word' id='word_1_20' title='bbox 306 3795 519 3845; x_wconf 85' lang='lat' dir='ltr'><strong>ebratxumexem·</strong></span> 
     </span>
     <span class='ocr_line' id='line_1_9' title="bbox 306 3852 417 3906; baseline 0 -12"><span class='ocrx_word' id='word_1_21' title='bbox 306 3852 417 3906; x_wconf 88' lang='lat' dir='ltr'><strong>ptarum.</strong></span> 
     </span>
    </p>
   </div>
   <div class='ocr_carea' id='block_1_3' title="bbox 306 4504 531 4710">
    <p class='ocr_par' dir='ltr' id='par_1_4' title="bbox 306 4504 531 4710">
     <span class='ocr_line' id='line_1_10' title="bbox 331 4504 519 4550; baseline 0.011 -1"><span class='ocrx_word' id='word_1_22' title='bbox 331 4505 394 4549; x_wconf 86' lang='lat' dir='ltr'><strong>ilem</strong></span> <span class='ocrx_word' id='word_1_23' title='bbox 410 4504 450 4550; x_wconf 88' lang='lat' dir='ltr'><strong>ius</strong></span> <span class='ocrx_word' id='word_1_24' title='bbox 465 4516 519 4550; x_wconf 88' lang='lat' dir='ltr'><strong>exa·</strong></span> 
     </span>
     <span class='ocr_line' id='line_1_11' title="bbox 306 4557 531 4620; baseline -0.018 -17"><span class='ocrx_word' id='word_1_25' title='bbox 306 4557 465 4620; x_wconf 25' lang='lat' dir='ltr'><strong>minandtuet</strong></span> <span class='ocrx_word' id='word_1_26' title='bbox 479 4569 531 4614; x_wconf 56' lang='lat' dir='ltr'><strong>apa</strong></span> 
     </span>
     <span class='ocr_line' id='line_1_12' title="bbox 307 4611 519 4710; baseline 0.014 -55"><span class='ocrx_word' id='word_1_27' title='bbox 307 4611 434 4710; x_wconf 46' lang='lat' dir='ltr'><strong>gffiffinm</strong></span> <span class='ocrx_word' id='word_1_28' title='bbox 449 4623 519 4668; x_wconf 88' lang='lat' dir='ltr'><strong>paro·</strong></span> 
     </span>
    </p>
   </div>
   <div class='ocr_carea' id='block_1_4' title="bbox 539 687 1285 1401">
    <p class='ocr_par' dir='ltr' id='par_1_5' title="bbox 539 687 1285 1401">
     <span class='ocr_line' id='line_1_13' title="bbox 540 687 1283 766; baseline -0.001 -15"><span class='ocrx_word' id='word_1_29' title='bbox 540 689 737 751; x_wconf 91' lang='lat' dir='ltr'><strong>decernimus</strong></span> <span class='ocrx_word' id='word_1_30' title='bbox 765 687 918 763; x_wconf 83' lang='lat' dir='ltr'><strong>sulficere,</strong></span> <span class='ocrx_word' id='word_1_31' title='bbox 949 687 1030 766; x_wconf 94' lang='lat' dir='ltr'><strong>quod</strong></span> <span class='ocrx_word' id='word_1_32' title='bbox 1057 688 1283 750; x_wconf 87' lang='lat' dir='ltr'><strong>monasterium</strong></span> 
     </span>
     <span class='ocr_line' id='line_1_14' title="bbox 539 780 1284 860; baseline -0.001 -17"><span class='ocrx_word' id='word_1_33' title='bbox 539 797 594 843; x_wconf 90' lang='lat' dir='ltr'><strong>seu</strong></span> <span class='ocrx_word' id='word_1_34' title='bbox 616 780 726 843; x_wconf 91' lang='lat' dir='ltr'><strong>domus</strong></span> <span class='ocrx_word' id='word_1_35' title='bbox 747 782 786 842; x_wconf 91' lang='lat' dir='ltr'><strong>sit</strong></span> <span class='ocrx_word' id='word_1_36' title='bbox 807 780 958 842; x_wconf 89' lang='lat' dir='ltr'><strong>ordinaria</strong></span> <span class='ocrx_word' id='word_1_37' title='bbox 981 787 1012 841; x_wconf 88' lang='lat' dir='ltr'><strong>et</strong></span> <span class='ocrx_word' id='word_1_38' title='bbox 1038 780 1213 860; x_wconf 90' lang='lat' dir='ltr'><strong>principalis</strong></span> <span class='ocrx_word' id='word_1_39' title='bbox 1238 797 1284 843; x_wconf 93' lang='lat' dir='ltr'><strong>se-</strong></span> 
     </span>
     <span class='ocr_line' id='line_1_15' title="bbox 540 873 1284 952; baseline -0.001 -15"><span class='ocrx_word' id='word_1_40' title='bbox 540 876 591 937; x_wconf 86' lang='lat' dir='ltr'><strong>des</strong></span> <span class='ocrx_word' id='word_1_41' title='bbox 613 873 781 952; x_wconf 91' lang='lat' dir='ltr'><strong>superioris</strong></span> <span class='ocrx_word' id='word_1_42' title='bbox 802 874 971 950; x_wconf 81' lang='lat' dir='ltr'><strong>generalis3</strong></span> <span class='ocrx_word' id='word_1_43' title='bbox 995 881 1087 952; x_wconf 90' lang='lat' dir='ltr'><strong>prout</strong></span> <span class='ocrx_word' id='word_1_44' title='bbox 1109 891 1125 935; x_wconf 91' lang='lat' dir='ltr'><strong>a</strong></span> <span class='ocrx_word' id='word_1_45' title='bbox 1148 875 1284 950; x_wconf 85' lang='lat' dir='ltr'><strong>Congre-</strong></span> 
     </span>
     <span class='ocr_line' id='line_1_16' title="bbox 539 965 1282 1044; baseline 0 -18"><span class='ocrx_word' id='word_1_46' title='bbox 539 967 663 1043; x_wconf 88' lang='lat' dir='ltr'><strong>gatioue</strong></span> <span class='ocrx_word' id='word_1_47' title='bbox 684 965 813 1028; x_wconf 74' lang='lat' dir='ltr'><strong>concilii</strong></span> <span class='ocrx_word' id='word_1_48' title='bbox 828 973 1007 1028; x_wconf 71' lang='lat' dir='ltr'>constanter</span> <span class='ocrx_word' id='word_1_49' title='bbox 1028 966 1195 1028; x_wconf 88' lang='lat' dir='ltr'><strong>iudicatum</strong></span> <span class='ocrx_word' id='word_1_50' title='bbox 1211 965 1282 1044; x_wconf 88' lang='lat' dir='ltr'><strong>luit;</strong></span> 
     </span>
     <span class='ocr_line' id='line_1_17' title="bbox 539 1058 1285 1137; baseline 0.003 -17"><span class='ocrx_word' id='word_1_51' title='bbox 539 1075 637 1137; x_wconf 91' lang='lat' dir='ltr'><strong>quum</strong></span> <span class='ocrx_word' id='word_1_52' title='bbox 659 1058 751 1120; x_wconf 84' lang='lat' dir='ltr'><strong>verba</strong></span> <span class='ocrx_word' id='word_1_53' title='bbox 781 1059 971 1134; x_wconf 73' lang='lat' dir='ltr'><strong>Tridentini,</strong></span> <span class='ocrx_word' id='word_1_54' title='bbox 995 1060 1032 1121; x_wconf 93' lang='lat' dir='ltr'><strong>de</strong></span> <span class='ocrx_word' id='word_1_55' title='bbox 1055 1061 1210 1137; x_wconf 81' lang='lat' dir='ltr'><strong>Capitibus</strong></span> <span class='ocrx_word' id='word_1_56' title='bbox 1231 1060 1285 1124; x_wconf 92' lang='lat' dir='ltr'><strong>Or-</strong></span> 
     </span>
     <span class='ocr_line' id='line_1_18' title="bbox 539 1151 1285 1231; baseline 0.003 -17"><span class='ocrx_word' id='word_1_57' title='bbox 539 1153 648 1214; x_wconf 92' lang='lat' dir='ltr'><strong>diuum</strong></span> <span class='ocrx_word' id='word_1_58' title='bbox 671 1151 837 1230; x_wconf 90' lang='lat' dir='ltr'><strong>loquentis,</strong></span> <span class='ocrx_word' id='word_1_59' title='bbox 861 1167 923 1212; x_wconf 92' lang='lat' dir='ltr'><strong>uon</strong></span> <span class='ocrx_word' id='word_1_60' title='bbox 946 1152 981 1214; x_wconf 93' lang='lat' dir='ltr'><strong>ad</strong></span> <span class='ocrx_word' id='word_1_61' title='bbox 1004 1152 1141 1225; x_wconf 88' lang='lat' dir='ltr'><strong>loca‚sed</strong></span> <span class='ocrx_word' id='word_1_62' title='bbox 1165 1155 1200 1215; x_wconf 93' lang='lat' dir='ltr'><strong>ad</strong></span> <span class='ocrx_word' id='word_1_63' title='bbox 1217 1170 1285 1231; x_wconf 88' lang='lat' dir='ltr'><strong>per·</strong></span> 
     </span>
     <span class='ocr_line' id='line_1_19' title="bbox 539 1243 1285 1322; baseline 0.003 -16"><span class='ocrx_word' id='word_1_64' title='bbox 539 1261 629 1308; x_wconf 90' lang='lat' dir='ltr'><strong>sonas</strong></span> <span class='ocrx_word' id='word_1_65' title='bbox 651 1243 829 1322; x_wconf 88' lang='lat' dir='ltr'><strong>praesulum</strong></span> <span class='ocrx_word' id='word_1_66' title='bbox 850 1244 1044 1321; x_wconf 80' lang='lat' dir='ltr'><strong>regularium</strong></span> <span class='ocrx_word' id='word_1_67' title='bbox 1066 1246 1098 1307; x_wconf 93' lang='lat' dir='ltr'><strong>iu</strong></span> <span class='ocrx_word' id='word_1_68' title='bbox 1115 1246 1187 1308; x_wconf 92' lang='lat' dir='ltr'><strong>locis</strong></span> <span class='ocrx_word' id='word_1_69' title='bbox 1209 1247 1285 1308; x_wconf 92' lang='lat' dir='ltr'><strong>resi-</strong></span> 
     </span>
     <span class='ocr_line' id='line_1_20' title="bbox 540 1337 891 1401; baseline -0.006 -2"><span class='ocrx_word' id='word_1_70' title='bbox 540 1337 683 1400; x_wconf 87' lang='lat' dir='ltr'><strong>dentium</strong></span> <span class='ocrx_word' id='word_1_71' title='bbox 705 1337 891 1401; x_wconf 80' lang='lat' dir='ltr'><strong>reserantur.</strong></span> 
     </span>
    </p>
   </div>
   <div class='ocr_carea' id='block_1_5' title="bbox 307 1429 1285 1538">
    <p class='ocr_par' dir='ltr' id='par_1_6' title="bbox 307 1429 1285 1538">
     <span class='ocr_line' id='line_1_21' title="bbox 307 1429 1285 1538; baseline 0.016 -56"><span class='ocrx_word' id='word_1_72' title='bbox 307 1437 521 1538; x_wconf 42' lang='lat' dir='ltr'><strong>eeclgsarocltlrfflgg</strong></span> <span class='ocrx_word' id='word_1_73' title='bbox 579 1431 598 1506; x_wconf 70' lang='lat'>5</span> <span class='ocrx_word' id='word_1_74' title='bbox 622 1431 667 1492; x_wconf 78' lang='lat' dir='ltr'><strong>lb.</strong></span> <span class='ocrx_word' id='word_1_75' title='bbox 686 1429 789 1494; x_wconf 84' lang='lat' dir='ltr'><strong>Tertio</strong></span> <span class='ocrx_word' id='word_1_76' title='bbox 804 1433 936 1495; x_wconf 89' lang='lat' dir='ltr'><strong>dubitari</strong></span> <span class='ocrx_word' id='word_1_77' title='bbox 953 1435 1168 1511; x_wconf 63' lang='lat' dir='ltr'><strong>contingitur</strong></span> <span class='ocrx_word' id='word_1_78' title='bbox 1181 1451 1285 1497; x_wconf 90' lang='lat' dir='ltr'><strong>exem·</strong></span> 
     </span>
    </p>
   </div>
   <div class='ocr_carea' id='block_1_6' title="bbox 306 1524 1283 1864">
    <p class='ocr_par' dir='ltr' id='par_1_7' title="bbox 306 1524 1283 1864">
     <span class='ocr_line' id='line_1_22' title="bbox 307 1524 1283 1608; baseline 0.003 -21"><span class='ocrx_word' id='word_1_79' title='bbox 307 1545 471 1608; x_wconf 58' lang='lat' dir='ltr'><strong>monasterus</strong></span> <span class='ocrx_word' id='word_1_80' title='bbox 487 1555 521 1589; x_wconf 68' lang='lat' dir='ltr'><strong>aa</strong></span> <span class='ocrx_word' id='word_1_81' title='bbox 540 1525 603 1601; x_wconf 94' lang='lat' dir='ltr'><strong>ptio</strong></span> <span class='ocrx_word' id='word_1_82' title='bbox 625 1524 662 1584; x_wconf 90' lang='lat' dir='ltr'><strong>ab</strong></span> <span class='ocrx_word' id='word_1_83' title='bbox 683 1525 823 1603; x_wconf 80' lang='lat' dir='ltr'><strong>Episcopi</strong></span> <span class='ocrx_word' id='word_1_84' title='bbox 838 1525 1027 1600; x_wconf 88' lang='lat' dir='ltr'><strong>visitatione,</strong></span> <span class='ocrx_word' id='word_1_85' title='bbox 1044 1544 1138 1605; x_wconf 91' lang='lat' dir='ltr'><strong>quam</strong></span> <span class='ocrx_word' id='word_1_86' title='bbox 1156 1529 1283 1591; x_wconf 88' lang='lat' dir='ltr'><strong>Triden-</strong></span> 
     </span>
     <span class='ocr_line' id='line_1_23' title="bbox 306 1757 520 1811; baseline 0.009 -11"><span class='ocrx_word' id='word_1_87' title='bbox 306 1757 418 1811; x_wconf 84' lang='lat' dir='ltr'><strong>gaudere</strong></span> <span class='ocrx_word' id='word_1_88' title='bbox 436 1767 520 1802; x_wconf 81' lang='lat' dir='ltr'><strong>exem·</strong></span> 
     </span>
     <span class='ocr_line' id='line_1_24' title="bbox 307 1809 402 1864; baseline -0.021 -9"><span class='ocrx_word' id='word_1_89' title='bbox 307 1809 402 1864; x_wconf 83' lang='lat' dir='ltr'><strong>pttoua.</strong></span> 
     </span>
    </p>
   </div>
   <div class='ocr_carea' id='block_1_7' title="bbox 538 1615 1285 3455">
    <p class='ocr_par' dir='ltr' id='par_1_8' title="bbox 538 1615 1285 3455">
     <span class='ocr_line' id='line_1_25' title="bbox 542 1615 1284 1696; baseline 0.004 -19"><span class='ocrx_word' id='word_1_90' title='bbox 542 1615 605 1677; x_wconf 93' lang='lat' dir='ltr'><strong>tina</strong></span> <span class='ocrx_word' id='word_1_91' title='bbox 627 1615 780 1696; x_wconf 76' lang='lat' dir='ltr'><strong>synodus,</strong></span> <span class='ocrx_word' id='word_1_92' title='bbox 804 1626 963 1695; x_wconf 86' lang='lat' dir='ltr'><strong>utsupra,</strong></span> <span class='ocrx_word' id='word_1_93' title='bbox 986 1619 1127 1681; x_wconf 87' lang='lat' dir='ltr'><strong>concedit</strong></span> <span class='ocrx_word' id='word_1_94' title='bbox 1149 1620 1284 1682; x_wconf 88' lang='lat' dir='ltr'><strong>ecclesiis</strong></span> 
     </span>
     <span class='ocr_line' id='line_1_26' title="bbox 539 1708 1283 1788; baseline 0.007 -18"><span class='ocrx_word' id='word_1_95' title='bbox 539 1708 763 1788; x_wconf 80' lang='lat' dir='ltr'><strong>parochialibus</strong></span> <span class='ocrx_word' id='word_1_96' title='bbox 795 1727 905 1773; x_wconf 91' lang='lat' dir='ltr'><strong>eorum</strong></span> <span class='ocrx_word' id='word_1_97' title='bbox 940 1713 1217 1788; x_wconf 76' lang='lat' dir='ltr'><strong>monasteriorum,</strong></span> <span class='ocrx_word' id='word_1_98' title='bbox 1251 1714 1283 1775; x_wconf 89' lang='lat' dir='ltr'><strong>iu</strong></span> 
     </span>
     <span class='ocr_line' id='line_1_27' title="bbox 539 1804 1284 1882; baseline 0.004 -17"><span class='ocrx_word' id='word_1_99' title='bbox 539 1804 651 1882; x_wconf 91' lang='lat' dir='ltr'><strong>quibus</strong></span> <span class='ocrx_word' id='word_1_100' title='bbox 673 1804 810 1866; x_wconf 89' lang='lat' dir='ltr'><strong>resident</strong></span> <span class='ocrx_word' id='word_1_101' title='bbox 832 1805 953 1867; x_wconf 86' lang='lat' dir='ltr'><strong>abbates</strong></span> <span class='ocrx_word' id='word_1_102' title='bbox 974 1805 1136 1882; x_wconf 78' lang='lat' dir='ltr'><strong>generales</strong></span> <span class='ocrx_word' id='word_1_103' title='bbox 1163 1814 1216 1869; x_wconf 91' lang='lat' dir='ltr'><strong>aut</strong></span> <span class='ocrx_word' id='word_1_104' title='bbox 1238 1823 1284 1868; x_wconf 90' lang='lat' dir='ltr'><strong>ca·</strong></span> 
     </span>
     <span class='ocr_line' id='line_1_28' title="bbox 539 1897 1283 1978; baseline 0.003 -20"><span class='ocrx_word' id='word_1_105' title='bbox 539 1899 601 1976; x_wconf 91' lang='lat' dir='ltr'><strong>pita</strong></span> <span class='ocrx_word' id='word_1_106' title='bbox 622 1897 779 1973; x_wconf 90' lang='lat' dir='ltr'><strong>ordinum,</strong></span> <span class='ocrx_word' id='word_1_107' title='bbox 802 1897 837 1959; x_wconf 91' lang='lat' dir='ltr'><strong>ad</strong></span> <span class='ocrx_word' id='word_1_108' title='bbox 860 1900 932 1958; x_wconf 90' lang='lat' dir='ltr'><strong>alias</strong></span> <span class='ocrx_word' id='word_1_109' title='bbox 954 1915 1078 1978; x_wconf 89' lang='lat' dir='ltr'><strong>quoque</strong></span> <span class='ocrx_word' id='word_1_110' title='bbox 1096 1900 1283 1977; x_wconf 85' lang='lat' dir='ltr'><strong>parochiales</strong></span> 
     </span>
     <span class='ocr_line' id='line_1_29' title="bbox 539 1991 1283 2070; baseline 0 -16"><span class='ocrx_word' id='word_1_111' title='bbox 539 1993 735 2066; x_wconf 81' lang='lat' dir='ltr'><strong>exlcudatur,</strong></span> <span class='ocrx_word' id='word_1_112' title='bbox 748 2008 827 2068; x_wconf 92' lang='lat' dir='ltr'><strong>quae</strong></span> <span class='ocrx_word' id='word_1_113' title='bbox 838 1991 999 2070; x_wconf 91' lang='lat' dir='ltr'><strong>praedictis</strong></span> <span class='ocrx_word' id='word_1_114' title='bbox 1008 1993 1202 2055; x_wconf 89' lang='lat' dir='ltr'><strong>monasteriis</strong></span> <span class='ocrx_word' id='word_1_115' title='bbox 1214 1994 1283 2054; x_wconf 89' lang='lat' dir='ltr'><strong>uni·</strong></span> 
     </span>
     <span class='ocr_line' id='line_1_30' title="bbox 540 2085 1283 2166; baseline 0 -20"><span class='ocrx_word' id='word_1_116' title='bbox 540 2093 588 2146; x_wconf 91' lang='lat' dir='ltr'><strong>tae</strong></span> <span class='ocrx_word' id='word_1_117' title='bbox 608 2093 683 2147; x_wconf 90' lang='lat' dir='ltr'><strong>sont</strong></span> <span class='ocrx_word' id='word_1_118' title='bbox 694 2093 724 2147; x_wconf 89' lang='lat' dir='ltr'><strong>et</strong></span> <span class='ocrx_word' id='word_1_119' title='bbox 739 2085 776 2146; x_wconf 95' lang='lat' dir='ltr'><strong>ab</strong></span> <span class='ocrx_word' id='word_1_120' title='bbox 786 2085 903 2145; x_wconf 90' lang='lat' dir='ltr'><strong>eisdem</strong></span> <span class='ocrx_word' id='word_1_121' title='bbox 915 2087 1101 2164; x_wconf 90' lang='lat' dir='ltr'><strong>dependent.</strong></span> <span class='ocrx_word' id='word_1_122' title='bbox 1114 2086 1172 2148; x_wconf 90' lang='lat' dir='ltr'><strong>Sed</strong></span> <span class='ocrx_word' id='word_1_123' title='bbox 1185 2102 1283 2166; x_wconf 89' lang='lat' dir='ltr'><strong>quum</strong></span> 
     </span>
     <span class='ocr_line' id='line_1_31' title="bbox 539 2177 1284 2242; baseline 0.003 -2"><span class='ocrx_word' id='word_1_124' title='bbox 539 2180 576 2240; x_wconf 92' lang='lat' dir='ltr'><strong>de</strong></span> <span class='ocrx_word' id='word_1_125' title='bbox 597 2177 663 2240; x_wconf 90' lang='lat' dir='ltr'><strong>aliis</strong></span> <span class='ocrx_word' id='word_1_126' title='bbox 686 2179 768 2240; x_wconf 90' lang='lat' dir='ltr'><strong>bisce</strong></span> <span class='ocrx_word' id='word_1_127' title='bbox 788 2177 925 2240; x_wconf 87' lang='lat' dir='ltr'><strong>ecclesiis</strong></span> <span class='ocrx_word' id='word_1_128' title='bbox 954 2180 1051 2242; x_wconf 93' lang='lat' dir='ltr'><strong>unitis</strong></span> <span class='ocrx_word' id='word_1_129' title='bbox 1074 2187 1192 2242; x_wconf 84' lang='lat' dir='ltr'><strong>taceant</strong></span> <span class='ocrx_word' id='word_1_130' title='bbox 1212 2196 1284 2242; x_wconf 92' lang='lat' dir='ltr'><strong>con·</strong></span> 
     </span>
     <span class='ocr_line' id='line_1_32' title="bbox 538 2271 1283 2350; baseline -0.001 -17"><span class='ocrx_word' id='word_1_131' title='bbox 538 2271 650 2334; x_wconf 90' lang='lat' dir='ltr'><strong>ciliaria</strong></span> <span class='ocrx_word' id='word_1_132' title='bbox 672 2273 809 2346; x_wconf 90' lang='lat' dir='ltr'><strong>decreta,</strong></span> <span class='ocrx_word' id='word_1_133' title='bbox 833 2287 936 2350; x_wconf 90' lang='lat' dir='ltr'><strong>neque</strong></span> <span class='ocrx_word' id='word_1_134' title='bbox 957 2288 1050 2350; x_wconf 89' lang='lat' dir='ltr'><strong>porro</strong></span> <span class='ocrx_word' id='word_1_135' title='bbox 1077 2274 1183 2334; x_wconf 90' lang='lat' dir='ltr'><strong>eadem</strong></span> <span class='ocrx_word' id='word_1_136' title='bbox 1205 2273 1283 2334; x_wconf 93' lang='lat' dir='ltr'><strong>ratio</strong></span> 
     </span>
     <span class='ocr_line' id='line_1_33' title="bbox 538 2364 1283 2426; baseline 0.003 -2"><span class='ocrx_word' id='word_1_137' title='bbox 538 2364 665 2425; x_wconf 93' lang='lat' dir='ltr'><strong>honoris</strong></span> <span class='ocrx_word' id='word_1_138' title='bbox 686 2364 845 2426; x_wconf 91' lang='lat' dir='ltr'><strong>cuiusdam</strong></span> <span class='ocrx_word' id='word_1_139' title='bbox 860 2373 892 2426; x_wconf 92' lang='lat' dir='ltr'><strong>et</strong></span> <span class='ocrx_word' id='word_1_140' title='bbox 913 2365 1106 2426; x_wconf 87' lang='lat' dir='ltr'><strong>reverentiae</strong></span> <span class='ocrx_word' id='word_1_141' title='bbox 1127 2365 1283 2426; x_wconf 88' lang='lat' dir='ltr'><strong>habendae</strong></span> 
     </span>
     <span class='ocr_line' id='line_1_34' title="bbox 538 2456 1284 2535; baseline 0.003 -19"><span class='ocrx_word' id='word_1_142' title='bbox 538 2471 610 2532; x_wconf 92' lang='lat' dir='ltr'><strong>erga</strong></span> <span class='ocrx_word' id='word_1_143' title='bbox 631 2456 806 2534; x_wconf 86' lang='lat' dir='ltr'><strong>superiores</strong></span> <span class='ocrx_word' id='word_1_144' title='bbox 822 2458 969 2519; x_wconf 90' lang='lat' dir='ltr'><strong>ordinum</strong></span> <span class='ocrx_word' id='word_1_145' title='bbox 984 2457 1145 2534; x_wconf 83' lang='lat' dir='ltr'><strong>generales</strong></span> <span class='ocrx_word' id='word_1_146' title='bbox 1167 2457 1199 2518; x_wconf 97' lang='lat' dir='ltr'><strong>in</strong></span> <span class='ocrx_word' id='word_1_147' title='bbox 1214 2473 1284 2535; x_wconf 93' lang='lat' dir='ltr'><strong>pro·</strong></span> 
     </span>
     <span class='ocr_line' id='line_1_35' title="bbox 540 2548 1282 2626; baseline 0.001 -17"><span class='ocrx_word' id='word_1_148' title='bbox 540 2550 612 2626; x_wconf 88' lang='lat' dir='ltr'><strong>prlis</strong></span> <span class='ocrx_word' id='word_1_149' title='bbox 634 2548 829 2610; x_wconf 89' lang='lat' dir='ltr'><strong>monasteriis</strong></span> <span class='ocrx_word' id='word_1_150' title='bbox 857 2550 908 2612; x_wconf 84' lang='lat' dir='ltr'><strong>vel</strong></span> <span class='ocrx_word' id='word_1_151' title='bbox 933 2551 1069 2612; x_wconf 88' lang='lat' dir='ltr'><strong>ecclesiis</strong></span> <span class='ocrx_word' id='word_1_152' title='bbox 1100 2550 1282 2625; x_wconf 82' lang='lat' dir='ltr'><strong>residentes,</strong></span> 
     </span>
     <span class='ocr_line' id='line_1_36' title="bbox 539 2641 1282 2720; baseline 0.003 -18"><span class='ocrx_word' id='word_1_153' title='bbox 539 2641 642 2703; x_wconf 91' lang='lat' dir='ltr'><strong>locum</strong></span> <span class='ocrx_word' id='word_1_154' title='bbox 659 2642 767 2704; x_wconf 89' lang='lat' dir='ltr'><strong>habeat</strong></span> <span class='ocrx_word' id='word_1_155' title='bbox 783 2643 814 2703; x_wconf 91' lang='lat' dir='ltr'><strong>in</strong></span> <span class='ocrx_word' id='word_1_156' title='bbox 832 2642 898 2704; x_wconf 87' lang='lat' dir='ltr'><strong>aliis</strong></span> <span class='ocrx_word' id='word_1_157' title='bbox 914 2643 1150 2720; x_wconf 88' lang='lat' dir='ltr'><strong>parochialibus,</strong></span> <span class='ocrx_word' id='word_1_158' title='bbox 1166 2644 1282 2706; x_wconf 90' lang='lat' dir='ltr'><strong>eisdem</strong></span> 
     </span>
     <span class='ocr_line' id='line_1_37' title="bbox 539 2735 1282 2814; baseline 0.007 -20"><span class='ocrx_word' id='word_1_159' title='bbox 539 2735 754 2809; x_wconf 86' lang='lat' dir='ltr'><strong>monasteriis,</strong></span> <span class='ocrx_word' id='word_1_160' title='bbox 783 2742 818 2796; x_wconf 92' lang='lat' dir='ltr'><strong>ut</strong></span> <span class='ocrx_word' id='word_1_161' title='bbox 849 2735 1035 2813; x_wconf 80' lang='lat' dir='ltr'><strong>praefertur,</strong></span> <span class='ocrx_word' id='word_1_162' title='bbox 1058 2737 1174 2813; x_wconf 78' lang='lat' dir='ltr'><strong>uuitis3</strong></span> <span class='ocrx_word' id='word_1_163' title='bbox 1202 2737 1282 2814; x_wconf 93' lang='lat' dir='ltr'><strong>quod</strong></span> 
     </span>
     <span class='ocr_line' id='line_1_38' title="bbox 540 2825 1283 2904; baseline 0.005 -17"><span class='ocrx_word' id='word_1_164' title='bbox 540 2825 658 2904; x_wconf 88' lang='lat' dir='ltr'><strong>pluries</strong></span> <span class='ocrx_word' id='word_1_165' title='bbox 684 2827 889 2904; x_wconf 82' lang='lat' dir='ltr'><strong>uongrcgatto</strong></span> <span class='ocrx_word' id='word_1_166' title='bbox 917 2827 1048 2890; x_wconf 78' lang='lat' dir='ltr'><strong>concilii</strong></span> <span class='ocrx_word' id='word_1_167' title='bbox 1069 2829 1203 2904; x_wconf 89' lang='lat' dir='ltr'><strong>censuit,</strong></span> <span class='ocrx_word' id='word_1_168' title='bbox 1227 2830 1283 2891; x_wconf 91' lang='lat' dir='ltr'><strong>bu·</strong></span> 
     </span>
     <span class='ocr_line' id='line_1_39' title="bbox 540 2917 1284 3003; baseline 0.005 -24"><span class='ocrx_word' id='word_1_169' title='bbox 540 2917 673 2980; x_wconf 89' lang='lat' dir='ltr'><strong>iusmodi</strong></span> <span class='ocrx_word' id='word_1_170' title='bbox 701 2918 819 2981; x_wconf 87' lang='lat' dir='ltr'><strong>scilicet</strong></span> <span class='ocrx_word' id='word_1_171' title='bbox 850 2920 990 3003; x_wconf 83' lang='lat' dir='ltr'><strong>ecclesias</strong></span> <span class='ocrx_word' id='word_1_172' title='bbox 1017 2921 1120 2982; x_wconf 90' lang='lat' dir='ltr'><strong>unitas</strong></span> <span class='ocrx_word' id='word_1_173' title='bbox 1152 2921 1284 2983; x_wconf 90' lang='lat' dir='ltr'><strong>minime</strong></span> 
     </span>
     <span class='ocr_line' id='line_1_40' title="bbox 540 3011 1284 3088; baseline 0.005 -17"><span class='ocrx_word' id='word_1_174' title='bbox 540 3017 698 3088; x_wconf 90' lang='lat' dir='ltr'><strong>exemptas</strong></span> <span class='ocrx_word' id='word_1_175' title='bbox 720 3027 815 3073; x_wconf 90' lang='lat' dir='ltr'><strong>essea</strong></span> <span class='ocrx_word' id='word_1_176' title='bbox 838 3011 1052 3074; x_wconf 91' lang='lat' dir='ltr'><strong>iurisdictione</strong></span> <span class='ocrx_word' id='word_1_177' title='bbox 1063 3022 1095 3075; x_wconf 91' lang='lat' dir='ltr'><strong>et</strong></span> <span class='ocrx_word' id='word_1_178' title='bbox 1106 3013 1284 3076; x_wconf 86' lang='lat' dir='ltr'><strong>visitatione</strong></span> 
     </span>
     <span class='ocr_line' id='line_1_41' title="bbox 540 3103 1285 3183; baseline 0.003 -19"><span class='ocrx_word' id='word_1_179' title='bbox 540 3103 691 3181; x_wconf 84' lang='lat' dir='ltr'><strong>Episcopi,</strong></span> <span class='ocrx_word' id='word_1_180' title='bbox 714 3103 857 3182; x_wconf 88' lang='lat' dir='ltr'><strong>quamvis</strong></span> <span class='ocrx_word' id='word_1_181' title='bbox 872 3103 943 3166; x_wconf 89' lang='lat' dir='ltr'><strong>illae</strong></span> <span class='ocrx_word' id='word_1_182' title='bbox 964 3123 979 3166; x_wconf 89' lang='lat' dir='ltr'><strong>a</strong></span> <span class='ocrx_word' id='word_1_183' title='bbox 1001 3106 1141 3183; x_wconf 93' lang='lat' dir='ltr'><strong>parochis</strong></span> <span class='ocrx_word' id='word_1_184' title='bbox 1163 3107 1285 3183; x_wconf 87' lang='lat' dir='ltr'><strong>regula-</strong></span> 
     </span>
     <span class='ocr_line' id='line_1_42' title="bbox 538 3195 1284 3278; baseline 0.005 -22"><span class='ocrx_word' id='word_1_185' title='bbox 538 3195 624 3257; x_wconf 91' lang='lat' dir='ltr'><strong>ribus</strong></span> <span class='ocrx_word' id='word_1_186' title='bbox 635 3195 938 3272; x_wconf 88' lang='lat' dir='ltr'><strong>administrarentur,</strong></span> <span class='ocrx_word' id='word_1_187' title='bbox 951 3197 980 3260; x_wconf 95' lang='lat' dir='ltr'><strong>id</strong></span> <span class='ocrx_word' id='word_1_188' title='bbox 996 3198 1097 3276; x_wconf 91' lang='lat' dir='ltr'><strong>ipsum</strong></span> <span class='ocrx_word' id='word_1_189' title='bbox 1113 3215 1180 3274; x_wconf 93' lang='lat' dir='ltr'><strong>nos,</strong></span> <span class='ocrx_word' id='word_1_190' title='bbox 1198 3216 1284 3278; x_wconf 91' lang='lat' dir='ltr'><strong>prae·</strong></span> 
     </span>
     <span class='ocr_line' id='line_1_43' title="bbox 538 3287 1284 3364; baseline 0.008 -16"><span class='ocrx_word' id='word_1_191' title='bbox 538 3287 636 3350; x_wconf 89' lang='lat' dir='ltr'><strong>dictae</strong></span> <span class='ocrx_word' id='word_1_192' title='bbox 657 3290 907 3364; x_wconf 89' lang='lat' dir='ltr'><strong>congregationis</strong></span> <span class='ocrx_word' id='word_1_193' title='bbox 921 3291 1163 3355; x_wconf 88' lang='lat' dir='ltr'><strong>resolutionibus</strong></span> <span class='ocrx_word' id='word_1_194' title='bbox 1179 3291 1284 3354; x_wconf 90' lang='lat' dir='ltr'><strong>inbae-</strong></span> 
     </span>
     <span class='ocr_line' id='line_1_44' title="bbox 540 3382 1181 3455; baseline 0.009 -14"><span class='ocrx_word' id='word_1_195' title='bbox 540 3389 656 3455; x_wconf 90' lang='lat' dir='ltr'><strong>reutes,</strong></span> <span class='ocrx_word' id='word_1_196' title='bbox 680 3382 877 3444; x_wconf 91' lang='lat' dir='ltr'><strong>deceruimus</strong></span> <span class='ocrx_word' id='word_1_197' title='bbox 900 3391 930 3446; x_wconf 93' lang='lat' dir='ltr'><strong>et</strong></span> <span class='ocrx_word' id='word_1_198' title='bbox 951 3385 1181 3448; x_wconf 90' lang='lat' dir='ltr'><strong>constituimus.</strong></span> 
     </span>
    </p>
   </div>
   <div class='ocr_carea' id='block_1_8' title="bbox 537 3477 1286 5517">
    <p class='ocr_par' dir='ltr' id='par_1_9' title="bbox 537 3477 1286 5517">
     <span class='ocr_line' id='line_1_45' title="bbox 578 3477 1284 3558; baseline 0.008 -20"><span class='ocrx_word' id='word_1_199' title='bbox 578 3477 597 3551; x_wconf 64' lang='grc' dir='ltr'><strong>ἓ</strong></span> <span class='ocrx_word' id='word_1_200' title='bbox 621 3477 667 3540; x_wconf 84' lang='lat' dir='ltr'><strong>lb.</strong></span> <span class='ocrx_word' id='word_1_201' title='bbox 690 3480 868 3556; x_wconf 89' lang='lat' dir='ltr'><strong>Quaesitum</strong></span> <span class='ocrx_word' id='word_1_202' title='bbox 890 3481 948 3543; x_wconf 91' lang='lat' dir='ltr'><strong>luit</strong></span> <span class='ocrx_word' id='word_1_203' title='bbox 970 3491 1079 3558; x_wconf 92' lang='lat' dir='ltr'><strong>quarto</strong></span> <span class='ocrx_word' id='word_1_204' title='bbox 1095 3482 1171 3557; x_wconf 90' lang='lat' dir='ltr'><strong>loco,</strong></span> <span class='ocrx_word' id='word_1_205' title='bbox 1189 3499 1226 3544; x_wconf 90' lang='lat' dir='ltr'><strong>an</strong></span> <span class='ocrx_word' id='word_1_206' title='bbox 1240 3501 1284 3545; x_wconf 93' lang='lat' dir='ltr'><strong>ra·</strong></span> 
     </span>
     <span class='ocr_line' id='line_1_46' title="bbox 540 3572 1284 3655; baseline 0.007 -23"><span class='ocrx_word' id='word_1_207' title='bbox 540 3572 622 3634; x_wconf 91' lang='lat' dir='ltr'><strong>tione</strong></span> <span class='ocrx_word' id='word_1_208' title='bbox 644 3573 878 3651; x_wconf 87' lang='lat' dir='ltr'><strong>exemptionisa</strong></span> <span class='ocrx_word' id='word_1_209' title='bbox 894 3575 1107 3637; x_wconf 89' lang='lat' dir='ltr'><strong>iurisdictione</strong></span> <span class='ocrx_word' id='word_1_210' title='bbox 1130 3577 1284 3655; x_wconf 86' lang='lat' dir='ltr'><strong>Episcopi,</strong></span> 
     </span>
     <span class='ocr_line' id='line_1_47' title="bbox 539 3668 1285 3747; baseline 0.004 -19"><span class='ocrx_word' id='word_1_211' title='bbox 539 3684 617 3744; x_wconf 93' lang='lat' dir='ltr'><strong>quae</strong></span> <span class='ocrx_word' id='word_1_212' title='bbox 638 3668 783 3747; x_wconf 85' lang='lat' dir='ltr'><strong>competit</strong></span> <span class='ocrx_word' id='word_1_213' title='bbox 799 3668 981 3746; x_wconf 89' lang='lat' dir='ltr'><strong>supradictis</strong></span> <span class='ocrx_word' id='word_1_214' title='bbox 1002 3670 1174 3732; x_wconf 89' lang='lat' dir='ltr'><strong>rectoribus</strong></span> <span class='ocrx_word' id='word_1_215' title='bbox 1189 3670 1285 3732; x_wconf 91' lang='lat' dir='ltr'><strong>eccle·</strong></span> 
     </span>
     <span class='ocr_line' id='line_1_48' title="bbox 538 3763 1285 3842; baseline 0.003 -20"><span class='ocrx_word' id='word_1_216' title='bbox 538 3764 652 3824; x_wconf 91' lang='lat' dir='ltr'><strong>siarum</strong></span> <span class='ocrx_word' id='word_1_217' title='bbox 676 3763 923 3825; x_wconf 88' lang='lat' dir='ltr'><strong>residentialium</strong></span> <span class='ocrx_word' id='word_1_218' title='bbox 946 3765 1144 3842; x_wconf 85' lang='lat' dir='ltr'><strong>superiorum</strong></span> <span class='ocrx_word' id='word_1_219' title='bbox 1157 3779 1285 3839; x_wconf 84' lang='lat' dir='ltr'><strong>genera·</strong></span> 
     </span>
     <span class='ocr_line' id='line_1_49' title="bbox 539 3856 1286 3937; baseline 0.004 -20"><span class='ocrx_word' id='word_1_220' title='bbox 539 3856 615 3918; x_wconf 89' lang='lat' dir='ltr'><strong>lium</strong></span> <span class='ocrx_word' id='word_1_221' title='bbox 632 3865 674 3932; x_wconf 88' lang='lat' dir='ltr'><strong>et,</strong></span> <span class='ocrx_word' id='word_1_222' title='bbox 692 3866 818 3937; x_wconf 91' lang='lat' dir='ltr'><strong>propter</strong></span> <span class='ocrx_word' id='word_1_223' title='bbox 840 3859 1023 3920; x_wconf 90' lang='lat' dir='ltr'><strong>eorumdem</strong></span> <span class='ocrx_word' id='word_1_224' title='bbox 1047 3867 1204 3922; x_wconf 89' lang='lat' dir='ltr'><strong>rectorum</strong></span> <span class='ocrx_word' id='word_1_225' title='bbox 1221 3875 1286 3921; x_wconf 92' lang='lat' dir='ltr'><strong>om·</strong></span> 
     </span>
     <span class='ocr_line' id='line_1_50' title="bbox 538 3935 1284 4028; baseline 0.007 -17"><span class='ocrx_word' id='word_1_226' title='bbox 538 3950 697 4012; x_wconf 91' lang='lat' dir='ltr'><strong>nimodam</strong></span> <span class='ocrx_word' id='word_1_227' title='bbox 711 3935 949 4028; x_wconf 78' lang='lat' dir='ltr'><strong>subiectionem,¹</strong></span> <span class='ocrx_word' id='word_1_228' title='bbox 960 3953 1167 4016; x_wconf 88' lang='lat' dir='ltr'><strong>iurisdictioni</strong></span> <span class='ocrx_word' id='word_1_229' title='bbox 1179 3963 1208 4016; x_wconf 90' lang='lat' dir='ltr'><strong>et</strong></span> <span class='ocrx_word' id='word_1_230' title='bbox 1220 3972 1284 4016; x_wconf 92' lang='lat' dir='ltr'><strong>cor·</strong></span> 
     </span>
     <span class='ocr_line' id='line_1_51' title="bbox 537 4045 1285 4124; baseline 0.005 -20"><span class='ocrx_word' id='word_1_231' title='bbox 537 4045 668 4106; x_wconf 92' lang='lat' dir='ltr'><strong>rectioui</strong></span> <span class='ocrx_word' id='word_1_232' title='bbox 694 4045 921 4122; x_wconf 91' lang='lat' dir='ltr'><strong>praedictorum</strong></span> <span class='ocrx_word' id='word_1_233' title='bbox 944 4047 1138 4124; x_wconf 84' lang='lat' dir='ltr'><strong>generalium</strong></span> <span class='ocrx_word' id='word_1_234' title='bbox 1163 4047 1285 4124; x_wconf 92' lang='lat' dir='ltr'><strong>regula·</strong></span> 
     </span>
     <span class='ocr_line' id='line_1_52' title="bbox 537 4138 1285 4216; baseline 0.004 -18"><span class='ocrx_word' id='word_1_235' title='bbox 537 4138 631 4213; x_wconf 90' lang='lat' dir='ltr'><strong>riurn,</strong></span> <span class='ocrx_word' id='word_1_236' title='bbox 646 4139 692 4200; x_wconf 92' lang='lat' dir='ltr'><strong>ius</strong></span> <span class='ocrx_word' id='word_1_237' title='bbox 708 4139 830 4216; x_wconf 87' lang='lat' dir='ltr'><strong>aliquod</strong></span> <span class='ocrx_word' id='word_1_238' title='bbox 847 4147 878 4202; x_wconf 88' lang='lat' dir='ltr'><strong>et</strong></span> <span class='ocrx_word' id='word_1_239' title='bbox 895 4139 1066 4202; x_wconf 88' lang='lat' dir='ltr'><strong>iurisdictio</strong></span> <span class='ocrx_word' id='word_1_240' title='bbox 1084 4141 1230 4202; x_wconf 88' lang='lat' dir='ltr'><strong>attributa</strong></span> <span class='ocrx_word' id='word_1_241' title='bbox 1246 4142 1285 4201; x_wconf 92' lang='lat' dir='ltr'><strong>sit</strong></span> 
     </span>
     <span class='ocr_line' id='line_1_53' title="bbox 538 4230 1285 4310; baseline 0.004 -20"><span class='ocrx_word' id='word_1_242' title='bbox 538 4230 647 4293; x_wconf 91' lang='lat' dir='ltr'><strong>iisdem</strong></span> <span class='ocrx_word' id='word_1_243' title='bbox 665 4233 877 4309; x_wconf 90' lang='lat' dir='ltr'><strong>superioribus</strong></span> <span class='ocrx_word' id='word_1_244' title='bbox 896 4234 1093 4310; x_wconf 88' lang='lat' dir='ltr'><strong>generalibus</strong></span> <span class='ocrx_word' id='word_1_245' title='bbox 1105 4235 1137 4295; x_wconf 91' lang='lat' dir='ltr'><strong>in</strong></span> <span class='ocrx_word' id='word_1_246' title='bbox 1153 4233 1285 4296; x_wconf 90' lang='lat' dir='ltr'><strong>saecula·</strong></span> 
     </span>
     <span class='ocr_line' id='line_1_54' title="bbox 539 4323 1284 4389; baseline 0.007 -6"><span class='ocrx_word' id='word_1_247' title='bbox 539 4338 587 4384; x_wconf 92' lang='lat' dir='ltr'><strong>res</strong></span> <span class='ocrx_word' id='word_1_248' title='bbox 609 4323 745 4386; x_wconf 88' lang='lat' dir='ltr'><strong>subditos</strong></span> <span class='ocrx_word' id='word_1_249' title='bbox 778 4325 954 4388; x_wconf 91' lang='lat' dir='ltr'><strong>huiusmodi</strong></span> <span class='ocrx_word' id='word_1_250' title='bbox 988 4327 1187 4389; x_wconf 91' lang='lat' dir='ltr'><strong>ecclesiarum</strong></span> <span class='ocrx_word' id='word_1_251' title='bbox 1218 4327 1284 4388; x_wconf 89' lang='lat' dir='ltr'><strong>sive</strong></span> 
     </span>
     <span class='ocr_line' id='line_1_55' title="bbox 539 4419 1282 4497; baseline 0.008 -22"><span class='ocrx_word' id='word_1_252' title='bbox 539 4419 754 4497; x_wconf 90' lang='lat' dir='ltr'><strong>parochianos;</strong></span> <span class='ocrx_word' id='word_1_253' title='bbox 771 4436 809 4480; x_wconf 87' lang='lat' dir='ltr'><strong>an</strong></span> <span class='ocrx_word' id='word_1_254' title='bbox 825 4434 899 4480; x_wconf 90' lang='lat' dir='ltr'><strong>vero</strong></span> <span class='ocrx_word' id='word_1_255' title='bbox 915 4420 1080 4482; x_wconf 88' lang='lat' dir='ltr'><strong>dicendum</strong></span> <span class='ocrx_word' id='word_1_256' title='bbox 1092 4421 1132 4482; x_wconf 84' lang='lat' dir='ltr'><strong>sit</strong></span> <span class='ocrx_word' id='word_1_257' title='bbox 1144 4421 1191 4482; x_wconf 90' lang='lat' dir='ltr'><strong>ios</strong></span> <span class='ocrx_word' id='word_1_258' title='bbox 1203 4421 1282 4482; x_wconf 91' lang='lat' dir='ltr'><strong>istud</strong></span> 
     </span>
     <span class='ocr_line' id='line_1_56' title="bbox 538 4513 1285 4593; baseline 0.003 -21"><span class='ocrx_word' id='word_1_259' title='bbox 538 4513 574 4573; x_wconf 93' lang='lat' dir='ltr'><strong>ad</strong></span> <span class='ocrx_word' id='word_1_260' title='bbox 596 4514 781 4592; x_wconf 89' lang='lat' dir='ltr'><strong>Episcopum</strong></span> <span class='ocrx_word' id='word_1_261' title='bbox 803 4513 956 4590; x_wconf 87' lang='lat' dir='ltr'><strong>privative</strong></span> <span class='ocrx_word' id='word_1_262' title='bbox 982 4515 1151 4593; x_wconf 92' lang='lat' dir='ltr'><strong>pertinere.</strong></span> <span class='ocrx_word' id='word_1_263' title='bbox 1184 4514 1285 4592; x_wconf 89' lang='lat' dir='ltr'><strong>Super</strong></span> 
     </span>
     <span class='ocr_line' id='line_1_57' title="bbox 538 4607 1284 4687; baseline 0.003 -21"><span class='ocrx_word' id='word_1_264' title='bbox 538 4623 600 4686; x_wconf 93' lang='lat' dir='ltr'><strong>quo</strong></span> <span class='ocrx_word' id='word_1_265' title='bbox 622 4607 831 4684; x_wconf 91' lang='lat' dir='ltr'><strong>decernimus,</strong></span> <span class='ocrx_word' id='word_1_266' title='bbox 853 4609 1003 4687; x_wconf 89' lang='lat' dir='ltr'><strong>Episcopo</strong></span> <span class='ocrx_word' id='word_1_267' title='bbox 1025 4609 1148 4686; x_wconf 91' lang='lat' dir='ltr'><strong>plenam</strong></span> <span class='ocrx_word' id='word_1_268' title='bbox 1171 4615 1202 4669; x_wconf 91' lang='lat' dir='ltr'><strong>et</strong></span> <span class='ocrx_word' id='word_1_269' title='bbox 1223 4608 1284 4686; x_wconf 93' lang='lat' dir='ltr'><strong>pri·</strong></span> 
     </span>
     <span class='ocr_line' id='line_1_58' title="bbox 538 4701 1283 4780; baseline 0.005 -21"><span class='ocrx_word' id='word_1_270' title='bbox 538 4701 672 4762; x_wconf 87' lang='lat' dir='ltr'><strong>vatixam</strong></span> <span class='ocrx_word' id='word_1_271' title='bbox 691 4701 937 4764; x_wconf 90' lang='lat' dir='ltr'><strong>iurisdictionem</strong></span> <span class='ocrx_word' id='word_1_272' title='bbox 956 4708 1134 4780; x_wconf 89' lang='lat' dir='ltr'><strong>competere</strong></span> <span class='ocrx_word' id='word_1_273' title='bbox 1149 4703 1181 4763; x_wconf 91' lang='lat' dir='ltr'><strong>iu</strong></span> <span class='ocrx_word' id='word_1_274' title='bbox 1197 4718 1283 4780; x_wconf 94' lang='lat' dir='ltr'><strong>paro-</strong></span> 
     </span>
     <span class='ocr_line' id='line_1_59' title="bbox 538 4792 1283 4872; baseline 0.001 -19"><span class='ocrx_word' id='word_1_275' title='bbox 538 4792 674 4865; x_wconf 88' lang='lat' dir='ltr'><strong>chianos,</strong></span> <span class='ocrx_word' id='word_1_276' title='bbox 698 4793 733 4854; x_wconf 92' lang='lat' dir='ltr'><strong>ad</strong></span> <span class='ocrx_word' id='word_1_277' title='bbox 764 4797 976 4871; x_wconf 88' lang='lat' dir='ltr'><strong>eumdemque</strong></span> <span class='ocrx_word' id='word_1_278' title='bbox 1009 4795 1194 4872; x_wconf 89' lang='lat' dir='ltr'><strong>Episcopum</strong></span> <span class='ocrx_word' id='word_1_279' title='bbox 1215 4810 1283 4872; x_wconf 92' lang='lat' dir='ltr'><strong>per·</strong></span> 
     </span>
     <span class='ocr_line' id='line_1_60' title="bbox 540 4885 1281 4965; baseline 0.004 -19"><span class='ocrx_word' id='word_1_280' title='bbox 540 4885 640 4947; x_wconf 88' lang='lat' dir='ltr'><strong>liuere</strong></span> <span class='ocrx_word' id='word_1_281' title='bbox 669 4901 732 4948; x_wconf 91' lang='lat' dir='ltr'><strong>uon</strong></span> <span class='ocrx_word' id='word_1_282' title='bbox 754 4887 856 4949; x_wconf 92' lang='lat' dir='ltr'><strong>solum</strong></span> <span class='ocrx_word' id='word_1_283' title='bbox 882 4889 1037 4965; x_wconf 88' lang='lat' dir='ltr'><strong>propriam</strong></span> <span class='ocrx_word' id='word_1_284' title='bbox 1067 4889 1281 4950; x_wconf 90' lang='lat' dir='ltr'><strong>auctoritatem</strong></span> 
     </span>
     <span class='ocr_line' id='line_1_61' title="bbox 539 4979 1283 5059; baseline 0.003 -21"><span class='ocrx_word' id='word_1_285' title='bbox 539 4985 570 5039; x_wconf 87' lang='lat' dir='ltr'><strong>et</strong></span> <span class='ocrx_word' id='word_1_286' title='bbox 600 4994 787 5041; x_wconf 90' lang='lat' dir='ltr'><strong>consensum</strong></span> <span class='ocrx_word' id='word_1_287' title='bbox 818 4979 958 5059; x_wconf 89' lang='lat' dir='ltr'><strong>(praevio</strong></span> <span class='ocrx_word' id='word_1_288' title='bbox 991 4981 1134 5042; x_wconf 82' lang='lat' dir='ltr'><strong>examine</strong></span> <span class='ocrx_word' id='word_1_289' title='bbox 1166 4995 1220 5058; x_wconf 89' lang='lat' dir='ltr'><strong>per</strong></span> <span class='ocrx_word' id='word_1_290' title='bbox 1251 4995 1283 5040; x_wconf 92' lang='lat' dir='ltr'><strong>se</strong></span> 
     </span>
     <span class='ocr_line' id='line_1_62' title="bbox 540 5070 1284 5151; baseline 0.004 -20"><span class='ocrx_word' id='word_1_291' title='bbox 540 5071 640 5149; x_wconf 90' lang='lat' dir='ltr'><strong>ipsum</strong></span> <span class='ocrx_word' id='word_1_292' title='bbox 669 5071 718 5133; x_wconf 88' lang='lat' dir='ltr'><strong>vel</strong></span> <span class='ocrx_word' id='word_1_293' title='bbox 740 5088 795 5150; x_wconf 91' lang='lat' dir='ltr'><strong>per</strong></span> <span class='ocrx_word' id='word_1_294' title='bbox 823 5072 981 5134; x_wconf 77' lang='lat' dir='ltr'><strong>vicariurn</strong></span> <span class='ocrx_word' id='word_1_295' title='bbox 1005 5089 1099 5134; x_wconf 92' lang='lat' dir='ltr'><strong>suum</strong></span> <span class='ocrx_word' id='word_1_296' title='bbox 1131 5070 1284 5151; x_wconf 85' lang='lat' dir='ltr'><strong>lactando)</strong></span> 
     </span>
     <span class='ocr_line' id='line_1_63' title="bbox 541 5163 1285 5244; baseline 0.003 -20"><span class='ocrx_word' id='word_1_297' title='bbox 541 5165 753 5242; x_wconf 87' lang='lat' dir='ltr'><strong>interponere,</strong></span> <span class='ocrx_word' id='word_1_298' title='bbox 780 5167 1037 5244; x_wconf 86' lang='lat' dir='ltr'><strong>quotiescumque</strong></span> <span class='ocrx_word' id='word_1_299' title='bbox 1064 5166 1206 5244; x_wconf 90' lang='lat' dir='ltr'><strong>superior</strong></span> <span class='ocrx_word' id='word_1_300' title='bbox 1227 5163 1285 5227; x_wconf 91' lang='lat' dir='ltr'><strong>hu-</strong></span> 
     </span>
     <span class='ocr_line' id='line_1_64' title="bbox 540 5257 1284 5338; baseline 0.004 -21"><span class='ocrx_word' id='word_1_301' title='bbox 540 5257 671 5318; x_wconf 90' lang='lat' dir='ltr'><strong>iusmodi</strong></span> <span class='ocrx_word' id='word_1_302' title='bbox 690 5258 844 5334; x_wconf 83' lang='lat' dir='ltr'><strong>generalis</strong></span> <span class='ocrx_word' id='word_1_303' title='bbox 865 5259 1000 5338; x_wconf 89' lang='lat' dir='ltr'><strong>aliquem</strong></span> <span class='ocrx_word' id='word_1_304' title='bbox 1015 5258 1081 5319; x_wconf 89' lang='lat' dir='ltr'><strong>sive</strong></span> <span class='ocrx_word' id='word_1_305' title='bbox 1095 5257 1284 5320; x_wconf 90' lang='lat' dir='ltr'><strong>saecularem</strong></span> 
     </span>
     <span class='ocr_line' id='line_1_65' title="bbox 538 5349 1283 5428; baseline 0.004 -19"><span class='ocrx_word' id='word_1_306' title='bbox 538 5349 606 5409; x_wconf 90' lang='lat' dir='ltr'><strong>sive</strong></span> <span class='ocrx_word' id='word_1_307' title='bbox 638 5349 814 5425; x_wconf 81' lang='lat' dir='ltr'><strong>regularem</strong></span> <span class='ocrx_word' id='word_1_308' title='bbox 843 5350 1012 5428; x_wconf 89' lang='lat' dir='ltr'><strong>parochum</strong></span> <span class='ocrx_word' id='word_1_309' title='bbox 1036 5366 1091 5412; x_wconf 90' lang='lat' dir='ltr'><strong>seu</strong></span> <span class='ocrx_word' id='word_1_310' title='bbox 1123 5359 1283 5423; x_wconf 91' lang='lat' dir='ltr'><strong>curatum,</strong></span> 
     </span>
     <span class='ocr_line' id='line_1_66' title="bbox 539 5441 1285 5517; baseline 0 -15"><span class='ocrx_word' id='word_1_311' title='bbox 539 5441 631 5502; x_wconf 90' lang='lat' dir='ltr'><strong>etiarn</strong></span> <span class='ocrx_word' id='word_1_312' title='bbox 654 5441 688 5502; x_wconf 92' lang='lat' dir='ltr'><strong>ad</strong></span> <span class='ocrx_word' id='word_1_313' title='bbox 711 5450 826 5504; x_wconf 90' lang='lat' dir='ltr'><strong>nutum</strong></span> <span class='ocrx_word' id='word_1_314' title='bbox 848 5443 1058 5517; x_wconf 87' lang='lat' dir='ltr'><strong>amoribilem,</strong></span> <span class='ocrx_word' id='word_1_315' title='bbox 1079 5444 1115 5504; x_wconf 88' lang='lat' dir='ltr'><strong>ad</strong></span> <span class='ocrx_word' id='word_1_316' title='bbox 1137 5457 1285 5504; x_wconf 88' lang='lat' dir='ltr'><strong>exercen-</strong></span> 
     </span>
    </p>
   </div>
   <div class='ocr_carea' id='block_1_9' title="bbox 539 5534 1308 5612">
    <p class='ocr_par' dir='ltr' id='par_1_10' title="bbox 539 5534 1308 5612">
     <span class='ocr_line' id='line_1_67' title="bbox 539 5534 1308 5612; baseline -0.001 -18"><span class='ocrx_word' id='word_1_317' title='bbox 539 5534 608 5594; x_wconf 90' lang='lat' dir='ltr'><strong>dam</strong></span> <span class='ocrx_word' id='word_1_318' title='bbox 631 5534 663 5596; x_wconf 94' lang='lat' dir='ltr'><strong>in</strong></span> <span class='ocrx_word' id='word_1_319' title='bbox 685 5535 848 5612; x_wconf 88' lang='lat' dir='ltr'><strong>praedictis</strong></span> <span class='ocrx_word' id='word_1_320' title='bbox 872 5535 1006 5598; x_wconf 88' lang='lat' dir='ltr'><strong>ecclesiis</strong></span> <span class='ocrx_word' id='word_1_321' title='bbox 1036 5536 1210 5596; x_wconf 91' lang='lat' dir='ltr'><strong>animarum</strong></span> <span class='ocrx_word' id='word_1_322' title='bbox 1233 5552 1308 5598; x_wconf 51' lang='lat' dir='ltr'><strong>cun</strong></span> 
     </span>
    </p>
   </div>
   <div class='ocr_carea' id='block_1_10' title="bbox 539 5627 1287 5981">
    <p class='ocr_par' dir='ltr' id='par_1_11' title="bbox 539 5627 1287 5981">
     <span class='ocr_line' id='line_1_68' title="bbox 539 5627 1284 5705; baseline -0.001 -18"><span class='ocrx_word' id='word_1_323' title='bbox 539 5640 606 5687; x_wconf 91' lang='lat' dir='ltr'><strong>ram</strong></span> <span class='ocrx_word' id='word_1_324' title='bbox 628 5642 830 5705; x_wconf 90' lang='lat' dir='ltr'><strong>personarum</strong></span> <span class='ocrx_word' id='word_1_325' title='bbox 842 5627 1046 5690; x_wconf 91' lang='lat' dir='ltr'><strong>saecularium</strong></span> <span class='ocrx_word' id='word_1_326' title='bbox 1068 5629 1217 5705; x_wconf 90' lang='lat' dir='ltr'><strong>deputare</strong></span> <span class='ocrx_word' id='word_1_327' title='bbox 1231 5643 1284 5687; x_wconf 87' lang='lat' dir='ltr'><strong>vo-</strong></span> 
     </span>
     <span class='ocr_line' id='line_1_69' title="bbox 541 5718 1284 5798; baseline 0 -20"><span class='ocrx_word' id='word_1_328' title='bbox 541 5718 651 5794; x_wconf 78' lang='lat' dir='ltr'><strong>luerit3</strong></span> <span class='ocrx_word' id='word_1_329' title='bbox 674 5718 726 5780; x_wconf 92' lang='lat' dir='ltr'><strong>sed</strong></span> <span class='ocrx_word' id='word_1_330' title='bbox 749 5721 841 5780; x_wconf 89' lang='lat' dir='ltr'><strong>etiam</strong></span> <span class='ocrx_word' id='word_1_331' title='bbox 862 5721 888 5780; x_wconf 88' lang='lat' dir='ltr'><strong>si</strong></span> <span class='ocrx_word' id='word_1_332' title='bbox 904 5720 1070 5798; x_wconf 82' lang='lat' dir='ltr'><strong>Episcopus</strong></span> <span class='ocrx_word' id='word_1_333' title='bbox 1093 5720 1220 5782; x_wconf 89' lang='lat' dir='ltr'><strong>huiusce</strong></span> <span class='ocrx_word' id='word_1_334' title='bbox 1235 5735 1284 5798; x_wconf 87' lang='lat' dir='ltr'><strong>pa·</strong></span> 
     </span>
     <span class='ocr_line' id='line_1_70' title="bbox 541 5810 1283 5890; baseline 0.005 -20"><span class='ocrx_word' id='word_1_335' title='bbox 541 5810 663 5872; x_wconf 86' lang='lat' dir='ltr'><strong>roobiae</strong></span> <span class='ocrx_word' id='word_1_336' title='bbox 683 5810 825 5887; x_wconf 91' lang='lat' dir='ltr'><strong>regimen</strong></span> <span class='ocrx_word' id='word_1_337' title='bbox 847 5828 863 5871; x_wconf 91' lang='lat' dir='ltr'><strong>a</strong></span> <span class='ocrx_word' id='word_1_338' title='bbox 884 5811 1067 5890; x_wconf 88' lang='lat' dir='ltr'><strong>supradictis</strong></span> <span class='ocrx_word' id='word_1_339' title='bbox 1094 5811 1233 5889; x_wconf 92' lang='lat' dir='ltr'><strong>parochis</strong></span> <span class='ocrx_word' id='word_1_340' title='bbox 1255 5827 1283 5874; x_wconf 86' lang='lat' dir='ltr'><strong>e·</strong></span> 
     </span>
     <span class='ocr_line' id='line_1_71' title="bbox 541 5901 1287 5981; baseline 0.001 -18"><span class='ocrx_word' id='word_1_341' title='bbox 541 5901 685 5980; x_wconf 90' lang='lat' dir='ltr'><strong>xemptis,</strong></span> <span class='ocrx_word' id='word_1_342' title='bbox 713 5902 780 5964; x_wconf 83' lang='lat' dir='ltr'><strong>sive</strong></span> <span class='ocrx_word' id='word_1_343' title='bbox 805 5903 1014 5966; x_wconf 90' lang='lat' dir='ltr'><strong>saecularibus</strong></span> <span class='ocrx_word' id='word_1_344' title='bbox 1040 5903 1106 5965; x_wconf 86' lang='lat' dir='ltr'><strong>sire</strong></span> <span class='ocrx_word' id='word_1_345' title='bbox 1135 5903 1287 5981; x_wconf 89' lang='lat' dir='ltr'><strong>regulari-</strong></span> 
     </span>
    </p>
   </div>
   <div class='ocr_carea' id='block_1_11' title="bbox 1059 567 1556 613">
    <p class='ocr_par' dir='ltr' id='par_1_12' title="bbox 1059 567 1556 613">
     <span class='ocr_line' id='line_1_72' title="bbox 1059 567 1556 613; baseline -0.002 -1"><span class='ocrx_word' id='word_1_346' title='bbox 1059 567 1122 612; x_wconf 70' lang='lat' dir='ltr'><strong>litt.</strong></span> <span class='ocrx_word' id='word_1_347' title='bbox 1149 569 1238 612; x_wconf 69' lang='lat' dir='ltr'><strong>rurt&#39;t&#39;.</strong></span> <span class='ocrx_word' id='word_1_348' title='bbox 1264 567 1303 610; x_wconf 76' lang='lat' dir='ltr'><strong>bu</strong></span> <span class='ocrx_word' id='word_1_349' title='bbox 1325 569 1353 612; x_wconf 78' lang='grc' dir='ltr'><strong>Ρ.</strong></span> <span class='ocrx_word' id='word_1_350' title='bbox 1379 569 1407 612; x_wconf 79' lang='lat' dir='ltr'><strong>F.</strong></span> <span class='ocrx_word' id='word_1_351' title='bbox 1433 569 1514 613; x_wconf 74' lang='lat' dir='ltr'><strong>PARS</strong></span> <span class='ocrx_word' id='word_1_352' title='bbox 1536 571 1556 612; x_wconf 90' lang='grc' dir='ltr'><strong>Ι.</strong></span> 
     </span>
    </p>
   </div>
   <div class='ocr_carea' id='block_1_12' title="bbox 2117 555 2311 608">
    <p class='ocr_par' dir='ltr' id='par_1_13' title="bbox 2117 555 2311 608">
     <span class='ocr_line' id='line_1_73' title="bbox 2117 555 2311 608; baseline -0.01 -2"><span class='ocrx_word' id='word_1_353' title='bbox 2117 555 2171 607; x_wconf 81' lang='lat' dir='ltr'><strong>Au.</strong></span> <span class='ocrx_word' id='word_1_354' title='bbox 2184 559 2217 608; x_wconf 82' lang='lat' dir='ltr'><strong>C.</strong></span> <span class='ocrx_word' id='word_1_355' title='bbox 2241 555 2311 606; x_wconf 73' lang='lat'>1744</span> 
     </span>
    </p>
   </div>
   <div class='ocr_carea' id='block_1_13' title="bbox 1338 684 2324 1606">
    <p class='ocr_par' dir='ltr' id='par_1_14' title="bbox 1338 684 2322 1514">
     <span class='ocr_line' id='line_1_74' title="bbox 1338 684 2083 767; baseline 0.004 -19"><span class='ocrx_word' id='word_1_356' title='bbox 1338 684 1413 762; x_wconf 91' lang='lat' dir='ltr'><strong>bus,</strong></span> <span class='ocrx_word' id='word_1_357' title='bbox 1446 702 1509 750; x_wconf 90' lang='lat' dir='ltr'><strong>non</strong></span> <span class='ocrx_word' id='word_1_358' title='bbox 1541 695 1624 751; x_wconf 86' lang='lat' dir='ltr'><strong>recte</strong></span> <span class='ocrx_word' id='word_1_359' title='bbox 1652 688 1861 752; x_wconf 90' lang='lat' dir='ltr'><strong>administrari</strong></span> <span class='ocrx_word' id='word_1_360' title='bbox 1883 689 2083 767; x_wconf 56' lang='lat' dir='ltr'><strong>cognoverim</strong></span> 
     </span>
     <span class='ocr_line' id='line_1_75' title="bbox 1339 782 2322 862; baseline 0.003 -19"><span class='ocrx_word' id='word_1_361' title='bbox 1339 798 1426 860; x_wconf 86' lang='lat' dir='ltr'><strong>posse</strong></span> <span class='ocrx_word' id='word_1_362' title='bbox 1448 783 1549 860; x_wconf 91' lang='lat' dir='ltr'><strong>ipsum</strong></span> <span class='ocrx_word' id='word_1_363' title='bbox 1564 789 1594 844; x_wconf 86' lang='lat' dir='ltr'><strong>et</strong></span> <span class='ocrx_word' id='word_1_364' title='bbox 1609 782 1773 862; x_wconf 89' lang='lat' dir='ltr'><strong>aliquando</strong></span> <span class='ocrx_word' id='word_1_365' title='bbox 1794 783 1887 844; x_wconf 91' lang='lat' dir='ltr'><strong>etiam</strong></span> <span class='ocrx_word' id='word_1_366' title='bbox 1902 783 2015 846; x_wconf 89' lang='lat' dir='ltr'><strong>debere</strong></span> <span class='ocrx_word' id='word_1_367' title='bbox 2029 799 2084 861; x_wconf 93' lang='lat' dir='ltr'><strong>pro</strong></span> <span class='ocrx_word' id='word_1_368' title='bbox 2144 795 2174 838; x_wconf 83' lang='lat' dir='ltr'><strong>at</strong></span> <span class='ocrx_word' id='word_1_369' title='bbox 2190 791 2322 846; x_wconf 72' lang='lat' dir='ltr'><strong>insonat,</strong></span> 
     </span>
     <span class='ocr_line' id='line_1_76' title="bbox 1338 851 2322 961; baseline 0.006 -25"><span class='ocrx_word' id='word_1_370' title='bbox 1338 876 1386 937; x_wconf 89' lang='lat' dir='ltr'><strong>sui</strong></span> <span class='ocrx_word' id='word_1_371' title='bbox 1407 875 1498 938; x_wconf 83' lang='lat' dir='ltr'><strong>officii</strong></span> <span class='ocrx_word' id='word_1_372' title='bbox 1521 891 1663 949; x_wconf 88' lang='lat' dir='ltr'><strong>mouere,</strong></span> <span class='ocrx_word' id='word_1_373' title='bbox 1680 877 1758 953; x_wconf 91' lang='lat' dir='ltr'><strong>apud</strong></span> <span class='ocrx_word' id='word_1_374' title='bbox 1775 877 1969 954; x_wconf 89' lang='lat' dir='ltr'><strong>superiorem</strong></span> <span class='ocrx_word' id='word_1_375' title='bbox 1991 893 2085 952; x_wconf 88' lang='lat' dir='ltr'><strong>gene·</strong></span> <span class='ocrx_word' id='word_1_376' title='bbox 2104 851 2237 961; x_wconf 43' lang='grc' dir='ltr'><strong>ἓῑῗῗῑῖῗτιὲὸ</strong></span> <span class='ocrx_word' id='word_1_377' title='bbox 2251 856 2322 943; x_wconf 63' lang='lat' dir='ltr'><strong>ddi?</strong></span> 
     </span>
     <span class='ocr_line' id='line_1_77' title="bbox 1340 957 2258 1046; baseline 0.003 -18"><span class='ocrx_word' id='word_1_378' title='bbox 1340 968 1436 1029; x_wconf 88' lang='lat' dir='ltr'><strong>ratem</strong></span> <span class='ocrx_word' id='word_1_379' title='bbox 1458 969 1583 1042; x_wconf 88' lang='lat' dir='ltr'><strong>instare,</strong></span> <span class='ocrx_word' id='word_1_380' title='bbox 1608 976 1642 1030; x_wconf 95' lang='lat' dir='ltr'><strong>ut</strong></span> <span class='ocrx_word' id='word_1_381' title='bbox 1669 968 1838 1046; x_wconf 86' lang='lat' dir='ltr'><strong>parochum</strong></span> <span class='ocrx_word' id='word_1_382' title='bbox 1865 985 1920 1030; x_wconf 90' lang='lat' dir='ltr'><strong>seu</strong></span> <span class='ocrx_word' id='word_1_383' title='bbox 1941 982 2084 1032; x_wconf 86' lang='lat' dir='ltr'><strong>curatum</strong></span> <span class='ocrx_word' id='word_1_384' title='bbox 2104 957 2258 998; x_wconf 72' lang='lat' dir='ltr'><strong>remotione.</strong></span> 
     </span>
     <span class='ocr_line' id='line_1_78' title="bbox 1338 1061 2082 1133; baseline 0.004 -13"><span class='ocrx_word' id='word_1_385' title='bbox 1338 1061 1518 1123; x_wconf 89' lang='lat' dir='ltr'><strong>huiusmodi</strong></span> <span class='ocrx_word' id='word_1_386' title='bbox 1540 1061 1577 1122; x_wconf 89' lang='lat' dir='ltr'><strong>ab</strong></span> <span class='ocrx_word' id='word_1_387' title='bbox 1606 1061 1782 1123; x_wconf 89' lang='lat' dir='ltr'><strong>animarum</strong></span> <span class='ocrx_word' id='word_1_388' title='bbox 1804 1078 1876 1122; x_wconf 90' lang='lat' dir='ltr'><strong>cura</strong></span> <span class='ocrx_word' id='word_1_389' title='bbox 1905 1069 2082 1133; x_wconf 80' lang='lat' dir='ltr'><strong>removeat3</strong></span> 
     </span>
     <span class='ocr_line' id='line_1_79' title="bbox 1340 1155 2085 1233; baseline -0.001 -17"><span class='ocrx_word' id='word_1_390' title='bbox 1340 1155 1500 1233; x_wconf 90' lang='lat' dir='ltr'><strong>implorata</strong></span> <span class='ocrx_word' id='word_1_391' title='bbox 1523 1170 1658 1233; x_wconf 93' lang='lat' dir='ltr'><strong>quoque,</strong></span> <span class='ocrx_word' id='word_1_392' title='bbox 1676 1162 1829 1232; x_wconf 89' lang='lat' dir='ltr'><strong>quatenus</strong></span> <span class='ocrx_word' id='word_1_393' title='bbox 1851 1170 1927 1232; x_wconf 91' lang='lat' dir='ltr'><strong>opus</strong></span> <span class='ocrx_word' id='word_1_394' title='bbox 1941 1155 1992 1229; x_wconf 90' lang='lat' dir='ltr'><strong>sit,</strong></span> <span class='ocrx_word' id='word_1_395' title='bbox 2005 1158 2085 1233; x_wconf 79' lang='lat' dir='ltr'><strong>Apo·</strong></span> 
     </span>
     <span class='ocr_line' id='line_1_80' title="bbox 1338 1248 2084 1326; baseline 0 -16"><span class='ocrx_word' id='word_1_396' title='bbox 1338 1250 1464 1310; x_wconf 89' lang='lat' dir='ltr'><strong>stolicae</strong></span> <span class='ocrx_word' id='word_1_397' title='bbox 1486 1248 1572 1312; x_wconf 88' lang='lat' dir='ltr'><strong>Sedis</strong></span> <span class='ocrx_word' id='word_1_398' title='bbox 1594 1249 1792 1324; x_wconf 77' lang='lat' dir='ltr'><strong>auctoritate3</strong></span> <span class='ocrx_word' id='word_1_399' title='bbox 1815 1249 1841 1309; x_wconf 90' lang='lat' dir='ltr'><strong>si</strong></span> <span class='ocrx_word' id='word_1_400' title='bbox 1862 1263 1976 1326; x_wconf 88' lang='lat' dir='ltr'><strong>nempe</strong></span> <span class='ocrx_word' id='word_1_401' title='bbox 1990 1264 2084 1325; x_wconf 88' lang='lat' dir='ltr'><strong>geue·</strong></span> 
     </span>
     <span class='ocr_line' id='line_1_81' title="bbox 1340 1341 2084 1420; baseline 0 -16"><span class='ocrx_word' id='word_1_402' title='bbox 1340 1343 1435 1405; x_wconf 92' lang='lat' dir='ltr'><strong>ralem</strong></span> <span class='ocrx_word' id='word_1_403' title='bbox 1463 1343 1666 1420; x_wconf 90' lang='lat' dir='ltr'><strong>praedictum,</strong></span> <span class='ocrx_word' id='word_1_404' title='bbox 1689 1349 1741 1404; x_wconf 88' lang='lat' dir='ltr'><strong>aut</strong></span> <span class='ocrx_word' id='word_1_405' title='bbox 1768 1341 2008 1417; x_wconf 90' lang='lat' dir='ltr'><strong>reluctanctem,</strong></span> <span class='ocrx_word' id='word_1_406' title='bbox 2031 1351 2084 1404; x_wconf 90' lang='lat' dir='ltr'><strong>aut</strong></span> 
     </span>
     <span class='ocr_line' id='line_1_82' title="bbox 1339 1434 2040 1514; baseline -0.001 -18"><span class='ocrx_word' id='word_1_407' title='bbox 1339 1436 1469 1514; x_wconf 91' lang='lat' dir='ltr'><strong>parocho</strong></span> <span class='ocrx_word' id='word_1_408' title='bbox 1491 1435 1560 1512; x_wconf 92' lang='lat' dir='ltr'><strong>plus</strong></span> <span class='ocrx_word' id='word_1_409' title='bbox 1575 1451 1672 1513; x_wconf 90' lang='lat' dir='ltr'><strong>aequo</strong></span> <span class='ocrx_word' id='word_1_410' title='bbox 1688 1434 1857 1509; x_wconf 87' lang='lat' dir='ltr'><strong>laventem,</strong></span> <span class='ocrx_word' id='word_1_411' title='bbox 1871 1435 2040 1498; x_wconf 86' lang='lat' dir='ltr'><strong>invenerit.</strong></span> 
     </span>
    </p>

    <p class='ocr_par' dir='ltr' id='par_1_15' title="bbox 1379 1527 2324 1606">
     <span class='ocr_line' id='line_1_83' title="bbox 1379 1527 2324 1606; baseline -0.012 -17"><span class='ocrx_word' id='word_1_412' title='bbox 1379 1529 1398 1603; x_wconf 65' lang='grc' dir='ltr'><strong>ἓ</strong></span> <span class='ocrx_word' id='word_1_413' title='bbox 1421 1527 1467 1589; x_wconf 78' lang='lat' dir='ltr'><strong>li.</strong></span> <span class='ocrx_word' id='word_1_414' title='bbox 1492 1527 1656 1604; x_wconf 89' lang='lat' dir='ltr'><strong>Praecipua</strong></span> <span class='ocrx_word' id='word_1_415' title='bbox 1677 1528 1710 1589; x_wconf 94' lang='lat' dir='ltr'><strong>in</strong></span> <span class='ocrx_word' id='word_1_416' title='bbox 1727 1528 1781 1589; x_wconf 93' lang='lat' dir='ltr'><strong>hac</strong></span> <span class='ocrx_word' id='word_1_417' title='bbox 1802 1528 1932 1590; x_wconf 90' lang='lat' dir='ltr'><strong>materia</strong></span> <span class='ocrx_word' id='word_1_418' title='bbox 1947 1529 2083 1606; x_wconf 90' lang='lat' dir='ltr'><strong>quaestio</strong></span> <span class='ocrx_word' id='word_1_419' title='bbox 2136 1535 2247 1590; x_wconf 74' lang='lat' dir='ltr'><strong>statum</strong></span> <span class='ocrx_word' id='word_1_420' title='bbox 2265 1535 2324 1579; x_wconf 71' lang='lat' dir='ltr'><strong>rest-</strong></span> 
     </span>
    </p>
   </div>
   <div class='ocr_carea' id='block_1_14' title="bbox 1338 1588 2324 1698">
    <p class='ocr_par' dir='ltr' id='par_1_16' title="bbox 1338 1588 2324 1698">
     <span class='ocr_line' id='line_1_84' title="bbox 1338 1588 2324 1698; baseline 0.002 -16"><span class='ocrx_word' id='word_1_421' title='bbox 1338 1621 1390 1682; x_wconf 92' lang='lat' dir='ltr'><strong>illa</strong></span> <span class='ocrx_word' id='word_1_422' title='bbox 1411 1620 1489 1696; x_wconf 88' lang='lat' dir='ltr'><strong>luit,</strong></span> <span class='ocrx_word' id='word_1_423' title='bbox 1513 1637 1666 1698; x_wconf 90' lang='lat' dir='ltr'><strong>quaenam</strong></span> <span class='ocrx_word' id='word_1_424' title='bbox 1695 1627 1799 1682; x_wconf 89' lang='lat' dir='ltr'><strong>esseut</strong></span> <span class='ocrx_word' id='word_1_425' title='bbox 1830 1621 2027 1694; x_wconf 89' lang='lat' dir='ltr'><strong>monasteria,</strong></span> <span class='ocrx_word' id='word_1_426' title='bbox 2050 1621 2081 1682; x_wconf 93' lang='lat' dir='ltr'><strong>in</strong></span> <span class='ocrx_word' id='word_1_427' title='bbox 2102 1588 2324 1696; x_wconf 57' lang='grc' dir='ltr'><strong>ῗῆῗῗέῗέηἶῗὲἶῖἐ</strong></span> 
     </span>
    </p>
   </div>
   <div class='ocr_carea' id='block_1_15' title="bbox 1338 1695 2326 1906">
    <p class='ocr_par' dir='ltr' id='par_1_17' title="bbox 1338 1695 2326 1906">
     <span class='ocr_line' id='line_1_85' title="bbox 1339 1695 2324 1803; baseline -0.018 -24"><span class='ocrx_word' id='word_1_428' title='bbox 1339 1716 1450 1794; x_wconf 92' lang='lat' dir='ltr'><strong>quibus</strong></span> <span class='ocrx_word' id='word_1_429' title='bbox 1471 1714 1603 1776; x_wconf 75' lang='lat' dir='ltr'><strong>abbates</strong></span> <span class='ocrx_word' id='word_1_430' title='bbox 1625 1713 1796 1789; x_wconf 86' lang='lat' dir='ltr'><strong>generales,</strong></span> <span class='ocrx_word' id='word_1_431' title='bbox 1809 1730 1863 1776; x_wconf 91' lang='lat' dir='ltr'><strong>seu</strong></span> <span class='ocrx_word' id='word_1_432' title='bbox 1884 1713 1982 1791; x_wconf 87' lang='lat' dir='ltr'><strong>capita</strong></span> <span class='ocrx_word' id='word_1_433' title='bbox 2004 1712 2085 1774; x_wconf 91' lang='lat' dir='ltr'><strong>ordi·</strong></span> <span class='ocrx_word' id='word_1_434' title='bbox 2102 1695 2324 1803; x_wconf 50' lang='grc' dir='ltr'><strong>ξξωῇῗξξῐξξξὲοζ</strong></span> 
     </span>
     <span class='ocr_line' id='line_1_86' title="bbox 1338 1800 2326 1906; baseline -0.016 -34"><span class='ocrx_word' id='word_1_435' title='bbox 1338 1826 1428 1884; x_wconf 92' lang='lat' dir='ltr'><strong>num,</strong></span> <span class='ocrx_word' id='word_1_436' title='bbox 1450 1809 1556 1870; x_wconf 89' lang='lat' dir='ltr'><strong>sedem</strong></span> <span class='ocrx_word' id='word_1_437' title='bbox 1588 1807 1776 1868; x_wconf 90' lang='lat' dir='ltr'><strong>ordinariam</strong></span> <span class='ocrx_word' id='word_1_438' title='bbox 1807 1806 2010 1885; x_wconf 89' lang='lat' dir='ltr'><strong>principalem</strong></span> <span class='ocrx_word' id='word_1_439' title='bbox 2032 1808 2083 1868; x_wconf 89' lang='lat' dir='ltr'><strong>ha·</strong></span> <span class='ocrx_word' id='word_1_440' title='bbox 2101 1800 2326 1906; x_wconf 53' lang='lat' dir='ltr'><strong>{caugeiffmff&#39;sffll</strong></span> 
     </span>
    </p>
   </div>
   <div class='ocr_carea' id='block_1_16' title="bbox 1337 1899 2326 5886">
    <p class='ocr_par' dir='ltr' id='par_1_18' title="bbox 1338 1899 2326 2443">
     <span class='ocr_line' id='line_1_87' title="bbox 1340 1899 2324 1979; baseline -0.005 -15"><span class='ocrx_word' id='word_1_441' title='bbox 1340 1903 1429 1979; x_wconf 85' lang='lat' dir='ltr'><strong>bent;</strong></span> <span class='ocrx_word' id='word_1_442' title='bbox 1452 1899 1712 1963; x_wconf 87' lang='lat' dir='ltr'><strong>contendentibus</strong></span> <span class='ocrx_word' id='word_1_443' title='bbox 1734 1899 1908 1970; x_wconf 86' lang='lat' dir='ltr'><strong>nonnullis,</strong></span> <span class='ocrx_word' id='word_1_444' title='bbox 1925 1899 2081 1977; x_wconf 83' lang='lat' dir='ltr'><strong>quodlibet</strong></span> <span class='ocrx_word' id='word_1_445' title='bbox 2103 1907 2153 1972; x_wconf 74' lang='lat' dir='ltr'><strong>tarn</strong></span> <span class='ocrx_word' id='word_1_446' title='bbox 2180 1909 2324 1971; x_wconf 76' lang='lat' dir='ltr'><strong>pquaxar</strong></span> 
     </span>
     <span class='ocr_line' id='line_1_88' title="bbox 1340 1960 2326 2070; baseline -0.005 -14"><span class='ocrx_word' id='word_1_447' title='bbox 1340 1995 1575 2066; x_wconf 87' lang='lat' dir='ltr'><strong>monasterium,</strong></span> <span class='ocrx_word' id='word_1_448' title='bbox 1591 2003 1644 2055; x_wconf 92' lang='lat' dir='ltr'><strong>aut</strong></span> <span class='ocrx_word' id='word_1_449' title='bbox 1659 1992 1762 2054; x_wconf 91' lang='lat' dir='ltr'><strong>locum</strong></span> <span class='ocrx_word' id='word_1_450' title='bbox 1773 1991 1957 2069; x_wconf 87' lang='lat' dir='ltr'><strong>quemlibet,</strong></span> <span class='ocrx_word' id='word_1_451' title='bbox 1973 1993 2005 2052; x_wconf 95' lang='lat' dir='ltr'><strong>in</strong></span> <span class='ocrx_word' id='word_1_452' title='bbox 2021 2007 2083 2070; x_wconf 94' lang='lat' dir='ltr'><strong>quo</strong></span> <span class='ocrx_word' id='word_1_453' title='bbox 2102 1960 2326 2060; x_wconf 51' lang='grc' dir='ltr'><strong>ἑῃέἓξέἧὶᾕιῗέἒῖ</strong></span> 
     </span>
     <span class='ocr_line' id='line_1_89' title="bbox 1338 2067 2324 2166; baseline 0.004 -18"><span class='ocrx_word' id='word_1_454' title='bbox 1338 2088 1428 2150; x_wconf 92' lang='lat' dir='ltr'><strong>abbas</strong></span> <span class='ocrx_word' id='word_1_455' title='bbox 1450 2087 1602 2163; x_wconf 91' lang='lat' dir='ltr'><strong>generalis</strong></span> <span class='ocrx_word' id='word_1_456' title='bbox 1623 2086 1689 2146; x_wconf 86' lang='lat' dir='ltr'><strong>siue</strong></span> <span class='ocrx_word' id='word_1_457' title='bbox 1711 2092 1801 2162; x_wconf 89' lang='lat' dir='ltr'><strong>caput</strong></span> <span class='ocrx_word' id='word_1_458' title='bbox 1827 2085 1943 2146; x_wconf 91' lang='lat' dir='ltr'><strong>ordinis</strong></span> <span class='ocrx_word' id='word_1_459' title='bbox 1964 2093 2082 2160; x_wconf 88' lang='lat' dir='ltr'><strong>manet,</strong></span> <span class='ocrx_word' id='word_1_460' title='bbox 2103 2067 2324 2166; x_wconf 54' lang='grc' dir='ltr'><strong>ξξξῃζξξῃὲἆξᾱῖζ</strong></span> 
     </span>
     <span class='ocr_line' id='line_1_90' title="bbox 1339 2175 2323 2258; baseline -0.009 -17"><span class='ocrx_word' id='word_1_461' title='bbox 1339 2180 1479 2258; x_wconf 92' lang='lat' dir='ltr'><strong>inibique</strong></span> <span class='ocrx_word' id='word_1_462' title='bbox 1493 2186 1643 2252; x_wconf 92' lang='lat' dir='ltr'><strong>moratur,</strong></span> <span class='ocrx_word' id='word_1_463' title='bbox 1660 2178 1766 2239; x_wconf 90' lang='lat' dir='ltr'><strong>sedem</strong></span> <span class='ocrx_word' id='word_1_464' title='bbox 1787 2178 1881 2256; x_wconf 89' lang='lat' dir='ltr'><strong>ipsius</strong></span> <span class='ocrx_word' id='word_1_465' title='bbox 1896 2179 2083 2242; x_wconf 85' lang='lat' dir='ltr'><strong>ordinariam</strong></span> <span class='ocrx_word' id='word_1_466' title='bbox 2103 2175 2144 2220; x_wconf 71' lang='lat'><strong>¹¹1⁵</strong></span> <span class='ocrx_word' id='word_1_467' title='bbox 2157 2175 2323 2233; x_wconf 67' lang='lat' dir='ltr'><strong>praenuncia</strong></span> 
     </span>
     <span class='ocr_line' id='line_1_91' title="bbox 1339 2271 2201 2351; baseline 0 -18"><span class='ocrx_word' id='word_1_468' title='bbox 1339 2271 1543 2351; x_wconf 89' lang='lat' dir='ltr'><strong>principalem</strong></span> <span class='ocrx_word' id='word_1_469' title='bbox 1564 2272 1625 2334; x_wconf 93' lang='lat' dir='ltr'><strong>dici</strong></span> <span class='ocrx_word' id='word_1_470' title='bbox 1646 2281 1801 2350; x_wconf 88' lang='lat' dir='ltr'><strong>oportere,</strong></span> <span class='ocrx_word' id='word_1_471' title='bbox 1826 2272 1866 2332; x_wconf 87' lang='lat' dir='ltr'><strong>ita</strong></span> <span class='ocrx_word' id='word_1_472' title='bbox 1888 2278 1923 2332; x_wconf 90' lang='lat' dir='ltr'><strong>ut</strong></span> <span class='ocrx_word' id='word_1_473' title='bbox 1944 2273 2083 2336; x_wconf 91' lang='lat' dir='ltr'><strong>eiusdem</strong></span> <span class='ocrx_word' id='word_1_474' title='bbox 2199 2282 2201 2286; x_wconf 86' lang='grc'><strong><em>·</em></strong></span> 
     </span>
     <span class='ocr_line' id='line_1_92' title="bbox 1338 2364 2084 2443; baseline -0.001 -18"><span class='ocrx_word' id='word_1_475' title='bbox 1338 2365 1519 2427; x_wconf 89' lang='lat' dir='ltr'><strong>monasterii</strong></span> <span class='ocrx_word' id='word_1_476' title='bbox 1541 2373 1594 2426; x_wconf 89' lang='lat' dir='ltr'><strong>aut</strong></span> <span class='ocrx_word' id='word_1_477' title='bbox 1617 2364 1674 2426; x_wconf 93' lang='lat' dir='ltr'><strong>loci</strong></span> <span class='ocrx_word' id='word_1_478' title='bbox 1696 2364 1848 2442; x_wconf 89' lang='lat' dir='ltr'><strong>parochus</strong></span> <span class='ocrx_word' id='word_1_479' title='bbox 1869 2364 1907 2425; x_wconf 88' lang='lat' dir='ltr'><strong>ab</strong></span> <span class='ocrx_word' id='word_1_480' title='bbox 1920 2364 2084 2443; x_wconf 90' lang='lat' dir='ltr'><strong>episcopali</strong></span> 
     </span>
    </p>

    <p class='ocr_par' dir='ltr' id='par_1_19' title="bbox 1339 2456 2082 2519">
     <span class='ocr_line' id='line_1_93' title="bbox 1339 2456 2082 2519; baseline 0 -1"><span class='ocrx_word' id='word_1_481' title='bbox 1339 2456 1553 2518; x_wconf 91' lang='lat' dir='ltr'><strong>iurisdictione</strong></span> <span class='ocrx_word' id='word_1_482' title='bbox 1567 2463 1599 2518; x_wconf 87' lang='lat' dir='ltr'><strong>et</strong></span> <span class='ocrx_word' id='word_1_483' title='bbox 1613 2457 1792 2519; x_wconf 85' lang='lat' dir='ltr'><strong>visitatione</strong></span> <span class='ocrx_word' id='word_1_484' title='bbox 1807 2457 1957 2518; x_wconf 91' lang='lat' dir='ltr'><strong>immunis</strong></span> <span class='ocrx_word' id='word_1_485' title='bbox 1978 2457 2082 2518; x_wconf 90' lang='lat' dir='ltr'><strong>statim</strong></span> 
     </span>
    </p>

    <p class='ocr_par' dir='ltr' id='par_1_20' title="bbox 1340 2549 2083 2626">
     <span class='ocr_line' id='line_1_94' title="bbox 1340 2549 2083 2626; baseline 0 -16"><span class='ocrx_word' id='word_1_486' title='bbox 1340 2551 1402 2610; x_wconf 87' lang='lat' dir='ltr'><strong>dat.</strong></span> <span class='ocrx_word' id='word_1_487' title='bbox 1427 2549 1547 2613; x_wconf 83' lang='lat' dir='ltr'><strong>Verum</strong></span> <span class='ocrx_word' id='word_1_488' title='bbox 1570 2565 1645 2626; x_wconf 83' lang='lat' dir='ltr'><strong>vaga</strong></span> <span class='ocrx_word' id='word_1_489' title='bbox 1667 2557 1698 2611; x_wconf 89' lang='lat' dir='ltr'><strong>et</strong></span> <span class='ocrx_word' id='word_1_490' title='bbox 1722 2549 1884 2612; x_wconf 88' lang='lat' dir='ltr'><strong>arbitraria</strong></span> <span class='ocrx_word' id='word_1_491' title='bbox 1905 2549 2083 2612; x_wconf 90' lang='lat' dir='ltr'><strong>huiusmodi</strong></span> 
     </span>
    </p>

    <p class='ocr_par' dir='ltr' id='par_1_21' title="bbox 1339 2642 2085 2720">
     <span class='ocr_line' id='line_1_95' title="bbox 1339 2642 2085 2720; baseline -0.001 -15"><span class='ocrx_word' id='word_1_492' title='bbox 1339 2642 1444 2716; x_wconf 90' lang='lat' dir='ltr'><strong>Sedes,</strong></span> <span class='ocrx_word' id='word_1_493' title='bbox 1457 2658 1535 2719; x_wconf 89' lang='lat' dir='ltr'><strong>quae</strong></span> <span class='ocrx_word' id='word_1_494' title='bbox 1547 2659 1562 2702; x_wconf 91' lang='lat' dir='ltr'><strong>a</strong></span> <span class='ocrx_word' id='word_1_495' title='bbox 1574 2643 1637 2702; x_wconf 90' lang='lat' dir='ltr'><strong>sola</strong></span> <span class='ocrx_word' id='word_1_496' title='bbox 1651 2643 1818 2720; x_wconf 91' lang='lat' dir='ltr'><strong>superioris</strong></span> <span class='ocrx_word' id='word_1_497' title='bbox 1831 2642 1984 2718; x_wconf 87' lang='lat' dir='ltr'><strong>generalis</strong></span> <span class='ocrx_word' id='word_1_498' title='bbox 1999 2657 2085 2720; x_wconf 92' lang='lat' dir='ltr'><strong>prae-</strong></span> 
     </span>
    </p>

    <p class='ocr_par' dir='ltr' id='par_1_22' title="bbox 1338 2734 2082 2812">
     <span class='ocr_line' id='line_1_96' title="bbox 1338 2734 2082 2812; baseline -0.001 -17"><span class='ocrx_word' id='word_1_499' title='bbox 1338 2735 1439 2796; x_wconf 90' lang='lat' dir='ltr'><strong>sentia</strong></span> <span class='ocrx_word' id='word_1_500' title='bbox 1461 2741 1603 2796; x_wconf 89' lang='lat' dir='ltr'><strong>naturam</strong></span> <span class='ocrx_word' id='word_1_501' title='bbox 1625 2734 1704 2796; x_wconf 90' lang='lat' dir='ltr'><strong>sedis</strong></span> <span class='ocrx_word' id='word_1_502' title='bbox 1726 2734 1897 2795; x_wconf 87' lang='lat' dir='ltr'><strong>ordinariae</strong></span> <span class='ocrx_word' id='word_1_503' title='bbox 1918 2741 1949 2796; x_wconf 90' lang='lat' dir='ltr'><strong>el</strong></span> <span class='ocrx_word' id='word_1_504' title='bbox 1969 2734 2082 2812; x_wconf 91' lang='lat' dir='ltr'><strong>prinoi-</strong></span> 
     </span>
    </p>

    <p class='ocr_par' dir='ltr' id='par_1_23' title="bbox 1340 2827 2083 2906">
     <span class='ocr_line' id='line_1_97' title="bbox 1340 2827 2083 2906; baseline 0.001 -19"><span class='ocrx_word' id='word_1_505' title='bbox 1340 2827 1413 2906; x_wconf 89' lang='lat' dir='ltr'><strong>palis</strong></span> <span class='ocrx_word' id='word_1_506' title='bbox 1442 2833 1616 2902; x_wconf 89' lang='lat' dir='ltr'><strong>mutuatur,</strong></span> <span class='ocrx_word' id='word_1_507' title='bbox 1639 2834 1708 2888; x_wconf 90' lang='lat' dir='ltr'><strong>tum</strong></span> <span class='ocrx_word' id='word_1_508' title='bbox 1738 2833 1839 2888; x_wconf 90' lang='lat' dir='ltr'><strong>rectae</strong></span> <span class='ocrx_word' id='word_1_509' title='bbox 1871 2827 1985 2890; x_wconf 90' lang='lat' dir='ltr'><strong>rationi</strong></span> <span class='ocrx_word' id='word_1_510' title='bbox 2017 2833 2083 2888; x_wconf 92' lang='lat' dir='ltr'><strong>tum</strong></span> 
     </span>
    </p>

    <p class='ocr_par' dir='ltr' id='par_1_24' title="bbox 1340 2919 2081 2997">
     <span class='ocr_line' id='line_1_98' title="bbox 1340 2919 2081 2997; baseline -0.007 -15"><span class='ocrx_word' id='word_1_511' title='bbox 1340 2920 1470 2983; x_wconf 77' lang='lat' dir='ltr'><strong>concilii</strong></span> <span class='ocrx_word' id='word_1_512' title='bbox 1492 2919 1595 2980; x_wconf 87' lang='lat' dir='ltr'><strong>verbis</strong></span> <span class='ocrx_word' id='word_1_513' title='bbox 1616 2937 1650 2982; x_wconf 88' lang='lat' dir='ltr'><strong>ac</strong></span> <span class='ocrx_word' id='word_1_514' title='bbox 1664 2921 1769 2982; x_wconf 88' lang='lat' dir='ltr'><strong>sensui</strong></span> <span class='ocrx_word' id='word_1_515' title='bbox 1783 2920 1873 2997; x_wconf 90' lang='lat' dir='ltr'><strong>plane</strong></span> <span class='ocrx_word' id='word_1_516' title='bbox 1890 2920 2081 2981; x_wconf 87' lang='lat' dir='ltr'><strong>adversatur.</strong></span> 
     </span>
    </p>

    <p class='ocr_par' dir='ltr' id='par_1_25' title="bbox 1338 3013 2083 3091">
     <span class='ocr_line' id='line_1_99' title="bbox 1338 3013 2083 3091; baseline -0.004 -16"><span class='ocrx_word' id='word_1_517' title='bbox 1338 3014 1530 3091; x_wconf 85' lang='lat' dir='ltr'><strong>Quapropter</strong></span> <span class='ocrx_word' id='word_1_518' title='bbox 1545 3028 1642 3090; x_wconf 91' lang='lat' dir='ltr'><strong>quum</strong></span> <span class='ocrx_word' id='word_1_519' title='bbox 1665 3013 1753 3074; x_wconf 90' lang='lat' dir='ltr'><strong>nobis</strong></span> <span class='ocrx_word' id='word_1_520' title='bbox 1768 3021 1963 3090; x_wconf 86' lang='lat' dir='ltr'><strong>compertum</strong></span> <span class='ocrx_word' id='word_1_521' title='bbox 1984 3013 2036 3086; x_wconf 92' lang='lat' dir='ltr'><strong>sit,</strong></span> <span class='ocrx_word' id='word_1_522' title='bbox 2052 3013 2083 3072; x_wconf 91' lang='lat' dir='ltr'><strong>in</strong></span> 
     </span>
    </p>

    <p class='ocr_par' dir='ltr' id='par_1_26' title="bbox 1339 3103 2085 3183">
     <span class='ocr_line' id='line_1_100' title="bbox 1339 3103 2085 3183; baseline -0.001 -18"><span class='ocrx_word' id='word_1_523' title='bbox 1339 3105 1492 3183; x_wconf 91' lang='lat' dir='ltr'><strong>aliquibus</strong></span> <span class='ocrx_word' id='word_1_524' title='bbox 1514 3105 1661 3166; x_wconf 90' lang='lat' dir='ltr'><strong>ordinum</strong></span> <span class='ocrx_word' id='word_1_525' title='bbox 1675 3103 1870 3180; x_wconf 87' lang='lat' dir='ltr'><strong>regularium</strong></span> <span class='ocrx_word' id='word_1_526' title='bbox 1884 3104 2085 3167; x_wconf 81' lang='lat' dir='ltr'><strong>Constitutio-</strong></span> 
     </span>
    </p>

    <p class='ocr_par' dir='ltr' id='par_1_27' title="bbox 1339 3196 2084 3274">
     <span class='ocr_line' id='line_1_101' title="bbox 1339 3196 2084 3274; baseline -0.001 -16"><span class='ocrx_word' id='word_1_527' title='bbox 1339 3198 1432 3259; x_wconf 90' lang='lat' dir='ltr'><strong>nibus</strong></span> <span class='ocrx_word' id='word_1_528' title='bbox 1453 3197 1643 3273; x_wconf 89' lang='lat' dir='ltr'><strong>assignatum</strong></span> <span class='ocrx_word' id='word_1_529' title='bbox 1656 3196 1788 3274; x_wconf 91' lang='lat' dir='ltr'><strong>reperiri</strong></span> <span class='ocrx_word' id='word_1_530' title='bbox 1810 3197 1911 3259; x_wconf 92' lang='lat' dir='ltr'><strong>locum</strong></span> <span class='ocrx_word' id='word_1_531' title='bbox 1933 3213 1989 3274; x_wconf 93' lang='lat' dir='ltr'><strong>pro</strong></span> <span class='ocrx_word' id='word_1_532' title='bbox 2011 3198 2084 3258; x_wconf 89' lang='lat' dir='ltr'><strong>resi·</strong></span> 
     </span>
    </p>

    <p class='ocr_par' dir='ltr' id='par_1_28' title="bbox 1340 3289 2083 3369">
     <span class='ocr_line' id='line_1_102' title="bbox 1340 3289 2083 3369; baseline 0 -17"><span class='ocrx_word' id='word_1_533' title='bbox 1340 3289 1445 3352; x_wconf 90' lang='lat' dir='ltr'><strong>dentia</strong></span> <span class='ocrx_word' id='word_1_534' title='bbox 1459 3291 1629 3367; x_wconf 88' lang='lat' dir='ltr'><strong>superioris</strong></span> <span class='ocrx_word' id='word_1_535' title='bbox 1644 3292 1809 3366; x_wconf 83' lang='lat' dir='ltr'><strong>generalis,</strong></span> <span class='ocrx_word' id='word_1_536' title='bbox 1825 3291 1955 3369; x_wconf 90' lang='lat' dir='ltr'><strong>eiusque</strong></span> <span class='ocrx_word' id='word_1_537' title='bbox 1969 3291 2083 3367; x_wconf 81' lang='lat' dir='ltr'><strong>curiae3</strong></span> 
     </span>
    </p>

    <p class='ocr_par' dir='ltr' id='par_1_29' title="bbox 1340 3385 2085 3457">
     <span class='ocr_line' id='line_1_103' title="bbox 1340 3385 2085 3457; baseline -0.003 -11"><span class='ocrx_word' id='word_1_538' title='bbox 1340 3387 1372 3447; x_wconf 95' lang='lat' dir='ltr'><strong>in</strong></span> <span class='ocrx_word' id='word_1_539' title='bbox 1394 3385 1462 3447; x_wconf 92' lang='lat' dir='ltr'><strong>aliis</strong></span> <span class='ocrx_word' id='word_1_540' title='bbox 1484 3402 1558 3446; x_wconf 87' lang='lat' dir='ltr'><strong>vero</strong></span> <span class='ocrx_word' id='word_1_541' title='bbox 1580 3385 1751 3457; x_wconf 84' lang='lat' dir='ltr'><strong>ordinibus,</strong></span> <span class='ocrx_word' id='word_1_542' title='bbox 1773 3386 1825 3448; x_wconf 92' lang='lat' dir='ltr'><strong>ubi</strong></span> <span class='ocrx_word' id='word_1_543' title='bbox 1848 3385 2085 3447; x_wconf 90' lang='lat' dir='ltr'><strong>constitutiones</strong></span> 
     </span>
    </p>

    <p class='ocr_par' dir='ltr' id='par_1_30' title="bbox 1340 3477 2085 3554">
     <span class='ocr_line' id='line_1_104' title="bbox 1340 3477 2085 3554; baseline -0.005 -12"><span class='ocrx_word' id='word_1_544' title='bbox 1340 3483 1377 3542; x_wconf 91' lang='lat' dir='ltr'><strong>de</strong></span> <span class='ocrx_word' id='word_1_545' title='bbox 1398 3496 1434 3541; x_wconf 88' lang='lat' dir='ltr'><strong>eo</strong></span> <span class='ocrx_word' id='word_1_546' title='bbox 1457 3479 1535 3541; x_wconf 89' lang='lat' dir='ltr'><strong>nihil</strong></span> <span class='ocrx_word' id='word_1_547' title='bbox 1557 3485 1707 3554; x_wconf 89' lang='lat' dir='ltr'><strong>statuant,</strong></span> <span class='ocrx_word' id='word_1_548' title='bbox 1724 3477 1864 3540; x_wconf 90' lang='lat' dir='ltr'><strong>eamdem</strong></span> <span class='ocrx_word' id='word_1_549' title='bbox 1886 3477 2085 3539; x_wconf 89' lang='lat' dir='ltr'><strong>residentiam</strong></span> 
     </span>
    </p>

    <p class='ocr_par' dir='ltr' id='par_1_31' title="bbox 1340 3569 2086 3650">
     <span class='ocr_line' id='line_1_105' title="bbox 1340 3569 2086 3650; baseline -0.005 -16"><span class='ocrx_word' id='word_1_550' title='bbox 1340 3572 1439 3634; x_wconf 85' lang='lat' dir='ltr'><strong>veteri</strong></span> <span class='ocrx_word' id='word_1_551' title='bbox 1461 3571 1762 3633; x_wconf 88' lang='lat' dir='ltr'><strong>consuetudiueesse</strong></span> <span class='ocrx_word' id='word_1_552' title='bbox 1783 3569 1993 3650; x_wconf 66' lang='lat' dir='ltr'><strong>praefinitam</strong></span> <span class='ocrx_word' id='word_1_553' title='bbox 2010 3585 2086 3647; x_wconf 92' lang='lat' dir='ltr'><strong>quo-</strong></span> 
     </span>
    </p>

    <p class='ocr_par' dir='ltr' id='par_1_32' title="bbox 1341 3663 2086 3740">
     <span class='ocr_line' id='line_1_106' title="bbox 1341 3663 2086 3740; baseline -0.003 -14"><span class='ocrx_word' id='word_1_554' title='bbox 1341 3666 1398 3726; x_wconf 90' lang='lat' dir='ltr'><strong>ties</strong></span> <span class='ocrx_word' id='word_1_555' title='bbox 1426 3665 1463 3726; x_wconf 92' lang='lat' dir='ltr'><strong>de</strong></span> <span class='ocrx_word' id='word_1_556' title='bbox 1490 3665 1636 3726; x_wconf 92' lang='lat' dir='ltr'><strong>ordinum</strong></span> <span class='ocrx_word' id='word_1_557' title='bbox 1667 3663 1845 3726; x_wconf 89' lang='lat' dir='ltr'><strong>huiusmodi</strong></span> <span class='ocrx_word' id='word_1_558' title='bbox 1874 3663 2086 3740; x_wconf 90' lang='lat' dir='ltr'><strong>superioribus</strong></span> 
     </span>
    </p>

    <p class='ocr_par' dir='ltr' id='par_1_33' title="bbox 1340 3754 2085 3834">
     <span class='ocr_line' id='line_1_107' title="bbox 1340 3754 2085 3834; baseline -0.007 -16"><span class='ocrx_word' id='word_1_559' title='bbox 1340 3756 1537 3834; x_wconf 89' lang='lat' dir='ltr'><strong>generalibus</strong></span> <span class='ocrx_word' id='word_1_560' title='bbox 1559 3763 1684 3832; x_wconf 81' lang='lat' dir='ltr'><strong>agatur3</strong></span> <span class='ocrx_word' id='word_1_561' title='bbox 1707 3770 1817 3816; x_wconf 93' lang='lat' dir='ltr'><strong>eorum</strong></span> <span class='ocrx_word' id='word_1_562' title='bbox 1838 3755 1944 3816; x_wconf 90' lang='lat' dir='ltr'><strong>sedem</strong></span> <span class='ocrx_word' id='word_1_563' title='bbox 1965 3754 2085 3814; x_wconf 89' lang='lat' dir='ltr'><strong>ordina-</strong></span> 
     </span>
    </p>

    <p class='ocr_par' dir='ltr' id='par_1_34' title="bbox 1339 3847 2086 3928">
     <span class='ocr_line' id='line_1_108' title="bbox 1339 3847 2086 3928; baseline -0.005 -17"><span class='ocrx_word' id='word_1_564' title='bbox 1339 3851 1419 3911; x_wconf 91' lang='lat' dir='ltr'><strong>riam</strong></span> <span class='ocrx_word' id='word_1_565' title='bbox 1440 3849 1652 3928; x_wconf 90' lang='lat' dir='ltr'><strong>principalem,</strong></span> <span class='ocrx_word' id='word_1_566' title='bbox 1669 3851 1703 3909; x_wconf 91' lang='lat' dir='ltr'><strong>ad</strong></span> <span class='ocrx_word' id='word_1_567' title='bbox 1726 3848 1872 3910; x_wconf 88' lang='lat' dir='ltr'><strong>ellectum</strong></span> <span class='ocrx_word' id='word_1_568' title='bbox 1895 3848 1932 3908; x_wconf 90' lang='lat' dir='ltr'><strong>de</strong></span> <span class='ocrx_word' id='word_1_569' title='bbox 1947 3862 2008 3925; x_wconf 93' lang='lat' dir='ltr'><strong>quo</strong></span> <span class='ocrx_word' id='word_1_570' title='bbox 2023 3847 2086 3922; x_wconf 92' lang='lat' dir='ltr'><strong>agi·</strong></span> 
     </span>
    </p>

    <p class='ocr_par' dir='ltr' id='par_1_35' title="bbox 1341 3941 2085 4019">
     <span class='ocr_line' id='line_1_109' title="bbox 1341 3941 2085 4019; baseline -0.007 -13"><span class='ocrx_word' id='word_1_571' title='bbox 1341 3953 1403 4019; x_wconf 91' lang='lat' dir='ltr'><strong>tur‚</strong></span> <span class='ocrx_word' id='word_1_572' title='bbox 1421 3945 1503 4006; x_wconf 90' lang='lat' dir='ltr'><strong>illam</strong></span> <span class='ocrx_word' id='word_1_573' title='bbox 1527 3957 1592 4003; x_wconf 89' lang='lat' dir='ltr'><strong>esse</strong></span> <span class='ocrx_word' id='word_1_574' title='bbox 1604 3951 1635 4005; x_wconf 89' lang='lat' dir='ltr'><strong>et</strong></span> <span class='ocrx_word' id='word_1_575' title='bbox 1650 3941 1770 4003; x_wconf 89' lang='lat' dir='ltr'><strong>censeri</strong></span> <span class='ocrx_word' id='word_1_576' title='bbox 1786 3941 1994 4013; x_wconf 88' lang='lat' dir='ltr'><strong>deceruimus,</strong></span> <span class='ocrx_word' id='word_1_577' title='bbox 2007 3955 2085 4016; x_wconf 90' lang='lat' dir='ltr'><strong>quae</strong></span> 
     </span>
    </p>

    <p class='ocr_par' dir='ltr' id='par_1_36' title="bbox 1340 4033 2084 4115">
     <span class='ocr_line' id='line_1_110' title="bbox 1340 4033 2084 4115; baseline -0.009 -17"><span class='ocrx_word' id='word_1_578' title='bbox 1340 4038 1378 4098; x_wconf 93' lang='lat' dir='ltr'><strong>ab</strong></span> <span class='ocrx_word' id='word_1_579' title='bbox 1398 4037 1536 4115; x_wconf 89' lang='lat' dir='ltr'><strong>ipsorum</strong></span> <span class='ocrx_word' id='word_1_580' title='bbox 1558 4034 1852 4108; x_wconf 78' lang='lat' dir='ltr'><strong>constitutionibus,</strong></span> <span class='ocrx_word' id='word_1_581' title='bbox 1869 4033 1920 4094; x_wconf 87' lang='lat' dir='ltr'><strong>vel</strong></span> <span class='ocrx_word' id='word_1_582' title='bbox 1940 4033 1978 4094; x_wconf 90' lang='lat' dir='ltr'><strong>ab</strong></span> <span class='ocrx_word' id='word_1_583' title='bbox 1999 4033 2084 4093; x_wconf 87' lang='lat' dir='ltr'><strong>iuxe-</strong></span> 
     </span>
    </p>

    <p class='ocr_par' dir='ltr' id='par_1_37' title="bbox 1341 4125 2085 4206">
     <span class='ocr_line' id='line_1_111' title="bbox 1341 4125 2085 4206; baseline -0.011 -14"><span class='ocrx_word' id='word_1_584' title='bbox 1341 4139 1436 4192; x_wconf 88' lang='lat' dir='ltr'><strong>terata</strong></span> <span class='ocrx_word' id='word_1_585' title='bbox 1452 4129 1679 4192; x_wconf 91' lang='lat' dir='ltr'><strong>consuetudine</strong></span> <span class='ocrx_word' id='word_1_586' title='bbox 1693 4127 1846 4206; x_wconf 90' lang='lat' dir='ltr'><strong>praedicta</strong></span> <span class='ocrx_word' id='word_1_587' title='bbox 1861 4125 2026 4205; x_wconf 91' lang='lat' dir='ltr'><strong>praescribi</strong></span> <span class='ocrx_word' id='word_1_588' title='bbox 2042 4125 2085 4186; x_wconf 91' lang='lat' dir='ltr'><strong>di·</strong></span> 
     </span>
    </p>

    <p class='ocr_par' dir='ltr' id='par_1_38' title="bbox 1340 4219 2084 4300">
     <span class='ocr_line' id='line_1_112' title="bbox 1340 4219 2084 4300; baseline -0.013 -13"><span class='ocrx_word' id='word_1_589' title='bbox 1340 4224 1519 4300; x_wconf 85' lang='lat' dir='ltr'><strong>gnoscitur;</strong></span> <span class='ocrx_word' id='word_1_590' title='bbox 1552 4223 1645 4300; x_wconf 89' lang='lat' dir='ltr'><strong>idque</strong></span> <span class='ocrx_word' id='word_1_591' title='bbox 1680 4219 1896 4282; x_wconf 88' lang='lat' dir='ltr'><strong>tautummodo</strong></span> <span class='ocrx_word' id='word_1_592' title='bbox 1930 4224 2084 4278; x_wconf 84' lang='lat' dir='ltr'><strong>monaste-</strong></span> 
     </span>
    </p>

    <p class='ocr_par' dir='ltr' id='par_1_39' title="bbox 1339 4314 2085 4391">
     <span class='ocr_line' id='line_1_113' title="bbox 1339 4314 2085 4391; baseline -0.009 -12"><span class='ocrx_word' id='word_1_593' title='bbox 1339 4318 1435 4391; x_wconf 91' lang='lat' dir='ltr'><strong>rium,</strong></span> <span class='ocrx_word' id='word_1_594' title='bbox 1452 4333 1515 4379; x_wconf 93' lang='lat' dir='ltr'><strong>non</strong></span> <span class='ocrx_word' id='word_1_595' title='bbox 1538 4332 1614 4378; x_wconf 88' lang='lat' dir='ltr'><strong>vero</strong></span> <span class='ocrx_word' id='word_1_596' title='bbox 1635 4315 1728 4390; x_wconf 91' lang='lat' dir='ltr'><strong>aliud,</strong></span> <span class='ocrx_word' id='word_1_597' title='bbox 1746 4314 1778 4375; x_wconf 94' lang='lat' dir='ltr'><strong>io</strong></span> <span class='ocrx_word' id='word_1_598' title='bbox 1800 4329 1874 4391; x_wconf 94' lang='lat' dir='ltr'><strong>quo,</strong></span> <span class='ocrx_word' id='word_1_599' title='bbox 1890 4325 2085 4390; x_wconf 92' lang='lat' dir='ltr'><strong>quacumque</strong></span> 
     </span>
    </p>

    <p class='ocr_par' dir='ltr' id='par_1_40' title="bbox 1340 4409 2085 4493">
     <span class='ocr_line' id='line_1_114' title="bbox 1340 4409 2085 4493; baseline -0.013 -17"><span class='ocrx_word' id='word_1_600' title='bbox 1340 4416 1378 4476; x_wconf 92' lang='lat' dir='ltr'><strong>de</strong></span> <span class='ocrx_word' id='word_1_601' title='bbox 1399 4431 1499 4488; x_wconf 90' lang='lat' dir='ltr'><strong>causa,</strong></span> <span class='ocrx_word' id='word_1_602' title='bbox 1529 4416 1671 4493; x_wconf 90' lang='lat' dir='ltr'><strong>superior</strong></span> <span class='ocrx_word' id='word_1_603' title='bbox 1693 4409 1845 4490; x_wconf 88' lang='lat' dir='ltr'><strong>generalis</strong></span> <span class='ocrx_word' id='word_1_604' title='bbox 1876 4414 2085 4470; x_wconf 88' lang='lat' dir='ltr'><strong>commoratus</strong></span> 
     </span>
    </p>

    <p class='ocr_par' dir='ltr' id='par_1_41' title="bbox 1339 4503 2085 4682">
     <span class='ocr_line' id='line_1_115' title="bbox 1340 4503 2084 4586; baseline -0.008 -16"><span class='ocrx_word' id='word_1_605' title='bbox 1340 4509 1445 4585; x_wconf 90' lang='lat' dir='ltr'><strong>luerit,</strong></span> <span class='ocrx_word' id='word_1_606' title='bbox 1467 4525 1523 4586; x_wconf 92' lang='lat' dir='ltr'><strong>pro</strong></span> <span class='ocrx_word' id='word_1_607' title='bbox 1544 4508 1698 4570; x_wconf 91' lang='lat' dir='ltr'><strong>ordinaria</strong></span> <span class='ocrx_word' id='word_1_608' title='bbox 1714 4505 1866 4583; x_wconf 88' lang='lat' dir='ltr'><strong>generalis</strong></span> <span class='ocrx_word' id='word_1_609' title='bbox 1887 4507 1958 4567; x_wconf 86' lang='lat' dir='ltr'><strong>sede</strong></span> <span class='ocrx_word' id='word_1_610' title='bbox 1979 4503 2084 4565; x_wconf 88' lang='lat' dir='ltr'><strong>haberi</strong></span> 
     </span>
     <span class='ocr_line' id='line_1_116' title="bbox 1339 4597 2085 4682; baseline -0.009 -18"><span class='ocrx_word' id='word_1_611' title='bbox 1339 4604 1560 4682; x_wconf 89' lang='lat' dir='ltr'><strong>praecipimus,</strong></span> <span class='ocrx_word' id='word_1_612' title='bbox 1589 4602 1661 4664; x_wconf 89' lang='lat' dir='ltr'><strong>licet</strong></span> <span class='ocrx_word' id='word_1_613' title='bbox 1683 4603 1747 4678; x_wconf 90' lang='lat' dir='ltr'><strong>ipse</strong></span> <span class='ocrx_word' id='word_1_614' title='bbox 1774 4598 1926 4676; x_wconf 90' lang='lat' dir='ltr'><strong>generalis</strong></span> <span class='ocrx_word' id='word_1_615' title='bbox 1948 4597 1990 4658; x_wconf 95' lang='lat' dir='ltr'><strong>ibi</strong></span> <span class='ocrx_word' id='word_1_616' title='bbox 2016 4603 2085 4658; x_wconf 92' lang='lat' dir='ltr'><strong>actu</strong></span> 
     </span>
    </p>

    <p class='ocr_par' dir='ltr' id='par_1_42' title="bbox 1339 4699 1568 4758">
     <span class='ocr_line' id='line_1_117' title="bbox 1339 4699 1568 4758; baseline -0.013 -1"><span class='ocrx_word' id='word_1_617' title='bbox 1339 4713 1402 4758; x_wconf 92' lang='lat' dir='ltr'><strong>uon</strong></span> <span class='ocrx_word' id='word_1_618' title='bbox 1424 4699 1568 4758; x_wconf 90' lang='lat' dir='ltr'><strong>resideat.</strong></span> 
     </span>
    </p>

    <p class='ocr_par' dir='ltr' id='par_1_43' title="bbox 1337 4785 2326 5886">
     <span class='ocr_line' id='line_1_118' title="bbox 1379 4785 2326 4867; baseline -0.008 -15"><span class='ocrx_word' id='word_1_619' title='bbox 1379 4791 1467 4864; x_wconf 69' lang='lat' dir='ltr'><strong>§tta</strong></span> <span class='ocrx_word' id='word_1_620' title='bbox 1491 4790 1576 4867; x_wconf 84' lang='lat' dir='ltr'><strong>Quod</strong></span> <span class='ocrx_word' id='word_1_621' title='bbox 1605 4790 1630 4851; x_wconf 89' lang='lat' dir='ltr'><strong>si</strong></span> <span class='ocrx_word' id='word_1_622' title='bbox 1658 4789 1753 4866; x_wconf 86' lang='lat' dir='ltr'><strong>aliqui</strong></span> <span class='ocrx_word' id='word_1_623' title='bbox 1780 4789 1843 4850; x_wconf 89' lang='lat' dir='ltr'><strong>sint</strong></span> <span class='ocrx_word' id='word_1_624' title='bbox 1872 4785 2007 4863; x_wconf 88' lang='lat' dir='ltr'><strong>religiosi</strong></span> <span class='ocrx_word' id='word_1_625' title='bbox 2035 4801 2084 4846; x_wconf 92' lang='lat' dir='ltr'><strong>or·</strong></span> <span class='ocrx_word' id='word_1_626' title='bbox 2117 4791 2263 4851; x_wconf 74' lang='lat' dir='ltr'><strong>nmquam</strong></span> <span class='ocrx_word' id='word_1_627' title='bbox 2284 4801 2326 4834; x_wconf 81' lang='lat' dir='ltr'><strong>su·</strong></span> 
     </span>
     <span class='ocr_line' id='line_1_119' title="bbox 1339 4853 2326 4960; baseline -0.003 -16"><span class='ocrx_word' id='word_1_628' title='bbox 1339 4883 1427 4946; x_wconf 87' lang='lat' dir='ltr'><strong>diues</strong></span> <span class='ocrx_word' id='word_1_629' title='bbox 1448 4900 1502 4946; x_wconf 91' lang='lat' dir='ltr'><strong>seu</strong></span> <span class='ocrx_word' id='word_1_630' title='bbox 1529 4883 1812 4960; x_wconf 80' lang='lat' dir='ltr'><strong>congregationes,</strong></span> <span class='ocrx_word' id='word_1_631' title='bbox 1839 4896 1974 4959; x_wconf 91' lang='lat' dir='ltr'><strong>quorum</strong></span> <span class='ocrx_word' id='word_1_632' title='bbox 2005 4878 2084 4941; x_wconf 87' lang='lat' dir='ltr'><strong>Cou-</strong></span> <span class='ocrx_word' id='word_1_633' title='bbox 2104 4853 2326 4957; x_wconf 49' lang='grc' dir='ltr'><strong>[ἷῗέἷῖῃὲἧθῗιῗῖιῗὸ</strong></span> 
     </span>
     <span class='ocr_line' id='line_1_120' title="bbox 1337 4948 2214 5038; baseline -0.006 0"><span class='ocrx_word' id='word_1_634' title='bbox 1337 4977 1553 5038; x_wconf 88' lang='lat' dir='ltr'><strong>stitutiooibus</strong></span> <span class='ocrx_word' id='word_1_635' title='bbox 1577 4977 1628 5038; x_wconf 87' lang='lat' dir='ltr'><strong>uel</strong></span> <span class='ocrx_word' id='word_1_636' title='bbox 1649 4973 1928 5038; x_wconf 91' lang='lat' dir='ltr'><strong>consuetudinibus</strong></span> <span class='ocrx_word' id='word_1_637' title='bbox 1953 4971 2085 5034; x_wconf 89' lang='lat' dir='ltr'><strong>minime</strong></span> <span class='ocrx_word' id='word_1_638' title='bbox 2103 4948 2214 5005; x_wconf 55' lang='lat' dir='ltr'><strong>⁸¹⁰³⁰ffi</strong></span> 
     </span>
     <span class='ocr_line' id='line_1_121' title="bbox 1339 5063 2084 5146; baseline -0.005 -18"><span class='ocrx_word' id='word_1_639' title='bbox 1339 5069 1539 5146; x_wconf 86' lang='lat' dir='ltr'><strong>praefinitum</strong></span> <span class='ocrx_word' id='word_1_640' title='bbox 1561 5069 1600 5129; x_wconf 91' lang='lat' dir='ltr'><strong>sit</strong></span> <span class='ocrx_word' id='word_1_641' title='bbox 1622 5065 1865 5141; x_wconf 87' lang='lat' dir='ltr'><strong>monasterium,</strong></span> <span class='ocrx_word' id='word_1_642' title='bbox 1888 5066 1920 5126; x_wconf 93' lang='lat' dir='ltr'><strong>iu</strong></span> <span class='ocrx_word' id='word_1_643' title='bbox 1942 5080 2004 5143; x_wconf 95' lang='lat' dir='ltr'><strong>quo</strong></span> <span class='ocrx_word' id='word_1_644' title='bbox 2024 5063 2084 5125; x_wconf 83' lang='lat' dir='ltr'><strong>nb-</strong></span> 
     </span>
     <span class='ocr_line' id='line_1_122' title="bbox 1339 5158 2085 5238; baseline -0.004 -17"><span class='ocrx_word' id='word_1_645' title='bbox 1339 5160 1390 5221; x_wconf 90' lang='lat' dir='ltr'><strong>bas</strong></span> <span class='ocrx_word' id='word_1_646' title='bbox 1412 5161 1565 5237; x_wconf 87' lang='lat' dir='ltr'><strong>generalis</strong></span> <span class='ocrx_word' id='word_1_647' title='bbox 1596 5177 1651 5222; x_wconf 91' lang='lat' dir='ltr'><strong>seu</strong></span> <span class='ocrx_word' id='word_1_648' title='bbox 1684 5167 1773 5238; x_wconf 89' lang='lat' dir='ltr'><strong>caput</strong></span> <span class='ocrx_word' id='word_1_649' title='bbox 1804 5159 1921 5221; x_wconf 90' lang='lat' dir='ltr'><strong>ordinis</strong></span> <span class='ocrx_word' id='word_1_650' title='bbox 1950 5158 2085 5219; x_wconf 89' lang='lat' dir='ltr'><strong>residere</strong></span> 
     </span>
     <span class='ocr_line' id='line_1_123' title="bbox 1339 5251 2085 5329; baseline -0.005 -15"><span class='ocrx_word' id='word_1_651' title='bbox 1339 5254 1458 5329; x_wconf 91' lang='lat' dir='ltr'><strong>debeat,</strong></span> <span class='ocrx_word' id='word_1_652' title='bbox 1482 5252 1608 5316; x_wconf 94' lang='lat' dir='ltr'><strong>nullum</strong></span> <span class='ocrx_word' id='word_1_653' title='bbox 1629 5252 1854 5315; x_wconf 90' lang='lat' dir='ltr'><strong>monasterium</strong></span> <span class='ocrx_word' id='word_1_654' title='bbox 1876 5267 1931 5329; x_wconf 95' lang='lat' dir='ltr'><strong>pro</strong></span> <span class='ocrx_word' id='word_1_655' title='bbox 1946 5251 2085 5312; x_wconf 88' lang='lat' dir='ltr'><strong>eiusdem</strong></span> 
     </span>
     <span class='ocr_line' id='line_1_124' title="bbox 1340 5342 2086 5422; baseline -0.001 -15"><span class='ocrx_word' id='word_1_656' title='bbox 1340 5346 1493 5422; x_wconf 87' lang='lat' dir='ltr'><strong>generalis</strong></span> <span class='ocrx_word' id='word_1_657' title='bbox 1513 5347 1585 5408; x_wconf 90' lang='lat' dir='ltr'><strong>sede</strong></span> <span class='ocrx_word' id='word_1_658' title='bbox 1606 5345 1761 5409; x_wconf 90' lang='lat' dir='ltr'><strong>ordinaria</strong></span> <span class='ocrx_word' id='word_1_659' title='bbox 1783 5343 1962 5420; x_wconf 89' lang='lat' dir='ltr'><strong>principali,</strong></span> <span class='ocrx_word' id='word_1_660' title='bbox 1985 5342 2019 5404; x_wconf 88' lang='lat' dir='ltr'><strong>atl</strong></span> <span class='ocrx_word' id='word_1_661' title='bbox 2042 5342 2086 5406; x_wconf 87' lang='lat' dir='ltr'><strong>ei·</strong></span> 
     </span>
     <span class='ocr_line' id='line_1_125' title="bbox 1339 5435 2087 5517; baseline -0.004 -19"><span class='ocrx_word' id='word_1_662' title='bbox 1339 5438 1456 5500; x_wconf 90' lang='lat' dir='ltr'><strong>lectum</strong></span> <span class='ocrx_word' id='word_1_663' title='bbox 1479 5439 1634 5499; x_wconf 84' lang='lat' dir='ltr'><strong>eximendi</strong></span> <span class='ocrx_word' id='word_1_664' title='bbox 1651 5437 1818 5517; x_wconf 87' lang='lat' dir='ltr'><strong>parochum</strong></span> <span class='ocrx_word' id='word_1_665' title='bbox 1833 5436 1870 5497; x_wconf 93' lang='lat' dir='ltr'><strong>ab</strong></span> <span class='ocrx_word' id='word_1_666' title='bbox 1885 5435 2024 5513; x_wconf 91' lang='lat' dir='ltr'><strong>Episcopi</strong></span> <span class='ocrx_word' id='word_1_667' title='bbox 2040 5435 2087 5495; x_wconf 93' lang='lat' dir='ltr'><strong>iu-</strong></span> 
     </span>
     <span class='ocr_line' id='line_1_126' title="bbox 1341 5531 2085 5604; baseline -0.007 -12"><span class='ocrx_word' id='word_1_668' title='bbox 1341 5531 1519 5594; x_wconf 91' lang='lat' dir='ltr'><strong>risdictione</strong></span> <span class='ocrx_word' id='word_1_669' title='bbox 1536 5538 1567 5592; x_wconf 91' lang='lat' dir='ltr'><strong>et</strong></span> <span class='ocrx_word' id='word_1_670' title='bbox 1582 5533 1771 5604; x_wconf 89' lang='lat' dir='ltr'><strong>visitatione,</strong></span> <span class='ocrx_word' id='word_1_671' title='bbox 1785 5545 1823 5590; x_wconf 91' lang='lat' dir='ltr'><strong>ex</strong></span> <span class='ocrx_word' id='word_1_672' title='bbox 1844 5545 1880 5589; x_wconf 91' lang='lat' dir='ltr'><strong>eo</strong></span> <span class='ocrx_word' id='word_1_673' title='bbox 1896 5535 2019 5591; x_wconf 91' lang='lat' dir='ltr'><strong>tantum</strong></span> <span class='ocrx_word' id='word_1_674' title='bbox 2034 5531 2085 5588; x_wconf 88' lang='lat' dir='ltr'><strong>ha-</strong></span> 
     </span>
     <span class='ocr_line' id='line_1_127' title="bbox 1340 5620 2088 5700; baseline -0.003 -15"><span class='ocrx_word' id='word_1_675' title='bbox 1340 5624 1405 5685; x_wconf 89' lang='lat' dir='ltr'><strong>beri</strong></span> <span class='ocrx_word' id='word_1_676' title='bbox 1427 5625 1540 5688; x_wconf 89' lang='lat' dir='ltr'><strong>debere</strong></span> <span class='ocrx_word' id='word_1_677' title='bbox 1560 5625 1736 5696; x_wconf 89' lang='lat' dir='ltr'><strong>statuimus,</strong></span> <span class='ocrx_word' id='word_1_678' title='bbox 1752 5623 1833 5700; x_wconf 94' lang='lat' dir='ltr'><strong>quod</strong></span> <span class='ocrx_word' id='word_1_679' title='bbox 1855 5620 1938 5682; x_wconf 93' lang='lat' dir='ltr'><strong>solus</strong></span> <span class='ocrx_word' id='word_1_680' title='bbox 1960 5621 2088 5699; x_wconf 86' lang='lat' dir='ltr'><strong>ipsesu-</strong></span> 
     </span>
     <span class='ocr_line' id='line_1_128' title="bbox 1340 5713 2083 5794; baseline -0.004 -17"><span class='ocrx_word' id='word_1_681' title='bbox 1340 5716 1444 5794; x_wconf 93' lang='lat' dir='ltr'><strong>perior</strong></span> <span class='ocrx_word' id='word_1_682' title='bbox 1465 5717 1617 5793; x_wconf 85' lang='lat' dir='ltr'><strong>generalis</strong></span> <span class='ocrx_word' id='word_1_683' title='bbox 1640 5718 1672 5778; x_wconf 91' lang='lat' dir='ltr'><strong>in</strong></span> <span class='ocrx_word' id='word_1_684' title='bbox 1694 5731 1730 5776; x_wconf 92' lang='lat' dir='ltr'><strong>eo</strong></span> <span class='ocrx_word' id='word_1_685' title='bbox 1752 5717 1853 5791; x_wconf 85' lang='lat' dir='ltr'><strong>degat,</strong></span> <span class='ocrx_word' id='word_1_686' title='bbox 1876 5713 1989 5790; x_wconf 87' lang='lat' dir='ltr'><strong>absque</strong></span> <span class='ocrx_word' id='word_1_687' title='bbox 2011 5729 2083 5775; x_wconf 90' lang='lat' dir='ltr'><strong>cou-</strong></span> 
     </span>
     <span class='ocr_line' id='line_1_129' title="bbox 1340 5806 2086 5886; baseline -0.005 -17"><span class='ocrx_word' id='word_1_688' title='bbox 1340 5811 1436 5871; x_wconf 88' lang='lat' dir='ltr'><strong>suetis</strong></span> <span class='ocrx_word' id='word_1_689' title='bbox 1466 5809 1636 5884; x_wconf 90' lang='lat' dir='ltr'><strong>ministris,</strong></span> <span class='ocrx_word' id='word_1_690' title='bbox 1660 5823 1736 5886; x_wconf 94' lang='lat' dir='ltr'><strong>quos</strong></span> <span class='ocrx_word' id='word_1_691' title='bbox 1759 5807 1921 5868; x_wconf 84' lang='lat' dir='ltr'><strong>inordina</strong></span> <span class='ocrx_word' id='word_1_692' title='bbox 1949 5806 2086 5882; x_wconf 89' lang='lat' dir='ltr'><strong>regendo</strong></span> 
     </span>
    </p>
   </div>
   <div class='ocr_carea' id='block_1_17' title="bbox 1339 5898 2086 5977">
    <p class='ocr_par' dir='ltr' id='par_1_44' title="bbox 1339 5898 2086 5977">
     <span class='ocr_line' id='line_1_130' title="bbox 1339 5898 2086 5977; baseline -0.003 -15"><span class='ocrx_word' id='word_1_693' title='bbox 1339 5903 1436 5964; x_wconf 92' lang='lat' dir='ltr'><strong>socios</strong></span> <span class='ocrx_word' id='word_1_694' title='bbox 1456 5902 1564 5977; x_wconf 89' lang='lat' dir='ltr'><strong>babet;</strong></span> <span class='ocrx_word' id='word_1_695' title='bbox 1586 5902 1638 5963; x_wconf 92' lang='lat' dir='ltr'><strong>sed</strong></span> <span class='ocrx_word' id='word_1_696' title='bbox 1661 5898 1738 5962; x_wconf 90' lang='lat' dir='ltr'><strong>illud</strong></span> <span class='ocrx_word' id='word_1_697' title='bbox 1759 5899 1919 5961; x_wconf 90' lang='lat' dir='ltr'><strong>dumtaxat</strong></span> <span class='ocrx_word' id='word_1_698' title='bbox 1933 5905 2086 5961; x_wconf 82' lang='lat' dir='ltr'><strong>monaste</strong></span> 
     </span>
    </p>
   </div>
   <div class='ocr_carea' id='block_1_18' title="bbox 0 0 2376 6976">
    <p class='ocr_par' dir='ltr' id='par_1_45' title="bbox 0 0 2376 6976">
     <span class='ocr_line' id='line_1_131' title="bbox 0 0 2376 6976; baseline 0 0"><span class='ocrx_word' id='word_1_699' title='bbox 0 0 2376 6976; x_wconf 95' lang='lat' dir='ltr'><strong> </strong></span> 
     </span>
    </p>
   </div>
  </div>
 </body>
</html>
