4820 6980
363 537 462 602 1160.
483 537 553 602 1141
603 537 662 609 718

584 681 723 758 plenius,
745 679 950 745 uenientibus
972 677 1099 745 casibus
1113 688 1144 745 et
1160 680 1328 744 necessita-

585 771 685 846 tibus,
706 790 764 853 pro
793 776 955 836 comntuui
984 775 1136 838 utilitate
1162 773 1329 852 satisfiat,-

583 867 630 928 sic
652 867 854 949 frequentius
871 867 967 946 leqem
981 867 1110 940 soluere,
1128 866 1330 945 eaemploque

582 961 703 1038 potius,
721 977 816 1038 quam
831 965 916 1022 certo
930 975 1141 1040 personarum
1161 975 1329 1037 rerumque

584 1053 718 1126 delectu,
741 1050 924 1130 petentibus
949 1052 1125 1133 indulqere,
1159 1051 1208 1114 nil
1237 1051 1330 1115 aliud

585 1153 641 1220 est,
668 1163 763 1226 quam
791 1147 968 1224 unicuique
993 1147 1035 1208 ad
1061 1146 1140 1226 leqes
1168 1150 1330 1225 trausqre·

586 1239 719 1302 diendas
741 1240 870 1302 aditum
891 1240 1028 1318 aperire.

354 1340 501 1442 0666666668
503 1347 567 1439 6616
624 1335 644 1409 ἓ
666 1333 713 1394 13.
737 1335 772 1396 16
794 1333 892 1396 1116616
913 1333 1025 1395 6661616
1050 1333 1233 1412 66661611616,
1257 1349 1331 1410 quas

585 1446 671 1492 anno
693 1444 844 1492 11666111.
875 1428 1042 1489 6116111666
1069 1426 1235 1488 catholicos
1262 1425 1331 1502 Epi-

585 1539 690 1601 scopos
701 1522 854 1597 dedimus,
868 1521 940 1582 11616
951 1518 1142 1595 corruptelae
1153 1519 1233 1581 viam
1246 1533 1332 1596 prae-

585 1617 709 1678 cludere
740 1614 945 1691 cogitavimus
976 1627 1009 1672 66
1038 1613 1176 1686 6611666,
1209 1611 1333 1689 illisque

585 1709 708 1784 verbis,
730 1724 809 1787 quae
838 1722 963 1769 rursum
986 1705 1035 1767 1116
1055 1706 1250 1768 subiicimus:
1276 1703 1333 1764 De-

586 1804 692 1868 bitum
716 1802 823 1882 16116·
836 1807 991 1878 pateruae
1012 1800 1270 1875 uniuscuiusque
1284 1813 1333 1857 ee·

585 1904 692 1960 strum
703 1895 891 1958 sedulitatis
903 1900 933 1955 61
945 1894 1121 1957 claritatis
1135 1893 1272 1974 officium
1284 1890 1334 1952 in·

587 2009 620 2054 re
642 1989 799 2070 postulat,
822 1995 859 2050 ut
889 1987 1036 2051 omuibus
1057 1995 1170 2050 66166
1197 1982 1333 2066 faciatis

587 2092 618 2147 at
646 2082 870 2154 annuntietis,
898 2081 1020 2144 nemini
1048 2081 1174 2160 quidem
1201 2079 1271 2140 sine
1293 2077 1334 2138 le·

587 2180 704 2258 611166
718 2194 831 2248 66666,
851 2181 881 2238 61
895 2175 931 2238 da
946 2175 1118 2252 utriusque
1132 2172 1247 2234 medici
1262 2189 1333 2232 cort·

586 2272 678 2342 silio,
711 2268 924 2332 multitudini
954 2284 1039 2340 aero,
1071 2267 1172 2328 ueluti
1204 2264 1331 2343 populo,

587 2370 647 2428 aut
668 2363 811 2434 ciuitati,
838 2368 897 2424 aut
919 2363 1008 2442 qunti
1040 2359 1332 2422 indiscriminatim

589 2459 746 2538 integrae,
763 2456 894 2518 nonnisi
923 2454 1119 2535 grauissima
1143 2460 1174 2515 et
1198 2457 1334 2531 6666616

587 2550 777 2612 necessitate
797 2554 828 2610 et
850 2549 885 2610 16
908 2546 1035 2611 casibus
1055 2563 1112 2624 per
1132 2564 1227 2610 sacra
1242 2563 1334 2608 cano·

588 2660 666 2706 num
697 2647 828 2706 statuta
860 2639 1089 2719 praescriptis,
1123 2655 1195 2701 cum
1227 2638 1332 2702 debita

587 2737 782 2816 apostolicae
803 2734 903 2796 buius
926 2734 1063 2798 Sanctae
1081 2733 1170 2796 Sedis
1192 2748 1333 2793 reueren-

589 2832 651 2904 tia,
668 2847 688 2894 a
703 2825 975 2907 quadragesimali
988 2826 1110 2888 ieiunia
1123 2823 1334 2903 dispensatio-

588 2938 677 2994 nem,
709 2921 802 2983 toties
828 2919 951 2996 6661166
978 2934 1055 2996 opus
1076 2920 1198 2999 fuerit,
1229 2933 1333 2980 conce-

503 3021 506 3026 “
588 3015 733 3086 dandam,
757 3029 813 3074 uec
839 3011 996 3074 audacter
1016 3012 1210 3090 fidenterque
1237 3027 1334 3072 usur-

589 3107 745 3185 pandam,
774 3121 831 3166 nec
861 3103 995 3182 superbe
1019 3110 1050 3166 61
1078 3109 1273 3185 arroqauter
1294 3103 1333 3167 ab

590 3200 746 3272 Ecclesia,
758 3199 846 3260 sieut
868 3196 949 3260 alibi
965 3199 1000 3259 iu
1015 3215 1101 3260 more
1114 3198 1255 3274 positum
1271 3215 1333 3258 esse

589 3295 778 3373 accipimus,
802 3309 866 3353 esse
885 3291 1125 3370 postulandam.

381 3405 458 3452 nuto
471 3407 571 3450 661166
629 3389 648 3463 5
672 3387 718 3448 11.
739 3387 833 3448 Porro
850 3401 906 3446 nos
921 3386 1000 3447 11666
1015 3401 1156 3446 normam
1172 3387 1268 3448 secuti
1284 3403 1334 3447 sn-

356 3457 569 3569 bl,{?2⁰,⁰11⁰e⁰q¹}ffi¹⁵
589 3498 670 3556 mus,
693 3495 764 3542 6616
787 3477 1035 3552 multitudinem,
1065 3477 1162 3540 veluti
1183 3478 1333 3557 populum

588 3580 642 3637 aut
652 3573 809 3635 civitatem
823 3571 990 3647 integram,
1003 3571 1259 3650 quadragesimali
1269 3573 1335 3635 abs-

589 3666 722 3729 tinentia
753 3665 927 3725 immnnem
953 3663 1186 3726 declaravimus.
1218 3665 1335 3742 16661-

589 3761 647 3822 6116
670 3759 728 3821 1661
741 3756 906 3836 Episcopus
928 3756 957 3817 id
981 3757 1164 3834 6661616166
1180 3757 1268 3819 nobis
1283 3758 1334 3820 de·

587 3855 668 3928 buit,
692 3871 724 3914 ac
745 3853 782 3913 de
811 3851 991 3927 gravissima
1020 3853 1208 3930 urgentisque
1230 3869 1334 3915 neces-

587 3949 677 4008 sitate
687 3960 779 4007 66616
793 3943 1006 4006 testimonium
1023 3945 1232 4023 interponere.
1245 3948 1336 4010 Dein-

588 4040 625 4100 de
653 4055 759 4101 carnes
790 4038 922 4098 minime
944 4052 1109 4114 permissae
1139 4037 1288 4114 inerunt,
1309 4042 1334 4101 si

589 4133 675 4197 166116
696 4139 728 4194 61
747 4146 879 4193 ovorum
898 4148 972 4192 usus
993 4129 1064 4192 satis
1080 4147 1145 4192 esse
1160 4133 1331 4196 videretur.

589 4228 669 4291 ’1616
681 4243 756 4287 1666
774 4224 900 4286 16661166
915 4226 1025 4286 edendi
1047 4242 1156 4288 carnes
1180 4228 1273 4291 tribui
1288 4248 1335 4291 so-

589 4322 655 4384 1616
684 4317 861 4394 consuevit,
889 4333 961 4379 6616
990 4319 1173 4396 interposito
1196 4321 1335 4402 Episcopi

590 4415 768 4477 testimonio
791 4411 818 4472 id
842 4411 971 4472 omnino
992 4413 1199 4474 necessarium
1224 4416 1337 4478 iudica-

589 4515 693 4570 retur:
717 4522 775 4567 nec
796 4503 950 4566 sufficiens
965 4506 1138 4567 necessitati
1159 4510 1334 4570 remedium

589 4601 691 4662 6116661
712 4603 878 4672 666616661,
894 4599 920 4658 61
942 4613 997 4658 ova
1019 4599 1118 4659 solnm
1132 4605 1162 4661 et
1185 4601 1334 4664 lacticinia

589 4694 845 4758 concederentur.
875 4691 998 4766 Quoties
1020 4701 1123 4754 antem
1149 4692 1336 4757 abstinentia

589 4785 1334 4870 66616666611666666166666166116166616161611,

588 4891 689 4944 certos
718 4893 821 4942 tamen
844 4881 908 4942 dies
933 4877 1200 4956 616666616611666,
1224 4882 1336 4958 quibus

589 4973 712 5052 integra
723 4975 907 5037 abstinentia
919 4985 1109 5050 servaretur,
1126 4993 1238 5054 nempe
1254 4979 1335 5040 diem

590 5069 745 5144 cinerum,
768 5069 832 5131 dies
853 5078 986 5147 quatuor
1007 5077 1197 5146 temporum,
1218 5070 1335 5146 vigilias

589 5167 752 5242 praecepto
767 5162 932 5236 obeundas,
949 5162 1012 5223 dies
1028 5163 1151 5226 maioris
1167 5162 1335 5224 Hebdomo-

590 5256 645 5318 dae
666 5273 681 5316 a
703 5255 862 5317 1166116166
877 5255 1062 5317 Palmarum.
1086 5255 1275 5333 Quandoque
1289 5271 1335 5318 66-

589 5349 872 5411 666661666611616
895 5355 990 5410 161616
1011 5349 1232 5410 hebdomadam
1254 5349 1336 5410 cine-

589 5459 678 5518 rum3
701 5441 864 5520 aliquando
880 5442 971 5502 etiam
988 5441 1157 5503 indiximus
1178 5442 1336 5503 abstinen-

590 5536 665 5597 tiam
692 5535 777 5597 teriis
804 5535 952 5596 66111666
979 5533 1124 5608 sabbatis,
1154 5535 1336 5596 6116616116-

589 5629 713 5689 6611666
725 5628 813 5690 nobis
825 5628 946 5702 tradita,
958 5627 1084 5688 16611661
1096 5643 1227 5689 ovorum
1244 5643 1336 5689 usum

589 5719 692 5782 solum
714 5720 983 5798 complecteretur.
1007 5718 1165 5780 Postremo
1182 5735 1336 5782 6616666·

590 5812 740 5875 ditionem
763 5828 884 5890 semper
905 5811 1088 5886 addidimus
1105 5829 1145 5874 ne
1161 5812 1270 5874 ieiunii
1286 5812 1335 5873 161

591 5905 685 5970 66166
707 5921 762 5988 666
777 5907 858 5968 diem
874 5906 1073 5968 comestionis
1089 5905 1152 5968 6116
1167 5907 1257 5968 modo
1272 5907 1337 5967 rio-

1105 557 1170 611 166.
1192 560 1284 610 ebur.
1307 559 1347 610 66
1369 563 1399 610 1>-
1422 553 1453 609 11.
1477 555 1560 609 tans
1583 554 1605 608 t.

1383 679 1512 756 1666166,
1528 696 1562 742 66
1579 695 1620 742 66
1640 678 1735 742 simul
1750 678 1782 742 16
1798 687 1905 742 mansa
1919 689 2026 741 carnes
2040 685 2072 739 et
2087 675 2132 756 pi·

1382 789 1447 836 6666
1461 781 1702 851 apponerentur.

1425 870 1444 944 5
1468 865 1514 927 111.
1540 866 1619 929 Duru
1642 867 1793 928 rationem
1816 865 1910 928 huius
1933 863 2134 926 6666111166-
2217 873 2333 942 ronanus

1385 960 1441 1022 stri
1457 959 1537 1020 66616
1552 958 1786 1037 perpendimus,
1802 959 1882 1020 haud
1905 957 1998 1035 plene
2011 955 2134 1033 acquie-
2150 929 2334 1087 Ξὲἕζὲὲὲῃέξῇξ.

1386 1053 1512 1128 scimus,
1531 1051 1570 1114 ob
1592 1067 1659 1114 eam
1673 1050 1905 1114 solicitudinem
1919 1066 1953 1111 66
1967 1046 2135 1110 dubitatio-

1387 1161 1479 1220 nem,
1503 1161 1543 1208 ne
1571 1161 1659 1208 cause
1679 1145 1716 1207 ab
1748 1143 1897 1223 Episcopo
1918 1143 1978 1206 loci
2003 1140 2133 1221 6661616,

1387 1253 1480 1316 quam
1495 1255 1551 1300 666
1566 1238 1738 1315 legitimam
1759 1237 1945 1300 credidimus
1960 1237 1995 1298 ad
2010 1233 2136 1296 solven-

1388 1332 1457 1393 dam
1478 1331 1730 1410 quadragesimae
1750 1329 2060 1404 abstinentiam‚eius
2082 1343 2137 1389 66-

1387 1426 1707 1489 1666616616666666
1729 1427 1780 1500 sit,
1802 1442 1881 1505 quae
1902 1439 2008 1486 166616
2030 1429 2061 1484 61
2083 1436 2137 1482 ur·

1389 1527 1516 1597 gentem
1538 1521 1754 1582 necessitatem
1769 1521 1936 1582 contineat.
1959 1517 2081 1595 Quippe
2101 1511 2138 1574 il-

1388 1611 1441 1674 lud
1464 1613 1552 1675 nobis
1572 1627 1696 1690 semper
1720 1610 1915 1674 6616666166
1941 1606 2137 1688 propositum

1388 1705 1611 1781 1616166661
1628 1705 1737 1768 nihile
1752 1705 1874 1767 6611666
1888 1703 2037 1775 alienum,
2055 1695 2137 1761 611111

1390 1799 1565 1862 1666666116
1596 1815 1630 1861 66
1661 1805 1778 1861 1661666
1810 1797 1965 1861 iaciamus.
1999 1795 2139 1858 llaerent

1389 1897 1504 1974 pariter
1525 1897 1628 1960 animo
1649 1898 1749 1960 (161116
1761 1893 1863 1958 Sancti
1878 1891 2025 1956 Bernardi
2041 1887 2139 1951 verba
2232 1949 2236 1956 .

1389 1992 1424 2053 ad
1448 1991 1628 2053 Pontificem
1650 1991 1830 2068 Eugenium
1852 1986 1906 2051 lib.
1929 1988 1951 2048 3
1973 1985 2009 2047 de
2026 1981 2138 2049 Consi·

1390 2082 1565 2157 duratione,
1584 2099 1652 2161 cap.
1669 2085 1706 2145 4:
1729 2082 1855 2145 Facitis
1870 2081 1935 2154 166,
1953 2081 2030 2159 6616
2052 2081 2138 2156 6616-

1389 2176 1467 2236 stis:
1491 2176 1553 2249 scd,
1579 2181 1693 2240 utrum
1716 2173 1865 2248 debeatis,
1883 2173 2028 2253 quaestio
2042 2175 2091 2232 est
2107 2176 2137 2230 et

1390 2269 1551 2346 quamodo.
1576 2270 1722 2332 Attamen
1745 2271 1838 2334 sidem
1853 2267 2064 2347 praestitimus
2086 2263 2137 2337 116,

1390 2362 1502 2440 quibus
1524 2363 1704 2442 praestanda
1719 2362 1830 2438 166661,
1847 2360 2001 2440 Episcopis
2023 2371 2139 2434 nempe

1390 2455 1540 2518 locorum.
1560 2455 1628 2518 Non
1646 2456 1731 2518 66116
1745 2455 1805 2518 6116
1820 2463 1905 2534 pacto
1917 2451 2056 2517 exerceri
2071 2457 2139 2529 pot·

1388 2558 1435 2611 est
1455 2550 1618 2612 solicitudo
1649 2549 1853 2626 peculiarium
1881 2545 2083 2609 ecclesiarum
2105 2559 2140 2604 66

1389 2643 1582 2719 dioecesum,
1605 2643 1665 2704 6161
1687 2643 1762 2706 tides
1790 2641 1938 2704 habeatur
1965 2637 2137 2718 Episcopis,

1389 2754 1405 2797 6
1426 2738 1538 2816 quibus
1560 2736 1629 2798 illae
1649 2735 1918 2799 administrantur.
1947 2733 2005 2796 Sed
2028 2733 2061 2795 in
2084 2747 2139 2810 66-

1388 2835 1520 2904 61666111,
1533 2837 1569 2892 61
1591 2827 1809 2906 gravissimum
1829 2828 1889 2890 hoe
1908 2826 2073 2904 negotium
2090 2832 2139 2886 tu-

1391 2923 1463 2996 tius,
1480 2922 1661 3000 quemdem
1683 2921 1788 2998 possit,
1806 2928 1944 2997 geratur,
1967 2918 2138 2980 molestum

1389 3017 1475 3079 661116
1497 3029 1561 3078 666
1582 3015 1634 3090 sit,
1645 3015 1787 3077 66161661
1809 3014 1845 3075 116
1866 3014 2138 3089 adverteremus

1388 3109 1580 3172 subiicimus.

2160 541 2210 596 Aa.
2223 543 2250 598 c.
2268 545 2323 602 1141

1428 3201 1612 3278 5161166
1641 3202 1789 3280 ignoratis
1816 3203 1853 3265 ab
1880 3199 2135 3265 1666666116111.
2207 3217 2331 3272 causum
2376 3183 2377 3234 1

1389 3298 1603 3375 paedecessore
1618 3304 1725 3358 nostro
1741 3312 1808 3374 cap.
1828 3294 2070 3366 consiliumne
2087 3291 2138 3356 ob·
2156 3269 2332 3378 3111111111
2376 3305 2377 3366 1

1390 3390 1570 3453 screatione
1592 3387 1804 3461 ieiuniorum,
1827 3390 1910 3452 16166
1935 3405 2039 3452 causas
2062 3375 2282 3464 1666616116.
2376 3370 2377 3433 1

1391 3485 1481 3546 111666
1502 3483 1642 3548 solvendi
1665 3482 1884 3544 abstinentiam
1899 3498 1914 3542 6
1930 3483 2073 3545 carnibus
2095 3481 2139 3542 ie·

1391 3579 1468 3641 iunii
1491 3586 1642 3656 tempore,
1664 3577 1819 3639 recenseri
1840 3585 1988 3638 16661661
2003 3577 2139 3638 6116166-

1391 3677 1455 3732 tem
1477 3669 1576 3747 reipsa
1591 3671 1837 3746 aegritudinem:
1861 3669 2031 3732 Praeterea
2047 3668 2085 3730 de
2101 3667 2141 3730 il·

1392 3763 1444 3835 lis,
1468 3764 1522 3841 qui
1546 3763 1581 3824 in
1602 3763 1848 3843 quadrupestmu
1869 3763 1916 3824 ael
1938 3765 1974 3824 iu
1995 3762 2073 3825 aliis
2095 3764 2140 3824 ie·

1391 3858 1495 3918 inuiis
1516 3855 1707 3918 solemnibus
1728 3857 1952 3935 infirmantur,
1969 3861 2001 3918 61
2022 3862 2140 3933 661661

1390 3947 1454 4011 sibi
1475 3966 1562 4010 esum
1588 3950 1740 4011 carnium
1763 3949 1945 4028 indulqeri,
1975 3949 2142 4026 responde·

1391 4059 1481 4104 mus:
1504 4042 1598 4122 qnod,
1622 4057 1693 4102 eum
1716 4059 1779 4104 non
1806 4039 1972 4105 subiaceat
1995 4042 2056 4122 leqi
2086 4057 2142 4104 ne·

1392 4135 1546 4205 cessitas,
1580 4135 1773 4196 desiderium
1806 4135 2031 4212 infirmorum,
2064 4151 2140 4197 cum

1392 4244 1510 4307 unqens
1526 4228 1695 4290 neccessitas
1710 4229 1826 4308 ancipit,
1842 4235 2035 4306 supportare
2053 4235 2140 4307 poles

1393 4329 1421 4382 61
1445 4320 1544 4393 debes,
1568 4329 1605 4383 ut
1629 4323 1734 4384 maius
1750 4321 1930 4398 periculum
1953 4321 1987 4382 in
2009 4321 2053 4383 616
2075 4321 2141 4383 eei-

1394 4420 1494 4476 tetnr.
1528 4415 1612 4476 idem
1633 4423 1804 4478 statuerant
1832 4415 1932 4476 166116
1954 4417 2140 4479 66161666·

1392 4507 1531 4570 66611661
1548 4507 1596 4568 111.
1622 4516 1722 4586 661666
1738 4508 1835 4569 octavi
1853 4507 1980 4570 Consilii
1997 4507 2139 4571 Toletani

1395 4604 1472 4666 Gan.
1490 4599 1523 4673 9,
1540 4601 1621 4678 quud
1637 4615 1717 4662 anno
1732 4617 1843 4662 661111.
1860 4600 2050 4664 celebratum
2065 4601 2135 4664 init:

1396 4693 1546 4772 Quisquis
1558 4691 1672 4770 absque
1685 4689 1867 4754 ineuitabili
1878 4694 2076 4766 necessitate,
2087 4699 2138 4758 al-

1393 4803 1449 4864 666
1481 4785 1679 4866 [rapititatis
1702 4786 1856 4847 euidentes
1888 4786 2057 4865 insequere,
2081 4804 2138 4849 seu

1391 4880 1489 4942 etiam
1511 4880 1631 4942 aetatis
1652 4877 1924 4957 impossibilitate,
1937 4877 2047 4942 diebus
2062 4898 2138 4960 qua·

1393 4973 1591 5052 draqesimae
1613 4989 1699 5034 esum
1722 4974 1871 5034 carnium
1885 4975 2138 5052 praesumpserit

1392 5069 1570 5136 attentare,
1594 5081 1656 5127 nou
1678 5065 1781 5126 solum
1804 5067 1866 5127 erit
1889 5081 1964 5127 reus
1986 5065 2138 5128 Resurre-

1392 5159 1510 5219 ctionis
1534 5157 1729 5228 Dominicae,
1752 5174 1863 5218 uerum
1890 5159 1989 5220 etiam
2010 5161 2139 5223 alienius

1392 5248 1430 5313 ab
1453 5250 1592 5311 eiusdem
1625 5250 1688 5311 diei
1710 5250 1831 5312 Sancta
1859 5249 2136 5314 Communium...

1393 5343 1560 5415 11116666,
1583 5359 1657 5422 quos
1679 5351 1739 5406 aut
1768 5351 1858 5408 aetas
1884 5345 2055 5419 incurvat,
2077 5354 2138 5410 aut

1394 5436 1532 5520 lanqnor
1554 5445 1722 5508 eatcauat,
1739 5443 1800 5500 aut
1821 5441 1992 5502 necessitas
2014 5449 2137 5514 arctat,

1393 5549 1455 5594 non
1477 5541 1554 5618 ante
1579 5529 1743 5610 probibita
1765 5531 1886 5594 uiolare
1913 5542 2134 5610 praesumant,
2159 5612 2161 5616 Ι

1393 5643 1486 5703 quam
1508 5643 1528 5687 6
1548 5623 1711 5686 sacerdote
1737 5625 1927 5701 permissum
1953 5627 2127 5704 accipiant.

1432 5719 1451 5794 ἕ
1472 5717 1517 5780 17.
1542 5716 1641 5780 Nemo
1663 5725 1719 5791 661,
1743 5717 1796 5796 qui
1819 5734 1882 5779 666
1904 5719 2059 5796 intelligat
2080 5720 2138 5782 116-
2190 5719 2327 5777 1661616-

1392 5811 1526 5873 iusmodi
1548 5827 1651 5872 causas
1665 5810 1736 5871 satis
1757 5825 1833 5884 esse,
1845 5816 1880 5872 ut
1894 5811 2014 5890 aliquia
2028 5812 2136 5875 1616611
2154 5851 2169 5940 E

1392 5905 1511 5981 legibus
1529 5912 1559 5965 et
1573 5903 1758 5965 abstinentia
1781 5904 1938 5966 immunes
1959 5905 2136 5968 6116116166-

2170 5849 2195 5884 ro
2227 5827 2326 5893 genstall-
2374 5855 2375 5876 i

2129 5813 2133 5823 ·
2154 5796 2184 5831 66
2195 5781 2327 5840 requiruntur
2374 5789 2375 5796 1
