4764 6972
354 498 407 556 111.
421 501 452 557 (l.
473 501 542 556 tate
591 496 630 564 86

571 641 829 719 pareatur,'qcae
849 641 887 704 de
909 640 1036 704 consilio
1057 655 1153 704 venn.
1181 637 1314 702 fratrum

571 744 753 800 nostrorum
773 735 804 800 S.
818 737 854 800 lt.
868 737 903 799 ll.
918 736 1128 802 cardinalium
1143 739 1315 819 Propagan-

571 833 625 896 dae
655 832 741 896 bidei
763 832 897 908 negotiis
924 830 1183 910 praesidentium,
1214 849 1315 912 nuper

484 936 487 941 ·
570 926 724 990 edidimus
745 942 800 1005 pro
826 925 1007 1002 colligendis
1028 925 1061 988 in
1083 941 1184 989 unum
1205 941 1314 1004 corpus

569 1021 627 1081 sub
648 1035 712 1082 uno
733 1019 843 1098 capite,
866 1034 990 1098 unaque
1010 1018 1236 1094 iurisdictione,
1252 1018 1315 1082 liu-

569 1111 673 1174 thenis
694 1110 848 1174 llonachis
872 1110 1047 1188 basilianis3
1070 1127 1142 1174 cum
1171 1120 1314 1174 tamone

568 1204 667 1267 literis
687 1204 851 1268 communi
871 1211 975 1268 vestro
997 1205 1125 1268 nomine
1139 1204 1175 1266 ad
1189 1220 1246 1268 uos
1263 1206 1313 1268 da·

568 1301 607 1363 tis
628 1300 874 1378 perceperimus,
898 1299 1035 1362 modeste
1063 1315 1119 1362 vos
1138 1299 1312 1371 subvereri,

569 1410 611 1457 ne
630 1393 664 1456 in
686 1393 723 1455 iis
751 1392 908 1473 quidpiam
941 1393 1176 1460 incommodum
1203 1394 1314 1456 vestris

568 1487 844 1550 consuetudinibus
856 1495 887 1550 et
897 1486 1071 1566 privilegiis
1081 1485 1236 1550 sancitum
1248 1485 1321 1548 lue?

567 1581 627 1657 rit;
650 1597 704 1646 vos
725 1597 781 1660 pro
796 1581 947 1658 singulari
962 1587 1067 1643 nostra
1088 1595 1162 1657 erga
1176 1587 1313 1642 vestram

567 1674 728 1736 nationem
749 1673 982 1748 benevolentia,
1005 1673 1184 1736 censuimus
1209 1673 1313 1737 admo·

567 1768 697 1842 nendos,
720 1767 827 1829 eadem
847 1765 968 1828 decreta
990 1765 1020 1827 id
1041 1765 1142 1828 solum
1163 1771 1311 1844 vectare,

567 1869 603 1926 ut
624 1861 681 1940 ipsi
708 1859 851 1922 monachi
879 1859 913 1922 in
941 1875 1043 1924 unam
1065 1865 1188 1922 coetum
1216 1859 1314 1921 coale-

564 1962 698 2029 scentes,
721 1961 815 2032 atque
834 1953 876 2014 ita
897 1951 1016 2015 iacilius
1037 1952 1204 2015 monastica
1225 1951 1313 2014 disci-

566 2048 652 2130 plina
673 2049 823 2122 instituti,
837 2048 873 2110 ad
888 2063 976 2112 suam
987 2048 1118 2112 salutem
1131 2047 1313 2116 incumbant

569 2149 599 2205 et
614 2140 650 2202 ad
667 2141 788 2204 firmius
803 2141 1042 2218 obstringendos
1057 2141 1248 2220 Apostolicae
1259 2137 1313 2203 Se-

565 2233 595 2296 di
617 2231 805 2313 populorum
826 2233 956 2298 animos.

372 2332 466 2379 cacam
480 2330 547 2380 altas
605 2331 625 2406 5
648 2326 675 2387 l.
698 2327 781 2403 Quae
802 2343 878 2391 sane
898 2327 1020 2391 decreta
1036 2345 1074 2391 eo
1088 2327 1183 2393 etiam
1205 2325 1238 2390 in
1259 2342 1312 2388 ve-

566 2422 728 2486 neratione
748 2436 813 2484 esse
835 2420 959 2498 debent,
973 2437 1035 2500 quo
1056 2421 1222 2484 inhaerent
1244 2434 1311 2499 per·

565 2524 658 2596 petuo
678 2514 834 2577 Romanae
857 2514 1026 2580 Gatbedrae
1047 2515 1215 2594 proposito,
1231 2510 1312 2576 redi-

565 2606 659 2688 gendi
681 2610 713 2670 in
728 2623 831 2671 unum
844 2608 991 2672 Ordinem
1006 2615 1135 2672 cunctos
1149 2609 1311 2672 Ruthenos

564 2705 732 2769 Basilianos
743 2702 921 2775 monachos,
934 2717 1048 2780 eosque
1059 2700 1243 2766 subiiciendi
1254 2702 1308 2764 uni

565 2814 710 2877 supremo
731 2795 875 2876 praesidi,
890 2795 944 2873 qui
966 2811 984 2856 e
1005 2794 1178 2873 propinquo
1192 2793 1310 2856 servari

334 2385 463 2486 1111

566 2893 670 2955 iubeat
691 2889 871 2954 domesticas
892 2887 988 2964 leges,
1010 2895 1176 2966 caveatque
1193 2903 1234 2950 ne
1247 2887 1310 2949 ulla

566 3002 605 3050 ex
625 2992 712 3066 parto
732 2981 876 3060 religiosa
897 2979 1056 3059 disciplina
1084 2980 1309 3042 detrimentum

565 3078 664 3142 iaciat.
687 3074 832 3152 Quocirca
858 3071 1041 3143 datiarum,
1057 3079 1092 3134 ut
1106 3078 1227 3148 vocant,
1253 3071 1309 3134 Or·

566 3171 650 3243 atat,
672 3170 730 3232 sub
755 3165 973 3232 Sanctissimae
994 3164 1153 3227 Trinitatis
1180 3165 1309 3226 nomine

557 3263 787 3338 militantium,
816 3257 884 3322 data
904 3256 963 3321 iuit
985 3257 1061 3319 olim
1085 3257 1212 3320 facultas
1236 3273 1308 3320 con-

565 3357 658 3421 dendi
680 3356 803 3418 idoneas
827 3351 900 3415 huic
921 3349 1049 3412 consilio
1074 3349 1171 3426 leges,
1193 3367 1209 3412 a
1230 3349 1309 3413 Pon·

565 3451 649 3514 tistce
669 3448 803 3512 blaximo
824 3444 1067 3518 confirmandas,
1090 3442 1219 3521 eiusque
1239 3461 1309 3507 auc-

332 3539 546 3644 zqsstosscssssmfflg
567 3543 690 3606 toritate
710 3540 806 3603 robur
826 3537 995 3600 habituras.
1018 3536 1105 3611 Quod
1126 3536 1242 3614 pariter
1256 3552 1309 3598 ve-

332 3651 407 3694 11111.
479 3628 485 3639 ’
563 3642 626 3700 stra
647 3631 866 3699 Zamosciensis
887 3631 1029 3708 synodus
1053 3629 1230 3692 luculenter
1249 3629 1307 3692 sibi

562 3727 739 3810 proposuit,
762 3731 886 3804 testata,
909 3725 1063 3786 inunum
1091 3721 1308 3800 congreganda

562 3838 629 3884 esse
649 3834 760 3898 corpus
770 3823 925 3897 quotquot
940 3815 1127 3880 monasteria
1143 3815 1307 3879 adrerum

562 3913 677 3978 Christi
699 3911 782 3973 ovile
803 3919 871 3973 tum
898 3909 1071 3984 redierant,
1094 3915 1148 3970 aut
1168 3909 1307 3971 reditura

561 4006 677 4081 lorent,
698 4018 776 4083 quae
797 4003 830 4064 in
851 4001 1031 4076 schismate,
1054 4000 1136 4064 nulli
1164 4001 1306 4064 omnium

559 4099 695 4171 maximo
706 4095 820 4159 rectori
841 4093 1057 4158 cohaerebant.
1081 4093 1112 4156 ld
1134 4099 1238 4156 autem
1252 4110 1306 4157 ne-

561 4207 613 4255 mo
634 4206 699 4254 non
720 4187 805 4250 videt
818 4186 937 4251 iacilius
957 4186 1104 4261 obtineri,
1115 4186 1139 4248 si
1156 4184 1305 4265 quidquid

560 4290 607 4346 est
638 4283 857 4346 Ruthenorum
884 4279 1111 4342 Basilianorum
1141 4278 1303 4355 sodalium,

560 4376 656 4438 totius
676 4373 804 4436 Russiae
828 4371 1208 4435 Proto-hrcbimandritae
1235 4371 1305 4434 obe·

560 4468 635 4544 diat,
647 4467 774 4544 eiusque
795 4467 943 4543 imperata
963 4464 1062 4528 iaciat.
1087 4462 1151 4528 Nec
1171 4463 1305 4528 dubitari

560 4566 673 4639 potest,
696 4559 776 4621 banc
802 4557 898 4621 inisse
922 4556 1062 4620 eiusdem
1083 4557 1304 4624 Zamosciensis

560 4651 691 4716 Concilii
702 4657 854 4727 mentem,
870 4650 1023 4730 siqnidem
1034 4647 1228 4729 Metropolita
1242 4649 1304 4713 Leo

558 4745 666 4820 Kiska,
678 4743 744 4822 qui,
757 4743 958 4824 permittente
967 4741 1105 4806 Romana
1121 4742 1210 4819 Sede,
1223 4743 1302 4822 syn-

559 4840 655 4901 odum
686 4838 783 4915 ipsam
814 4837 1034 4915 congregavit,
1060 4837 1113 4899 vin
1143 4853 1177 4900 ea
1205 4839 1302 4900 sunem

557 4938 725 5010 acceperat,
747 4929 864 4992 scilicet
890 4930 1125 5009 quadragesimo
1149 4939 1218 5008 post
1239 4930 1299 5009 die,

556 5041 629 5088 cum
650 5023 717 5112 aliis
737 5039 811 5086 suae
832 5023 933 5100 gentis
946 5023 1104 5103 Episcopis
1126 5024 1233 5086 sedulo
1248 5041 1299 5103 po·

556 5117 694 5192 stulavit,
707 5124 742 5178 ut
763 5123 892 5178 cunctae
912 5115 1081 5178 Basilianae
1102 5115 1236 5179 iamiliae
1250 5133 1300 5180 su·

556 5225 683 5289 premas
700 5208 871 5288 praelectus
886 5209 1064 5271 alternatim
1078 5209 1247 5285 eligeretur
1260 5224 1301 5270 111

555 5301 718 5366 Lithuanis
731 5309 763 5364 et
774 5300 1038 5365 Volimniensibus
1053 5302 1226 5379 monachis3
1249 5302 1300 5363 da·

555 5407 587 5460 to
608 5397 806 5472 documento,
829 5395 870 5458 ita
891 5395 1021 5458 sensisse
1043 5395 1081 5457 de
1101 5411 1166 5457 uno
1187 5397 1299 5459 consti-

555 5488 671 5552 tuendo
701 5489 840 5567 praeside
875 5488 1136 5552 Zamosciensium
1172 5489 1298 5551 Patrum

554 5581 828 5660 constitutionem
851 5583 965 5661 quain
987 5582 1072 5646 hunc
1098 5599 1225 5646 sensum
1252 5600 1299 5646 ac·

554 5684 652 5754 cepta,
669 5674 830 5752 Synodum
846 5676 1044 5738 confirmavit
1057 5677 1231 5755 Apostolica
1247 5677 1299 5741 Se-

554 5770 619 5844 des,
641 5769 729 5832 cuius
750 5776 795 5832 est
820 5769 858 5831 de
878 5785 952 5831 vero
972 5770 1111 5848 synodali
1137 5787 1230 5832 sensu
1253 5771 1299 5834 iu-

552 5860 665 5926 dicare.

1092 513 1157 564 iuti.
1179 515 1272 564 boor.
1298 512 1337 565 1111
1358 515 1388 563 Ρ.
1410 513 1440 566 h*-
1464 513 1548 566 huns
1568 519 1591 566 1.

2147 499 2317 572 11111111
2354 507 2356 558 i

1412 638 1481 720 52.
1503 641 1590 720 Quod
1610 648 1716 707 autem
1728 640 1838 704 attinet
1859 639 1895 702 ad
1913 647 2030 703 vestras
2051 654 2117 703 mo·
2165 654 2326 726 episcopum
2355 625 2356 632 ἶ

1371 739 1459 802 deste
1479 738 1629 802 exhibitas
1641 737 1791 817 querelas,
1808 736 1916 800 iisdem
1937 737 2051 800 nostris
2065 738 2118 800 de·
2135 705 2329 814 bii⁸rt⁰tin⁰ffiil

1371 832 1464 896 cretis
1487 833 1695 896 imminutum
1716 831 1754 894 iri
1770 830 1972 910 episcopalem
1994 830 2117 893 iurisdi·
2134 809 2283 918 {bf-'roffi
2292 822 2328 922 {¹33

1371 925 1524 1000 ctionem,
1542 926 1701 988 monachis
1715 925 1753 988 ab
1767 925 1829 1006 ipsa
1851 923 2021 1003 exemptis;
2044 923 2116 986 sati's
2135 922 2242 976 captura.

1370 1018 1431 1081 erit
1451 1019 1487 1081 ad
1509 1034 1559 1082 eas
1578 1017 1737 1093 sedandas,
1753 1026 1788 1081 ut
1809 1017 1842 1081 in
1863 1017 2048 1080 memoriam
2068 1033 2117 1081 re·

1371 1111 1498 1188 vocetis,
1521 1112 1551 1175 id
1572 1118 1689 1174 anteaa
1704 1111 1790 1174 vobis
1811 1127 1992 1174 concessum
2005 1119 2118 1190 sponte

1370 1203 1475 1280 inisse,
1488 1211 1520 1267 et
1534 1206 1568 1268 in
1579 1205 1783 1270 oecumenica
1795 1204 1976 1268 tridentina
1991 1203 2116 1283 Synodo

1370 1313 1514 1376 expresse
1535 1299 1788 1377 comprobatum,
1817 1298 2114 1377 confirmatumque:

1369 1407 1465 1469 quam
1473 1392 1708 1455 saluberrimam
1721 1391 1882 1472 synodum
1893 1393 2027 1464 libenter
2037 1409 2054 1454 a
2064 1408 2117 1454 ve-

1369 1489 1433 1547 stro
1455 1485 1659 1548 Zamosciensi
1674 1493 1843 1560 conventu,
1856 1485 1942 1548 nulla
1964 1485 2116 1564 exceptio-

1370 1592 1422 1653 ne,
1438 1577 1659 1642 venerabttnde
1673 1587 1838 1658 acceptam,
1856 1595 1895 1641 en
1909 1579 2039 1658 eiusque
2053 1577 2116 1658 pla·

1370 1670 1438 1733 citis
1458 1672 1547 1750 plura
1575 1672 1695 1750 saepius
1716 1687 1732 1734 a
1757 1672 1845 1736 vobis
1865 1672 1980 1736 sancita
2008 1671 2115 1746 luisse,

1369 1763 1506 1842 proiecto
1527 1780 1590 1828 non
1612 1765 1773 1844 ignoratis.
1797 1761 1860 1828 Nec
1874 1766 1961 1829 vobis
1982 1765 2016 1829 in
2028 1779 2117 1827 men-

1370 1863 1433 1920 tem
1455 1858 1562 1921 veniat
1583 1866 1738 1937 reputare,
1752 1858 1918 1938 quicquam
1939 1857 1982 1921 ibi
2003 1857 2116 1921 vestris

1369 1950 1521 2014 ituthenis
1543 1953 1663 2017 Ritibus
1683 1953 1850 2029 adversari,
1867 1970 1945 2033 quos
1966 1959 1997 2016 et
2022 1968 2116 2031 quos·

1369 2059 1503 2122 cumque
1519 2044 1593 2107 alios
1608 2045 1800 2111 laudabiliter
1815 2046 1985 2124 institutos,
1998 2045 2116 2124 ubique

1368 2229 1489 2308 Patres3
1517 2231 1588 2306 rati,
1615 2248 1654 2294 ex
1674 2232 1930 2312 incorruptarum
1958 2245 2114 2296 caeremo

1369 2323 1493 2387 niarum
1504 2325 1693 2399 diversitate,
1709 2325 1883 2389 Catholicae
1894 2324 2047 2390 Ecclesiae
2062 2325 2115 2388 de-

1368 2433 1421 2479 cus
1449 2419 1602 2482 accedero.
1638 2420 1714 2482 Eta
1735 2419 1823 2482 nobis
1854 2434 1948 2498 quam
1976 2417 2113 2480 maxime

1367 2509 1505 2574 alienum
1527 2519 1583 2586 est,
1610 2511 1649 2574 ab
1677 2511 1855 2576 huiusmodi
1885 2510 2040 2575 sententia
2061 2511 2113 2573 vel

1367 2601 1499 2666 minime
1519 2603 1684 2667 discedere.

1407 2696 1426 2771 ἓ
1446 2697 1477 2759 3.
1499 2696 1598 2774 Igitur
1618 2714 1691 2761 cum
1712 2695 1792 2760 nihil
1820 2697 1908 2761 vobis
1932 2698 2111 2762 timendum
2148 2719 2331 2777 sumansu·

1365 2788 1417 2864 sit,
1440 2805 1491 2864 ne,
1514 2791 1628 2853 nostris
1648 2792 1861 2870 pronunciatis
1883 2793 2024 2868 decretis,
2040 2808 2112 2872 pro·
2130 2772 2330 2872 ξξοξέῗῑῗῇξξξὲᾓ

1367 2879 1453 2944 batae
1474 2882 1511 2944 ab
1531 2883 1587 2945 hac
1614 2881 1811 2948 Sanctissima
1839 2885 1919 2956 Sede
1944 2893 2112 2953 consuetu·
2131 2889 2183 2978 {¹3}
2206 2879 2330 2926 advenen-

1367 2974 1454 3036 dines
1475 2984 1599 3038 vestrae
1625 2978 1741 3041 vulnus
1767 2977 1891 3058 aliquod
1917 2980 2108 3059 acceperint3

1367 3084 1439 3131 cum
1466 3085 1521 3130 vos
1549 3069 1607 3148 ipsi
1637 3078 1745 3150 sponte
1777 3072 1977 3136 decreveritis
2002 3089 2111 3136 mona·

1367 3162 1438 3224 chos
1459 3163 1509 3224 sui
1540 3178 1606 3226 esse
1629 3164 1723 3242 iuris;
1755 3181 1828 3228 cum
1849 3164 1944 3229 iidem
1964 3166 2033 3230 illos
2058 3185 2110 3248 op-

1367 3258 1502 3318 taverint
1524 3257 1557 3320 in
1579 3272 1680 3320 unum
1701 3257 1784 3321 coire
1810 3257 1968 3335 ordinem,
1990 3262 2111 3339 conspi-

1366 3350 1435 3425 cati,
1458 3353 1516 3412 hoc
1536 3357 1624 3428 pacto
1646 3351 1757 3413 molius
1778 3351 1899 3414 consuli
1925 3353 2110 3417 monasticae

1365 3439 1554 3521 disciplinae,
1575 3460 1608 3506 ac
1628 3443 1848 3508 Rutheuorum
1868 3445 2012 3522 utilitati;
2034 3447 2109 3526 qnid

1364 3542 1422 3610 cst,
1435 3537 1516 3614 quod
1528 3536 1725 3615 apostolicam
1735 3535 1964 3616 benignitatem
1976 3541 2011 3602 ad
2022 3555 2109 3619 prae·

1364 3628 1477 3692 sidium
1499 3637 1640 3692 vestrum
1654 3630 1824 3692 invocetist
1845 3631 1929 3696 llanc
1950 3640 2056 3697 autem
2071 3633 2107 3699 ad

1364 3723 1621 3802 opportuniorem
1636 3739 1728 3786 usum
1743 3739 1904 3788 reservare
1923 3727 2066 3806 poteritis
2075 3734 2108 3791 et

1364 3834 1458 3898 quam
1479 3833 1543 3880 non
1565 3817 1661 3879 semel
1683 3818 1802 3896 experti
1824 3818 1909 3894 estis,
1932 3835 2107 3899 numquam

1364 3912 1450 3974 vobis
1472 3909 1649 3973 defuturam
1667 3910 1861 3988 existimare3
1883 3913 2067 3990 praesertim
2080 3914 2107 3976 si

1363 4005 1399 4068 ad
1420 4004 1516 4084 ipsam
1544 4003 1767 4068 conciliandam
1789 4003 1940 4067 eximium
1967 4004 2106 4070 studium

1363 4096 1576 4174 adhibueritis,
1589 4105 1625 4160 ut
1639 4096 1718 4159 nihil
1733 4096 1958 4176 impedimento
1978 4099 2029 4175 sit,
2042 4116 2107 4162 sae-

1362 4192 1432 4272 pius
1447 4191 1633 4271 nuncupatis
1653 4190 1785 4253 decretis
1796 4189 1910 4252 nostris
1923 4191 2024 4254 debita
2035 4193 2105 4256 obe

1362 4284 1479 4347 dientia
1507 4283 1708 4363 exequendis.
1740 4281 1826 4358 Quod
1853 4291 1889 4346 ut
1914 4284 2106 4349 commodius

1363 4377 1431 4440 fieri
1452 4383 1555 4456 queat,
1578 4375 1778 4455 permisimus
1799 4373 1917 4438 Nuntio
1939 4375 2029 4441 isthic
2050 4395 2107 4442 no-

1361 4477 1438 4544 stro,
1461 4477 1584 4548 tempus
1598 4469 1747 4532 idoneum
1767 4466 1930 4546 designare
1942 4471 1978 4534 ad
1992 4486 2105 4548 cogen-

1361 4561 1437 4626 dum
1458 4562 1682 4624 monachorum
1702 4569 1907 4638 conventum,
1924 4569 1958 4625 ut
1972 4563 2026 4639 ibi,
2041 4582 2106 4628 ma·

1362 4663 1431 4716 turo
1452 4654 1594 4729 consilio,
1610 4669 1721 4716 norma
1742 4654 1960 4731 constituatur,
1976 4674 2036 4736 qua
2050 4674 2105 4721 ne·

1360 4747 1481 4825 gotium
1510 4747 1594 4810 istud
1623 4748 1660 4811 ad
1692 4747 1813 4810 exitum
1844 4749 1969 4826 perduci
1997 4760 2101 4829 queat.

1359 4841 1490 4903 interim
1510 4839 1756 4904 fraternitatibus
1775 4842 1886 4904 vestris
1907 4844 2103 4922 apostolicam

1358 4932 1606 4996 benedictionem
1628 4940 1825 5012 peramanter
1846 4936 2057 5014 impertimur.

1398 5028 1509 5089 Datum
1521 5026 1647 5102 Romae,
1660 5025 1739 5106 apud
1755 5026 1786 5091 S.
1800 5029 1927 5093 blariam
1942 5029 2100 5107 blaiorem,

1356 5121 1414 5183 sub
1429 5120 1546 5183 annulo
1558 5120 1728 5198 Piscatoris,
1744 5121 1794 5185 die
1807 5137 1908 5186 1111111.
1925 5125 2102 5186 novembris

1358 5228 1537 5290 uncorum,
1559 5213 1753 5292 pontificatus
1775 5215 1873 5279 nostri
1893 5231 1976 5277 anno
1997 5233 2045 5278 111.

1674 5495 1786 5562 xxix.

1355 5679 1399 5741 De
1425 5693 1584 5743 concarata
1612 5687 1642 5744 11
1671 5681 1819 5743 1111111111
1846 5695 1903 5759 pro
1930 5679 2100 5759 parocbia·

1395 5771 1476 5834 liam
1502 5773 1711 5837 ecclesiaram
1737 5773 1907 5836 cattattaoa
1937 5774 2100 5852 disponit‚·

1394 5865 1431 5928 de
1451 5864 1723 5945 appellationibus
1744 5864 1784 5930 ab
1799 5867 2025 5933 irrationabili
2043 5870 2099 5933 Or·
