4708 6978
859 633 1055 680 pensaturus
1079 631 1141 678 xiv.
1696 609 1754 674 265
1804 606 1858 660 Aa.
1875 605 1906 660 d.
1928 574 1996 660 1146

228 773 292 820 rem
307 757 498 820 luculentius
513 757 666 836 inspicere
683 756 771 832 velit,
787 769 974 818 monumen·
998 753 1002 869 ι
1067 753 1086 828 5
1108 751 1137 812 ι.
1163 751 1196 812 lu
1218 748 1362 812 decretali
1388 757 1508 824 nostra,
1537 761 1631 826 quam
1656 744 1775 852 saepius
1794 754 2008 863 &hmilitas

229 861 255 914 ta
270 853 435 931 expendat,
451 869 530 930 quae
543 851 711 916 Cardinalis
727 849 810 913 Bona
823 848 859 911 de
870 844 973 908 Rebas
1029 844 1275 917 nominavimus,
1291 859 1331 906 ne
1352 844 1545 904 sacerdotum
1567 841 1687 920 pietati,
1704 855 1774 918 pus-
1793 861 2008 909 cicseconccssts-

229 945 406 1024 liturgicis
437 946 595 1023 sapienter
628 943 828 1021 conscripsit,
863 939 917 1002 tto.
941 941 973 1010 1,
1000 949 1002 1009 ι
1029 954 1090 1016 que
1111 937 1270 999 desideriis
1291 936 1490 999 atterentium
1513 934 1628 1013 aliquid
1643 936 1773 1008 deesset,
1794 915 2008 1025 {ifflffiffififfissnl

229 1037 304 1116 dap.
328 1039 388 1111 15;
410 1038 604 1100 Thomassini
627 1038 805 1099 Tractatum
834 1035 916 1112 legat
939 1032 974 1094 dc
1000 1014 1003 1109 Ξ
1028 1032 1238 1109 permisimus,
1264 1037 1298 1093 ut
1320 1029 1429 1092 eodem
1443 1028 1475 1089 in
1493 1028 1609 1107 templo
1630 1029 1718 1107 plura
1733 1028 1774 1090 al·
1793 1019 2008 1131 gggnsshfssgfj

229 1129 375 1203 ieiuniis,
397 1139 485 1209 part.
511 1132 542 1205 1,
567 1131 642 1207 dap.
666 1130 728 1202 23,·
751 1138 911 1210 percurrat
926 1142 973 1189 re·
1001 1134 1002 1147 ¹
1030 1129 1106 1189 taria
1127 1130 1347 1203 conderentur,
1364 1127 1562 1189 strationem
1584 1139 1708 1203 quoque
1728 1123 1775 1184 in·
1794 1129 1970 1230 {3333qu
1972 1129 2010 1228 {1¹¹2

227 1231 351 1284 centem
383 1224 565 1301 scriptorem
595 1224 638 1284 De
659 1223 744 1284 l'lsle
766 1222 797 1283 in
828 1220 975 1284 Historia
1001 1276 1003 1313 Ι
1030 1223 1218 1298 dicavimus,
1242 1229 1276 1284 ut
1304 1237 1376 1284 cum
1401 1221 1550 1298 Episcopo
1572 1217 1622 1280 vel
1650 1217 1710 1279 alio
1730 1233 1776 1280 sa·
1795 1236 2009 1300 murosuunccp

228 1313 417 1394 llaqntaticc
448 1316 484 1377 de
513 1315 658 1389 leiariio,
686 1314 740 1378 tto.
775 1316 806 1383 6.
839 1329 907 1390 cap.
941 1314 974 1384 1,
1001 1320 1003 1345 ¹
1029 1317 1152 1379 cerdote
1173 1316 1358 1378 sacrificium
1387 1319 1555 1394 peragente
1585 1314 1691 1390 plures
1712 1327 1776 1375 uno
1796 1289 1884 1390 ξῗξῖω
1906 1299 1958 1336 ”⁰¹¹
1977 1299 2009 1336 '¹'

227 1425 297 1489 pag.
321 1410 394 1472 474
425 1427 462 1474 oc
487 1407 703 1488 sequentibus.
735 1411 773 1471 dt
799 1423 874 1469 vero
905 1406 976 1468 satis
1001 1374 1003 1447 l
1033 1407 1647 1488 temporesacerdotesconcelebrarent.
1671 1405 1778 1468 lnEc-

227 1505 284 1566 erit
307 1513 380 1565 ante
401 1504 506 1566 oculos
527 1519 644 1580 ponere
664 1518 817 1566 canonem
835 1499 874 1562 tit
896 1500 976 1563 Gon·
1002 1498 1004 1573 ι
1030 1504 1120 1566 clesia
1142 1503 1340 1578 Graecorum,
1352 1517 1430 1580 quae
1445 1502 1493 1563 bic
1508 1501 1621 1562 Romae
1636 1507 1778 1560 constru-

227 1596 289 1659 cilii
312 1597 493 1673 Laodiceni,
515 1596 596 1677 quod
626 1596 796 1660 cardinalis
825 1594 976 1655 Earonius
1002 1604 1004 1621 ’
1030 1604 1077 1659 cta
1099 1604 1155 1671 est,
1178 1598 1263 1673 plura
1285 1612 1358 1657 sane
1384 1601 1553 1657 occurrunt
1580 1591 1703 1667 altaria,
1726 1606 1780 1650 ve·

128 1690 130 1699 ’
228 1688 363 1752 Nicaeuo
385 1690 450 1769 ipso
477 1691 631 1752 vetustius
661 1690 839 1752 arbitratur.
873 1687 977 1764 ltaque
1002 1675 1004 1684 ’
1030 1705 1103 1752 rum
1123 1690 1186 1751 Leo
1208 1689 1338 1752 dilatius
1359 1689 1400 1749 ita
1422 1687 1460 1747 de
1484 1686 1536 1748 illa
1557 1686 1708 1764 scriptum
1730 1701 1777 1746 re·

227 1783 269 1844 sic
290 1783 487 1845 decernitur:
510 1781 613 1844 «Non
636 1789 779 1860 oportere
800 1780 978 1856 inQuadra-
1003 1849 1005 1857 ,
1031 1783 1139 1863 liquit:
1164 1783 1363 1861 «Templum
1378 1779 1628 1843 divodtbauasio
1642 1795 1777 1853 sacrum,

228 1894 246 1935 a
267 1878 383 1954 gesima
400 1893 511 1956 panem
526 1876 650 1952 oilerre,
668 1876 728 1938 nisi
743 1876 865 1939 sabbato
880 1884 911 1936 et
927 1876 978 1937 do·
1032 1894 1050 1937 a
1071 1876 1152 1957 quod
1174 1877 1290 1938 Romae
1311 1883 1367 1950 est,
1391 1889 1454 1936 nou
1477 1875 1517 1935 ita
1533 1890 1571 1936 ex
1593 1872 1728 1934 nationis
1743 1870 1779 1932 il-

228 1969 393 2030 ‹minicis
415 1977 537 2032 tanturn
560 1987 589 2028 ›>.
617 1969 721 2032 Canon
737 1971 830 2030 etiam
844 1969 884 2031 52
899 1969 978 2030 don·
1003 2023 1006 2058 ,
1031 1987 1050 2032 a
1072 1970 1132 2033 lius
1153 1986 1241 2032 more
1262 1974 1441 2031 extructum
1462 1973 1523 2042 est,
1550 1974 1583 2046 ut
1603 1966 1639 2028 ad
1665 1965 1779 2028 consti·

227 2063 289 2126 ciiii
312 2063 467 2137 Trullani,
483 2061 563 2141 quod
580 2062 744 2125 orientatis
760 2062 894 2124 Ecclesia
909 2061 976 2140 plu·
1003 2059 1006 2106 t
1033 2081 1051 2124 a
1073 2064 1200 2126 tuendas
1227 2062 1416 2124 Graecorum
1445 2060 1608 2122 bodiernas
1639 2057 1779 2120 ecclesias

228 2155 298 2217 rimi
313 2155 636 2231 iacit,itaconstituit:
661 2155 729 2217 «ln
751 2155 898 2217 omnibus
910 2170 979 2216 san·
1032 2155 1308 2234 «inexemplum
1338 2153 1447 2216 adduci
1475 2153 1569 2231 possit
1596 2159 1627 2214 et
1654 2151 1777 2227 debeat,

228 2249 603 2325 ‹ctaeQuadragesimae
624 2248 734 2310 ieiunii
755 2248 875 2322 diebus,
892 2265 986 2327 prae·
1033 2267 1144 2314 acum
1169 2251 1272 2330 potius
1299 2247 1426 2310 Latinae
1458 2247 1611 2310 Ecclesiae
1638 2245 1778 2320 modum,

228 2361 248 2402 a
269 2350 413 2420 terquam
438 2343 563 2404 sabbato
587 2350 618 2403 et
639 2341 792 2404 dominica
815 2350 845 2402 et
872 2349 978 2404 sancto
1004 2332 1006 2415 ζ
1033 2359 1208 2422 «euinque
1229 2359 1293 2404 nou
1315 2342 1357 2404 ita
1378 2341 1556 2420 antiquum,
1573 2339 1732 2402 celerat.»
1754 2339 1779 2400 l·

230 2456 248 2497 a
269 2435 528 2499 annuntiationis
542 2435 603 2513 die,
617 2436 669 2497 fiat
690 2451 812 2498 sacrum
836 2435 979 2497 Praesau·
1004 2448 1006 2535 t
1034 2449 1125 2517 taque
1148 2437 1279 2498 minime
1301 2435 1385 2498 ducti
1407 2435 1523 2496 luimus
1545 2432 1602 2494 boc
1623 2430 1778 2509 exemplo,

229 2548 247 2591 a
268 2530 476 2592 ctidcatorum
488 2529 734 2590 ministerium».
745 2527 875 2591 Silentia
888 2529 980 2590 omit·
1004 2548 1007 2579 ι
1034 2539 1068 2594 ut
1091 2531 1121 2592 iu
1134 2529 1270 2592 ecclesiis
1290 2529 1379 2607 plura
1389 2528 1494 2590 altaria
1515 2526 1712 2603 largiremur,
1727 2523 1780 2585 sed

229 2623 326 2683 timus
347 2619 574 2700 impudentiam
601 2619 794 2682 schismatico
818 2627 979 2681 consenta—
1004 2608 1008 2685 ἶ
1033 2623 1135 2703 potius
1164 2623 1347 2685 auctoritate
1367 2638 1401 2686 ac
1428 2620 1613 2683 testimoniis
1641 2617 1779 2680 eiusdem

229 2731 334 2790 neam
357 2715 397 2775 ob
417 2729 510 2792 quam
532 2713 677 2776 nonnulli
693 2729 732 2773 ex
750 2713 866 2790 graecis
881 2712 980 2774 homi·
1034 2715 1138 2778 dilatii
1164 2724 1195 2778 et
1223 2715 1393 2778 dardinalis
1424 2715 1545 2788 Bonae,
1567 2711 1620 2791 qui
1648 2710 1781 2772 tradide-

229 2810 323 2872 nibus
348 2807 576 2872 occidentalem
609 2806 776 2868 Ecclesiam
805 2806 978 2885 improbare
1005 2806 1007 2815 '
1033 2817 1121 2883 runt,
1145 2807 1328 2887 iampridem
1351 2806 1473 2870 Graecis
1488 2807 1520 2868 in
1537 2821 1625 2867 more
1644 2803 1777 2882 positum

230 2919 295 2964 non
317 2901 513 2974 dubitarunt,
535 2916 571 2961 eo
593 2901 674 2977 quod
696 2899 828 2976 singulis
847 2899 981 2973 Quadra·
1005 2852 1007 2953 ι
1033 2900 1145 2976 luisse,
1168 2909 1202 2963 ut
1230 2899 1400 2963 conderent
1430 2898 1538 2961 sacella
1559 2915 1575 2960 a
1598 2895 1714 2975 templo
1734 2911 1780 2956 se·

230 2997 365 3074 gesimae
388 2995 631 3057 diebussacrum
646 2991 747 3055 iacere
768 2994 977 3054 consueverit.
1005 2956 1007 3057 l
1034 2994 1149 3071 iuncta,
1174 2996 1215 3057 ita
1237 3005 1272 3059 ut
1294 3006 1404 3058 murus
1425 2994 1607 3067 interesset,
1637 3005 1715 3070 quae
1735 3005 1780 3050 sa·
1887 2997 1889 3004 ’

230 3088 399 3151 Neminem
421 3087 535 3167 quippe
557 3087 642 3162 latet,
665 3101 759 3163 quam
775 3086 912 3163 graviter
932 3103 978 3148 sa·
1005 3073 1007 3149 s
1033 3089 1109 3151 cella
1133 3089 1330 3152 Parecclesias
1345 3088 1400 3167 ipsi
1417 3094 1651 3164 nuncuparunt,
1669 3099 1781 3163 easque

230 3182 416 3261 pienterque
439 3179 607 3245 cardinalis
629 3179 820 3241 Humbertus
842 3180 980 3258 aSylva·
1005 3166 1007 3189 ¹
1035 3199 1097 3245 non
1119 3182 1217 3246 semel
1238 3183 1318 3244 iutra
1340 3189 1425 3260 septa
1447 3181 1709 3242 monasteriorum
1730 3193 1780 3238 ex·

231 3275 365 3338 Candida
392 3275 520 3336 illorum
547 3273 702 3335 audaciam
730 3271 859 3350 fregerit
881 3281 912 3336 et
934 3291 978 3334 er·
1005 3265 1008 3341 ἰ
1035 3283 1150 3338 tructas
1171 3274 1276 3349 tuisse,
1301 3275 1332 3336 in
1354 3274 1554 3352 quibusnam
1580 3272 1718 3334 divinam
1739 3269 1781 3330 la·

230 3384 335 3430 rorem
357 3367 578 3430 confutaverit.
602 3367 807 3442 Quamobrem
819 3383 922 3445 neque
938 3377 981 3430 te·
1006 3414 1008 3439 ‚
1034 3376 1150 3432 cerent.
1168 3369 1268 3442 Quare
1282 3383 1354 3430 cum
1366 3366 1454 3428 nobis
1466 3365 1626 3442 cognitum
1642 3379 1781 3442 perspec-

229 3476 329 3536 mere,
343 3475 446 3539 neque
462 3459 636 3522 inconsulto
651 3458 816 3521 statuimus
828 3461 860 3522 in
876 3469 980 3523 nostra
1006 3500 1008 3534 ,
1035 3469 1166 3540 tumque
1185 3461 1237 3536 sit,
1256 3461 1312 3523 boc
1332 3467 1474 3539 tempore
1488 3459 1581 3522 talem
1604 3457 1782 3520 facultatem

230 3552 375 3618 decretali
392 3552 590 3615 retinendum
611 3567 676 3614 esse
690 3562 779 3614 vetus
799 3553 980 3617 institutum
1006 3542 1008 3619 ζ
1034 3555 1156 3618 Graecis
1180 3555 1260 3617 baud
1280 3561 1507 3632 suppeterent
1529 3551 1681 3615 eiusmodi
1701 3551 1782 3614 aedi·

230 3649 342 3709 missae
363 3647 699 3725 praesanctificatoium
721 3645 827 3708 diebus
848 3647 980 3722 Quadra·
1035 3649 1102 3712 licia
1117 3655 1311 3722 construant,
1324 3647 1376 3726 qui
1391 3647 1537 3724 exiguam
1551 3646 1711 3709 ecclesiam
1726 3647 1782 3707 im·

232 3741 380 3818 gesimae,
404 3757 440 3802 eo
463 3743 545 3820 quod
568 3739 720 3802 Ecclesiae
745 3755 871 3816 graecae
893 3740 981 3803 disci·
1035 3753 1157 3823 petrare
1178 3743 1232 3804 vin
1254 3749 1376 3821 queunt
1397 3742 1430 3803 in
1452 3741 1490 3802 iis
1511 3740 1717 3802 barbarorum
1739 3739 1781 3800 lo-

231 3835 314 3914 plina
327 3852 342 3894 a
355 3835 465 3913 primis
477 3850 574 3912 usque
588 3834 778 3912 temporibus
794 3834 824 3894 id
839 3841 981 3896 constan·
1035 3841 1077 3901 cis
1098 3839 1151 3900 ubi
1173 3845 1350 3911 versantur,
1367 3835 1435 3898 ideo
1456 3833 1535 3896 banc
1557 3841 1697 3896 mentem
1711 3849 1782 3896 con-

231 3937 279 3992 tei·
305 3929 522 4008 postulaverit:
553 3948 572 3987 a
592 3929 681 3992 Hunc
710 3945 831 3992 morem
862 3928 981 4008 (inquit
1006 3972 1008 3983 .
1034 3931 1203 4009 siliumque
1223 3929 1427 4008 suscepimus,
1450 3935 1485 3990 ut
1506 3927 1594 4020 plura
1616 3927 1689 4005 ipsis
1709 3926 1782 3988 alta·

231 4043 249 4084 a
272 4021 551 4102 cardinalisssana)
566 4023 664 4084 adbuc
688 4033 792 4086 servat
816 4024 980 4088 Orientalis
1006 4008 1008 4027 '
1035 4024 1078 4086 ria
1100 4040 1156 4102 per
1178 4023 1408 4099 indulgentiam
1429 4021 1679 4083 concederemus.

231 4117 458 4194 «Ecclesia»,
481 4135 559 4196 quae
581 4118 717 4197 proiecto
742 4135 815 4180 cum
839 4131 980 4182 moerore
1075 4119 1143 4193 §5-
1166 4119 1209 4180 De
1230 4115 1498 4179 concelebratione
1518 4120 1624 4176 autem
1645 4113 1781 4177 sacerdo·
1818 4134 2014 4199 ipuccraecos

231 4230 263 4274 ac
286 4211 373 4273 luctu
395 4211 667 4290 quadragesimalis
690 4213 809 4287 ieiunii,
832 4213 980 4274 laetitiam
1037 4222 1104 4277 tum
1125 4227 1196 4275 cum
1219 4209 1377 4288 Episcopo,
1390 4209 1415 4270 si
1436 4208 1530 4284 forte,
1549 4208 1638 4270 novis
1659 4214 1782 4270 extruc-
1801 4187 2015 4298 ss{3{?„{2⁰{¹,„‡,²{l

231 4305 371 4367 sacrificii
393 4305 531 4382 copulari
553 4305 686 4366 minime
714 4321 801 4384 posse
823 4307 977 4368 diiudicat.
1008 4349 1009 4358 .
1038 4309 1075 4370 tis
1096 4305 1242 4368 altaribus
1263 4305 1296 4365 in
1312 4303 1419 4365 eadem
1435 4302 1579 4377 Ecclesia,
1596 4303 1738 4366 nondum
1752 4301 1780 4364 id
1802 4295 1905 4394 fflffigffi
1926 4306 2013 4342 Μιθ-

233 4397 309 4459 lllud
330 4399 449 4478 pariter
476 4399 559 4460 addit
586 4397 755 4460 cardinalis
776 4398 880 4474 Bona,
909 4413 980 4461 cum
1007 4365 1009 4460 l
1035 4399 1106 4462 satis
1138 4414 1203 4460 esse
1235 4396 1422 4476 presbyteris
1451 4404 1545 4473 atque
1582 4395 1782 4458 offerentium
1905 4384 1910 4394 ’

234 4494 324 4556 verba
347 4491 420 4553 lacit
435 4491 473 4553 de
488 4491 551 4554 ritu
575 4491 685 4552 missae
707 4492 980 4570 praesanctificato·
1007 4464 1010 4512 t
1036 4491 1232 4556 multitudini
1247 4488 1436 4566 acreligioni
1453 4489 1605 4565 videatur,
1619 4487 1781 4564 Arcadius,

233 4600 318 4648 rum:
343 4584 578 4648 «Occidentalis
599 4584 734 4647 Ecclesia
762 4600 799 4648 eo
819 4602 980 4664 nunquam
1036 4585 1090 4649 tta.
1113 4586 1146 4657 3,
1172 4585 1247 4661 dap.
1272 4584 1328 4655 17,
1350 4598 1422 4661 paq.
1445 4582 1525 4654 205,
1547 4583 1583 4646 de
1606 4580 1782 4645 Cortcordia

233 4680 384 4752 «utitur,
407 4685 461 4740 aut
482 4695 535 4739 usa
557 4686 614 4752 est,
638 4678 696 4739 nisi
719 4678 793 4738 teria
813 4687 899 4740 sexta
920 4679 982 4740 lla·
1038 4678 1196 4742 Ecclesiae
1225 4678 1439 4742 Occidentalis
1467 4682 1498 4738 ct
1530 4676 1718 4748 Orientaiis,
1742 4677 1782 4738 ita

235 4773 345 4834 «ioris
368 4769 583 4834 Hebdomadae
597 4789 625 4830 r.
650 4772 809 4834 Postremo
836 4771 980 4834 dissimu·
1008 4808 1010 4851 ,
1037 4779 1185 4836 testatur:
1211 4771 1418 4849 «Presbyteri
1434 4770 1689 4850 frequentissime
1703 4768 1782 4850 apud

235 4866 320 4928 landa
343 4881 408 4928 non
430 4871 503 4952 sunt
524 4879 646 4943 eaquae
663 4865 695 4925 in
712 4864 845 4926 Ecclesia
867 4864 980 4927 bledio·
1008 4878 1011 4934 t
1037 4867 1205 4930 «Graecos
1226 4881 1296 4928 cum
1319 4865 1467 4928 Pontiiioe
1491 4881 1552 4928 una
1567 4865 1784 4927 concelebrant

235 4957 353 5022 lanensi
376 4965 542 5036 geruntur3
566 4957 597 5020 in
612 4973 671 5036 qua
685 4973 757 5020 cum
770 4957 981 5020 ambrosianus
1008 4946 1011 5037 l
1037 4979 1055 5020 a
1076 4968 1108 5021 et
1121 4959 1363 5023 consacriiicant.
1380 4978 1398 5020 s
1420 4959 1505 5035 Quod
1521 4957 1545 5020 si
1562 4957 1728 5038 Episcopus
1741 4958 1784 5036 ip·

236 5053 313 5116 ritus
345 5052 489 5131 pluribus
510 5053 543 5114 in
569 5053 662 5114 rebus
692 5051 880 5113 Graecorum
907 5053 980 5114 ritui
1008 5043 1011 5118 ἶ
1036 5070 1069 5115 se
1090 5068 1213 5114 sacrum
1235 5053 1367 5115 minime
1388 5052 1540 5124 conficiat,
1564 5060 1632 5113 tum
1653 5067 1692 5114 es
1714 5051 1785 5112 reli-

236 5145 469 5218 coulormetur,
492 5145 562 5208 ideo
592 5143 723 5206 Sanctus
750 5143 877 5207 Carolus
908 5145 981 5206 Bor·
1037 5147 1106 5227 quis
1128 5146 1337 5209 sacerdotibus
1359 5162 1441 5208 unus
1462 5144 1622 5222 deligitur,
1648 5144 1702 5222 qui
1723 5144 1784 5222 pri·

237 5255 377 5302 romaeus
399 5237 513 5300 indixit
534 5237 595 5298 illis
616 5237 762 5314 ecclesiis,
782 5255 861 5316 quae
881 5254 981 5300 roma·
1008 5248 1011 5323 ζ
1037 5241 1080 5303 mi
1092 5240 1250 5302 oderentis
1262 5247 1363 5319 partes
1378 5256 1412 5301 ac
1423 5239 1608 5315 dignitatem
1622 5239 1782 5308 sustineat:

237 5348 309 5394 num
332 5333 432 5395 ritum
453 5336 671 5408 sequerentur,
685 5339 720 5392 ut
734 5330 818 5392 feriis
839 5332 933 5394 sextis
949 5333 981 5394 in
1009 5356 1011 5389 l
1037 5349 1056 5394 a
1076 5333 1161 5396 llenc
1175 5333 1336 5412 antiquam
1351 5333 1468 5411 (inquit
1483 5332 1621 5395 blorinus
1637 5331 1668 5394 in
1691 5329 1784 5394 Trac-

237 5425 470 5503 Quadragesima
491 5424 598 5486 Missae
618 5424 763 5487 sacrificia
779 5426 980 5502 conticerent3
1009 5418 1011 5445 ³
1037 5446 1055 5488 a
1078 5433 1152 5488 tato
1167 5427 1203 5490 dc
1220 5425 1331 5490 Sacris
1356 5421 1636 5504 ordinationibus,
1650 5428 1737 5502 part.
1750 5423 1783 5495 3,
1852 5487 1858 5508 Ι

238 5520 266 5582 id
286 5535 362 5582 vero
384 5534 448 5582 non
472 5518 580 5581 liceret
595 5518 661 5579 aliis
683 5518 831 5594 ecclesiis,
848 5519 980 5596 quaeri·
1036 5540 1054 5581 a
1077 5521 1213 5583 caercit.
1238 5521 1272 5593 8,
1295 5535 1384 5580 cant.
1409 5519 1445 5599 7)
1467 5527 1498 5582 et
1512 5517 1708 5598 apostolicam
1725 5525 1785 5580 tra-

238 5619 302 5674 tum
322 5611 554 5675 ambrosianum
580 5611 774 5674 obtinerent:
803 5613 917 5676 ccum
939 5613 980 5688 id,
1038 5614 1229 5706 «ditionem
1251 5615 1400 5675 hactenus
1421 5613 1576 5689 integram
1591 5610 1698 5674 Graeci
1713 5627 1785 5673 con·

238 5722 256 5764 a
276 5714 396 5786 praeter
411 5714 513 5768 cetera
529 5705 687 5783 mysteria,
703 5722 860 5769 summam
875 5724 980 5785 quam·
1009 5696 1012 5791 i
1039 5715 1255 5782 «servarunt,
1278 5707 1365 5769 cuius
1386 5706 1515 5782 vestigia
1537 5704 1638 5767 Latini
1653 5705 1686 5766 in
1706 5705 1786 5767 ordi·

238 5801 344 5864 ‹dam
366 5808 397 5861 et
418 5798 607 5862 cumulatam
628 5798 735 5878 populi
756 5797 899 5861 catbolici
920 5800 980 5879 spi·
1010 5794 1012 5943 ι
1039 5801 1255 5865 «nationibus
1286 5800 1542 5880 presbyterorum
1569 5805 1600 5860 et
1625 5795 1786 5879 Episcopo-

239 5893 399 5956 ‹ritalcm
420 5892 571 5954 laetitiam
586 5891 770 5970 praescierat
785 5910 819 5952 a:
843 5891 881 5954 In
895 5893 979 5956 actis
1010 5952 1012 5963 ,
1039 5917 1058 5959 a
1078 5911 1150 5959 rum
1173 5895 1264 5956 etiam
1287 5909 1371 5956 nunc
1393 5893 1585 5973 exprimunt.
1610 5893 1690 5956 Cum
1707 5893 1786 5972 apud

241 5986 478 6050 mediolacensis
501 5985 670 6048 Ecclesiae.
1010 5970 1013 6074 ι
1041 6007 1059 6052 a
1080 5989 1210 6053 Graecos
1221 5989 1252 6050 in
1265 5987 1366 6068 aliqua
1377 5986 1504 6049 ecclesia
1516 5987 1608 6049 multi
1619 5995 1693 6049 sunt
1704 6001 1785 6066 pres-

342 6138 394 6185 ior.
413 6139 482 6185 l'ont.
497 6137 529 6184 tte
545 6137 617 6197 drop.
635 6136 695 6183 l'ide
710 6137 791 6183 Partis
807 6140 825 6186 l.
841 6138 894 6184 Vol.
909 6140 952 6186 lll.
1653 6137 1679 6180 st
