<?xml version="1.0" encoding="UTF-8"?>
<!DOCTYPE html PUBLIC "-//W3C//DTD XHTML 1.0 Transitional//EN"
    "http://www.w3.org/TR/xhtml1/DTD/xhtml1-transitional.dtd">
<html xmlns="http://www.w3.org/1999/xhtml" xml:lang="en" lang="en">
 <head>
  <title>
</title>
<meta http-equiv="Content-Type" content="text/html;charset=utf-8" />
  <meta name='ocr-system' content='tesseract 3.04.00' />
  <meta name='ocr-capabilities' content='ocr_page ocr_carea ocr_par ocr_line ocrx_word'/>
</head>
<body>
  <div class='ocr_page' id='page_1' title='image "./iurispontificii02martgoog_0641.png"; bbox 0 0 4798 6978; ppageno 0'>
   <div class='ocr_carea' id='block_1_1' title="bbox 937 572 1220 622">
    <p class='ocr_par' dir='ltr' id='par_1_1' title="bbox 937 572 1220 622">
     <span class='ocr_line' id='line_1_1' title="bbox 937 572 1220 622; baseline -0.014 -1"><span class='ocrx_word' id='word_1_1' title='bbox 937 573 1134 622; x_wconf 78' lang='lat' dir='ltr'>uuuuutcrtts</span> <span class='ocrx_word' id='word_1_2' title='bbox 1154 572 1220 619; x_wconf 83' lang='lat' dir='ltr'>xlv.</span> 
     </span>
    </p>
   </div>
   <div class='ocr_carea' id='block_1_2' title="bbox 304 693 1055 5368">
    <p class='ocr_par' dir='ltr' id='par_1_2' title="bbox 304 693 1055 5368">
     <span class='ocr_line' id='line_1_2' title="bbox 304 693 1054 762; baseline -0.008 -2"><span class='ocrx_word' id='word_1_3' title='bbox 304 713 373 762; x_wconf 89' lang='lat' dir='ltr'>mus</span> <span class='ocrx_word' id='word_1_4' title='bbox 394 705 426 759; x_wconf 92' lang='lat' dir='ltr'>et</span> <span class='ocrx_word' id='word_1_5' title='bbox 446 698 630 761; x_wconf 83' lang='lat' dir='ltr'>mandamus</span> <span class='ocrx_word' id='word_1_6' title='bbox 649 698 684 760; x_wconf 93' lang='lat' dir='ltr'>in</span> <span class='ocrx_word' id='word_1_7' title='bbox 700 697 818 761; x_wconf 92' lang='lat' dir='ltr'>virtute</span> <span class='ocrx_word' id='word_1_8' title='bbox 839 703 960 758; x_wconf 89' lang='lat' dir='ltr'>sanetae</span> <span class='ocrx_word' id='word_1_9' title='bbox 982 693 1054 756; x_wconf 91' lang='lat' dir='ltr'>obe-</span> 
     </span>
     <span class='ocr_line' id='line_1_3' title="bbox 305 789 1052 867; baseline -0.008 -13"><span class='ocrx_word' id='word_1_10' title='bbox 305 791 450 867; x_wconf 90' lang='lat' dir='ltr'>dientiae,</span> <span class='ocrx_word' id='word_1_11' title='bbox 472 799 504 854; x_wconf 89' lang='lat' dir='ltr'>et</span> <span class='ocrx_word' id='word_1_12' title='bbox 531 793 589 854; x_wconf 91' lang='lat' dir='ltr'>sub</span> <span class='ocrx_word' id='word_1_13' title='bbox 616 790 828 854; x_wconf 89' lang='lat' dir='ltr'>ecclesiasticis</span> <span class='ocrx_word' id='word_1_14' title='bbox 856 789 996 851; x_wconf 81' lang='lat' dir='ltr'><strong>censuris</strong></span> <span class='ocrx_word' id='word_1_15' title='bbox 1021 793 1052 849; x_wconf 90' lang='grc'>11</span> 
     </span>
     <span class='ocr_line' id='line_1_4' title="bbox 306 882 1052 964; baseline -0.009 -15"><span class='ocrx_word' id='word_1_16' title='bbox 306 885 413 964; x_wconf 90' lang='lat' dir='ltr'>poenis</span> <span class='ocrx_word' id='word_1_17' title='bbox 434 885 500 964; x_wconf 89' lang='lat' dir='ltr'>ipso</span> <span class='ocrx_word' id='word_1_18' title='bbox 522 885 599 948; x_wconf 88' lang='lat' dir='ltr'>lacto</span> <span class='ocrx_word' id='word_1_19' title='bbox 622 882 984 962; x_wconf 87' lang='lat' dir='ltr'>incurrendis,aquibus</span> <span class='ocrx_word' id='word_1_20' title='bbox 998 897 1052 944; x_wconf 94' lang='lat' dir='ltr'>ne·</span> 
     </span>
     <span class='ocr_line' id='line_1_5' title="bbox 304 976 1053 1058; baseline -0.008 -16"><span class='ocrx_word' id='word_1_21' title='bbox 304 994 354 1042; x_wconf 90' lang='lat' dir='ltr'>mo</span> <span class='ocrx_word' id='word_1_22' title='bbox 376 987 592 1058; x_wconf 75' lang='lat' dir='ltr'>praeterquam</span> <span class='ocrx_word' id='word_1_23' title='bbox 609 997 625 1040; x_wconf 89' lang='lat' dir='ltr'>a</span> <span class='ocrx_word' id='word_1_24' title='bbox 643 981 781 1043; x_wconf 87' lang='lat' dir='ltr'>Romano</span> <span class='ocrx_word' id='word_1_25' title='bbox 802 977 951 1040; x_wconf 88' lang='lat' dir='ltr'>Pontiiice</span> <span class='ocrx_word' id='word_1_26' title='bbox 973 976 1053 1037; x_wconf 88' lang='lat' dir='ltr'>etin</span> 
     </span>
     <span class='ocr_line' id='line_1_6' title="bbox 305 1071 1052 1152; baseline -0.004 -18"><span class='ocrx_word' id='word_1_27' title='bbox 305 1071 415 1134; x_wconf 90' lang='lat' dir='ltr'>mortis</span> <span class='ocrx_word' id='word_1_28' title='bbox 436 1073 565 1137; x_wconf 92' lang='lat' dir='ltr'>articulo</span> <span class='ocrx_word' id='word_1_29' title='bbox 586 1073 701 1136; x_wconf 92' lang='lat' dir='ltr'>absolvi</span> <span class='ocrx_word' id='word_1_30' title='bbox 724 1072 830 1152; x_wconf 81' lang='lat' dir='ltr'><strong>possit,</strong></span> <span class='ocrx_word' id='word_1_31' title='bbox 846 1078 880 1134; x_wconf 94' lang='lat' dir='ltr'>ut</span> <span class='ocrx_word' id='word_1_32' title='bbox 901 1085 1052 1132; x_wconf 92' lang='lat' dir='ltr'>numerus</span> 
     </span>
     <span class='ocr_line' id='line_1_7' title="bbox 305 1165 1052 1245; baseline -0.007 -17"><span class='ocrx_word' id='word_1_33' title='bbox 305 1165 490 1229; x_wconf 90' lang='lat' dir='ltr'>monialium</span> <span class='ocrx_word' id='word_1_34' title='bbox 511 1167 676 1230; x_wconf 90' lang='lat' dir='ltr'>cuiuslibet</span> <span class='ocrx_word' id='word_1_35' title='bbox 689 1167 933 1245; x_wconf 76' lang='lat' dir='ltr'>saepedictorum</span> <span class='ocrx_word' id='word_1_36' title='bbox 947 1179 1052 1226; x_wconf 91' lang='lat' dir='ltr'>mona-</span> 
     </span>
     <span class='ocr_line' id='line_1_8' title="bbox 305 1259 1051 1333; baseline 0.001 -15"><span class='ocrx_word' id='word_1_37' title='bbox 305 1259 474 1322; x_wconf 89' lang='lat' dir='ltr'>steriorum</span> <span class='ocrx_word' id='word_1_38' title='bbox 502 1262 669 1324; x_wconf 81' lang='lat' dir='ltr'>reducatur</span> <span class='ocrx_word' id='word_1_39' title='bbox 689 1267 721 1322; x_wconf 90' lang='grc'>11</span> <span class='ocrx_word' id='word_1_40' title='bbox 742 1260 871 1322; x_wconf 91' lang='lat' dir='ltr'>omuino</span> <span class='ocrx_word' id='word_1_41' title='bbox 897 1265 1051 1333; x_wconf 90' lang='lat' dir='ltr'>servetur,</span> 
     </span>
     <span class='ocr_line' id='line_1_9' title="bbox 306 1352 1052 1433; baseline -0.001 -19"><span class='ocrx_word' id='word_1_42' title='bbox 306 1359 398 1432; x_wconf 91' lang='lat' dir='ltr'>prout</span> <span class='ocrx_word' id='word_1_43' title='bbox 414 1353 494 1416; x_wconf 82' lang='lat' dir='ltr'>iutra</span> <span class='ocrx_word' id='word_1_44' title='bbox 510 1354 738 1432; x_wconf 78' lang='lat' dir='ltr'>praescribitur.</span> <span class='ocrx_word' id='word_1_45' title='bbox 763 1354 910 1433; x_wconf 88' lang='lat' dir='ltr'>inprime</span> <span class='ocrx_word' id='word_1_46' title='bbox 926 1352 1052 1430; x_wconf 89' lang='lat' dir='ltr'>quidem</span> 
     </span>
     <span class='ocr_line' id='line_1_10' title="bbox 306 1444 1052 1513; baseline -0.003 -5"><span class='ocrx_word' id='word_1_47' title='bbox 306 1447 493 1508; x_wconf 90' lang='lat' dir='ltr'>monasterio</span> <span class='ocrx_word' id='word_1_48' title='bbox 515 1445 644 1512; x_wconf 85' lang='lat' dir='ltr'>Sanctae</span> <span class='ocrx_word' id='word_1_49' title='bbox 659 1449 840 1513; x_wconf 85' lang='lat' dir='ltr'>Gatharinae</span> <span class='ocrx_word' id='word_1_50' title='bbox 855 1447 1002 1511; x_wconf 84' lang='lat' dir='ltr'>Senensis</span> <span class='ocrx_word' id='word_1_51' title='bbox 1017 1444 1052 1507; x_wconf 91' lang='lat' dir='ltr'>ad</span> 
     </span>
     <span class='ocr_line' id='line_1_11' title="bbox 306 1540 1053 1619; baseline 0 -17"><span class='ocrx_word' id='word_1_52' title='bbox 306 1540 531 1619; x_wconf 92' lang='lat' dir='ltr'>quinquaginta</span> <span class='ocrx_word' id='word_1_53' title='bbox 552 1551 621 1604; x_wconf 90' lang='lat' dir='ltr'>octo</span> <span class='ocrx_word' id='word_1_54' title='bbox 643 1559 703 1606; x_wconf 92' lang='lat' dir='ltr'>una</span> <span class='ocrx_word' id='word_1_55' title='bbox 725 1557 797 1604; x_wconf 89' lang='lat' dir='ltr'>cum</span> <span class='ocrx_word' id='word_1_56' title='bbox 821 1559 875 1604; x_wconf 88' lang='lat' dir='ltr'>sex</span> <span class='ocrx_word' id='word_1_57' title='bbox 896 1540 1053 1603; x_wconf 90' lang='lat' dir='ltr'>conversis</span> 
     </span>
     <span class='ocr_line' id='line_1_12' title="bbox 307 1633 1053 1713; baseline 0 -17"><span class='ocrx_word' id='word_1_58' title='bbox 307 1635 345 1696; x_wconf 92' lang='lat' dir='ltr'>de</span> <span class='ocrx_word' id='word_1_59' title='bbox 366 1633 435 1696; x_wconf 93' lang='lat' dir='ltr'>velo</span> <span class='ocrx_word' id='word_1_60' title='bbox 457 1634 525 1696; x_wconf 89' lang='lat' dir='ltr'>albo</span> <span class='ocrx_word' id='word_1_61' title='bbox 545 1636 643 1698; x_wconf 89' lang='lat' dir='ltr'>dictis.</span> <span class='ocrx_word' id='word_1_62' title='bbox 668 1636 702 1698; x_wconf 94' lang='lat' dir='ltr'>ln</span> <span class='ocrx_word' id='word_1_63' title='bbox 724 1636 821 1698; x_wconf 91' lang='lat' dir='ltr'>altero</span> <span class='ocrx_word' id='word_1_64' title='bbox 837 1633 1053 1713; x_wconf 76' lang='lat' dir='ltr'>conceptionis</span> 
     </span>
     <span class='ocr_line' id='line_1_13' title="bbox 306 1725 1052 1805; baseline 0 -17"><span class='ocrx_word' id='word_1_65' title='bbox 306 1727 416 1788; x_wconf 88' lang='lat' dir='ltr'>Beatae</span> <span class='ocrx_word' id='word_1_66' title='bbox 448 1725 586 1804; x_wconf 80' lang='lat' dir='ltr'>Virginis</span> <span class='ocrx_word' id='word_1_67' title='bbox 618 1728 729 1792; x_wconf 90' lang='lat' dir='ltr'>llariae</span> <span class='ocrx_word' id='word_1_68' title='bbox 756 1729 792 1791; x_wconf 89' lang='lat' dir='ltr'>ad</span> <span class='ocrx_word' id='word_1_69' title='bbox 821 1729 985 1805; x_wconf 84' lang='lat' dir='ltr'>octoginta.</span> <span class='ocrx_word' id='word_1_70' title='bbox 1018 1728 1052 1788; x_wconf 95' lang='lat' dir='ltr'>in</span> 
     </span>
     <span class='ocr_line' id='line_1_14' title="bbox 306 1819 1053 1903; baseline 0.003 -21"><span class='ocrx_word' id='word_1_71' title='bbox 306 1821 399 1882; x_wconf 91' lang='lat' dir='ltr'>tertio</span> <span class='ocrx_word' id='word_1_72' title='bbox 420 1819 452 1883; x_wconf 87' lang='lat' dir='ltr'>S.</span> <span class='ocrx_word' id='word_1_73' title='bbox 467 1821 647 1901; x_wconf 83' lang='lat' dir='ltr'>Hieronymi</span> <span class='ocrx_word' id='word_1_74' title='bbox 668 1823 703 1884; x_wconf 89' lang='lat' dir='ltr'>ad</span> <span class='ocrx_word' id='word_1_75' title='bbox 720 1822 1053 1903; x_wconf 83' lang='lat' dir='ltr'>quadragintaquatuor</span> 
     </span>
     <span class='ocr_line' id='line_1_15' title="bbox 306 1911 1052 1994; baseline 0.008 -22"><span class='ocrx_word' id='word_1_76' title='bbox 306 1911 466 1976; x_wconf 88' lang='lat' dir='ltr'>dumtaxat</span> <span class='ocrx_word' id='word_1_77' title='bbox 486 1914 601 1994; x_wconf 89' lang='lat' dir='ltr'>(babita</span> <span class='ocrx_word' id='word_1_78' title='bbox 624 1925 725 1979; x_wconf 75' lang='lat' dir='ltr'>umen</span> <span class='ocrx_word' id='word_1_79' title='bbox 751 1916 870 1979; x_wconf 90' lang='lat' dir='ltr'>ratione</span> <span class='ocrx_word' id='word_1_80' title='bbox 892 1915 984 1993; x_wconf 90' lang='lat' dir='ltr'>legati</span> <span class='ocrx_word' id='word_1_81' title='bbox 1005 1932 1052 1978; x_wconf 91' lang='lat' dir='ltr'>re-</span> 
     </span>
     <span class='ocr_line' id='line_1_16' title="bbox 307 2007 1050 2088; baseline 0.005 -20"><span class='ocrx_word' id='word_1_82' title='bbox 307 2007 371 2070; x_wconf 92' lang='lat' dir='ltr'>licti</span> <span class='ocrx_word' id='word_1_83' title='bbox 392 2025 408 2068; x_wconf 91' lang='grc'>1</span> <span class='ocrx_word' id='word_1_84' title='bbox 430 2011 588 2088; x_wconf 89' lang='lat' dir='ltr'>quondam</span> <span class='ocrx_word' id='word_1_85' title='bbox 610 2011 784 2074; x_wconf 83' lang='lat' dir='ltr'>sanctitatis</span> <span class='ocrx_word' id='word_1_86' title='bbox 807 2009 935 2074; x_wconf 82' lang='lat' dir='ltr'>Vestrae</span> <span class='ocrx_word' id='word_1_87' title='bbox 954 2011 1050 2072; x_wconf 89' lang='lat' dir='ltr'>dom:</span> 
     </span>
     <span class='ocr_line' id='line_1_17' title="bbox 307 2101 1054 2184; baseline 0.008 -22"><span class='ocrx_word' id='word_1_88' title='bbox 307 2101 434 2181; x_wconf 90' lang='lat' dir='ltr'>losepbo</span> <span class='ocrx_word' id='word_1_89' title='bbox 455 2103 608 2166; x_wconf 87' lang='lat' dir='ltr'>Carmona</span> <span class='ocrx_word' id='word_1_90' title='bbox 631 2104 779 2180; x_wconf 84' lang='lat' dir='ltr'>Tamaris,</span> <span class='ocrx_word' id='word_1_91' title='bbox 802 2105 879 2167; x_wconf 91' lang='lat' dir='ltr'>olim</span> <span class='ocrx_word' id='word_1_92' title='bbox 905 2106 1054 2184; x_wconf 89' lang='lat' dir='ltr'>praeben·</span> 
     </span>
     <span class='ocr_line' id='line_1_18' title="bbox 306 2195 1052 2278; baseline 0.008 -22"><span class='ocrx_word' id='word_1_93' title='bbox 306 2195 377 2257; x_wconf 88' lang='lat' dir='ltr'>dato</span> <span class='ocrx_word' id='word_1_94' title='bbox 397 2197 563 2259; x_wconf 80' lang='lat' dir='ltr'>catholicae</span> <span class='ocrx_word' id='word_1_95' title='bbox 586 2197 739 2262; x_wconf 83' lang='lat' dir='ltr'>Ecclesiae</span> <span class='ocrx_word' id='word_1_96' title='bbox 765 2198 1052 2278; x_wconf 80' lang='lat' dir='ltr'>bugelopolitanae,</span> 
     </span>
     <span class='ocr_line' id='line_1_19' title="bbox 307 2290 1051 2370; baseline 0.003 -18"><span class='ocrx_word' id='word_1_97' title='bbox 307 2307 362 2370; x_wconf 89' lang='lat' dir='ltr'>per</span> <span class='ocrx_word' id='word_1_98' title='bbox 382 2291 463 2369; x_wconf 92' lang='lat' dir='ltr'>quod</span> <span class='ocrx_word' id='word_1_99' title='bbox 486 2290 578 2368; x_wconf 90' lang='lat' dir='ltr'>legati</span> <span class='ocrx_word' id='word_1_100' title='bbox 599 2292 775 2368; x_wconf 91' lang='lat' dir='ltr'>vinculum,</span> <span class='ocrx_word' id='word_1_101' title='bbox 801 2291 897 2370; x_wconf 90' lang='lat' dir='ltr'>vulgo</span> <span class='ocrx_word' id='word_1_102' title='bbox 922 2294 1051 2368; x_wconf 90' lang='lat' dir='ltr'>dictum,</span> 
     </span>
     <span class='ocr_line' id='line_1_20' title="bbox 308 2384 1054 2465; baseline 0.005 -21"><span class='ocrx_word' id='word_1_103' title='bbox 308 2384 462 2462; x_wconf 88' lang='lat' dir='ltr'>priorissis</span> <span class='ocrx_word' id='word_1_104' title='bbox 489 2401 545 2465; x_wconf 91' lang='lat' dir='ltr'>pro</span> <span class='ocrx_word' id='word_1_105' title='bbox 574 2395 713 2465; x_wconf 90' lang='lat' dir='ltr'>tempore</span> <span class='ocrx_word' id='word_1_106' title='bbox 742 2387 947 2450; x_wconf 83' lang='lat' dir='ltr'>existentibus</span> <span class='ocrx_word' id='word_1_107' title='bbox 977 2396 1054 2449; x_wconf 89' lang='lat' dir='ltr'>tam·</span> 
     </span>
     <span class='ocr_line' id='line_1_21' title="bbox 307 2478 1054 2557; baseline 0.001 -17"><span class='ocrx_word' id='word_1_108' title='bbox 307 2493 400 2556; x_wconf 90' lang='lat' dir='ltr'>quam</span> <span class='ocrx_word' id='word_1_109' title='bbox 426 2478 564 2542; x_wconf 90' lang='lat' dir='ltr'>eiusdem</span> <span class='ocrx_word' id='word_1_110' title='bbox 589 2479 681 2556; x_wconf 89' lang='lat' dir='ltr'>legati</span> <span class='ocrx_word' id='word_1_111' title='bbox 712 2481 847 2542; x_wconf 89' lang='lat' dir='ltr'>dominis</span> <span class='ocrx_word' id='word_1_112' title='bbox 875 2481 1054 2557; x_wconf 89' lang='lat' dir='ltr'>iniungitur</span> 
     </span>
     <span class='ocr_line' id='line_1_22' title="bbox 310 2571 1053 2652; baseline 0.003 -18"><span class='ocrx_word' id='word_1_113' title='bbox 310 2581 345 2634; x_wconf 92' lang='lat' dir='ltr'>ut</span> <span class='ocrx_word' id='word_1_114' title='bbox 365 2587 427 2633; x_wconf 92' lang='lat' dir='ltr'>una</span> <span class='ocrx_word' id='word_1_115' title='bbox 448 2571 570 2647; x_wconf 90' lang='lat' dir='ltr'>saltem,</span> <span class='ocrx_word' id='word_1_116' title='bbox 586 2572 723 2652; x_wconf 89' lang='lat' dir='ltr'>quolibet</span> <span class='ocrx_word' id='word_1_117' title='bbox 745 2573 894 2650; x_wconf 89' lang='lat' dir='ltr'>triennio,</span> <span class='ocrx_word' id='word_1_118' title='bbox 911 2574 1053 2636; x_wconf 90' lang='lat' dir='ltr'>monialis</span> 
     </span>
     <span class='ocr_line' id='line_1_23' title="bbox 309 2664 1053 2745; baseline 0.001 -19"><span class='ocrx_word' id='word_1_119' title='bbox 309 2664 500 2744; x_wconf 85' lang='lat' dir='ltr'>recipiatur),</span> <span class='ocrx_word' id='word_1_120' title='bbox 525 2665 565 2726; x_wconf 90' lang='lat' dir='ltr'>ita</span> <span class='ocrx_word' id='word_1_121' title='bbox 596 2674 632 2729; x_wconf 93' lang='lat' dir='ltr'>ut</span> <span class='ocrx_word' id='word_1_122' title='bbox 652 2682 707 2744; x_wconf 91' lang='lat' dir='ltr'>pro</span> <span class='ocrx_word' id='word_1_123' title='bbox 730 2670 960 2745; x_wconf 89' lang='lat' dir='ltr'>complemento</span> <span class='ocrx_word' id='word_1_124' title='bbox 981 2666 1053 2729; x_wconf 88' lang='lat' dir='ltr'>dicti</span> 
     </span>
     <span class='ocr_line' id='line_1_24' title="bbox 309 2758 1054 2838; baseline 0.004 -20"><span class='ocrx_word' id='word_1_125' title='bbox 309 2758 432 2820; x_wconf 92' lang='lat' dir='ltr'>numeri</span> <span class='ocrx_word' id='word_1_126' title='bbox 454 2759 791 2838; x_wconf 81' lang='lat' dir='ltr'>quadragintaquatuor</span> <span class='ocrx_word' id='word_1_127' title='bbox 812 2776 876 2824; x_wconf 90' lang='lat' dir='ltr'>non</span> <span class='ocrx_word' id='word_1_128' title='bbox 891 2761 1054 2822; x_wconf 86' lang='lat' dir='ltr'>admittan-</span> 
     </span>
     <span class='ocr_line' id='line_1_25' title="bbox 310 2852 1053 2931; baseline 0.004 -17"><span class='ocrx_word' id='word_1_129' title='bbox 310 2861 361 2914; x_wconf 91' lang='lat' dir='ltr'>tur</span> <span class='ocrx_word' id='word_1_130' title='bbox 382 2867 440 2913; x_wconf 89' lang='lat' dir='ltr'>nec</span> <span class='ocrx_word' id='word_1_131' title='bbox 461 2852 651 2931; x_wconf 90' lang='lat' dir='ltr'>recipiantur</span> <span class='ocrx_word' id='word_1_132' title='bbox 664 2852 751 2928; x_wconf 91' lang='lat' dir='ltr'>aliae,</span> <span class='ocrx_word' id='word_1_133' title='bbox 768 2854 827 2916; x_wconf 91' lang='lat' dir='ltr'>uisi</span> <span class='ocrx_word' id='word_1_134' title='bbox 848 2853 918 2916; x_wconf 88' lang='lat' dir='ltr'>illae</span> <span class='ocrx_word' id='word_1_135' title='bbox 932 2857 970 2918; x_wconf 91' lang='lat' dir='ltr'>de</span> <span class='ocrx_word' id='word_1_136' title='bbox 984 2856 1053 2917; x_wconf 94' lang='lat' dir='ltr'>vin-</span> 
     </span>
     <span class='ocr_line' id='line_1_26' title="bbox 308 2943 1053 3026; baseline 0.004 -20"><span class='ocrx_word' id='word_1_137' title='bbox 308 2943 378 3006; x_wconf 93' lang='lat' dir='ltr'>culo</span> <span class='ocrx_word' id='word_1_138' title='bbox 389 2943 484 3020; x_wconf 91' lang='lat' dir='ltr'>vulgo</span> <span class='ocrx_word' id='word_1_139' title='bbox 500 2944 886 3026; x_wconf 87' lang='lat' dir='ltr'>vinculataenuncupatae.</span> <span class='ocrx_word' id='word_1_140' title='bbox 897 2948 931 3009; x_wconf 93' lang='lat' dir='ltr'>ln</span> <span class='ocrx_word' id='word_1_141' title='bbox 943 2955 1053 3026; x_wconf 82' lang='lat' dir='ltr'>quarto</span> 
     </span>
     <span class='ocr_line' id='line_1_27' title="bbox 308 3035 1055 3118; baseline 0.003 -18"><span class='ocrx_word' id='word_1_142' title='bbox 308 3035 525 3101; x_wconf 88' lang='lat' dir='ltr'>Sanctissimae</span> <span class='ocrx_word' id='word_1_143' title='bbox 545 3038 704 3100; x_wconf 88' lang='lat' dir='ltr'>Trinitatis</span> <span class='ocrx_word' id='word_1_144' title='bbox 717 3040 754 3101; x_wconf 89' lang='lat' dir='ltr'>ad</span> <span class='ocrx_word' id='word_1_145' title='bbox 769 3040 972 3118; x_wconf 89' lang='lat' dir='ltr'>quadraginta</span> <span class='ocrx_word' id='word_1_146' title='bbox 989 3047 1055 3102; x_wconf 91' lang='lat' dir='ltr'>tan-</span> 
     </span>
     <span class='ocr_line' id='line_1_28' title="bbox 309 3129 1053 3210; baseline 0.007 -19"><span class='ocrx_word' id='word_1_147' title='bbox 309 3136 388 3192; x_wconf 92' lang='lat' dir='ltr'>tum.</span> <span class='ocrx_word' id='word_1_148' title='bbox 411 3131 446 3192; x_wconf 94' lang='lat' dir='ltr'>ln</span> <span class='ocrx_word' id='word_1_149' title='bbox 462 3133 573 3209; x_wconf 91' lang='lat' dir='ltr'>quinto</span> <span class='ocrx_word' id='word_1_150' title='bbox 588 3133 714 3196; x_wconf 91' lang='lat' dir='ltr'>demum</span> <span class='ocrx_word' id='word_1_151' title='bbox 729 3129 857 3195; x_wconf 88' lang='lat' dir='ltr'>Sanctae</span> <span class='ocrx_word' id='word_1_152' title='bbox 873 3134 1001 3210; x_wconf 80' lang='lat' dir='ltr'>agnetis</span> <span class='ocrx_word' id='word_1_153' title='bbox 1015 3135 1053 3196; x_wconf 90' lang='lat' dir='ltr'>de</span> 
     </span>
     <span class='ocr_line' id='line_1_29' title="bbox 308 3223 1050 3305; baseline 0 -19"><span class='ocrx_word' id='word_1_154' title='bbox 308 3223 413 3286; x_wconf 91' lang='lat' dir='ltr'>llonte</span> <span class='ocrx_word' id='word_1_155' title='bbox 434 3223 585 3288; x_wconf 85' lang='lat' dir='ltr'>Politiauo</span> <span class='ocrx_word' id='word_1_156' title='bbox 607 3227 643 3289; x_wconf 90' lang='lat' dir='ltr'>od</span> <span class='ocrx_word' id='word_1_157' title='bbox 664 3225 867 3305; x_wconf 89' lang='lat' dir='ltr'>quadraginta</span> <span class='ocrx_word' id='word_1_158' title='bbox 894 3226 1050 3289; x_wconf 85' lang='lat' dir='ltr'>similiter.</span> 
     </span>
     <span class='ocr_line' id='line_1_30' title="bbox 308 3316 1052 3398; baseline 0.007 -21"><span class='ocrx_word' id='word_1_159' title='bbox 308 3316 414 3391; x_wconf 89' lang='lat' dir='ltr'>Porro,</span> <span class='ocrx_word' id='word_1_160' title='bbox 431 3317 578 3395; x_wconf 93' lang='lat' dir='ltr'>quoniam</span> <span class='ocrx_word' id='word_1_161' title='bbox 594 3318 627 3380; x_wconf 95' lang='lat' dir='ltr'>in</span> <span class='ocrx_word' id='word_1_162' title='bbox 642 3319 781 3398; x_wconf 91' lang='lat' dir='ltr'>quinque</span> <span class='ocrx_word' id='word_1_163' title='bbox 793 3317 972 3397; x_wconf 89' lang='lat' dir='ltr'>saepedictis</span> <span class='ocrx_word' id='word_1_164' title='bbox 988 3335 1052 3382; x_wconf 93' lang='lat' dir='ltr'>mo-</span> 
     </span>
     <span class='ocr_line' id='line_1_31' title="bbox 308 3409 1052 3490; baseline 0.003 -18"><span class='ocrx_word' id='word_1_165' title='bbox 308 3409 450 3472; x_wconf 83' lang='lat' dir='ltr'>nasteriis</span> <span class='ocrx_word' id='word_1_166' title='bbox 471 3410 509 3472; x_wconf 93' lang='lat' dir='ltr'>de</span> <span class='ocrx_word' id='word_1_167' title='bbox 530 3411 685 3490; x_wconf 83' lang='lat' dir='ltr'>praesenti</span> <span class='ocrx_word' id='word_1_168' title='bbox 713 3412 915 3490; x_wconf 90' lang='lat' dir='ltr'>reperiuntur</span> <span class='ocrx_word' id='word_1_169' title='bbox 937 3414 1052 3476; x_wconf 89' lang='lat' dir='ltr'>monia-</span> 
     </span>
     <span class='ocr_line' id='line_1_32' title="bbox 308 3504 1053 3583; baseline 0.004 -17"><span class='ocrx_word' id='word_1_170' title='bbox 308 3505 352 3566; x_wconf 88' lang='lat' dir='ltr'>les</span> <span class='ocrx_word' id='word_1_171' title='bbox 372 3504 439 3566; x_wconf 91' lang='lat' dir='ltr'>sive</span> <span class='ocrx_word' id='word_1_172' title='bbox 460 3505 657 3566; x_wconf 89' lang='lat' dir='ltr'>numerariae</span> <span class='ocrx_word' id='word_1_173' title='bbox 676 3505 743 3568; x_wconf 88' lang='lat' dir='ltr'>sive</span> <span class='ocrx_word' id='word_1_174' title='bbox 764 3508 1053 3583; x_wconf 86' lang='lat' dir='ltr'>supranumerariae</span> 
     </span>
     <span class='ocr_line' id='line_1_33' title="bbox 307 3598 1052 3678; baseline 0.003 -18"><span class='ocrx_word' id='word_1_175' title='bbox 307 3598 531 3678; x_wconf 89' lang='lat' dir='ltr'>praescriptum</span> <span class='ocrx_word' id='word_1_176' title='bbox 551 3617 568 3660; x_wconf 89' lang='lat' dir='ltr'>a</span> <span class='ocrx_word' id='word_1_177' title='bbox 588 3599 676 3661; x_wconf 91' lang='lat' dir='ltr'>nobis</span> <span class='ocrx_word' id='word_1_178' title='bbox 705 3614 876 3662; x_wconf 90' lang='lat' dir='ltr'>numerum</span> <span class='ocrx_word' id='word_1_179' title='bbox 903 3601 1052 3662; x_wconf 88' lang='lat' dir='ltr'>exceden-</span> 
     </span>
     <span class='ocr_line' id='line_1_34' title="bbox 307 3692 1052 3772; baseline 0.003 -18"><span class='ocrx_word' id='word_1_180' title='bbox 307 3701 364 3765; x_wconf 90' lang='lat' dir='ltr'>tes,</span> <span class='ocrx_word' id='word_1_181' title='bbox 381 3692 527 3755; x_wconf 91' lang='lat' dir='ltr'>volumus</span> <span class='ocrx_word' id='word_1_182' title='bbox 545 3692 670 3772; x_wconf 88' lang='lat' dir='ltr'>pariter,</span> <span class='ocrx_word' id='word_1_183' title='bbox 686 3692 892 3770; x_wconf 91' lang='lat' dir='ltr'>praecipimus</span> <span class='ocrx_word' id='word_1_184' title='bbox 913 3701 943 3755; x_wconf 92' lang='grc'>11</span> <span class='ocrx_word' id='word_1_185' title='bbox 967 3709 1052 3756; x_wconf 92' lang='lat' dir='ltr'>mau-</span> 
     </span>
     <span class='ocr_line' id='line_1_35' title="bbox 306 3784 1052 3864; baseline 0.005 -18"><span class='ocrx_word' id='word_1_186' title='bbox 306 3784 427 3860; x_wconf 83' lang='lat' dir='ltr'>damus,</span> <span class='ocrx_word' id='word_1_187' title='bbox 444 3793 490 3860; x_wconf 91' lang='lat' dir='ltr'>ut,</span> <span class='ocrx_word' id='word_1_188' title='bbox 507 3793 667 3864; x_wconf 90' lang='lat' dir='ltr'>postquam</span> <span class='ocrx_word' id='word_1_189' title='bbox 689 3785 837 3847; x_wconf 90' lang='lat' dir='ltr'>moniales</span> <span class='ocrx_word' id='word_1_190' title='bbox 857 3787 924 3849; x_wconf 90' lang='lat' dir='ltr'>sive</span> <span class='ocrx_word' id='word_1_191' title='bbox 943 3803 1052 3850; x_wconf 91' lang='lat' dir='ltr'>nume·</span> 
     </span>
     <span class='ocr_line' id='line_1_36' title="bbox 307 3879 1053 3958; baseline 0.004 -16"><span class='ocrx_word' id='word_1_192' title='bbox 307 3879 404 3942; x_wconf 90' lang='lat' dir='ltr'>rariae</span> <span class='ocrx_word' id='word_1_193' title='bbox 424 3880 491 3940; x_wconf 92' lang='lat' dir='ltr'>sive</span> <span class='ocrx_word' id='word_1_194' title='bbox 510 3880 801 3958; x_wconf 88' lang='lat' dir='ltr'>supranumerariae</span> <span class='ocrx_word' id='word_1_195' title='bbox 822 3879 904 3940; x_wconf 91' lang='lat' dir='ltr'>viam</span> <span class='ocrx_word' id='word_1_196' title='bbox 927 3882 1053 3944; x_wconf 91' lang='lat' dir='ltr'>uuiver-</span> 
     </span>
     <span class='ocr_line' id='line_1_37' title="bbox 306 3970 1053 4047; baseline 0.005 -14"><span class='ocrx_word' id='word_1_197' title='bbox 306 3987 357 4034; x_wconf 89' lang='lat' dir='ltr'>sae</span> <span class='ocrx_word' id='word_1_198' title='bbox 378 3972 479 4034; x_wconf 91' lang='lat' dir='ltr'>carnis</span> <span class='ocrx_word' id='word_1_199' title='bbox 506 3971 663 4046; x_wconf 88' lang='lat' dir='ltr'>ingressae</span> <span class='ocrx_word' id='word_1_200' title='bbox 689 3970 819 4047; x_wconf 89' lang='lat' dir='ltr'>luerint,</span> <span class='ocrx_word' id='word_1_201' title='bbox 842 3990 876 4034; x_wconf 92' lang='lat' dir='ltr'>ac</span> <span class='ocrx_word' id='word_1_202' title='bbox 898 3981 942 4034; x_wconf 93' lang='lat' dir='ltr'>tot</span> <span class='ocrx_word' id='word_1_203' title='bbox 963 3976 1053 4037; x_wconf 93' lang='lat' dir='ltr'>dum·</span> 
     </span>
     <span class='ocr_line' id='line_1_38' title="bbox 308 4063 1051 4144; baseline 0.003 -16"><span class='ocrx_word' id='word_1_204' title='bbox 308 4071 389 4128; x_wconf 83' lang='grc'>111111</span> <span class='ocrx_word' id='word_1_205' title='bbox 420 4063 645 4141; x_wconf 87' lang='lat' dir='ltr'>remanserint,</span> <span class='ocrx_word' id='word_1_206' title='bbox 676 4071 752 4142; x_wconf 92' lang='lat' dir='ltr'>quot</span> <span class='ocrx_word' id='word_1_207' title='bbox 782 4067 1005 4144; x_wconf 89' lang='lat' dir='ltr'>praescriptum</span> <span class='ocrx_word' id='word_1_208' title='bbox 1034 4086 1051 4130; x_wconf 90' lang='grc'>1</span> 
     </span>
     <span class='ocr_line' id='line_1_39' title="bbox 307 4159 1052 4238; baseline 0 -16"><span class='ocrx_word' id='word_1_209' title='bbox 307 4159 395 4222; x_wconf 91' lang='lat' dir='ltr'>nobis</span> <span class='ocrx_word' id='word_1_210' title='bbox 410 4173 465 4237; x_wconf 92' lang='lat' dir='ltr'>pro</span> <span class='ocrx_word' id='word_1_211' title='bbox 481 4174 670 4238; x_wconf 90' lang='lat' dir='ltr'>unoquoque</span> <span class='ocrx_word' id='word_1_212' title='bbox 684 4160 869 4221; x_wconf 91' lang='lat' dir='ltr'>monasterio</span> <span class='ocrx_word' id='word_1_213' title='bbox 881 4175 1052 4222; x_wconf 90' lang='lat' dir='ltr'>numerum</span> 
     </span>
     <span class='ocr_line' id='line_1_40' title="bbox 307 4253 1052 4334; baseline 0 -16"><span class='ocrx_word' id='word_1_214' title='bbox 307 4258 490 4334; x_wconf 87' lang='lat' dir='ltr'>adaequent,</span> <span class='ocrx_word' id='word_1_215' title='bbox 503 4262 578 4316; x_wconf 87' lang='lat' dir='ltr'>tuna</span> <span class='ocrx_word' id='word_1_216' title='bbox 592 4253 677 4315; x_wconf 93' lang='lat' dir='ltr'>nulla</span> <span class='ocrx_word' id='word_1_217' title='bbox 689 4269 814 4330; x_wconf 89' lang='lat' dir='ltr'>prorsus</span> <span class='ocrx_word' id='word_1_218' title='bbox 829 4253 971 4316; x_wconf 88' lang='lat' dir='ltr'>monialis</span> <span class='ocrx_word' id='word_1_219' title='bbox 985 4255 1052 4318; x_wconf 91' lang='lat' dir='ltr'>sive</span> 
     </span>
     <span class='ocr_line' id='line_1_41' title="bbox 307 4347 1050 4424; baseline -0.003 -12"><span class='ocrx_word' id='word_1_220' title='bbox 307 4347 483 4412; x_wconf 91' lang='lat' dir='ltr'>numeraria</span> <span class='ocrx_word' id='word_1_221' title='bbox 514 4347 581 4408; x_wconf 90' lang='lat' dir='ltr'>sive</span> <span class='ocrx_word' id='word_1_222' title='bbox 608 4347 896 4424; x_wconf 89' lang='lat' dir='ltr'>suprauumeraria,</span> <span class='ocrx_word' id='word_1_223' title='bbox 927 4348 986 4410; x_wconf 90' lang='lat' dir='ltr'>nisi</span> <span class='ocrx_word' id='word_1_224' title='bbox 1018 4349 1050 4410; x_wconf 93' lang='lat' dir='ltr'>in</span> 
     </span>
     <span class='ocr_line' id='line_1_42' title="bbox 307 4439 1051 4504; baseline 0.001 -2"><span class='ocrx_word' id='word_1_225' title='bbox 307 4441 408 4504; x_wconf 90' lang='lat' dir='ltr'>locum</span> <span class='ocrx_word' id='word_1_226' title='bbox 430 4440 507 4502; x_wconf 91' lang='lat' dir='ltr'>alius</span> <span class='ocrx_word' id='word_1_227' title='bbox 528 4439 671 4502; x_wconf 91' lang='lat' dir='ltr'>monialis</span> <span class='ocrx_word' id='word_1_228' title='bbox 690 4440 757 4501; x_wconf 90' lang='lat' dir='ltr'>sive</span> <span class='ocrx_word' id='word_1_229' title='bbox 773 4442 974 4504; x_wconf 85' lang='lat' dir='ltr'>¹numerariae</span> <span class='ocrx_word' id='word_1_230' title='bbox 987 4443 1051 4504; x_wconf 88' lang='lat' dir='ltr'>sive</span> 
     </span>
     <span class='ocr_line' id='line_1_43' title="bbox 305 4531 1050 4613; baseline 0 -17"><span class='ocrx_word' id='word_1_231' title='bbox 305 4534 596 4613; x_wconf 89' lang='lat' dir='ltr'>supranumerariae</span> <span class='ocrx_word' id='word_1_232' title='bbox 611 4533 671 4595; x_wconf 91' lang='lat' dir='ltr'>iam</span> <span class='ocrx_word' id='word_1_233' title='bbox 687 4531 860 4608; x_wconf 85' lang='lat' dir='ltr'>deiunctae,</span> <span class='ocrx_word' id='word_1_234' title='bbox 873 4542 904 4596; x_wconf 90' lang='lat' dir='ltr'>et</span> <span class='ocrx_word' id='word_1_235' title='bbox 919 4551 981 4597; x_wconf 93' lang='lat' dir='ltr'>non</span> <span class='ocrx_word' id='word_1_236' title='bbox 997 4536 1050 4598; x_wconf 94' lang='grc'>111-</span> 
     </span>
     <span class='ocr_line' id='line_1_44' title="bbox 306 4625 1051 4704; baseline -0.003 -14"><span class='ocrx_word' id='word_1_237' title='bbox 306 4637 365 4704; x_wconf 84' lang='grc'>111,</span> <span class='ocrx_word' id='word_1_238' title='bbox 381 4626 476 4704; x_wconf 89' lang='lat' dir='ltr'>recipi</span> <span class='ocrx_word' id='word_1_239' title='bbox 498 4633 529 4688; x_wconf 89' lang='lat' dir='ltr'>et</span> <span class='ocrx_word' id='word_1_240' title='bbox 550 4625 670 4688; x_wconf 89' lang='lat' dir='ltr'>admitti</span> <span class='ocrx_word' id='word_1_241' title='bbox 692 4627 798 4703; x_wconf 91' lang='lat' dir='ltr'>possit.</span> <span class='ocrx_word' id='word_1_242' title='bbox 820 4626 964 4701; x_wconf 82' lang='lat' dir='ltr'>Quocirca</span> <span class='ocrx_word' id='word_1_243' title='bbox 987 4645 1051 4690; x_wconf 94' lang='lat' dir='ltr'>mo·</span> 
     </span>
     <span class='ocr_line' id='line_1_45' title="bbox 305 4718 1049 4800; baseline 0.003 -18"><span class='ocrx_word' id='word_1_244' title='bbox 305 4725 402 4782; x_wconf 91' lang='lat' dir='ltr'>derno</span> <span class='ocrx_word' id='word_1_245' title='bbox 433 4721 581 4799; x_wconf 87' lang='lat' dir='ltr'>Episcopo</span> <span class='ocrx_word' id='word_1_246' title='bbox 612 4718 891 4796; x_wconf 80' lang='lat' dir='ltr'>bugetopobtano,</span> <span class='ocrx_word' id='word_1_247' title='bbox 922 4722 1049 4800; x_wconf 90' lang='lat' dir='ltr'>eiusque</span> 
     </span>
     <span class='ocr_line' id='line_1_46' title="bbox 306 4811 1050 4890; baseline 0.001 -13"><span class='ocrx_word' id='word_1_248' title='bbox 306 4814 461 4877; x_wconf 89' lang='lat' dir='ltr'>universis</span> <span class='ocrx_word' id='word_1_249' title='bbox 481 4814 548 4875; x_wconf 89' lang='lat' dir='ltr'>sive</span> <span class='ocrx_word' id='word_1_250' title='bbox 573 4811 698 4874; x_wconf 71' lang='lat' dir='ltr'>l&#39;icariis</span> <span class='ocrx_word' id='word_1_251' title='bbox 720 4812 956 4890; x_wconf 83' lang='lat' dir='ltr'>capitularibus,</span> <span class='ocrx_word' id='word_1_252' title='bbox 978 4818 1050 4878; x_wconf 90' lang='lat' dir='ltr'>sede</span> 
     </span>
     <span class='ocr_line' id='line_1_47' title="bbox 306 4907 1050 4986; baseline 0.003 -18"><span class='ocrx_word' id='word_1_253' title='bbox 306 4917 445 4984; x_wconf 92' lang='lat' dir='ltr'>vacante,</span> <span class='ocrx_word' id='word_1_254' title='bbox 467 4908 533 4970; x_wconf 92' lang='lat' dir='ltr'>sive</span> <span class='ocrx_word' id='word_1_255' title='bbox 563 4907 718 4986; x_wconf 90' lang='lat' dir='ltr'>Episcopis</span> <span class='ocrx_word' id='word_1_256' title='bbox 738 4921 794 4982; x_wconf 90' lang='lat' dir='ltr'>pro</span> <span class='ocrx_word' id='word_1_257' title='bbox 824 4915 963 4985; x_wconf 90' lang='lat' dir='ltr'>tempore</span> <span class='ocrx_word' id='word_1_258' title='bbox 983 4925 1050 4970; x_wconf 92' lang='lat' dir='ltr'>suc·</span> 
     </span>
     <span class='ocr_line' id='line_1_48' title="bbox 304 4999 1050 5076; baseline 0 -12"><span class='ocrx_word' id='word_1_259' title='bbox 304 5003 486 5076; x_wconf 88' lang='lat' dir='ltr'>cessoribus,</span> <span class='ocrx_word' id='word_1_260' title='bbox 503 5008 602 5075; x_wconf 90' lang='lat' dir='ltr'>motu,</span> <span class='ocrx_word' id='word_1_261' title='bbox 618 4999 759 5072; x_wconf 89' lang='lat' dir='ltr'>scientia,</span> <span class='ocrx_word' id='word_1_262' title='bbox 782 5005 933 5075; x_wconf 86' lang='lat' dir='ltr'>potestate</span> <span class='ocrx_word' id='word_1_263' title='bbox 953 5008 984 5062; x_wconf 92' lang='lat' dir='ltr'>et</span> <span class='ocrx_word' id='word_1_264' title='bbox 1007 5009 1050 5064; x_wconf 92' lang='lat' dir='ltr'>te-</span> 
     </span>
     <span class='ocr_line' id='line_1_49' title="bbox 305 5094 1049 5177; baseline -0.005 -15"><span class='ocrx_word' id='word_1_265' title='bbox 305 5114 382 5162; x_wconf 87' lang='lat' dir='ltr'>nore</span> <span class='ocrx_word' id='word_1_266' title='bbox 411 5097 534 5177; x_wconf 89' lang='lat' dir='ltr'>paribus</span> <span class='ocrx_word' id='word_1_267' title='bbox 566 5095 696 5157; x_wconf 91' lang='lat' dir='ltr'>omnino</span> <span class='ocrx_word' id='word_1_268' title='bbox 727 5094 918 5170; x_wconf 85' lang='lat' dir='ltr'>inhibemus,</span> <span class='ocrx_word' id='word_1_269' title='bbox 941 5105 972 5157; x_wconf 92' lang='lat' dir='ltr'>et</span> <span class='ocrx_word' id='word_1_270' title='bbox 992 5099 1049 5158; x_wconf 91' lang='lat' dir='ltr'>sub</span> 
     </span>
     <span class='ocr_line' id='line_1_50' title="bbox 305 5189 1047 5268; baseline -0.007 -13"><span class='ocrx_word' id='word_1_271' title='bbox 305 5191 517 5255; x_wconf 90' lang='lat' dir='ltr'>ecclesiasticis</span> <span class='ocrx_word' id='word_1_272' title='bbox 537 5189 674 5252; x_wconf 82' lang='lat' dir='ltr'>censuris</span> <span class='ocrx_word' id='word_1_273' title='bbox 695 5195 726 5249; x_wconf 91' lang='lat' dir='ltr'>et</span> <span class='ocrx_word' id='word_1_274' title='bbox 748 5189 871 5268; x_wconf 91' lang='lat' dir='ltr'>poenis,</span> <span class='ocrx_word' id='word_1_275' title='bbox 896 5199 1047 5268; x_wconf 89' lang='lat' dir='ltr'>utsupra,</span> 
     </span>
     <span class='ocr_line' id='line_1_51' title="bbox 305 5281 1048 5368; baseline -0.007 -18"><span class='ocrx_word' id='word_1_276' title='bbox 305 5287 509 5368; x_wconf 86' lang='lat' dir='ltr'>praecipimus</span> <span class='ocrx_word' id='word_1_277' title='bbox 528 5292 561 5346; x_wconf 91' lang='lat' dir='ltr'>et</span> <span class='ocrx_word' id='word_1_278' title='bbox 592 5281 790 5357; x_wconf 90' lang='lat' dir='ltr'>mandamus,</span> <span class='ocrx_word' id='word_1_279' title='bbox 814 5299 855 5344; x_wconf 91' lang='lat' dir='ltr'>ne</span> <span class='ocrx_word' id='word_1_280' title='bbox 879 5281 1048 5362; x_wconf 91' lang='lat' dir='ltr'>quidquam</span> 
     </span>
    </p>
   </div>
   <div class='ocr_carea' id='block_1_3' title="bbox 303 5377 1050 6028">
    <p class='ocr_par' dir='ltr' id='par_1_3' title="bbox 303 5377 1050 6028">
     <span class='ocr_line' id='line_1_52' title="bbox 304 5377 1047 5462; baseline -0.004 -19"><span class='ocrx_word' id='word_1_281' title='bbox 304 5385 359 5446; x_wconf 89' lang='lat' dir='ltr'>bac</span> <span class='ocrx_word' id='word_1_282' title='bbox 381 5383 413 5444; x_wconf 94' lang='lat' dir='ltr'>in</span> <span class='ocrx_word' id='word_1_283' title='bbox 435 5391 521 5462; x_wconf 90' lang='lat' dir='ltr'>parte</span> <span class='ocrx_word' id='word_1_284' title='bbox 550 5383 712 5452; x_wconf 89' lang='lat' dir='ltr'>innovare,</span> <span class='ocrx_word' id='word_1_285' title='bbox 736 5384 875 5452; x_wconf 92' lang='lat' dir='ltr'>mutare,</span> <span class='ocrx_word' id='word_1_286' title='bbox 898 5385 929 5438; x_wconf 91' lang='lat' dir='ltr'>et</span> <span class='ocrx_word' id='word_1_287' title='bbox 951 5377 1047 5440; x_wconf 90' lang='lat' dir='ltr'>inter-</span> 
     </span>
     <span class='ocr_line' id='line_1_53' title="bbox 303 5475 1047 5556; baseline 0.001 -18"><span class='ocrx_word' id='word_1_288' title='bbox 303 5485 426 5556; x_wconf 91' lang='lat' dir='ltr'>pretare</span> <span class='ocrx_word' id='word_1_289' title='bbox 440 5477 573 5539; x_wconf 90' lang='lat' dir='ltr'>audeaut</span> <span class='ocrx_word' id='word_1_290' title='bbox 584 5482 832 5555; x_wconf 89' lang='lat' dir='ltr'>etpraesumant,</span> <span class='ocrx_word' id='word_1_291' title='bbox 849 5475 902 5538; x_wconf 91' lang='lat' dir='ltr'>sed</span> <span class='ocrx_word' id='word_1_292' title='bbox 919 5485 1047 5556; x_wconf 80' lang='grc'>111111-</span> 
     </span>
     <span class='ocr_line' id='line_1_54' title="bbox 305 5569 1049 5647; baseline -0.001 -12"><span class='ocrx_word' id='word_1_293' title='bbox 305 5573 396 5635; x_wconf 89' lang='lat' dir='ltr'>missa</span> <span class='ocrx_word' id='word_1_294' title='bbox 407 5573 510 5634; x_wconf 91' lang='lat' dir='ltr'>omnia</span> <span class='ocrx_word' id='word_1_295' title='bbox 520 5571 735 5647; x_wconf 85' lang='lat' dir='ltr'>integerrime,</span> <span class='ocrx_word' id='word_1_296' title='bbox 745 5569 889 5642; x_wconf 82' lang='lat' dir='ltr'>fideliter,</span> <span class='ocrx_word' id='word_1_297' title='bbox 905 5571 1049 5634; x_wconf 89' lang='lat' dir='ltr'>obedien·</span> 
     </span>
     <span class='ocr_line' id='line_1_55' title="bbox 304 5664 1049 5750; baseline -0.008 -15"><span class='ocrx_word' id='word_1_298' title='bbox 304 5681 415 5750; x_wconf 89' lang='lat' dir='ltr'>terque</span> <span class='ocrx_word' id='word_1_299' title='bbox 435 5669 555 5730; x_wconf 88' lang='lat' dir='ltr'>debitae</span> <span class='ocrx_word' id='word_1_300' title='bbox 575 5664 753 5730; x_wconf 86' lang='lat' dir='ltr'>executioni</span> <span class='ocrx_word' id='word_1_301' title='bbox 774 5666 912 5728; x_wconf 90' lang='lat' dir='ltr'>mandari</span> <span class='ocrx_word' id='word_1_302' title='bbox 934 5675 964 5728; x_wconf 91' lang='lat' dir='ltr'>et</span> <span class='ocrx_word' id='word_1_303' title='bbox 979 5683 1049 5728; x_wconf 90' lang='lat' dir='ltr'>exe·</span> 
     </span>
     <span class='ocr_line' id='line_1_56' title="bbox 304 5761 1048 5848; baseline -0.007 -19"><span class='ocrx_word' id='word_1_304' title='bbox 304 5767 357 5848; x_wconf 93' lang='lat' dir='ltr'>qui</span> <span class='ocrx_word' id='word_1_305' title='bbox 378 5767 535 5840; x_wconf 88' lang='lat' dir='ltr'>studeant,</span> <span class='ocrx_word' id='word_1_306' title='bbox 558 5773 670 5827; x_wconf 86' lang='lat' dir='ltr'>curent</span> <span class='ocrx_word' id='word_1_307' title='bbox 685 5779 720 5824; x_wconf 92' lang='grc'>11</span> <span class='ocrx_word' id='word_1_308' title='bbox 733 5761 851 5826; x_wconf 84' lang='lat' dir='ltr'>iaciant.</span> <span class='ocrx_word' id='word_1_309' title='bbox 876 5763 995 5827; x_wconf 87' lang='lat' dir='ltr'>Verum</span> <span class='ocrx_word' id='word_1_310' title='bbox 1010 5779 1048 5826; x_wconf 87' lang='lat' dir='ltr'>ex</span> 
     </span>
     <span class='ocr_line' id='line_1_57' title="bbox 304 5858 1050 5939; baseline -0.004 -17"><span class='ocrx_word' id='word_1_311' title='bbox 304 5861 359 5923; x_wconf 92' lang='lat' dir='ltr'>bac</span> <span class='ocrx_word' id='word_1_312' title='bbox 381 5859 544 5939; x_wconf 89' lang='lat' dir='ltr'>apostolica</span> <span class='ocrx_word' id='word_1_313' title='bbox 570 5869 673 5921; x_wconf 90' lang='lat' dir='ltr'>nostra</span> <span class='ocrx_word' id='word_1_314' title='bbox 699 5858 894 5936; x_wconf 91' lang='lat' dir='ltr'>providentia</span> <span class='ocrx_word' id='word_1_315' title='bbox 916 5865 947 5921; x_wconf 92' lang='lat' dir='ltr'>et</span> <span class='ocrx_word' id='word_1_316' title='bbox 968 5861 1050 5922; x_wconf 90' lang='lat' dir='ltr'>ordi·</span> 
     </span>
     <span class='ocr_line' id='line_1_58' title="bbox 303 5952 1049 6028; baseline -0.004 -11"><span class='ocrx_word' id='word_1_317' title='bbox 303 5955 430 6018; x_wconf 91' lang='lat' dir='ltr'>natione</span> <span class='ocrx_word' id='word_1_318' title='bbox 442 5954 508 6017; x_wconf 90' lang='lat' dir='ltr'>lore</span> <span class='ocrx_word' id='word_1_319' title='bbox 529 5954 561 6015; x_wconf 92' lang='lat' dir='ltr'>in</span> <span class='ocrx_word' id='word_1_320' title='bbox 576 5953 707 6016; x_wconf 85' lang='lat' dir='ltr'>Domino</span> <span class='ocrx_word' id='word_1_321' title='bbox 721 5952 923 6028; x_wconf 84' lang='lat' dir='ltr'>conduentes,</span> <span class='ocrx_word' id='word_1_322' title='bbox 940 5961 975 6016; x_wconf 91' lang='lat' dir='ltr'>nt</span> <span class='ocrx_word' id='word_1_323' title='bbox 990 5953 1049 6015; x_wconf 90' lang='lat' dir='ltr'>dis·</span> 
     </span>
    </p>
   </div>
   <div class='ocr_carea' id='block_1_4' title="bbox 409 6101 1014 6163">
    <p class='ocr_par' dir='ltr' id='par_1_4' title="bbox 409 6101 1014 6163">
     <span class='ocr_line' id='line_1_59' title="bbox 409 6101 1014 6163; baseline -0.002 -14"><span class='ocrx_word' id='word_1_324' title='bbox 409 6103 461 6150; x_wconf 85' lang='lat' dir='ltr'>lur.</span> <span class='ocrx_word' id='word_1_325' title='bbox 477 6103 548 6150; x_wconf 76' lang='lat' dir='ltr'>Perat.</span> <span class='ocrx_word' id='word_1_326' title='bbox 564 6102 595 6150; x_wconf 81' lang='lat' dir='ltr'>dc</span> <span class='ocrx_word' id='word_1_327' title='bbox 607 6109 681 6163; x_wconf 71' lang='lat' dir='ltr'>prop.</span> <span class='ocrx_word' id='word_1_328' title='bbox 696 6101 759 6150; x_wconf 76' lang='lat' dir='ltr'>Fide</span> <span class='ocrx_word' id='word_1_329' title='bbox 772 6101 855 6150; x_wconf 81' lang='lat' dir='ltr'>Partis</span> <span class='ocrx_word' id='word_1_330' title='bbox 869 6103 887 6150; x_wconf 95' lang='lat'>1.</span> <span class='ocrx_word' id='word_1_331' title='bbox 903 6102 956 6151; x_wconf 77' lang='lat' dir='ltr'>vol.</span> <span class='ocrx_word' id='word_1_332' title='bbox 972 6103 1014 6149; x_wconf 90' lang='lat' dir='ltr'>lli.</span> 
     </span>
    </p>
   </div>
   <div class='ocr_carea' id='block_1_5' title="bbox 1106 683 1855 5556">
    <p class='ocr_par' dir='ltr' id='par_1_5' title="bbox 1106 683 1854 2364">
     <span class='ocr_line' id='line_1_60' title="bbox 1106 683 1854 763; baseline -0.011 -11"><span class='ocrx_word' id='word_1_333' title='bbox 1106 690 1207 752; x_wconf 92' lang='lat' dir='ltr'>soluto</span> <span class='ocrx_word' id='word_1_334' title='bbox 1228 705 1298 752; x_wconf 91' lang='lat' dir='ltr'>aere</span> <span class='ocrx_word' id='word_1_335' title='bbox 1318 688 1420 752; x_wconf 87' lang='lat' dir='ltr'>alieno</span> <span class='ocrx_word' id='word_1_336' title='bbox 1443 686 1559 750; x_wconf 91' lang='lat' dir='ltr'>reditus</span> <span class='ocrx_word' id='word_1_337' title='bbox 1580 692 1611 748; x_wconf 93' lang='lat' dir='ltr'>et</span> <span class='ocrx_word' id='word_1_338' title='bbox 1632 689 1803 763; x_wconf 91' lang='lat' dir='ltr'>proventus</span> <span class='ocrx_word' id='word_1_339' title='bbox 1817 683 1854 744; x_wconf 92' lang='lat' dir='ltr'>ad</span> 
     </span>
     <span class='ocr_line' id='line_1_61' title="bbox 1107 778 1854 862; baseline -0.009 -17"><span class='ocrx_word' id='word_1_340' title='bbox 1107 785 1170 862; x_wconf 91' lang='lat' dir='ltr'>ipsa</span> <span class='ocrx_word' id='word_1_341' title='bbox 1201 783 1387 846; x_wconf 91' lang='lat' dir='ltr'>monasteria</span> <span class='ocrx_word' id='word_1_342' title='bbox 1419 781 1611 860; x_wconf 91' lang='lat' dir='ltr'>pertinentes</span> <span class='ocrx_word' id='word_1_343' title='bbox 1643 778 1854 854; x_wconf 88' lang='lat' dir='ltr'>adaugeantur</span> 
     </span>
     <span class='ocr_line' id='line_1_62' title="bbox 1108 877 1853 958; baseline -0.012 -18"><span class='ocrx_word' id='word_1_344' title='bbox 1108 880 1319 958; x_wconf 89' lang='lat' dir='ltr'>potiusquam</span> <span class='ocrx_word' id='word_1_345' title='bbox 1338 877 1584 951; x_wconf 70' lang='lat' dir='ltr'>imminuantur,</span> <span class='ocrx_word' id='word_1_346' title='bbox 1607 879 1770 952; x_wconf 89' lang='lat' dir='ltr'>eapropter</span> <span class='ocrx_word' id='word_1_347' title='bbox 1789 886 1853 933; x_wconf 90' lang='lat' dir='ltr'>mo·</span> 
     </span>
     <span class='ocr_line' id='line_1_63' title="bbox 1107 969 1853 1050; baseline -0.016 -14"><span class='ocrx_word' id='word_1_348' title='bbox 1107 979 1153 1046; x_wconf 92' lang='lat' dir='ltr'>tu,</span> <span class='ocrx_word' id='word_1_349' title='bbox 1175 973 1314 1048; x_wconf 90' lang='lat' dir='ltr'>scientia,</span> <span class='ocrx_word' id='word_1_350' title='bbox 1331 979 1491 1050; x_wconf 89' lang='lat' dir='ltr'>potestate,</span> <span class='ocrx_word' id='word_1_351' title='bbox 1507 969 1689 1032; x_wconf 91' lang='lat' dir='ltr'>auctoritate</span> <span class='ocrx_word' id='word_1_352' title='bbox 1699 973 1731 1027; x_wconf 92' lang='lat' dir='ltr'>et</span> <span class='ocrx_word' id='word_1_353' title='bbox 1746 975 1853 1030; x_wconf 87' lang='lat' dir='ltr'>tenore</span> 
     </span>
     <span class='ocr_line' id='line_1_64' title="bbox 1107 1057 1853 1145; baseline -0.009 -19"><span class='ocrx_word' id='word_1_354' title='bbox 1107 1065 1232 1145; x_wconf 89' lang='lat' dir='ltr'>paribus</span> <span class='ocrx_word' id='word_1_355' title='bbox 1266 1073 1473 1144; x_wconf 92' lang='lat' dir='ltr'>opportunam</span> <span class='ocrx_word' id='word_1_356' title='bbox 1501 1072 1532 1127; x_wconf 94' lang='lat' dir='ltr'>et</span> <span class='ocrx_word' id='word_1_357' title='bbox 1563 1060 1766 1126; x_wconf 89' lang='lat' dir='ltr'>necessariam</span> <span class='ocrx_word' id='word_1_358' title='bbox 1796 1057 1853 1120; x_wconf 94' lang='lat' dir='ltr'>soli</span> 
     </span>
     <span class='ocr_line' id='line_1_65' title="bbox 1107 1151 1853 1236; baseline -0.008 -18"><span class='ocrx_word' id='word_1_359' title='bbox 1107 1158 1266 1223; x_wconf 77' lang='lat' dir='ltr'>dumtaxat</span> <span class='ocrx_word' id='word_1_360' title='bbox 1289 1157 1437 1236; x_wconf 88' lang='lat' dir='ltr'>Episcopo</span> <span class='ocrx_word' id='word_1_361' title='bbox 1459 1174 1514 1236; x_wconf 93' lang='lat' dir='ltr'>pro</span> <span class='ocrx_word' id='word_1_362' title='bbox 1543 1165 1680 1234; x_wconf 89' lang='lat' dir='ltr'>tempore</span> <span class='ocrx_word' id='word_1_363' title='bbox 1705 1151 1853 1216; x_wconf 83' lang='lat' dir='ltr'>existenti</span> 
     </span>
     <span class='ocr_line' id='line_1_66' title="bbox 1107 1249 1853 1334; baseline -0.005 -20"><span class='ocrx_word' id='word_1_364' title='bbox 1107 1252 1283 1334; x_wconf 89' lang='lat' dir='ltr'>(nunquam</span> <span class='ocrx_word' id='word_1_365' title='bbox 1304 1263 1379 1314; x_wconf 91' lang='lat' dir='ltr'>vero</span> <span class='ocrx_word' id='word_1_366' title='bbox 1390 1250 1509 1314; x_wconf 86' lang='grc'>11111111</span> <span class='ocrx_word' id='word_1_367' title='bbox 1530 1249 1691 1328; x_wconf 89' lang='lat' dir='ltr'>capitulari</span> <span class='ocrx_word' id='word_1_368' title='bbox 1706 1265 1761 1328; x_wconf 94' lang='lat' dir='ltr'>pro</span> <span class='ocrx_word' id='word_1_369' title='bbox 1775 1255 1853 1310; x_wconf 90' lang='lat' dir='ltr'>tem·</span> 
     </span>
     <span class='ocr_line' id='line_1_67' title="bbox 1107 1345 1853 1424; baseline -0.003 -16"><span class='ocrx_word' id='word_1_370' title='bbox 1107 1362 1182 1424; x_wconf 91' lang='lat' dir='ltr'>pore</span> <span class='ocrx_word' id='word_1_371' title='bbox 1203 1346 1317 1424; x_wconf 91' lang='lat' dir='ltr'>pariter</span> <span class='ocrx_word' id='word_1_372' title='bbox 1339 1345 1557 1421; x_wconf 89' lang='lat' dir='ltr'>existenti,cui</span> <span class='ocrx_word' id='word_1_373' title='bbox 1579 1345 1710 1408; x_wconf 92' lang='lat' dir='ltr'>minime</span> <span class='ocrx_word' id='word_1_374' title='bbox 1730 1359 1853 1423; x_wconf 88' lang='lat' dir='ltr'>compe·</span> 
     </span>
     <span class='ocr_line' id='line_1_68' title="bbox 1108 1438 1853 1519; baseline -0.003 -17"><span class='ocrx_word' id='word_1_375' title='bbox 1108 1447 1185 1514; x_wconf 90' lang='lat' dir='ltr'>tere,</span> <span class='ocrx_word' id='word_1_376' title='bbox 1207 1438 1259 1501; x_wconf 92' lang='lat' dir='ltr'>sed</span> <span class='ocrx_word' id='word_1_377' title='bbox 1280 1439 1412 1502; x_wconf 90' lang='lat' dir='ltr'>ablatam</span> <span class='ocrx_word' id='word_1_378' title='bbox 1435 1441 1559 1519; x_wconf 91' lang='lat' dir='ltr'>penitus</span> <span class='ocrx_word' id='word_1_379' title='bbox 1573 1455 1640 1502; x_wconf 89' lang='lat' dir='ltr'>esse</span> <span class='ocrx_word' id='word_1_380' title='bbox 1660 1438 1807 1501; x_wconf 89' lang='lat' dir='ltr'>volumus</span> <span class='ocrx_word' id='word_1_381' title='bbox 1821 1444 1853 1500; x_wconf 92' lang='lat' dir='ltr'>et</span> 
     </span>
     <span class='ocr_line' id='line_1_69' title="bbox 1108 1532 1854 1614; baseline 0 -21"><span class='ocrx_word' id='word_1_382' title='bbox 1108 1532 1310 1614; x_wconf 88' lang='lat' dir='ltr'>declaramus)</span> <span class='ocrx_word' id='word_1_383' title='bbox 1340 1534 1537 1597; x_wconf 89' lang='lat' dir='ltr'>concedimus</span> <span class='ocrx_word' id='word_1_384' title='bbox 1561 1532 1739 1596; x_wconf 76' lang='lat' dir='ltr'>facultatem</span> <span class='ocrx_word' id='word_1_385' title='bbox 1763 1532 1854 1594; x_wconf 90' lang='lat' dir='ltr'>alter-</span> 
     </span>
     <span class='ocr_line' id='line_1_70' title="bbox 1108 1627 1854 1704; baseline -0.001 -15"><span class='ocrx_word' id='word_1_386' title='bbox 1108 1635 1179 1689; x_wconf 92' lang='lat' dir='ltr'>utro</span> <span class='ocrx_word' id='word_1_387' title='bbox 1207 1643 1277 1690; x_wconf 90' lang='lat' dir='ltr'>casu</span> <span class='ocrx_word' id='word_1_388' title='bbox 1309 1627 1476 1690; x_wconf 87' lang='lat' dir='ltr'>eveniente</span> <span class='ocrx_word' id='word_1_389' title='bbox 1505 1628 1572 1689; x_wconf 90' lang='lat' dir='ltr'>sive</span> <span class='ocrx_word' id='word_1_390' title='bbox 1603 1628 1763 1704; x_wconf 87' lang='lat' dir='ltr'>augmenti</span> <span class='ocrx_word' id='word_1_391' title='bbox 1787 1627 1854 1689; x_wconf 89' lang='lat' dir='ltr'>sive</span> 
     </span>
     <span class='ocr_line' id='line_1_71' title="bbox 1107 1719 1852 1800; baseline 0.005 -20"><span class='ocrx_word' id='word_1_392' title='bbox 1107 1719 1323 1784; x_wconf 89' lang='lat' dir='ltr'>diminutionis</span> <span class='ocrx_word' id='word_1_393' title='bbox 1345 1721 1504 1786; x_wconf 91' lang='lat' dir='ltr'>redituum</span> <span class='ocrx_word' id='word_1_394' title='bbox 1526 1730 1557 1784; x_wconf 89' lang='lat' dir='ltr'>et</span> <span class='ocrx_word' id='word_1_395' title='bbox 1578 1729 1793 1800; x_wconf 83' lang='lat' dir='ltr'>proventuum</span> <span class='ocrx_word' id='word_1_396' title='bbox 1818 1739 1852 1784; x_wconf 91' lang='lat' dir='ltr'>u·</span> 
     </span>
     <span class='ocr_line' id='line_1_72' title="bbox 1108 1813 1853 1893; baseline 0 -17"><span class='ocrx_word' id='word_1_397' title='bbox 1108 1813 1331 1893; x_wconf 89' lang='lat' dir='ltr'>niuscuiusque</span> <span class='ocrx_word' id='word_1_398' title='bbox 1359 1817 1550 1890; x_wconf 89' lang='lat' dir='ltr'>monasterii,</span> <span class='ocrx_word' id='word_1_399' title='bbox 1577 1824 1612 1878; x_wconf 92' lang='lat' dir='ltr'>ut</span> <span class='ocrx_word' id='word_1_400' title='bbox 1639 1816 1724 1879; x_wconf 89' lang='lat' dir='ltr'>iuxta</span> <span class='ocrx_word' id='word_1_401' title='bbox 1753 1817 1853 1879; x_wconf 90' lang='lat' dir='ltr'>datam</span> 
     </span>
     <span class='ocr_line' id='line_1_73' title="bbox 1106 1907 1854 1990; baseline 0.003 -20"><span class='ocrx_word' id='word_1_402' title='bbox 1106 1907 1164 1970; x_wconf 92' lang='lat' dir='ltr'>sibi</span> <span class='ocrx_word' id='word_1_403' title='bbox 1185 1925 1200 1970; x_wconf 94' lang='lat' dir='ltr'>a</span> <span class='ocrx_word' id='word_1_404' title='bbox 1223 1909 1354 1972; x_wconf 86' lang='lat' dir='ltr'>Domino</span> <span class='ocrx_word' id='word_1_405' title='bbox 1383 1909 1580 1990; x_wconf 88' lang='lat' dir='ltr'>sapientiam,</span> <span class='ocrx_word' id='word_1_406' title='bbox 1603 1926 1696 1990; x_wconf 91' lang='lat' dir='ltr'>super</span> <span class='ocrx_word' id='word_1_407' title='bbox 1717 1927 1778 1988; x_wconf 93' lang='lat' dir='ltr'>quo</span> <span class='ocrx_word' id='word_1_408' title='bbox 1800 1927 1854 1972; x_wconf 92' lang='lat' dir='ltr'>ue·</span> 
     </span>
     <span class='ocr_line' id='line_1_74' title="bbox 1108 2001 1854 2082; baseline 0.003 -20"><span class='ocrx_word' id='word_1_409' title='bbox 1108 2001 1192 2078; x_wconf 92' lang='lat' dir='ltr'>gotio</span> <span class='ocrx_word' id='word_1_410' title='bbox 1212 2002 1352 2065; x_wconf 92' lang='lat' dir='ltr'>eiusdem</span> <span class='ocrx_word' id='word_1_411' title='bbox 1368 2003 1508 2082; x_wconf 93' lang='lat' dir='ltr'>Episcopi</span> <span class='ocrx_word' id='word_1_412' title='bbox 1522 2004 1742 2066; x_wconf 89' lang='lat' dir='ltr'>conscientiam</span> <span class='ocrx_word' id='word_1_413' title='bbox 1753 2003 1854 2066; x_wconf 92' lang='lat' dir='ltr'>distri-</span> 
     </span>
     <span class='ocr_line' id='line_1_75' title="bbox 1108 2097 1853 2177; baseline 0.004 -21"><span class='ocrx_word' id='word_1_414' title='bbox 1108 2102 1156 2156; x_wconf 91' lang='lat' dir='ltr'>cte</span> <span class='ocrx_word' id='word_1_415' title='bbox 1187 2112 1365 2173; x_wconf 88' lang='lat' dir='ltr'>oneramus,</span> <span class='ocrx_word' id='word_1_416' title='bbox 1394 2097 1618 2177; x_wconf 91' lang='lat' dir='ltr'>praescriptum</span> <span class='ocrx_word' id='word_1_417' title='bbox 1641 2114 1657 2158; x_wconf 90' lang='lat' dir='ltr'>a</span> <span class='ocrx_word' id='word_1_418' title='bbox 1680 2097 1767 2159; x_wconf 92' lang='lat' dir='ltr'>nobis</span> <span class='ocrx_word' id='word_1_419' title='bbox 1799 2113 1853 2176; x_wconf 94' lang='lat' dir='ltr'>pro</span> 
     </span>
     <span class='ocr_line' id='line_1_76' title="bbox 1107 2191 1854 2268; baseline 0.005 -18"><span class='ocrx_word' id='word_1_420' title='bbox 1107 2203 1297 2268; x_wconf 90' lang='lat' dir='ltr'>unoquoque</span> <span class='ocrx_word' id='word_1_421' title='bbox 1319 2193 1507 2254; x_wconf 89' lang='lat' dir='ltr'>monasterio</span> <span class='ocrx_word' id='word_1_422' title='bbox 1528 2207 1696 2254; x_wconf 91' lang='lat' dir='ltr'>numerum</span> <span class='ocrx_word' id='word_1_423' title='bbox 1714 2191 1782 2254; x_wconf 89' lang='lat' dir='ltr'>sive</span> <span class='ocrx_word' id='word_1_424' title='bbox 1802 2207 1854 2254; x_wconf 89' lang='lat' dir='ltr'>au·</span> 
     </span>
     <span class='ocr_line' id='line_1_77' title="bbox 1108 2283 1771 2364; baseline 0.003 -21"><span class='ocrx_word' id='word_1_425' title='bbox 1108 2296 1183 2358; x_wconf 91' lang='lat' dir='ltr'>gere</span> <span class='ocrx_word' id='word_1_426' title='bbox 1203 2283 1268 2344; x_wconf 90' lang='lat' dir='ltr'>sive</span> <span class='ocrx_word' id='word_1_427' title='bbox 1288 2283 1467 2348; x_wconf 92' lang='lat' dir='ltr'>diminuere</span> <span class='ocrx_word' id='word_1_428' title='bbox 1488 2285 1582 2364; x_wconf 92' lang='lat' dir='ltr'>possit</span> <span class='ocrx_word' id='word_1_429' title='bbox 1603 2301 1637 2346; x_wconf 93' lang='grc'>11</span> <span class='ocrx_word' id='word_1_430' title='bbox 1660 2284 1771 2347; x_wconf 92' lang='lat' dir='ltr'>valeat.</span> 
     </span>
    </p>

    <p class='ocr_par' dir='ltr' id='par_1_6' title="bbox 1106 2379 1855 5173">
     <span class='ocr_line' id='line_1_78' title="bbox 1146 2379 1853 2458; baseline 0.004 -18"><span class='ocrx_word' id='word_1_431' title='bbox 1146 2379 1165 2453; x_wconf 69' lang='grc' dir='ltr'><strong>ἓ</strong></span> <span class='ocrx_word' id='word_1_432' title='bbox 1189 2379 1218 2440; x_wconf 91' lang='grc'>3.</span> <span class='ocrx_word' id='word_1_433' title='bbox 1243 2379 1853 2458; x_wconf 86' lang='lat' dir='ltr'>Decernentespraesentesliterasnullo</span> 
     </span>
     <span class='ocr_line' id='line_1_79' title="bbox 1108 2473 1853 2552; baseline 0.004 -18"><span class='ocrx_word' id='word_1_434' title='bbox 1108 2488 1247 2551; x_wconf 92' lang='lat' dir='ltr'>unquam</span> <span class='ocrx_word' id='word_1_435' title='bbox 1266 2481 1417 2552; x_wconf 87' lang='lat' dir='ltr'>tempore</span> <span class='ocrx_word' id='word_1_436' title='bbox 1439 2475 1476 2536; x_wconf 90' lang='lat' dir='ltr'>de</span> <span class='ocrx_word' id='word_1_437' title='bbox 1497 2474 1704 2552; x_wconf 90' lang='lat' dir='ltr'>subreptionis</span> <span class='ocrx_word' id='word_1_438' title='bbox 1729 2475 1780 2536; x_wconf 93' lang='lat' dir='ltr'>vel</span> <span class='ocrx_word' id='word_1_439' title='bbox 1802 2473 1853 2536; x_wconf 86' lang='lat' dir='ltr'>ob-</span> 
     </span>
     <span class='ocr_line' id='line_1_80' title="bbox 1108 2567 1852 2646; baseline 0.004 -19"><span class='ocrx_word' id='word_1_440' title='bbox 1108 2567 1258 2646; x_wconf 91' lang='lat' dir='ltr'>reptionis</span> <span class='ocrx_word' id='word_1_441' title='bbox 1288 2576 1341 2630; x_wconf 89' lang='lat' dir='ltr'>aut</span> <span class='ocrx_word' id='word_1_442' title='bbox 1371 2567 1522 2630; x_wconf 91' lang='lat' dir='ltr'>nullitatis</span> <span class='ocrx_word' id='word_1_443' title='bbox 1550 2568 1638 2643; x_wconf 88' lang='lat' dir='ltr'>vitio,</span> <span class='ocrx_word' id='word_1_444' title='bbox 1667 2585 1722 2630; x_wconf 89' lang='lat' dir='ltr'>seu</span> <span class='ocrx_word' id='word_1_445' title='bbox 1752 2569 1852 2631; x_wconf 92' lang='lat' dir='ltr'>inten-</span> 
     </span>
     <span class='ocr_line' id='line_1_81' title="bbox 1108 2661 1854 2726; baseline 0.003 -2"><span class='ocrx_word' id='word_1_446' title='bbox 1108 2661 1201 2724; x_wconf 91' lang='lat' dir='ltr'>tionis</span> <span class='ocrx_word' id='word_1_447' title='bbox 1216 2669 1339 2723; x_wconf 87' lang='lat' dir='ltr'>nostrae</span> <span class='ocrx_word' id='word_1_448' title='bbox 1352 2662 1404 2724; x_wconf 93' lang='lat' dir='ltr'>vel</span> <span class='ocrx_word' id='word_1_449' title='bbox 1420 2662 1571 2724; x_wconf 89' lang='lat' dir='ltr'>interesse</span> <span class='ocrx_word' id='word_1_450' title='bbox 1584 2662 1766 2724; x_wconf 89' lang='lat' dir='ltr'>habentium</span> <span class='ocrx_word' id='word_1_451' title='bbox 1783 2680 1854 2726; x_wconf 92' lang='lat' dir='ltr'>con·</span> 
     </span>
     <span class='ocr_line' id='line_1_82' title="bbox 1107 2755 1853 2835; baseline 0.005 -20"><span class='ocrx_word' id='word_1_452' title='bbox 1107 2771 1229 2831; x_wconf 86' lang='lat' dir='ltr'>sensus,</span> <span class='ocrx_word' id='word_1_453' title='bbox 1254 2755 1351 2818; x_wconf 93' lang='lat' dir='ltr'>aliove</span> <span class='ocrx_word' id='word_1_454' title='bbox 1375 2755 1513 2834; x_wconf 90' lang='lat' dir='ltr'>quolibet</span> <span class='ocrx_word' id='word_1_455' title='bbox 1534 2758 1736 2835; x_wconf 90' lang='lat' dir='ltr'>quantumvis</span> <span class='ocrx_word' id='word_1_456' title='bbox 1757 2760 1853 2820; x_wconf 88' lang='lat' dir='ltr'>maxi-</span> 
     </span>
     <span class='ocr_line' id='line_1_83' title="bbox 1110 2848 1853 2926; baseline 0.004 -17"><span class='ocrx_word' id='word_1_457' title='bbox 1110 2864 1171 2922; x_wconf 93' lang='lat' dir='ltr'>mo,</span> <span class='ocrx_word' id='word_1_458' title='bbox 1194 2848 1361 2923; x_wconf 90' lang='lat' dir='ltr'>essentiali,</span> <span class='ocrx_word' id='word_1_459' title='bbox 1384 2848 1518 2924; x_wconf 79' lang='lat' dir='ltr'>formali,</span> <span class='ocrx_word' id='word_1_460' title='bbox 1534 2855 1587 2910; x_wconf 89' lang='lat' dir='ltr'>ant</span> <span class='ocrx_word' id='word_1_461' title='bbox 1611 2849 1780 2926; x_wconf 90' lang='lat' dir='ltr'>incogitatu</span> <span class='ocrx_word' id='word_1_462' title='bbox 1802 2853 1853 2912; x_wconf 91' lang='lat' dir='ltr'>de·</span> 
     </span>
     <span class='ocr_line' id='line_1_84' title="bbox 1107 2940 1853 3020; baseline 0.004 -19"><span class='ocrx_word' id='word_1_463' title='bbox 1107 2940 1189 3004; x_wconf 84' lang='lat' dir='ltr'>lectu</span> <span class='ocrx_word' id='word_1_464' title='bbox 1221 2941 1333 3016; x_wconf 86' lang='grc'>1111111,</span> <span class='ocrx_word' id='word_1_465' title='bbox 1357 2941 1546 3020; x_wconf 90' lang='lat' dir='ltr'>impugnari,</span> <span class='ocrx_word' id='word_1_466' title='bbox 1579 2941 1721 3019; x_wconf 89' lang='lat' dir='ltr'>iniringi,</span> <span class='ocrx_word' id='word_1_467' title='bbox 1744 2943 1853 3005; x_wconf 90' lang='lat' dir='ltr'>invali-</span> 
     </span>
     <span class='ocr_line' id='line_1_85' title="bbox 1110 3033 1852 3112; baseline 0.004 -17"><span class='ocrx_word' id='word_1_468' title='bbox 1110 3034 1186 3110; x_wconf 90' lang='lat' dir='ltr'>dari,</span> <span class='ocrx_word' id='word_1_469' title='bbox 1209 3034 1242 3095; x_wconf 92' lang='lat' dir='ltr'>in</span> <span class='ocrx_word' id='word_1_470' title='bbox 1263 3034 1313 3095; x_wconf 92' lang='lat' dir='ltr'>ius</span> <span class='ocrx_word' id='word_1_471' title='bbox 1329 3033 1377 3096; x_wconf 94' lang='lat' dir='ltr'>vel</span> <span class='ocrx_word' id='word_1_472' title='bbox 1393 3034 1636 3096; x_wconf 88' lang='lat' dir='ltr'>controversiam</span> <span class='ocrx_word' id='word_1_473' title='bbox 1652 3036 1800 3112; x_wconf 87' lang='lat' dir='ltr'>revocari,</span> <span class='ocrx_word' id='word_1_474' title='bbox 1817 3038 1852 3098; x_wconf 92' lang='lat' dir='ltr'>ad</span> 
     </span>
     <span class='ocr_line' id='line_1_86' title="bbox 1109 3127 1854 3204; baseline 0.001 -14"><span class='ocrx_word' id='word_1_475' title='bbox 1109 3128 1260 3190; x_wconf 88' lang='lat' dir='ltr'>terminos</span> <span class='ocrx_word' id='word_1_476' title='bbox 1290 3127 1367 3189; x_wconf 94' lang='lat' dir='ltr'>iuris</span> <span class='ocrx_word' id='word_1_477' title='bbox 1388 3128 1511 3204; x_wconf 89' lang='lat' dir='ltr'>reduci,</span> <span class='ocrx_word' id='word_1_478' title='bbox 1540 3144 1593 3191; x_wconf 90' lang='lat' dir='ltr'>seu</span> <span class='ocrx_word' id='word_1_479' title='bbox 1617 3127 1763 3191; x_wconf 88' lang='lat' dir='ltr'>adversus</span> <span class='ocrx_word' id='word_1_480' title='bbox 1789 3129 1854 3191; x_wconf 92' lang='lat' dir='ltr'>illas</span> 
     </span>
     <span class='ocr_line' id='line_1_87' title="bbox 1108 3220 1853 3300; baseline 0.001 -17"><span class='ocrx_word' id='word_1_481' title='bbox 1108 3221 1287 3299; x_wconf 77' lang='lat' dir='ltr'>aper-ilionis</span> <span class='ocrx_word' id='word_1_482' title='bbox 1308 3220 1381 3297; x_wconf 91' lang='lat' dir='ltr'>oris,</span> <span class='ocrx_word' id='word_1_483' title='bbox 1404 3222 1610 3284; x_wconf 90' lang='lat' dir='ltr'>restitutionis</span> <span class='ocrx_word' id='word_1_484' title='bbox 1633 3221 1665 3283; x_wconf 90' lang='lat' dir='ltr'>in</span> <span class='ocrx_word' id='word_1_485' title='bbox 1681 3223 1853 3300; x_wconf 90' lang='lat' dir='ltr'>integrum,</span> 
     </span>
     <span class='ocr_line' id='line_1_88' title="bbox 1107 3314 1855 3393; baseline 0.004 -17"><span class='ocrx_word' id='word_1_486' title='bbox 1107 3315 1232 3378; x_wconf 91' lang='lat' dir='ltr'>aliudve</span> <span class='ocrx_word' id='word_1_487' title='bbox 1253 3315 1472 3393; x_wconf 90' lang='lat' dir='ltr'>quodcumque</span> <span class='ocrx_word' id='word_1_488' title='bbox 1488 3315 1564 3377; x_wconf 91' lang='lat' dir='ltr'>iuris</span> <span class='ocrx_word' id='word_1_489' title='bbox 1584 3314 1655 3378; x_wconf 85' lang='grc'>11111</span> <span class='ocrx_word' id='word_1_490' title='bbox 1673 3315 1723 3378; x_wconf 92' lang='lat' dir='ltr'>vel</span> <span class='ocrx_word' id='word_1_491' title='bbox 1738 3317 1855 3392; x_wconf 90' lang='lat' dir='ltr'>gratiae</span> 
     </span>
     <span class='ocr_line' id='line_1_89' title="bbox 1107 3409 1855 3488; baseline 0.004 -19"><span class='ocrx_word' id='word_1_492' title='bbox 1107 3410 1281 3471; x_wconf 89' lang='lat' dir='ltr'>remedium</span> <span class='ocrx_word' id='word_1_493' title='bbox 1308 3409 1458 3470; x_wconf 89' lang='lat' dir='ltr'>intentari</span> <span class='ocrx_word' id='word_1_494' title='bbox 1490 3409 1540 3472; x_wconf 92' lang='lat' dir='ltr'>vel</span> <span class='ocrx_word' id='word_1_495' title='bbox 1568 3410 1730 3488; x_wconf 89' lang='lat' dir='ltr'>impetrari</span> <span class='ocrx_word' id='word_1_496' title='bbox 1754 3410 1855 3472; x_wconf 90' lang='lat' dir='ltr'>nulla-</span> 
     </span>
     <span class='ocr_line' id='line_1_90' title="bbox 1109 3501 1855 3581; baseline 0.003 -17"><span class='ocrx_word' id='word_1_497' title='bbox 1109 3510 1199 3564; x_wconf 90' lang='lat' dir='ltr'>tenus</span> <span class='ocrx_word' id='word_1_498' title='bbox 1220 3517 1323 3581; x_wconf 90' lang='lat' dir='ltr'>posse:</span> <span class='ocrx_word' id='word_1_499' title='bbox 1352 3501 1404 3563; x_wconf 93' lang='lat' dir='ltr'>sed</span> <span class='ocrx_word' id='word_1_500' title='bbox 1432 3503 1557 3564; x_wconf 92' lang='lat' dir='ltr'>easdem</span> <span class='ocrx_word' id='word_1_501' title='bbox 1587 3510 1762 3581; x_wconf 90' lang='lat' dir='ltr'>praesentes</span> <span class='ocrx_word' id='word_1_502' title='bbox 1785 3504 1855 3566; x_wconf 92' lang='lat' dir='ltr'>lite·</span> 
     </span>
     <span class='ocr_line' id='line_1_91' title="bbox 1108 3595 1854 3677; baseline 0.001 -18"><span class='ocrx_word' id='word_1_503' title='bbox 1108 3615 1156 3660; x_wconf 88' lang='lat' dir='ltr'>ras</span> <span class='ocrx_word' id='word_1_504' title='bbox 1171 3607 1201 3659; x_wconf 92' lang='lat' dir='ltr'>et</span> <span class='ocrx_word' id='word_1_505' title='bbox 1216 3598 1247 3658; x_wconf 96' lang='lat' dir='ltr'>in</span> <span class='ocrx_word' id='word_1_506' title='bbox 1263 3595 1306 3658; x_wconf 92' lang='lat' dir='ltr'>eis</span> <span class='ocrx_word' id='word_1_507' title='bbox 1327 3603 1471 3658; x_wconf 87' lang='lat' dir='ltr'>contenta</span> <span class='ocrx_word' id='word_1_508' title='bbox 1491 3611 1706 3676; x_wconf 88' lang='lat' dir='ltr'>quaecumque</span> <span class='ocrx_word' id='word_1_509' title='bbox 1729 3613 1854 3677; x_wconf 91' lang='lat' dir='ltr'>semper</span> 
     </span>
     <span class='ocr_line' id='line_1_92' title="bbox 1107 3687 1852 3769; baseline 0.003 -17"><span class='ocrx_word' id='word_1_510' title='bbox 1107 3691 1208 3766; x_wconf 86' lang='lat' dir='ltr'>firma,</span> <span class='ocrx_word' id='word_1_511' title='bbox 1237 3690 1335 3753; x_wconf 90' lang='lat' dir='ltr'>valida</span> <span class='ocrx_word' id='word_1_512' title='bbox 1358 3700 1388 3751; x_wconf 90' lang='lat' dir='ltr'>et</span> <span class='ocrx_word' id='word_1_513' title='bbox 1409 3687 1541 3751; x_wconf 85' lang='lat' dir='ltr'>efficacia</span> <span class='ocrx_word' id='word_1_514' title='bbox 1562 3689 1698 3752; x_wconf 80' lang='lat' dir='ltr'>existere</span> <span class='ocrx_word' id='word_1_515' title='bbox 1717 3699 1750 3754; x_wconf 91' lang='lat' dir='ltr'>et</span> <span class='ocrx_word' id='word_1_516' title='bbox 1775 3692 1852 3769; x_wconf 91' lang='lat' dir='ltr'>lore,</span> 
     </span>
     <span class='ocr_line' id='line_1_93' title="bbox 1107 3782 1852 3862; baseline 0.005 -16"><span class='ocrx_word' id='word_1_517' title='bbox 1107 3799 1241 3862; x_wconf 90' lang='lat' dir='ltr'>suosque</span> <span class='ocrx_word' id='word_1_518' title='bbox 1261 3782 1458 3860; x_wconf 90' lang='lat' dir='ltr'>plenarioset</span> <span class='ocrx_word' id='word_1_519' title='bbox 1480 3782 1619 3859; x_wconf 91' lang='lat' dir='ltr'>integros</span> <span class='ocrx_word' id='word_1_520' title='bbox 1640 3784 1767 3848; x_wconf 82' lang='lat' dir='ltr'>effectus</span> <span class='ocrx_word' id='word_1_521' title='bbox 1788 3803 1852 3849; x_wconf 91' lang='lat' dir='ltr'>sor-</span> 
     </span>
     <span class='ocr_line' id='line_1_94' title="bbox 1108 3875 1852 3960; baseline 0.007 -21"><span class='ocrx_word' id='word_1_522' title='bbox 1108 3879 1160 3939; x_wconf 91' lang='lat' dir='ltr'>tiri</span> <span class='ocrx_word' id='word_1_523' title='bbox 1181 3887 1212 3940; x_wconf 88' lang='lat' dir='ltr'>et</span> <span class='ocrx_word' id='word_1_524' title='bbox 1231 3876 1389 3952; x_wconf 90' lang='lat' dir='ltr'>obtinere,</span> <span class='ocrx_word' id='word_1_525' title='bbox 1416 3883 1447 3940; x_wconf 90' lang='lat' dir='ltr'>et</span> <span class='ocrx_word' id='word_1_526' title='bbox 1468 3875 1505 3937; x_wconf 90' lang='lat' dir='ltr'>ab</span> <span class='ocrx_word' id='word_1_527' title='bbox 1536 3877 1596 3940; x_wconf 92' lang='lat' dir='ltr'>illis</span> <span class='ocrx_word' id='word_1_528' title='bbox 1624 3879 1660 3940; x_wconf 86' lang='lat' dir='ltr'>ad</span> <span class='ocrx_word' id='word_1_529' title='bbox 1685 3895 1762 3956; x_wconf 91' lang='lat' dir='ltr'>quos</span> <span class='ocrx_word' id='word_1_530' title='bbox 1785 3897 1852 3960; x_wconf 92' lang='lat' dir='ltr'>spe·</span> 
     </span>
     <span class='ocr_line' id='line_1_95' title="bbox 1106 3973 1854 4051; baseline 0.004 -18"><span class='ocrx_word' id='word_1_531' title='bbox 1106 3978 1167 4034; x_wconf 92' lang='lat' dir='ltr'>ctat</span> <span class='ocrx_word' id='word_1_532' title='bbox 1189 3978 1219 4032; x_wconf 93' lang='lat' dir='ltr'>et</span> <span class='ocrx_word' id='word_1_533' title='bbox 1241 3987 1295 4049; x_wconf 95' lang='lat' dir='ltr'>pro</span> <span class='ocrx_word' id='word_1_534' title='bbox 1312 3979 1450 4049; x_wconf 89' lang='lat' dir='ltr'>tempore</span> <span class='ocrx_word' id='word_1_535' title='bbox 1464 3973 1722 4051; x_wconf 90' lang='lat' dir='ltr'>quandocumque</span> <span class='ocrx_word' id='word_1_536' title='bbox 1737 3984 1854 4051; x_wconf 91' lang='lat' dir='ltr'>specta-</span> 
     </span>
     <span class='ocr_line' id='line_1_96' title="bbox 1108 4064 1852 4146; baseline 0.004 -20"><span class='ocrx_word' id='word_1_537' title='bbox 1108 4065 1163 4140; x_wconf 88' lang='lat' dir='ltr'>bit,</span> <span class='ocrx_word' id='word_1_538' title='bbox 1181 4064 1402 4126; x_wconf 90' lang='lat' dir='ltr'>inviolabiliter</span> <span class='ocrx_word' id='word_1_539' title='bbox 1417 4066 1572 4127; x_wconf 85' lang='lat' dir='ltr'>observari</span> <span class='ocrx_word' id='word_1_540' title='bbox 1595 4067 1724 4143; x_wconf 88' lang='lat' dir='ltr'>debere;</span> <span class='ocrx_word' id='word_1_541' title='bbox 1746 4068 1852 4146; x_wconf 88' lang='lat' dir='ltr'>sicque</span> 
     </span>
     <span class='ocr_line' id='line_1_97' title="bbox 1108 4157 1852 4239; baseline 0.005 -21"><span class='ocrx_word' id='word_1_542' title='bbox 1108 4166 1140 4220; x_wconf 91' lang='lat' dir='ltr'>et</span> <span class='ocrx_word' id='word_1_543' title='bbox 1155 4173 1218 4221; x_wconf 92' lang='lat' dir='ltr'>non</span> <span class='ocrx_word' id='word_1_544' title='bbox 1229 4158 1318 4219; x_wconf 91' lang='lat' dir='ltr'>aliter</span> <span class='ocrx_word' id='word_1_545' title='bbox 1333 4157 1366 4218; x_wconf 92' lang='lat' dir='ltr'>in</span> <span class='ocrx_word' id='word_1_546' title='bbox 1386 4159 1558 4235; x_wconf 90' lang='lat' dir='ltr'>praemissis</span> <span class='ocrx_word' id='word_1_547' title='bbox 1573 4176 1627 4238; x_wconf 91' lang='lat' dir='ltr'>per</span> <span class='ocrx_word' id='word_1_548' title='bbox 1638 4175 1852 4239; x_wconf 91' lang='lat' dir='ltr'>quoscumque</span> 
     </span>
     <span class='ocr_line' id='line_1_98' title="bbox 1108 4250 1852 4328; baseline 0.004 -14"><span class='ocrx_word' id='word_1_549' title='bbox 1108 4252 1222 4314; x_wconf 86' lang='lat' dir='ltr'>iudices</span> <span class='ocrx_word' id='word_1_550' title='bbox 1233 4250 1404 4312; x_wconf 92' lang='lat' dir='ltr'>ordinarios</span> <span class='ocrx_word' id='word_1_551' title='bbox 1419 4259 1450 4312; x_wconf 90' lang='grc'>11</span> <span class='ocrx_word' id='word_1_552' title='bbox 1461 4251 1628 4328; x_wconf 89' lang='lat' dir='ltr'>delegatos,</span> <span class='ocrx_word' id='word_1_553' title='bbox 1641 4253 1735 4316; x_wconf 87' lang='lat' dir='ltr'>etiam</span> <span class='ocrx_word' id='word_1_554' title='bbox 1750 4271 1852 4317; x_wconf 88' lang='lat' dir='ltr'>cansa-</span> 
     </span>
     <span class='ocr_line' id='line_1_99' title="bbox 1107 4343 1849 4423; baseline 0.005 -17"><span class='ocrx_word' id='word_1_555' title='bbox 1107 4361 1180 4408; x_wconf 93' lang='lat' dir='ltr'>rum</span> <span class='ocrx_word' id='word_1_556' title='bbox 1195 4344 1295 4423; x_wconf 91' lang='lat' dir='ltr'>palatii</span> <span class='ocrx_word' id='word_1_557' title='bbox 1315 4343 1472 4422; x_wconf 89' lang='lat' dir='ltr'>apostolici</span> <span class='ocrx_word' id='word_1_558' title='bbox 1491 4346 1646 4409; x_wconf 87' lang='lat' dir='ltr'>auditores</span> <span class='ocrx_word' id='word_1_559' title='bbox 1667 4355 1698 4410; x_wconf 93' lang='lat' dir='ltr'>et</span> <span class='ocrx_word' id='word_1_560' title='bbox 1713 4348 1744 4411; x_wconf 89' lang='lat' dir='ltr'>S.</span> <span class='ocrx_word' id='word_1_561' title='bbox 1760 4349 1795 4410; x_wconf 85' lang='grc'>11.</span> <span class='ocrx_word' id='word_1_562' title='bbox 1815 4349 1849 4411; x_wconf 91' lang='lat' dir='ltr'>E.</span> 
     </span>
     <span class='ocr_line' id='line_1_100' title="bbox 1108 4437 1853 4516; baseline 0.003 -14"><span class='ocrx_word' id='word_1_563' title='bbox 1108 4437 1853 4516; x_wconf 80' lang='lat' dir='ltr'>Gardiuates,eorumdemquecardinaliumcon-</span> 
     </span>
     <span class='ocr_line' id='line_1_101' title="bbox 1107 4531 1854 4610; baseline 0.003 -16"><span class='ocrx_word' id='word_1_564' title='bbox 1107 4531 1854 4610; x_wconf 81' lang='lat' dir='ltr'>gregationes,neononbpostolicaeSedisNun·</span> 
     </span>
     <span class='ocr_line' id='line_1_102' title="bbox 1109 4625 1851 4704; baseline 0.005 -18"><span class='ocrx_word' id='word_1_565' title='bbox 1109 4628 1177 4701; x_wconf 87' lang='lat' dir='ltr'>lios,</span> <span class='ocrx_word' id='word_1_566' title='bbox 1200 4633 1231 4688; x_wconf 87' lang='lat' dir='ltr'>et</span> <span class='ocrx_word' id='word_1_567' title='bbox 1252 4627 1377 4704; x_wconf 92' lang='lat' dir='ltr'>quosvis</span> <span class='ocrx_word' id='word_1_568' title='bbox 1388 4625 1463 4686; x_wconf 87' lang='lat' dir='ltr'>alios</span> <span class='ocrx_word' id='word_1_569' title='bbox 1485 4641 1680 4704; x_wconf 88' lang='lat' dir='ltr'>quacumque</span> <span class='ocrx_word' id='word_1_570' title='bbox 1703 4629 1851 4704; x_wconf 91' lang='lat' dir='ltr'>praeemi-</span> 
     </span>
     <span class='ocr_line' id='line_1_103' title="bbox 1108 4718 1851 4798; baseline -0.001 -15"><span class='ocrx_word' id='word_1_571' title='bbox 1108 4720 1215 4783; x_wconf 91' lang='lat' dir='ltr'>nentia</span> <span class='ocrx_word' id='word_1_572' title='bbox 1230 4729 1261 4782; x_wconf 90' lang='lat' dir='ltr'>et</span> <span class='ocrx_word' id='word_1_573' title='bbox 1277 4727 1428 4798; x_wconf 88' lang='lat' dir='ltr'>potestate</span> <span class='ocrx_word' id='word_1_574' title='bbox 1448 4718 1616 4795; x_wconf 88' lang='lat' dir='ltr'>iungentes</span> <span class='ocrx_word' id='word_1_575' title='bbox 1628 4729 1658 4782; x_wconf 91' lang='lat' dir='ltr'>et</span> <span class='ocrx_word' id='word_1_576' title='bbox 1680 4719 1851 4795; x_wconf 84' lang='lat' dir='ltr'>iuncturos,</span> 
     </span>
     <span class='ocr_line' id='line_1_104' title="bbox 1108 4805 1851 4884; baseline 0.005 -10"><span class='ocrx_word' id='word_1_577' title='bbox 1108 4805 1235 4876; x_wconf 87' lang='lat' dir='ltr'>iudicari</span> <span class='ocrx_word' id='word_1_578' title='bbox 1256 4820 1288 4876; x_wconf 89' lang='grc'>11</span> <span class='ocrx_word' id='word_1_579' title='bbox 1309 4812 1432 4876; x_wconf 80' lang='lat' dir='ltr'>deliniri</span> <span class='ocrx_word' id='word_1_580' title='bbox 1454 4813 1583 4884; x_wconf 89' lang='lat' dir='ltr'>debere,</span> <span class='ocrx_word' id='word_1_581' title='bbox 1613 4830 1647 4875; x_wconf 89' lang='lat' dir='ltr'>ac</span> <span class='ocrx_word' id='word_1_582' title='bbox 1674 4815 1799 4876; x_wconf 91' lang='lat' dir='ltr'>irritum</span> <span class='ocrx_word' id='word_1_583' title='bbox 1821 4825 1851 4878; x_wconf 91' lang='lat' dir='ltr'>et</span> 
     </span>
     <span class='ocr_line' id='line_1_105' title="bbox 1107 4906 1852 4988; baseline 0.003 -20"><span class='ocrx_word' id='word_1_584' title='bbox 1107 4908 1211 4983; x_wconf 90' lang='lat' dir='ltr'>inane,</span> <span class='ocrx_word' id='word_1_585' title='bbox 1226 4908 1253 4968; x_wconf 93' lang='lat' dir='ltr'>si</span> <span class='ocrx_word' id='word_1_586' title='bbox 1267 4923 1353 4969; x_wconf 90' lang='lat' dir='ltr'>secus</span> <span class='ocrx_word' id='word_1_587' title='bbox 1367 4922 1460 4985; x_wconf 88' lang='lat' dir='ltr'>super</span> <span class='ocrx_word' id='word_1_588' title='bbox 1475 4906 1522 4967; x_wconf 93' lang='lat' dir='ltr'>bis</span> <span class='ocrx_word' id='word_1_589' title='bbox 1536 4923 1551 4966; x_wconf 93' lang='lat' dir='ltr'>a</span> <span class='ocrx_word' id='word_1_590' title='bbox 1566 4922 1723 4985; x_wconf 89' lang='lat' dir='ltr'>quoquam</span> <span class='ocrx_word' id='word_1_591' title='bbox 1745 4910 1852 4988; x_wconf 91' lang='lat' dir='ltr'>quavis</span> 
     </span>
     <span class='ocr_line' id='line_1_106' title="bbox 1106 5000 1852 5077; baseline 0.003 -15"><span class='ocrx_word' id='word_1_592' title='bbox 1106 5003 1287 5064; x_wconf 91' lang='lat' dir='ltr'>auctoritate</span> <span class='ocrx_word' id='word_1_593' title='bbox 1310 5002 1445 5064; x_wconf 88' lang='lat' dir='ltr'>scienter</span> <span class='ocrx_word' id='word_1_594' title='bbox 1474 5000 1523 5061; x_wconf 90' lang='lat' dir='ltr'>vei</span> <span class='ocrx_word' id='word_1_595' title='bbox 1551 5001 1729 5077; x_wconf 87' lang='lat' dir='ltr'>ignoranter</span> <span class='ocrx_word' id='word_1_596' title='bbox 1755 5004 1852 5064; x_wconf 88' lang='lat' dir='ltr'>conti·</span> 
     </span>
     <span class='ocr_line' id='line_1_107' title="bbox 1107 5097 1365 5173; baseline -0.008 -15"><span class='ocrx_word' id='word_1_597' title='bbox 1107 5098 1187 5173; x_wconf 88' lang='lat' dir='ltr'>gerit</span> <span class='ocrx_word' id='word_1_598' title='bbox 1208 5097 1365 5158; x_wconf 90' lang='lat' dir='ltr'>attentari.</span> 
     </span>
    </p>

    <p class='ocr_par' dir='ltr' id='par_1_7' title="bbox 1106 5188 1852 5556">
     <span class='ocr_line' id='line_1_108' title="bbox 1146 5188 1851 5268; baseline 0.004 -17"><span class='ocrx_word' id='word_1_599' title='bbox 1146 5190 1214 5265; x_wconf 68' lang='grc'>51.</span> <span class='ocrx_word' id='word_1_600' title='bbox 1242 5188 1311 5251; x_wconf 90' lang='lat' dir='ltr'>Non</span> <span class='ocrx_word' id='word_1_601' title='bbox 1339 5189 1531 5252; x_wconf 74' lang='lat' dir='ltr'>eluctantibus</span> <span class='ocrx_word' id='word_1_602' title='bbox 1559 5190 1730 5268; x_wconf 90' lang='lat' dir='ltr'>apostolicis</span> <span class='ocrx_word' id='word_1_603' title='bbox 1758 5209 1790 5254; x_wconf 91' lang='grc'>11</span> <span class='ocrx_word' id='word_1_604' title='bbox 1819 5192 1851 5254; x_wconf 93' lang='lat' dir='ltr'>iu</span> 
     </span>
     <span class='ocr_line' id='line_1_109' title="bbox 1108 5282 1852 5363; baseline 0 -17"><span class='ocrx_word' id='word_1_605' title='bbox 1108 5282 1333 5347; x_wconf 88' lang='lat' dir='ltr'>universalibus</span> <span class='ocrx_word' id='word_1_606' title='bbox 1354 5282 1656 5362; x_wconf 79' lang='lat' dir='ltr'>provincialibusque</span> <span class='ocrx_word' id='word_1_607' title='bbox 1677 5283 1852 5363; x_wconf 71' lang='grc'>111111111-</span> 
     </span>
     <span class='ocr_line' id='line_1_110' title="bbox 1107 5375 1851 5458; baseline 0.001 -19"><span class='ocrx_word' id='word_1_608' title='bbox 1107 5378 1187 5439; x_wconf 91' lang='lat' dir='ltr'>libus</span> <span class='ocrx_word' id='word_1_609' title='bbox 1208 5377 1345 5439; x_wconf 90' lang='lat' dir='ltr'>couciliis</span> <span class='ocrx_word' id='word_1_610' title='bbox 1374 5375 1462 5438; x_wconf 90' lang='lat' dir='ltr'>editis</span> <span class='ocrx_word' id='word_1_611' title='bbox 1491 5377 1689 5452; x_wconf 88' lang='lat' dir='ltr'>generalibus</span> <span class='ocrx_word' id='word_1_612' title='bbox 1715 5378 1763 5439; x_wconf 94' lang='lat' dir='ltr'>vel</span> <span class='ocrx_word' id='word_1_613' title='bbox 1785 5395 1851 5458; x_wconf 92' lang='lat' dir='ltr'>spe·</span> 
     </span>
     <span class='ocr_line' id='line_1_111' title="bbox 1106 5469 1850 5556; baseline -0.005 -18"><span class='ocrx_word' id='word_1_614' title='bbox 1106 5474 1231 5538; x_wconf 91' lang='lat' dir='ltr'>cialibus</span> <span class='ocrx_word' id='word_1_615' title='bbox 1252 5469 1527 5538; x_wconf 88' lang='lat' dir='ltr'>constitutionibus</span> <span class='ocrx_word' id='word_1_616' title='bbox 1542 5479 1572 5533; x_wconf 92' lang='lat' dir='ltr'>et</span> <span class='ocrx_word' id='word_1_617' title='bbox 1594 5470 1850 5556; x_wconf 78' lang='lat' dir='ltr'>ordinationibus,</span> 
     </span>
    </p>
   </div>
   <div class='ocr_carea' id='block_1_6' title="bbox 1105 5579 1901 6034">
    <p class='ocr_par' dir='ltr' id='par_1_8' title="bbox 1105 5579 1901 6034">
     <span class='ocr_line' id='line_1_112' title="bbox 1106 5579 1850 5661; baseline -0.005 -16"><span class='ocrx_word' id='word_1_618' title='bbox 1106 5584 1322 5661; x_wconf 90' lang='lat' dir='ltr'>dictorumque</span> <span class='ocrx_word' id='word_1_619' title='bbox 1348 5579 1612 5643; x_wconf 91' lang='lat' dir='ltr'>monasteriorum</span> <span class='ocrx_word' id='word_1_620' title='bbox 1642 5579 1736 5640; x_wconf 90' lang='lat' dir='ltr'>etiam</span> <span class='ocrx_word' id='word_1_621' title='bbox 1771 5582 1850 5643; x_wconf 89' lang='lat' dir='ltr'>iura-</span> 
     </span>
     <span class='ocr_line' id='line_1_113' title="bbox 1106 5675 1852 5754; baseline -0.005 -14"><span class='ocrx_word' id='word_1_622' title='bbox 1106 5685 1225 5753; x_wconf 90' lang='lat' dir='ltr'>mento,</span> <span class='ocrx_word' id='word_1_623' title='bbox 1248 5677 1485 5739; x_wconf 83' lang='lat' dir='ltr'>confirmatione</span> <span class='ocrx_word' id='word_1_624' title='bbox 1508 5676 1683 5753; x_wconf 90' lang='lat' dir='ltr'>apostolica,</span> <span class='ocrx_word' id='word_1_625' title='bbox 1707 5675 1755 5738; x_wconf 90' lang='lat' dir='ltr'>vel</span> <span class='ocrx_word' id='word_1_626' title='bbox 1778 5693 1852 5754; x_wconf 88' lang='lat' dir='ltr'>qua·</span> 
     </span>
     <span class='ocr_line' id='line_1_114' title="bbox 1105 5769 1851 5832; baseline 0.001 -1"><span class='ocrx_word' id='word_1_627' title='bbox 1105 5773 1153 5832; x_wconf 93' lang='lat' dir='ltr'>vis</span> <span class='ocrx_word' id='word_1_628' title='bbox 1175 5772 1321 5832; x_wconf 82' lang='lat' dir='ltr'>firmitate</span> <span class='ocrx_word' id='word_1_629' title='bbox 1341 5771 1397 5831; x_wconf 85' lang='grc'>1111</span> <span class='ocrx_word' id='word_1_630' title='bbox 1420 5769 1570 5832; x_wconf 90' lang='lat' dir='ltr'>roboratis</span> <span class='ocrx_word' id='word_1_631' title='bbox 1590 5770 1712 5830; x_wconf 90' lang='lat' dir='ltr'>statutis</span> <span class='ocrx_word' id='word_1_632' title='bbox 1728 5777 1757 5831; x_wconf 93' lang='lat' dir='ltr'>et</span> <span class='ocrx_word' id='word_1_633' title='bbox 1778 5787 1851 5832; x_wconf 93' lang='lat' dir='ltr'>con·</span> 
     </span>
     <span class='ocr_line' id='line_1_115' title="bbox 1105 5862 1901 5948; baseline 0 -24"><span class='ocrx_word' id='word_1_634' title='bbox 1105 5863 1340 5936; x_wconf 84' lang='lat' dir='ltr'>suetudinibus,</span> <span class='ocrx_word' id='word_1_635' title='bbox 1357 5863 1529 5941; x_wconf 92' lang='lat' dir='ltr'>privilegiis</span> <span class='ocrx_word' id='word_1_636' title='bbox 1557 5877 1692 5940; x_wconf 92' lang='lat' dir='ltr'>quoque,</span> <span class='ocrx_word' id='word_1_637' title='bbox 1724 5862 1850 5924; x_wconf 90' lang='lat' dir='ltr'>indultis</span> <span class='ocrx_word' id='word_1_638' title='bbox 1900 5945 1901 5948; x_wconf 8' lang='grc' dir='ltr'><strong>Ἴ</strong></span> 
     </span>
     <span class='ocr_line' id='line_1_116' title="bbox 1105 5954 1850 6034; baseline -0.005 -15"><span class='ocrx_word' id='word_1_639' title='bbox 1105 5965 1136 6019; x_wconf 87' lang='grc'>11</span> <span class='ocrx_word' id='word_1_640' title='bbox 1155 5956 1267 6019; x_wconf 89' lang='lat' dir='ltr'>litteris</span> <span class='ocrx_word' id='word_1_641' title='bbox 1292 5955 1475 6034; x_wconf 90' lang='lat' dir='ltr'>apostolicis,</span> <span class='ocrx_word' id='word_1_642' title='bbox 1498 5956 1531 6017; x_wconf 93' lang='lat' dir='ltr'>in</span> <span class='ocrx_word' id='word_1_643' title='bbox 1553 5954 1744 6018; x_wconf 90' lang='lat' dir='ltr'>contrarium</span> <span class='ocrx_word' id='word_1_644' title='bbox 1766 5969 1850 6032; x_wconf 90' lang='lat' dir='ltr'>prae·</span> 
     </span>
    </p>
   </div>
   <div class='ocr_carea' id='block_1_7' title="bbox 1718 6103 1746 6147">
    <p class='ocr_par' dir='ltr' id='par_1_9' title="bbox 1718 6103 1746 6147">
     <span class='ocr_line' id='line_1_117' title="bbox 1718 6103 1746 6147; baseline 0 0"><span class='ocrx_word' id='word_1_645' title='bbox 1718 6103 1746 6147; x_wconf 75' lang='grc'>’19</span> 
     </span>
    </p>
   </div>
   <div class='ocr_carea' id='block_1_8' title="bbox 0 0 2404 6978">
    <p class='ocr_par' dir='ltr' id='par_1_10' title="bbox 0 0 2404 6978">
     <span class='ocr_line' id='line_1_118' title="bbox 0 0 2404 6978; baseline 0 0"><span class='ocrx_word' id='word_1_646' title='bbox 0 0 2404 6978; x_wconf 95' lang='lat' dir='ltr'> </span> 
     </span>
    </p>
   </div>
   <div class='ocr_carea' id='block_1_9' title="bbox 1774 531 2072 608">
    <p class='ocr_par' dir='ltr' id='par_1_11' title="bbox 1774 531 2072 608">
     <span class='ocr_line' id='line_1_119' title="bbox 1774 531 2072 608; baseline -0.013 -18"><span class='ocrx_word' id='word_1_647' title='bbox 1774 543 1833 608; x_wconf 71' lang='lat'>625</span> <span class='ocrx_word' id='word_1_648' title='bbox 1882 537 1938 590; x_wconf 82' lang='lat' dir='ltr'>An.</span> <span class='ocrx_word' id='word_1_649' title='bbox 1951 538 1981 588; x_wconf 78' lang='lat'>0.</span> <span class='ocrx_word' id='word_1_650' title='bbox 2003 531 2072 586; x_wconf 78' lang='lat'>1755</span> 
     </span>
    </p>
   </div>
  </div>
 </body>
</html>
