4744 6976
300 517 359 575 ln.
372 519 403 574 d.
424 517 495 572 1744
546 521 604 586 166

525 657 735 736 confirmatis3
764 656 844 721 nihil
865 656 927 720 iam
955 655 1115 736 reliquum
1143 671 1208 718 esse
1230 655 1278 715 ri·

526 751 636 826 detur,
662 751 835 829 quominus
864 750 1025 829 pauciores
1053 749 1277 812 universorum

525 842 589 921 legi
620 859 653 906 se
679 845 925 906 accommodent.
961 843 1115 922 Equidem
1146 841 1278 904 minime

526 937 616 999 nohis
637 945 833 1016 compertum
855 946 913 1011 est,
929 954 990 1016 quo
1012 937 1163 1016 peculiari
1186 935 1278 1000 titulo

526 1029 647 1093 suliulti
668 1046 851 1110 persuasum
872 1029 1007 1092 habeant
1028 1031 1122 1093 unius
1137 1029 1189 1091 vel
1203 1029 1280 1090 alte-

528 1123 594 1185 rius
615 1122 763 1186 ccclesiae
783 1123 937 1198 canonici,
959 1139 993 1185 se
1014 1123 1141 1186 muneri
1162 1136 1219 1184 suo
1232 1137 1279 1182 sa-

527 1214 668 1278 tisfacere
689 1231 745 1293 per
764 1215 941 1293 simplicem
962 1215 995 1277 in
1019 1207 1113 1276 choro
1134 1213 1279 1276 assisten-

527 1309 622 1385 tiam,
655 1308 770 1386 absque
802 1309 927 1371 divinae
958 1308 1145 1387 psalmodiae
1172 1315 1276 1370 cantu.

528 1400 662 1477 Verum,
687 1401 747 1462 nisi
771 1400 831 1462 illis
862 1407 984 1480 praesto
1010 1402 1050 1463 sit
1076 1399 1280 1480 apostolicum

309 1503 510 1563 1111111111
529 1509 594 1556 non
616 1501 862 1573 praesumptum,
879 1493 931 1556 vel
952 1494 1147 1570 abrogatum,
1169 1494 1220 1556 sed
1237 1492 1280 1554 le·

292 1557 512 1668 ifffiffl'ffll
529 1588 694 1665 gitimum,
724 1602 756 1650 ac
778 1587 888 1663 vigens
916 1586 1121 1664 privilegium
1142 1586 1209 1648 sive
1231 1586 1279 1648 ln·

294 1646 453 1713 ⁸¹¹⁰‘¹¹“¹¹²⁰⁸·
528 1679 671 1758 dullum,
695 1679 764 1742 iure
784 1693 818 1740 ac
839 1679 953 1741 merito
974 1677 1150 1740 verendum
1165 1685 1223 1753 est,
1239 1693 1280 1740 ne

528 1773 593 1849 isti,
615 1772 691 1834 dum
714 1775 755 1834 ita
776 1787 810 1834 se
828 1777 956 1848 gerunt,
978 1769 1225 1850 praebendarum
1247 1787 1280 1834 ac

528 1864 787 1928 distributionum
798 1863 918 1926 tructus
929 1861 1278 1937 minimesuostaciant,

531 1963 562 2018 et
589 1962 818 2034 consequenter
845 1955 880 2018 ad
903 1970 1013 2017 eorum
1044 1953 1276 2018 restitutionem

528 2055 708 2110 teneantur.
731 2049 925 2126 Quapropter
938 2053 1080 2110 vestrum
1096 2047 1167 2121 erit,
1183 2062 1281 2111 vene-

528 2141 642 2203 rabiles
662 2141 784 2216 iratres,
801 2141 996 2204 haecomnia
1017 2140 1079 2202 illis
1094 2141 1227 2219 aperire,
1243 2147 1279 2202 ut

529 2249 632 2311 neque
653 2231 759 2308 nobis,
787 2247 890 2311 neque
921 2233 1009 2296 vobis
1031 2235 1110 2312 apud
1133 2231 1278 2295 divinum

528 2325 663 2389 iudicem
694 2324 794 2388 fraudi
823 2325 881 2400 sit,
910 2325 991 2387 siin
1026 2326 1204 2388 huiusmodi
1232 2341 1277 2400 rc,

528 2433 608 2497 quae
630 2419 707 2481 tanti
728 2425 775 2479 est
803 2417 974 2492 momenti,
1003 2424 1111 2496 utpote
1142 2433 1222 2496 quae
1242 2416 1279 2478 ad

528 2511 625 2590 ipsius
646 2511 701 2573 Ilei
723 2511 845 2574 cultum
859 2509 1003 2588 proxime
1016 2501 1142 2589 spectat,
1165 2510 1279 2572 abusus

528 2611 560 2666 et
580 2604 784 2681 corruptelas,
801 2617 876 2681 quas
890 2604 1049 2679 arguendo
1063 2610 1095 2664 et
1116 2603 1279 2681 increpan-

529 2697 568 2759 do
590 2695 727 2758 evellere
748 2694 946 2769 debebamus,
975 2693 1223 2756 dissimulatione
1246 2709 1279 2756 ac

528 2788 655 2852 silentio
684 2795 790 2850 nostro
812 2787 924 2850 fovisse
951 2795 983 2850 et
1010 2787 1211 2850 contlrmasse
1233 2787 1281 2848 in-

529 2881 707 2944 veniamur.
731 2880 852 2943 Interea
880 2879 1126 2942 fraternitatibus
1152 2881 1278 2954 vestris,

529 2989 605 3054 quas
626 2973 739 3060 intimo
768 2973 870 3035 cordis
890 2972 1000 3035 affectu
1027 2971 1278 3051 complectimur,

529 3065 727 3145 apostolicam
738 3064 991 3127 benedictionem
1002 3064 1280 3126 amantissimeim-

530 3160 697 3239 pertimur.

570 3253 683 3314 Datum
713 3251 841 3326 Romae,
873 3251 953 3328 apud
982 3249 1013 3313 S.
1037 3249 1166 3312 llariam
1186 3250 1280 3312 hlain-

530 3362 613 3421 rem,
634 3345 693 3408 sub
707 3344 824 3407 annulo
838 3343 1011 3418 piscatoris,
1031 3342 1081 3404 die
1096 3358 1164 3406 xxx.
1182 3359 1280 3422 augu-

529 3439 569 3503 sit
591 3453 780 3514 unccxmv„
803 3437 1001 3516 pontificatus
1022 3438 1123 3500 nostri
1144 3454 1227 3501 anno
1247 3455 1277 3499 v.

864 3720 943 3784 nlv.

533 3903 709 3985 Confirmet
730 3906 1009 3986 praedeeessorum
1028 3905 1155 3970 decreto
1177 3905 1213 3968 de
1235 3904 1282 3966 ri-

572 3997 672 4072 tibus,
685 3999 905 4072 coeremoniis,
920 3998 1034 4062 usibus
1056 4004 1087 4060 et
1109 4002 1281 4062 consueto-

570 4091 701 4155 dinibns
724 4093 759 4155 in
781 4093 888 4174 regnis
910 4093 1110 4163 diotecensi,
1134 4093 1279 4169 Moysen·

569 4187 656 4248 rensr'
667 4191 699 4246 et
710 4185 1011 4258 carnotensi,etod
1023 4203 1104 4248 noua
1111 4183 1280 4263 postulato

569 4278 803 4344 declarationes
815 4284 846 4339 et
861 4279 1080 4355 responsiones
1104 4278 1210 4340 tradit
1220 4277 1276 4356 (l).

658 4456 903 4527 sestertius
926 4456 1146 4526 [historus

722 4649 831 4702 servus
854 4649 1010 4701 serrorum
1033 4632 1087 4700 net

650 4740 687 4808 ad
709 4746 882 4826 perpetuam
905 4740 949 4808 rei
972 4739 1154 4808 memorien.

320 4951 492 4999 mosonium.
568 4931 718 4994 Omnium
739 4929 989 5004 solicitudinum,
1012 4943 1091 5007 quae
1115 4927 1279 4990 demanda-

528 5032 597 5088 tum
619 5023 719 5099 nohis,
743 5023 850 5086 divino
871 5037 997 5101 prorsus
1018 5019 1158 5094 consilio,
1175 5019 1278 5082 nullo-

528 5133 588 5196 que
611 5117 725 5178 merito
739 5121 859 5190 nostro,
874 5113 1015 5192 supremi
1030 5111 1278 5190 universalisque

313 5231 511 5279 111111111-
528 5209 661 5272 Pastoris
681 5223 800 5270 munus
824 5206 1045 5284 gravissimum
1067 5211 1191 5283 praeter
1212 5220 1277 5265 mo-

295 5283 511 5385 ἓῗῖἓαξῖοξέᾓῖζ
529 5305 616 5379 dnm,
629 5300 922 5380 formidandumque
936 5299 1144 5372 constituunt,
1158 5297 1278 5376 potissi-

293 5391 419 5491 {22⁰⁰ss
459 5393 511 5489 lsi·
529 5411 579 5458 ma
599 5411 686 5469 sane,
701 5409 844 5473 quaeque
860 5393 959 5469 magis
973 5391 1115 5454 animum
1131 5399 1277 5453 nostrum

293 5456 511 5546 11οό311111ιῖ
528 5487 747 5562 exstimulant,
771 5501 890 5564 nosque
911 5491 1065 5562 perpetuo
1089 5484 1277 5560 trepidantes

527 5585 559 5640 et
580 5580 687 5642 anxios
716 5579 825 5652 habet,
852 5595 886 5640 ea
907 5584 969 5651 est,
997 5585 1032 5639 nt
1060 5575 1277 5638 concreditum

528 5672 617 5735 nobis
634 5671 706 5734 lidei
727 5673 905 5750 depositum
926 5670 1088 5747 integrum
1106 5667 1277 5729 illibatum-

567 5883 597 5940 p)
612 5885 651 5928 nx
663 5883 731 5929 sun.
747 5885 819 5930 rone.
834 5883 866 5930 oe
880 5885 955 5941 rrop.
970 5883 1133 5932 praeconat.
1148 5888 1199 5933 erc.

1052 539 1118 584 llllt.
1141 537 1234 584 PON'l'·
1257 535 1298 582 DE
1318 536 1349 582 1³.
1372 535 1403 582 F.
1426 535 1509 582 PARS
1531 535 1553 581 l.

1334 669 1396 734 que
1416 669 1595 733 servemus3
1618 655 1750 736 ideoque
1762 671 1857 720 omne
1876 655 2083 719 studiumno·

1333 757 1435 811 stmm
1446 764 1636 829 operamque
1648 751 1681 813 in
1696 753 1727 814 11
1741 751 1948 824 conteramus,
1961 757 2010 826 ut,
2022 748 2084 812 late

1334 842 1511 906 diffluentes
1525 859 1619 922 super
1632 843 1744 906 taciem
1760 852 1861 907 terrae
1872 842 2012 907 coelestis
2031 843 2084 904 do-

1334 937 1454 998 ctrinae
1474 935 1591 1011 latices,
1614 937 1704 1000 nullo
1725 944 1778 1000 aut
1799 936 1994 1016 corruptelae
2015 934 2086 998 luto

1335 1036 1388 1091 aut
1419 1030 1534 1092 erroris
1563 1029 1744 1094 inficiantur
1775 1046 1917 1105 veneno,
1946 1029 2085 1107 dumque

1336 1121 1514 1199 evangelica
1550 1121 1606 1185 lux
1637 1122 1847 1203 undequaque
1882 1123 2084 1196 didunditnr,

1335 1215 1422 1278 nulla
1442 1213 1523 1277 torte
1537 1213 1721 1292 gentilitatis
1735 1216 1956 1295 superstitione
1977 1215 2087 1278 obum-

1335 1307 1461 1382 bretur,
1484 1314 1577 1385 atque
1603 1316 1640 1371 ut
1661 1309 1702 1383 ii,
1731 1326 1809 1389 quos
1829 1324 1846 1371 e
1868 1314 2021 1387 potestate
2042 1313 2088 1369 te-

1336 1401 1506 1464 nebrarum
1527 1409 1645 1477 erutos,
1662 1401 1826 1466 contractis
1846 1401 1956 1464 terreis
1976 1401 2086 1463 infide

1336 1493 1431 1556 litatis
1452 1494 1607 1571 vectibus,
1624 1495 1657 1557 in
1673 1494 1854 1559 admirabile
1869 1493 1978 1556 lumen
1992 1509 2085 1556 suum

1337 1588 1459 1650 vocavit
1480 1588 1656 1650 misericors
1678 1588 1771 1664 Deus,
1795 1587 1828 1650 in
1850 1603 2000 1667 spemque
2014 1603 2086 1649 evc-

1336 1679 1383 1742 xit
1402 1685 1547 1743 aeternae
1573 1679 1683 1742 salutis
1711 1687 1742 1742 et
1762 1680 1972 1754 haereditatis,
1993 1681 2086 1743 corde

1337 1775 1500 1837 credentes
1521 1772 1556 1834 ad
1580 1773 1749 1847 iustitiam,
1772 1772 1981 1852 operibusque
2002 1774 2084 1851 quod

1336 1867 1469 1928 credunt
1490 1857 1737 1944 comprobantes,
1753 1871 1786 1925 et
1802 1865 1926 1943 mystici
1941 1864 2086 1942 Corporis

1336 1957 1465 2032 Christi,
1489 1957 1570 2037 quod
1592 1963 1639 2020 est
1661 1957 1808 2033 Ecclesia,
1825 1956 1918 2034 digna
1939 1973 1973 2018 se
1986 1971 2087 2018 mem·

1336 2050 1389 2113 bra
1411 2050 1607 2124 exhibentes,
1630 2051 1659 2112 id
1682 2049 1782 2128 ipsum
1806 2049 1927 2124 dicant,
1950 2055 1985 2112 ut
2008 2050 2087 2128 hpo-

1335 2143 1433 2206 stolus
1454 2144 1617 2223 exoptabat
1639 2143 1796 2218 ardenter,
1821 2151 1851 2206 et
1872 2143 1936 2205 sint
1956 2142 2085 2222 perlecti

1336 2234 1369 2296 in
1392 2236 1502 2298 eodem
1533 2251 1639 2310 sensu,
1662 2242 1694 2297 et
1722 2235 1754 2298 in
1782 2235 1890 2297 eadem
1918 2235 2083 2298 sententia.

1336 2327 1414 2390 ilinc
1435 2345 1509 2392 curn
1536 2329 1674 2408 primum
1704 2329 1863 2390 hltissimo
1889 2329 2003 2407 placuit
2029 2329 2086 2391 hu·

1337 2419 1502 2483 militatem
1526 2429 1663 2482 nostram
1685 2421 1722 2482 ad
1743 2420 1859 2482 summi
1889 2421 2086 2500 llpostolatus

1336 2515 1454 2591 apicem
1475 2513 1622 2587 evehere,
1638 2512 1718 2575 nulli
1733 2527 1884 2591 umquam
1905 2511 2002 2575 labori
2017 2529 2085 2592 par-

1336 2623 1407 2672 cere
1428 2606 1636 2680 decrevimus,
1649 2621 1744 2684 quem
1766 2621 1830 2668 non
1847 2605 1950 2667 solum
1965 2606 2001 2667 ad
2016 2621 2085 2684 pro-

1337 2700 1509 2779 pagandam
1531 2699 1565 2761 in
1586 2713 1713 2760 omnem
1730 2706 1845 2760 terram
1869 2697 1940 2760 fidei
1955 2703 1986 2758 et
2006 2697 2086 2760 salu-

1336 2795 1376 2857 tis
1397 2791 1572 2868 scientiam,
1597 2793 1650 2854 sed
1672 2793 1766 2854 etiam
1788 2792 1823 2854 ad
1853 2791 2007 2854 unitatem
2027 2790 2086 2870 spi-

1337 2889 1417 2950 ritus
1438 2895 1469 2949 et
1489 2885 1651 2948 doctrinae
1672 2885 1758 2948 inter
1779 2884 1885 2947 tldeles
1906 2883 2022 2962 ubique
2042 2883 2087 2946 lo·

1336 2979 1471 3041 vendam
1492 2985 1524 3040 et
1544 2975 1882 3051 confirmandamvel,
1898 2976 1996 3038 sicubi
2010 2990 2087 3053 opus

1337 3079 1428 3146 esset,
1451 3071 1713 3134 reconciliandam
1729 3077 1760 3131 et
1778 3069 2007 3144 stabiliendam,
2022 3069 2087 3148 opi·

1337 3165 1459 3229 tulante
1473 3165 1547 3239 Deo,
1563 3165 1741 3242 proficuum
1756 3171 1787 3226 et
1802 3161 2011 3226 necessarium
2022 3161 2087 3225 tore

1337 3258 1653 3337 deprehenderemus.

1377 3353 1397 3427 g
1420 3352 1447 3412 l.
1461 3349 1604 3424 ¹Verum,
1626 3364 1726 3426 quum
1751 3363 1818 3410 eam
1846 3348 1886 3410 ob
1906 3363 2028 3410 causam
2050 3349 2085 3410 ad
2119 3365 2210 3430 11111
2225 3365 2339 3411 111111-

1337 3451 1492 3507 extremas
1514 3457 1615 3520 usque
1634 3441 1723 3505 Orbis
1738 3448 1840 3504 terrac
1853 3441 1957 3520 plagas
1971 3443 2085 3504 mentis
2104 3419 2343 3518 ξζῗῧξξῗῗὲξξῧζ

1338 3545 1461 3599 nostrae
1481 3535 1610 3598 obtutus
1625 3533 1845 3610 dirigeremus,
1858 3549 1973 3613 eosque
1994 3550 2087 3613 pecu·
2103 3525 2340 3624 ffissigffiffllffi

1337 3630 1454 3692 liariter
1476 3630 1646 3705 ligeremus
1669 3627 1700 3688 in
1723 3627 1845 3689 novella
1867 3627 1919 3688 illa
1944 3628 2086 3703 germina
2104 3631 2209 3732 {agrum
2244 3631 2343 3678 obor-

1337 3719 2150 3800 mmmmfflmmmmmffl'

1337 3817 1391 3893 tia,
1408 3815 1441 3878 in
1463 3815 1552 3877 novis
1573 3813 1711 3877 ecclesiis
1725 3814 1908 3890 Regnorum
1923 3813 2086 3876 ldaduren-

1335 3910 1393 3984 sis,
1425 3908 1647 3988 llayssurensis
1679 3915 1711 3971 et
1742 3909 1939 3972 Carnatensis
1966 3909 2084 3971 dudum

1337 3999 1546 4081 pullularunt,
1578 4017 1641 4063 non
1670 4017 1797 4080 parvam
1825 4001 1915 4062 nobis
1943 3999 2017 4062 inde
2044 4000 2085 4061 la-

1336 4094 1445 4156 borem
1466 4103 1560 4172 atque
1591 4109 1738 4156 curarum
1766 4093 1929 4154 materiem
1957 4093 2085 4154 allatum

1337 4186 1376 4248 iri
1397 4186 1596 4260 verebamur,
1622 4186 1698 4248 dum
1721 4185 1826 4247 animo
1849 4199 2086 4247 recenseremus

1336 4276 2087 4358 quantumetquamdiuapostolicapraedecesso·

1336 4387 1408 4434 mm
1423 4377 1606 4433 nostrorum
1620 4370 1796 4432 desudasset
1811 4369 1977 4444 industria,
1988 4375 2036 4444 ut,
2048 4383 2086 4430 ox

1336 4479 1446 4525 recens
1461 4461 1702 4524 coalescentibus
1719 4461 1949 4539 praedictorum
1965 4459 2086 4536 Regno·

1336 4571 1407 4616 rum
1425 4554 1579 4629 Ecclesiis,
1602 4569 1755 4616 vanarum
1777 4553 2028 4615 observationum
2044 4552 2086 4614 ri·

1337 4655 1493 4725 tuumque
1507 4665 1522 4708 a
1538 4646 1712 4709 Christiana
1734 4646 1897 4722 Religione
1918 4645 2087 4707 adhorren-

1336 4741 1416 4802 tium
1428 4739 1545 4802 zizania
1561 4739 1706 4802 radicitus
1721 4739 1906 4813 evellerent,
1921 4746 2014 4817 atque
2029 4739 2086 4799 im-

1336 4841 1485 4913 portunas
1514 4832 1742 4894 controversias
1769 4833 1853 4892 inter
1878 4847 1979 4893 sacros
2007 4831 2086 4908 ipsos

1336 4926 1503 5003 regionum
1525 4925 1651 4986 illarum
1666 4924 1821 5002 operarios
1834 4923 1865 4985 in
1878 4937 1911 4984 re
1923 4930 1984 4984 tam
1998 4925 2085 5002 gravi

1334 5025 1468 5092 exortas,
1485 5023 1528 5091 et,
1541 5018 1622 5096 quod
1638 5018 1737 5093 magis
1751 5014 1921 5078 dolendum
1936 5025 2013 5091 erat,
2026 5015 2086 5077 ini·

1335 5111 1408 5173 mici
1430 5110 1567 5172 hominis
1594 5111 1685 5188 opert
1710 5107 1823 5171 nostris
1847 5107 1946 5170 adhuc
1967 5115 2087 5186 tempo-

1334 5205 1421 5266 ribus
1433 5209 1615 5282 perstantes,
1634 5205 1858 5278 componerent
1875 5205 1967 5278 ntque
1983 5199 2086 5262 elimi-

1334 5303 1458 5358 narent.
1482 5295 1628 5356 Attamen
1660 5291 1805 5386 fiduciam
1825 5298 1965 5352 nostram
1991 5291 2082 5354 collo
2115 5326 2341 5388 mmm„

1334 5395 1439 5451 cantes
1461 5387 1493 5448 in
1515 5385 1665 5459 Domino,
1692 5384 1748 5462 qui
1768 5383 1923 5446 humanos
1950 5379 2341 5458 animos,⁵⁶¹¹²¹1¹mrubli-

2102 5433 2229 5480 cntlonam
2239 5439 2339 5484 extin-

1335 5481 1387 5543 uhi
1420 5478 1507 5555 vult,
1543 5477 1666 5538 lortiter
1700 5477 1898 5554 suaviterque
1928 5477 2082 5552 inllectit3
2102 5488 2221 5543 suendae
2252 5502 2341 5547 esso,

1333 5573 1530 5653 potissimum
1552 5585 1628 5632 vero
1649 5584 1750 5648 quum
1771 5568 1878 5630 delatis
1900 5570 1940 5630 ad
1958 5585 2015 5630 nos
2036 5541 2228 5642 11-1311111Ῠ
2241 5553 2339 5593 ΜΕ

1334 5664 1494 5744 gumentis
1516 5662 1618 5725 filialis
1640 5659 1842 5736 obedientiae,
1866 5677 1925 5740 qua
1941 5660 2084 5741 plerique
