4820 6980
100 559 165 618 An.
179 567 211 620 c.
232 553 301 618 rata

330 702 462 779 tissimo‚
488 696 609 764 easdem
637 699 831 780 quaestiones
859 703 1076 781 expendendas

331 797 553 870 commisimus,
570 795 681 875 quibus
696 798 841 860 omnibus
862 798 954 875 plene
968 815 1075 862 cumu-

331 892 463 970 lateque,
486 892 607 971 quoties
628 909 704 972 opus
726 891 796 970 luit,
819 893 971 956 satisfecit.

98 985 224 1087 grqh'ller·
243 988 312 1087 ⁰x⁰m'
370 988 389 1062 ἓ
409 987 438 1048 6.
461 986 714 1064 Archiepiscopus
732 987 966 1066 compostellae,
979 989 1011 1050 in
1024 987 1076 1050 lli·

83 1050 177 1156 31Ξῆ
192 1051 313 1152 ³⁰12&ssss
329 1079 508 1159 spaniarum
531 1078 646 1154 Regnis
671 1079 789 1156 primus
814 1079 991 1158 inquisitor,
1017 1097 1074 1142 nu-

83 1150 158 1194 ⁵¹¹¹²'
330 1172 466 1252 perrime
485 1174 549 1235 vita
570 1171 707 1246 iunctus,
724 1172 850 1249 longam
871 1175 906 1235 ad
922 1189 978 1236 uos
993 1173 1075 1236 dedit

330 1265 502 1344 epistolam,
525 1282 584 1344 qua
611 1264 717 1343 plures
742 1265 920 1327 recensebat
946 1265 1076 1328 dihicul-

330 1367 419 1436 tates,
441 1376 520 1438 quae
543 1359 639 1423 literis
653 1360 768 1421 nostris
783 1358 953 1438 apostolicis
968 1359 1075 1421 adver-

329 1457 487 1531 sabantur,
510 1454 677 1532 quominus
693 1453 869 1516 executioni
892 1455 1075 1515 mandaren-

332 1559 398 1629 tur3
421 1550 549 1629 eoquod
571 1548 717 1610 nonnulli
738 1546 875 1623 theologi
890 1546 922 1608 in
938 1548 1073 1612 diversas

330 1645 490 1725 opiniones
505 1661 538 1706 ac
552 1643 721 1706 sententias
736 1642 856 1704 abirent
871 1643 904 1705 in
919 1645 1073 1708 solvendis

330 1737 513 1816 quibusdam
544 1735 792 1814 quaestiouibus,
822 1735 934 1813 quibus
966 1737 1074 1800 literae

330 1841 454 1896 nostrae
481 1830 662 1909 apostolicae
683 1845 803 1892 causam
825 1839 858 1892 et
883 1833 1072 1895 occasionem

329 1927 530 2006 praebebant3
559 1941 593 1986 ac
620 1924 749 2002 proinde
769 1925 807 1986 de
837 1923 899 1986 illis
924 1925 1072 1988 iudicium

329 2030 474 2086 nostrum
505 2020 695 2099 exquirebat.
732 2019 886 2097 Equidem
916 2020 1074 2101 Archiepi·

328 2118 443 2199 piscopi
463 2116 572 2177 literae
593 2129 647 2176 nos
670 2113 858 2189 gravissimis
879 2131 913 2176 ac
931 2115 1073 2177 difficilli-

328 2213 389 2274 mis
403 2208 594 2289 temporibus
607 2214 769 2285 occupatos
783 2207 1069 2285 deprehenderunt:

328 2312 478 2378 attamen,
494 2302 568 2363 dum
590 2299 784 2378 quaestiones
805 2300 838 2361 in
861 2301 932 2379 ipsis
954 2303 1074 2380 exposi-

329 2405 374 2459 tas
394 2393 619 2474 percurrimus,
635 2395 736 2454 visum
759 2393 847 2454 nobis
861 2402 907 2455 est
927 2410 991 2457 non
1006 2393 1074 2473 qui-

328 2491 399 2552 dem
415 2487 529 2567 expeti,
545 2497 580 2548 ut
594 2487 630 2546 iis
645 2485 876 2563 quaestionibus
891 2502 1072 2564 responsum

328 2584 430 2659 lieret,
446 2581 581 2660 ipsisque
595 2577 715 2653 solutis,
731 2578 855 2641 nullum
869 2579 1072 2658 impedimen·

330 2685 397 2740 tum
418 2677 484 2738 sive
505 2671 694 2736 obstaculum
716 2673 828 2734 nostris
843 2672 941 2735 literis
955 2684 1073 2752 aposlo-

328 2773 394 2834 licis
414 2774 605 2849 superesset3
628 2766 679 2828 sed
701 2767 803 2846 potius
825 2776 860 2830 ut
881 2768 1005 2832 obiectis
1027 2787 1075 2832 ca·

329 2864 541 2926 stillationibus
562 2863 597 2924 ad
628 2869 766 2939 optatum
788 2863 883 2925 linem
913 2861 994 2942 ipsae
1015 2866 1072 2927 mi-

327 2959 414 3022 nime
440 2955 678 3018 adducerentur.
712 2953 837 3016 Accedit
864 2956 968 3032 etiam,
990 2959 1071 3036 quod

326 3052 455 3132 epistola
471 3047 696 3127 hrcbiepiscopi
708 3047 816 3110 multis
831 3053 1072 3126 argumentatio-

327 3142 1071 3222 nibusetohscurisvocibusreduucahaqquam-

327 3241 447 3315 obrem,
469 3239 542 3299 licet
562 3236 666 3314 plures
687 3236 901 3312 hortarentur,
916 3254 956 3299 ue
971 3238 1072 3301 ullum

327 3333 562 3412 archiepiscopo
583 3345 766 3409 responsum
788 3329 1004 3407 redderemus,
1027 3334 1072 3396 illi

326 3435 432 3490 tamen
453 3423 667 3496 satisfecimus,
684 3439 733 3484 res
751 3424 926 3502 praecipuas
947 3441 985 3486 ex
1007 3428 1073 3490 eius

326 3524 425 3587 literis
445 3521 626 3595 delibantes,
645 3527 676 3580 et
697 3519 893 3598 quaestiones
914 3536 1022 3584 omnes
1036 3522 1072 3583 ad

104 3684 110 3694 .
127 3629 232 3694 curtus,
246 3632 309 3694 rou·
326 3622 447 3679 certum
462 3629 632 3677 numerum
647 3613 831 3687 redigentes.
855 3613 996 3675 Primum
1018 3631 1073 3676 uo-

89 3683 308 3794 ξὲξῆηζῗξῗξῖξὲῖ
326 3711 397 3772 stris
418 3705 670 3786 occupationibus
683 3703 883 3767 tribuendum
906 3708 1007 3768 testati
1022 3725 1072 3768 su·

89 3790 151 3838 ⁵²⁰¹·
327 3818 408 3878 mus,
424 3800 506 3880 quod
529 3800 612 3860 tarde
633 3797 691 3876 ipsi
712 3813 896 3875 responsum
917 3801 1071 3875 daremus,

327 3896 394 3958 eius
423 3895 561 3956 studium
592 3893 898 3970 commendavimus,
926 3900 957 3954 et
978 3894 1071 3955 etiam

327 4007 513 4072 magnopere
544 3989 758 4068 probavimus,
788 3989 868 4064 quod
901 4005 1011 4068 anceps
1039 4005 1072 4052 ac

326 4087 438 4149 dubius
459 4089 494 4148 ad
516 4086 596 4145 bauo
618 4083 762 4146 Sanctam
792 4080 904 4144 Sedem
925 4082 1074 4158 coniuge-

326 4179 379 4255 rit,
402 4189 437 4241 ut
459 4176 624 4240 consilium
646 4183 835 4255 exposceret.
867 4175 982 4238 Deinde
1003 4192 1071 4255 pro-

327 4272 395 4335 latis
417 4270 647 4350 quaestiouibus
668 4269 916 4331 satisfacerenou
937 4275 1073 4346 praeter-

326 4365 481 4440 misimus,
504 4363 591 4426 illum
616 4371 719 4424 tamen
743 4371 905 4425 mouentes
926 4361 964 4424 de
985 4363 1072 4425 insti-

325 4467 394 4522 tuto
405 4473 603 4520 summorum
620 4457 817 4533 Pontificum,
834 4459 887 4536 qui
903 4457 985 4533 leges
1000 4474 1071 4520 con·

325 4555 398 4616 dere
419 4552 531 4626 solent,
554 4551 747 4627 disciplinam
769 4554 948 4628 decernere,
971 4569 1072 4630 neque

326 4647 423 4710 ullam
444 4647 556 4710 babere
578 4648 731 4711 rationem
753 4648 893 4724 illorum,
910 4648 963 4726 qui
985 4649 1073 4710 dubi·

326 4741 410 4804 tandi
431 4759 533 4804 causas
560 4742 722 4817 obiiciunt,
743 4753 789 4818 ut,
805 4760 884 4821 quae
905 4743 1072 4805 constituta

325 4840 411 4910 sunt,
435 4835 619 4913 perturbent
639 4851 671 4896 ac
693 4843 846 4898 evertant.

92 4937 308 5039 mgissussit‘iu'i‘iii
366 4927 436 5004 57.
454 4927 513 4990 Vix
535 4928 661 4990 redditis
682 4928 792 5004 literis,
819 4931 1072 5010 Archiepiscopus

92 5043 231 5091 Siminga,
326 5023 416 5102 paulo
443 5029 511 5100 post
541 5021 623 5082 vitae
650 5038 775 5084 cursum
803 5023 943 5086 absolvit.
968 5025 1091 5108 ltaque

326 5133 390 5179 non
407 5115 563 5176 immerito
578 5115 781 5192 suspicamur,
795 5133 939 5195 responsa
954 5126 1070 5192 nostra,

325 5225 404 5288 quae
426 5207 525 5270 literis
552 5208 810 5284 continebantur,
841 5210 921 5272 haud
949 5213 1073 5287 cognita

324 5301 421 5364 inisse
446 5308 478 5362 et
504 5311 663 5378 perspecta
694 5301 770 5377 illis,
793 5303 845 5381 qui
876 5303 1072 5380 quaestiones

326 5396 548 5458 excitaverant.
571 5396 642 5456 Post
664 5395 736 5458 haec
760 5395 811 5456 alii
834 5397 929 5474 parite
951 5413 1006 5459 rex
1023 5397 1072 5458 lli·

324 5489 427 5566 spanis
450 5487 605 5565 Episcopis
627 5487 793 5550 nonnullas
806 5505 843 5550 ex
859 5487 966 5550 iisdem
982 5506 1074 5568 quae-

325 5581 477 5644 stionibus
492 5582 581 5644 nobis
597 5590 840 5660 proposuerunt;
854 5599 948 5662 quare
964 5583 1072 5645 iisdem

325 5675 479 5754 responsis
500 5675 548 5736 usi
569 5691 677 5736 sumus
692 5691 768 5753 quae
784 5677 894 5738 tradita
916 5677 1001 5754 prius
1016 5677 1072 5740 hr-

326 5769 516 5846 chiepiscopo
538 5766 763 5846 compostellae
783 5785 798 5829 a
821 5769 908 5831 nobis
936 5768 1069 5831 inerant.

326 5859 395 5923 Non
412 5859 578 5924 defuerunt
596 5860 689 5922 etiam
711 5869 900 5940 praestantes
922 5861 1004 5924 iuter
1019 5863 1072 5924 ita—

326 5954 371 6016 los
393 5953 565 6032 theologos,
588 5954 644 6034 qui
665 5955 769 6016 literas
790 5963 909 6017 nostras
930 5955 1073 6033 apostoli-

960 570 1157 630 hunbbtcr'ds
1178 571 1242 630 xri.

1799 554 1857 634 iii
1906 569 1960 627 Aa.
1975 573 2005 628 o.
2027 560 2096 628 tait

1131 719 1179 764 cas
1193 703 1274 766 datas
1288 720 1370 767 anno
1393 721 1546 770 uuccxm.
1570 706 1703 786 egregiis
1718 723 1876 773 commen·

1132 797 1215 860 tariis
1236 797 1449 863 illustrarunt:
1474 801 1557 864 idem
1571 802 1702 880 contigit
1717 819 1875 886 responso,

1131 891 1212 969 quod
1233 893 1361 956 lecimus
1392 895 1626 976 Archiepiscopo
1655 900 1875 978 compostellae

1132 985 1182 1046 dic
1203 1002 1273 1047 vui.
1304 985 1383 1050 iulii
1404 1004 1488 1050 cano
1514 1005 1677 1067 cccxcix,
1700 994 1781 1072 quod
1803 1010 1877 1058 saue

1131 1079 1292 1156 integrum
1312 1081 1375 1144 suis
1397 1082 1484 1144 libris
1495 1086 1729 1162 praeligendum
1750 1103 1876 1150 curave-

1131 1182 1217 1236 runt.

1170 1268 1238 1343 ὃὸ.
1261 1271 1311 1346 lit,
1331 1272 1478 1350 quoniam
1498 1272 1571 1335 libri
1592 1275 1742 1338 eiusmodi
1763 1278 1798 1338 ad
1821 1292 1875 1338 vos
1921 1283 2108 1344 summarum·

1129 1364 1257 1429 tortasse
1268 1366 1408 1428 nondum
1419 1376 1644 1445 pervenerunt,
1654 1368 1704 1430 vel
1714 1370 1796 1431 curis
1810 1369 1875 1432 aliis
1894 1332 2107 1434 ffltuprscopu

1130 1461 1257 1523 distenti
1277 1461 1346 1524 illos
1368 1478 1550 1540 percurrere
1570 1464 1701 1527 minime
1722 1467 1874 1544 potuistis,

1131 1557 1177 1619 liis
1197 1557 1295 1618 literis
1317 1556 1479 1634 encyclicis
1489 1557 1688 1636 adiungimus
1709 1559 1776 1621 illas
1797 1563 1875 1639 pari·

1131 1658 1190 1721 ter,
1213 1666 1288 1728 quas
1313 1649 1374 1730 (uti
1394 1650 1511 1713 dictum
1534 1652 1654 1730 saepius
1675 1649 1735 1732 est)
1762 1655 1798 1717 ad
1819 1656 1877 1716 Ar-

1130 1743 1360 1822 chiepiscopum
1369 1743 1591 1822 compostellae
1599 1745 1659 1806 iam
1672 1746 1792 1824 pridem
1802 1747 1877 1808 scri-

1130 1839 1259 1915 psimus,
1277 1843 1311 1899 ut
1326 1852 1404 1915 quae
1424 1836 1584 1915 disciplina
1605 1839 1717 1901 vestris
1738 1839 1771 1900 iu
1793 1841 1876 1902 dioe-

1130 1931 1250 1993 cesibus
1277 1932 1411 1993 tenenda
1432 1931 1484 2005 sit,
1510 1930 1602 2008 plane
1622 1934 1820 2010 cognoscatis,
1843 1951 1876 1997 ac

1131 2040 1170 2086 ne
1192 2039 1246 2085 vos
1272 2027 1450 2087 deterreant
1476 2024 1683 2095 difficultates,
1706 2027 1731 2088 si
1760 2043 1839 2106 quae
1860 2045 1876 2088 a

1130 2117 1272 2196 captiosis
1292 2118 1470 2180 bominibus
1491 2120 1699 2182 concitentur.

1171 2211 1325 2288 Sequitur
1348 2216 1440 2272 tenor
1460 2210 1629 2288 apostolici
1654 2213 1763 2276 Breuis
1784 2230 1873 2294 stapa-

1131 2303 1202 2364 rt'cs
1225 2304 1371 2381 impressi
1392 2321 1480 2366 cunt.
1506 2322 1547 2365 xv.
1572 2321 1642 2385 paq.
1667 2307 1735 2368 tlt.

1169 2398 1188 2472 5
1209 2395 1238 2458 9.
1263 2397 1341 2460 cum
1364 2397 1437 2459 haec
1452 2398 1493 2459 ita
1507 2414 1539 2460 se
1554 2400 1697 2476 babeant,
1713 2401 1786 2462 satis
1806 2418 1874 2464 mu·
1908 2414 2106 2478 quaesusumus

1130 2489 1197 2551 neri
1219 2497 1325 2551 nostro
1347 2488 1454 2552 iecisse
1468 2491 1625 2567 videmur,
1638 2509 1677 2554 ne
1693 2492 1750 2568 illl,
1763 2494 1874 2572 quibus
1892 2465 2106 2568 ffliffibfflssffil

1129 2583 1201 2646 licet
1214 2599 1322 2645 carnes
1337 2585 1440 2659 edere,
1461 2600 1533 2646 cum
1555 2585 1707 2648 ieiunium
1736 2595 1874 2665 tempore
1892 2571 1970 2620 ’Μ-

1129 2677 1379 2755 quadragesimae
1407 2677 1457 2743 vel
1488 2685 1576 2740 extra
1608 2681 1873 2758 quadragesimam

1131 2770 1271 2833 fidelibus
1299 2769 1536 2848 praescribitur,
1560 2773 1654 2834 unius
1675 2773 1874 2836 comestionis

1130 2867 1244 2930 limites
1266 2867 1426 2941 excedant,
1450 2883 1482 2928 ac
1509 2881 1549 2928 ue
1570 2867 1702 2945 piscibus
1730 2869 1875 2933 simulet

1130 2959 1271 3022 carnibus
1283 2959 1382 3038 parari
1393 2959 1450 3020 sibi
1465 2974 1603 3022 mensam
1614 2960 1782 3038 patiantur,
1794 2979 1875 3027 neve
1942 3041 1944 3046 Ι

1130 3053 1339 3116 cavillationes
1367 3063 1618 3132 perscrutentur,
1642 3063 1677 3116 ut
1698 3055 1759 3132 legi
1789 3061 1875 3119 tene

1129 3147 1197 3208 bras
1219 3147 1390 3209 oiiundant.
1415 3148 1511 3210 Pauca
1523 3157 1625 3210 nmen
1648 3148 1747 3211 adbuc
1768 3167 1874 3230 super*

1128 3249 1214 3317 sunt,
1235 3259 1315 3321 quae
1343 3242 1516 3304 remedium
1537 3260 1551 3303 a
1574 3243 1661 3305 nobis
1685 3244 1864 3322 deposcunt.

1169 3339 1188 3413 5
1212 3337 1257 3400 10.
1281 3335 1441 3415 Siquidem
1470 3337 1660 3398 advertimus
1682 3337 1742 3399 iam
1766 3339 1874 3402 multis
1893 3357 2107 3465 „ssssssgflgffiflg

1124 3423 1240 3492 'abhinc
1260 3430 1349 3491 annis
1380 3444 1443 3489 uon
1466 3425 1566 3491 solum
1596 3430 1702 3507 plures
1724 3431 1755 3493 in
1777 3431 1873 3510 quali·
1893 3463 2107 3521 mmmmm

1129 3523 1180 3585 bet
1202 3521 1304 3584 ltaliae
1321 3522 1409 3596 urbe,
1426 3529 1528 3584 vestra
1542 3523 1732 3598 auctoritate,
1748 3523 1873 3586 dissolvi
1893 3519 1993 3564 cuntur.

1129 3614 1409 3694 aquadragesimali
1424 3614 1620 3690 abstinentia,
1633 3615 1684 3676 sed
1701 3619 1795 3678 etiam
1811 3633 1875 3679 ma·

1130 3725 1190 3786 gno
1212 3710 1314 3771 studio
1337 3708 1539 3783 contenditis,
1563 3710 1609 3770 uti
1636 3710 1812 3772 universam
1834 3711 1875 3771 ci·

1129 3805 1256 3866 vitatem
1285 3810 1443 3882 totamque
1472 3802 1634 3864 dioecesim
1657 3803 1761 3865 eadem
1785 3803 1875 3866 absti-

1128 3899 1234 3960 nentia
1256 3897 1434 3959 liberemus.
1463 3897 1540 3958 ilinc
1562 3896 1677 3958 lactum
1699 3906 1762 3972 est,
1786 3906 1820 3958 ut
1843 3898 1876 3959 in

1128 3991 1313 4069 quibusdam
1341 3991 1517 4053 civitatibus
1545 4007 1578 4051 ac
1604 3991 1792 4053 dioecesibus
1814 3993 1876 4054 iam

1129 4103 1184 4165 per
1206 4086 1320 4149 multos
1342 4102 1440 4147 annos
1461 4085 1564 4146 lideles
1587 4086 1736 4160 universi,
1762 4087 1877 4163 absque

1129 4181 1193 4242 ullo
1215 4180 1406 4254 discrimine,
1435 4179 1577 4241 carnibus
1599 4195 1655 4258 per
1682 4179 1876 4258 quadragesi-

1128 4281 1374 4336 mamutantur.
1471 4341 1474 4350 ,

1169 4374 1187 4448 5
1210 4372 1257 4432 11.
1283 4369 1312 4432 ld
1338 4369 1463 4448 quidem
1490 4370 1655 4430 maximam
1678 4369 1767 4432 nobis
1788 4368 1876 4431 alieri
1948 4384 2012 4437 outa
2032 4383 2058 4428 tu
2078 4383 2106 4429 n-

1128 4464 1368 4536 solicitudinem‚
1388 4477 1424 4523 eo
1438 4463 1518 4540 quod
1534 4462 1796 4540 deprehendimus
1811 4480 1876 4527 cer·
1895 4440 2026 4485 manuum.

1131 4559 1167 4621 tis
1191 4557 1397 4631 testimoniis,
1428 4555 1461 4616 in
1484 4555 1665 4634 quibusdam
1695 4557 1876 4634 regionibus

1130 4651 1385 4731 Septemtrionis,
1408 4656 1473 4712 toto
1495 4652 1745 4730 quadragesimae
1770 4667 1874 4725 cursu,

1129 4745 1214 4808 lactis
1235 4755 1266 4806 et
1281 4760 1410 4807 ovorum
1428 4759 1520 4806 usum
1543 4743 1639 4806 libere
1660 4745 1877 4824 permitti,qui

1129 4854 1185 4916 per
1206 4837 1309 4917 plures
1330 4853 1429 4898 annos
1457 4837 1597 4899 eamdem
1628 4837 1803 4900 facultatem
1825 4854 1878 4918 pe·

1129 4931 1249 5004 tierint,
1261 4937 1291 4992 et
1312 4930 1349 4991 ab
1364 4929 1442 4993 Sede
1457 4931 1628 5008 Apostolica
1641 4933 1796 4992 consecuti
1812 4931 1877 4994 iue-

1130 5025 1210 5086 rint:
1228 5024 1428 5102 quamobrem
1441 5022 1487 5085 illi
1500 5023 1602 5102 populi
1617 5023 1674 5086 sibl
1691 5024 1876 5087 inanimum

1131 5119 1333 5192 induxerunt,
1350 5132 1413 5180 non
1432 5131 1498 5178 esse
1520 5133 1627 5178 rursus
1643 5118 1678 5178 ad
1694 5115 1876 5179 Pontificem

1129 5210 1374 5289 coniugiendum
1390 5227 1445 5289 pro
1463 5211 1641 5272 huiusmodi
1662 5210 1805 5273 facultate
1820 5213 1876 5273 im-

1129 5305 1351 5384 petranda,sed
1375 5304 1492 5382 priores
1513 5304 1724 5365 concessiones
1744 5305 1876 5381 siugulis

1130 5398 1220 5459 annis
1242 5404 1377 5475 acceptas
1405 5396 1559 5470 suliicere,
1583 5403 1617 5456 ut
1639 5396 1725 5458 lactis
1745 5405 1776 5458 el
1804 5409 1878 5457 ovo-

1130 5506 1203 5553 rum
1223 5490 1414 5552 cousuetudo
1429 5504 1485 5567 per
1507 5489 1773 5566 quadragesimam
1794 5505 1876 5551 com·

1130 5583 1287 5660 probetur.

1169 5678 1187 5752 g
1211 5675 1258 5737 12.
1272 5675 1431 5738 Praeterea
1447 5676 1575 5738 maximi
1589 5676 1724 5739 iacienda
1741 5691 1806 5739 esse
1821 5677 1877 5738 du·
1926 5695 2018 5758 coum.
2039 5695 2105 5742 ratu.

1129 5771 1227 5833 cimus
1250 5787 1283 5832 ea
1305 5770 1397 5831 verba
1418 5770 1559 5833 Trident.
1576 5770 1694 5833 concil.
1720 5767 1799 5831 Saus.
1815 5770 1874 5842 25,
1894 5749 2107 5858 ffinssfi'gssssffi'

1130 5880 1199 5940 cup.
1218 5864 1261 5925 18
1276 5863 1311 5923 dc
1326 5861 1449 5943 Resona
1466 5863 1573 5926 Sicuti
1593 5861 1720 5942 publice
1734 5864 1874 5942 espault,

1132 5954 1209 6036 leqis
1238 5957 1407 6020 viaculum
1433 5956 1619 6036 quaudoque
1646 5957 1812 6034 reluctare,
1837 5963 1875 6022 ct
