4820 6980
126 551 218 602 Amo.
242 550 315 602 1748

980 561 1178 608 eeusovcrus
1199 561 1265 608 xvv.
1818 545 1875 611 aar
1926 547 1980 604 An.
1995 551 2026 603 u.
2046 547 2115 602 tvae

344 690 426 747 stant
448 683 479 744 in
502 675 594 742 toties
616 683 780 745 memorati
808 683 908 760 operis
928 697 1001 761 pay.
1022 680 1088 743 706

345 773 580 849 animadvertit,
608 775 757 837 Batinum
786 783 861 838 tuuc
888 791 960 837 eum
988 775 1090 838 literas

344 868 633 931 communicatorias
667 869 821 944 obtinuit,
858 869 961 931 virum
997 867 1091 931 luisse

343 962 421 1025 acris
441 962 573 1038 ingenii,
590 962 707 1025 multae
727 963 885 1038 scientiae,
902 979 936 1024 ac
951 962 1091 1038 integrae

344 1058 442 1120 lamae
472 1056 684 1135 praerogativa
715 1056 983 1133 commendatum3
1013 1072 1091 1119 uon-

344 1153 418 1213 dum
433 1153 530 1225 enim,
547 1149 629 1228 quod
652 1150 683 1210 in
707 1150 770 1210 imo
792 1157 915 1228 pectore
936 1151 1087 1226 servabat,

344 1248 428 1308 virus
450 1251 645 1307 evomuerat:
671 1245 717 1306 Eo
738 1252 847 1306 autem
869 1243 1003 1324 [acilius
1026 1244 1091 1307 Ru·

342 1342 428 1420 linus
449 1337 510 1401 sibi
533 1356 571 1400 ac
591 1337 687 1398 sociis
709 1339 824 1399 literas
850 1355 869 1402 u
894 1339 1011 1401 Siricio
1033 1333 1092 1401 im·

341 1435 484 1512 petrauit
496 1432 716 1494 inmanitatis
731 1450 769 1496 ac
784 1430 1016 1497 beneuolentiae
1028 1434 1090 1512 ple·

343 1546 414 1600 aas,
437 1527 518 1605 qnod
540 1527 595 1589 ille
615 1527 753 1590 uirtutis
775 1543 813 1588 ac
831 1526 985 1588 scientiae
1000 1529 1090 1605 fama

344 1623 453 1685 clarus
475 1621 608 1682 necdatm
624 1619 705 1682 male
720 1619 889 1681 audiisset.
913 1621 976 1696 Qua
998 1622 1090 1683 dere

343 1715 547 1794 opportunior
568 1713 660 1788 inira,
681 1713 732 1776 ubi
751 1713 997 1790 origenistarum
1019 1731 1091 1776 cau-

342 1824 404 1870 sam
429 1807 639 1881 tractabimus,
656 1807 897 1870 redibit'sermc.
914 1807 999 1881 Quod
1016 1824 1090 1870 vero

342 1901 378 1962 ad
400 1900 501 1963 Siricii
516 1900 743 1978 simplicitatem
765 1899 888 1975 attinet,
907 1900 987 1963 idem
1011 1903 1088 1964 Cou-

342 1995 475 2062 stantius
506 2009 736 2072 quamcumque
769 1993 909 2056 criminis
941 1995 1088 2058 invidiam

343 2088 464 2150 amoliri
492 2087 607 2161 studet,
631 2096 724 2163 atque
745 2087 785 2147 ita
811 2089 1027 2165 prosequitur:
1052 2091 1090 2152 In

341 2181 512 2242 sinistram
523 2181 737 2256 suspicionem
746 2197 809 2240 non
817 2180 915 2261 focile
926 2179 992 2244 abit
1006 2181 1090 2242 cbri-

341 2275 452 2336 stiana
473 2273 680 2351 simplicitas,
703 2290 759 2335 nec
780 2274 864 2336 male
883 2274 919 2335 de
933 2291 1090 2352 quoquam

343 2367 491 2430 iudicare
511 2371 611 2437 amal,
634 2368 827 2444 praesertim
843 2367 879 2428 dc
895 2367 950 2428 illo
972 2367 1009 2428 de
1030 2383 1089 2445 quo

342 2459 427 2520 nibil
442 2461 575 2522 sementi
593 2458 695 2539 offert,
710 2460 795 2521 uude
809 2476 872 2521 noa
888 2466 971 2522 recle
984 2460 1019 2522 de
1034 2460 1089 2521 illo

341 2553 473 2615 sentiat.
498 2553 656 2631 Culpanda
680 2553 775 2630 igitur
795 2554 986 2631 simplicitas,
1003 2555 1089 2632 'quae

342 2661 357 2705 a
373 2646 511 2709 fatuitate
525 2646 662 2708 nimiove
677 2647 857 2708 credulitate
873 2647 1088 2725 prouocatam

343 2741 514 2802 excusanda
537 2755 623 2815 vero,
645 2756 724 2818 quae
745 2748 851 2802 ortum
873 2741 958 2804 ducit
979 2740 1089 2802 achri-

341 2833 439 2894 stiana
459 2833 595 2907 caritate,
622 2834 671 2896 cui
693 2833 770 2895 illud
792 2833 948 2912 peculiare
969 2841 1031 2909 est,
1055 2843 1090 2896 ut

342 2923 381 2986 de
402 2925 503 2987 alieno
519 2925 703 3004 maio,quod
725 2925 860 3002 ignorat,
877 2942 939 2987 non
962 2926 1087 3002 cogitet.

342 3021 445 3096 Atque
458 3019 519 3080 huc
536 3019 661 3096 quidem
686 3020 824 3081 revocari
847 3026 975 3096 possunt
997 3019 1090 3081 verba

342 3113 536 3190 Hieronymi,
552 3112 604 3190 qui
624 3114 661 3174 de
683 3112 792 3174 Siricio
814 3113 877 3174 iam
898 3114 961 3174 vita
982 3112 1090 3175 iuncto

342 3221 521 3268 sermonem
551 3205 684 3278 babens,
715 3221 787 3267 eum
811 3206 926 3268 Rufino
955 3204 1088 3279 easdem,
1117 3218 1119 3245 ¹

342 3314 418 3377 quas
440 3315 455 3358 a
477 3297 586 3360 Siricio
607 3306 775 3375 acceperat,
801 3298 903 3360 literas
924 3299 1090 3377 exprobra-

342 3396 401 3464 ret,
424 3392 505 3468 quod
527 3391 562 3450 iis
584 3399 690 3451 contra
712 3391 861 3452 iudicium
879 3391 916 3452 ab
930 3391 1089 3454 Anastasio

342 3485 532 3547 instructum
553 3483 745 3557 abuteretur,
762 3499 826 3544 uno
841 3485 1014 3561 eodemque
1026 3501 1090 3545 sev·-

342 3577 445 3638 monis
466 3581 613 3640 contextu
646 3576 796 3638 Rufinum
827 3575 969 3654 obiurgat
991 3587 1022 3639 et
1044 3577 1091 3640 Si-

342 3671 455 3733 riclam
469 3668 679 3731 commendat:
699 3669 811 3731 Siricii
828 3669 893 3731 iam
910 3670 1090 3732 inllomino

342 3763 510 3823 morientis
535 3763 661 3842 profers
689 3761 869 3839 epistolam,
894 3763 934 3824 ita
960 3762 1090 3826 Sanctus

343 3858 453 3918 Hector
474 3855 627 3918 Rufinum
649 3854 830 3933 alloquitur,
847 3861 877 3917 at
898 3856 1038 3917 viventis
1049 3857 1092 3918 A·

343 3950 484 4014 nastasii
505 3949 599 4012 aerbo
628 3951 827 4010 contemnisi
847 3950 959 4026 quibus
988 3948 1090 4010 verbis
1117 3958 1120 4049 y

344 4045 489 4108 Siricium
508 4043 700 4118 Pontificem,
718 4043 890 4118 beatorum,
908 4043 960 4120 qui
983 4043 1015 4103 in
1032 4043 1089 4106 Do·
1117 4052 1120 4131 y

343 4140 430 4201 mino
452 4137 650 4211 moriuntur,
672 4153 806 4199 numero
827 4143 977 4198 accenset.
1008 4135 1091 4198 Hanc

344 4234 441 4313 ipsam
462 4231 629 4292 verborum
657 4231 840 4308 Hieronymi
862 4231 1092 4309 interpretatio·

345 4341 418 4389 uem
441 4325 549 4404 probat
570 4339 604 4384 ac
623 4324 766 4402 sequitur
780 4323 890 4401 Pagius
906 4323 941 4384 ia
955 4325 1025 4388 cita
1042 4325 1092 4388 Si-

345 4420 423 4482 ricii
438 4436 525 4482 num.
550 4417 606 4479 77.
634 4417 721 4493 Quae
738 4415 842 4490 acrba,
862 4418 976 4496 inquit,
989 4425 1090 4480 osten-

345 4515 428 4576 dunt
445 4514 667 4592 Hieronymum
685 4510 856 4573 credidisse
873 4511 1030 4574 siricium
1043 4531 1091 4573 so·

345 4625 417 4669 mna
434 4608 628 4671 Sanctorum
644 4607 678 4668 iu
701 4606 834 4668 Domina
855 4604 1055 4669 obdormisse.

161 4713 326 4762 secutivos
385 4715 518 4761 uxxvvu.
549 4698 699 4773 Quoniam
730 4697 768 4760 de
799 4698 989 4777 Hieronymo
1020 4700 1092 4762 salis

117 4770 249 4816 Anastasio
265 4771 327 4814 Pon·

118 4820 327 4878 „„„„„„„,y.
345 4793 507 4871 bucusque
530 4793 663 4869 egimus,
686 4792 842 4871 proposita
863 4794 1092 4856 controversiae
1119 4750 1121 4835 ἵ

117 4887 178 4923 mus.

346 4887 511 4950 methodus
531 4887 640 4962 exigit,
664 4893 698 4947 ut
718 4885 780 4946 iam
802 4887 839 4957 de
860 4883 971 4948 Sancto
992 4886 1091 4948 Pauli-

346 4997 386 5042 no
412 4997 590 5042 sermonem
619 4981 830 5042 instituamus.
857 4979 932 5054 Quia
963 4995 1039 5042 vero
1061 4989 1092 5042 et

346 5073 395 5136 bic
418 5089 497 5136 nova
518 5073 690 5136 criminum
719 5074 864 5136 materies
885 5082 990 5135 contra
1017 5070 1092 5135 Siri-

345 5167 429 5230 cium
457 5167 599 5243 exurgit,
622 5181 690 5228 rem
712 5165 803 5246 paulo
831 5165 923 5228 altius
951 5175 1093 5244 repetere

346 5261 474 5323 iuvabit.
498 5260 616 5334 Quanta
637 5259 733 5321 animi
755 5259 972 5321 benevolentia
989 5261 1094 5322 Ponti-

345 5351 397 5414 fex
418 5354 595 5416 Anastasius
621 5350 725 5414 Sirioii
743 5367 901 5414 successor
922 5368 1094 5432 prosequu·
1120 5369 1122 5463 y

346 5451 395 5506 tus
416 5444 511 5508 fuerit
527 5445 558 5507 S.
572 5444 738 5506 Paulinum
754 5453 828 5506 tunc
848 5446 948 5507 adbuc
970 5444 1093 5524 presby·

345 5547 461 5614 terum,
485 5553 558 5600 mou
586 5536 826 5600 celeberrimum
848 5537 943 5599 Nolae
970 5539 1093 5614 Episco-

346 5645 433 5706 pum,
456 5645 494 5692 ex
516 5629 653 5692 ciusdem
674 5629 794 5692 Paulini
818 5629 963 5707 Epistola
983 5631 1030 5692 20
1051 5630 1093 5692 ud

346 5721 540 5800 Delphinum
552 5725 619 5786 data
633 5724 705 5784 satis
721 5733 917 5801 compertum
932 5731 988 5785 est.
1002 5724 1092 5786 Sciat

346 5817 511 5878 veneratio
534 5821 604 5889 tua,
627 5817 730 5895 inquit
754 5816 912 5892 Paulinus,
938 5817 1093 5880 Sanctum

347 5909 487 5989 fratrem
510 5915 603 5972 taum
624 5910 746 5988 Papam
768 5909 858 5973 Urbis
879 5913 1093 5975 Anastasiou

456 6063 506 6110 lur.
524 6063 593 6109 Paul.
609 6060 639 6108 de
656 6062 728 6122 Prop.
745 6058 806 6105 Pide
820 6059 902 6106 Partis
915 6061 934 6106 l.
950 6058 1004 6105 vol.
1019 6060 1062 6106 lli.

1147 680 1410 743 amantissimum
1431 697 1495 744 esse
1522 681 1723 744 numilitatis
1752 689 1893 744 nostrae.

1147 777 1230 838 Nam
1259 772 1316 837 ubi
1350 775 1492 852 primum
1520 782 1710 854 patestatem
1741 777 1896 840 caritatis

1147 886 1225 932 suae
1245 867 1334 930 nobis
1363 868 1540 949 offerendae
1561 866 1675 932 babere
1697 870 1809 948 coepit,
1833 887 1897 932 uon

1146 965 1250 1026 solum
1271 964 1433 1040 suscipere
1446 979 1514 1026 eam
1530 963 1664 1034 anobis,
1680 964 1733 1027 scd
1754 965 1896 1026 inserere

1148 1055 1237 1120 raobis
1248 1057 1396 1135 piissima
1411 1056 1577 1137 affcctione
1589 1058 1783 1136 properauit.
1798 1057 1895 1123 Cuius

1147 1153 1273 1230 quidem
1294 1151 1458 1229 singularis
1483 1152 1719 1215 benevolentiae
1742 1155 1821 1217 baud
1843 1152 1896 1214 ob-

1147 1265 1274 1310 scurum
1302 1256 1525 1325 argumentum
1547 1248 1620 1309 inde
1648 1247 1789 1322 eruitur,
1813 1249 1895 1326 quod

1148 1342 1323 1404 Anastasius
1339 1341 1373 1402 ad
1390 1341 1471 1403 diem
1487 1341 1580 1403 subm
1596 1339 1896 1403 natalemcelebrau-

1148 1438 1234 1512 dum,
1247 1436 1281 1496 ad
1297 1452 1391 1515 quem
1406 1435 1464 1496 soli
1483 1434 1624 1512 Episcopi
1639 1435 1809 1496 convenire
1825 1451 1896 1496 cou-

1147 1539 1327 1605 sueverant,
1343 1530 1468 1593 nonnisi
1489 1529 1656 1593 Paulinum
1677 1530 1896 1608 presbyterum

1148 1626 1344 1701 invitaverit,
1366 1641 1423 1686 nec
1437 1625 1551 1686 minori
1568 1624 1682 1686 amoris
1697 1623 1898 1700 significatio·

1147 1736 1188 1781 ne
1205 1720 1437 1780 excusationem
1453 1719 1620 1796 exceperit,
1637 1735 1743 1794 quam,
1760 1735 1815 1780 cur
1831 1733 1895 1781 non

1147 1813 1281 1885 veniret,
1296 1812 1442 1874 Paulinus
1458 1811 1614 1874 attulerat.
1634 1813 1747 1874 Postea
1762 1828 1893 1890 quoque,

1146 1906 1189 1968 sic
1211 1905 1263 1967 ille
1283 1905 1483 1984 prosequitur
1505 1905 1668 1968 inlaudata
1691 1905 1830 1984 epistola,
1847 1907 1895 1968 in-

1149 1999 1300 2076 terposito
1314 2005 1460 2074 tempore,
1470 1999 1568 2062 etiam
1580 1998 1620 2059 ad
1632 1999 1775 2060 natalem
1786 2016 1894 2068 suum,

1147 2092 1227 2169 quod
1247 2088 1526 2153 consacerdotibus
1540 2092 1609 2154 suis
1627 2097 1757 2154 tantum
1773 2092 1896 2172 deferre

1146 2184 1235 2251 solet,
1260 2183 1402 2244 inuitare
1421 2183 1576 2262 diastolas
1598 2189 1654 2245 ast.
1680 2183 1743 2246 Nec
1759 2183 1895 2263 offensus

1147 2283 1192 2337 est
1215 2277 1423 2338 autumatione
1448 2282 1572 2346 nostra,
1596 2277 1649 2338 sed
1673 2278 1810 2356 officium
1830 2294 1895 2338 ser-

1146 2371 1250 2430 monis
1272 2370 1388 2438 nostri,
1416 2370 1496 2448 quod
1519 2370 1553 2430 in
1575 2369 1674 2430 uicem
1695 2370 1896 2447 praesentiae

1148 2464 1401 2530 reddideramus,
1426 2471 1605 2541 acceptans,
1632 2463 1741 2526 animo
1762 2479 1818 2523 nos
1840 2477 1896 2540 po·

1148 2560 1238 2618 terno
1260 2561 1291 2617 et
1312 2555 1455 2619 absentes
1477 2558 1606 2634 recepit.

1187 2665 1295 2712 curra.
1319 2651 1426 2726 Longe
1456 2658 1558 2712 tamen
1587 2649 1768 2712 dissimilem
1795 2649 1893 2713 tortu·
1942 2664 1998 2726 ⁴cyro
2019 2674 2032 2708 a
2052 2661 2127 2726 aisse

1147 2759 1220 2806 nam
1248 2743 1394 2805 Paulinus
1416 2751 1563 2822 expertus
1590 2748 1635 2804 est
1662 2743 1720 2805 sab
1746 2743 1895 2806 Pontifice
1914 2715 2127 2832 issiissnafflfflss

1147 2837 1268 2912 Siricio,
1282 2837 1334 2914 qui
1357 2835 1523 2898 Paulinum
1539 2836 1655 2898 Hamae
1669 2836 1787 2898 versari
1802 2851 1895 2914 aegre
1914 2831 1984 2869 '¹⁰¹⁰-

1147 2930 1280 3007 ierebat3
1303 2946 1361 3009 qua
1384 2931 1421 2992 de
1438 2945 1470 2991 re
1484 2930 1623 3007 graviter
1645 2937 1833 3009 conquestus
1847 2939 1895 2993 esl

1147 3024 1276 3100 ipsemet
1305 3021 1452 3085 Paulinus
1475 3023 1510 3084 in
1539 3024 1687 3100 Epistola
1709 3023 1731 3084 5
1759 3023 1801 3086 ad
1822 3023 1894 3087 Sul-

1146 3118 1269 3196 picium
1294 3118 1452 3189 severant,
1475 3117 1508 3176 in
1530 3133 1589 3194 qua
1604 3127 1769 3197 postquam
1791 3127 1894 3180 motus

1147 3230 1181 3276 ao
1202 3213 1307 3275 turbas
1328 3227 1437 3273 omnes
1458 3211 1495 3273 ab
1517 3211 1630 3275 invidis
1648 3211 1767 3273 clericis
1787 3220 1895 3274 contra

1146 3325 1178 3370 se
1200 3305 1364 3368 concitatas
1380 3304 1647 3378 commemoravit,
1666 3307 1739 3366 baec
1752 3305 1892 3367 subiicit:

1149 3400 1206 3463 Sed
1228 3400 1358 3479 plenius
1380 3398 1525 3460 indicare
1550 3403 1728 3474 patuerunt
1751 3399 1895 3459 conserui

1147 3494 1252 3555 nostri
1276 3492 1366 3570 pueri
1391 3492 1441 3553 tui
1463 3498 1621 3568 quautam
1649 3487 1740 3552 uobis
1768 3491 1895 3568 qratioe

1147 3586 1325 3649 donrinicae
1347 3583 1575 3647 detrimentum
1592 3583 1696 3662 [aciat
1713 3582 1819 3646 Urbici
1834 3582 1895 3645 Pa-

1146 3697 1204 3760 pae
1229 3678 1366 3756 superba
1394 3678 1555 3740 discretio.
1587 3677 1691 3742 Urbici
1720 3678 1816 3756 Papae
1840 3693 1897 3738 no-

1147 3775 1234 3836 mine
1255 3773 1400 3836 Siricium
1423 3771 1555 3847 intelligi
1578 3771 1709 3832 affirmat
1731 3769 1894 3844 Baronius,

1147 3869 1235 3930 cuius
1257 3867 1350 3927 verba
1377 3866 1435 3926 iam
1460 3883 1475 3924 a
1498 3864 1586 3926 nobis
1612 3881 1704 3942 supra
1731 3863 1826 3926 relata
1848 3864 1896 3925 iu·

1148 3961 1230 4022 vabit
1251 3965 1408 4037 repetere:
1433 3957 1502 4020 Iam
1525 3964 1615 4035 pato,
1639 3957 1741 4036 inquit
1762 3958 1798 4019 ad
1820 3973 1893 4018 ann.

1148 4055 1261 4117 Christi
1276 4067 1438 4124 cccxciv,
1452 4049 1565 4121 sentis,
1582 4047 1691 4120 lector,
1706 4065 1794 4128 quem
1812 4049 1894 4112 Pou-

1148 4146 1237 4209 linus
1251 4162 1307 4224 per
1327 4143 1477 4206 Urbicum
1496 4143 1617 4221 Papam
1633 4142 1815 4220 iatetltqor:
1831 4158 1896 4202 non

1148 4241 1251 4302 alium
1272 4239 1412 4316 quidem,
1437 4251 1531 4316 quam
1554 4237 1608 4313 qai
1632 4240 1711 4297 tunc
1732 4234 1896 4297 Romanae

1147 4337 1296 4410 praeerat
1307 4330 1477 4399 Ecclesiae,
1489 4326 1677 4407 Pontificem
1690 4328 1797 4405 ipsum
1815 4327 1898 4389 Siri-

1148 4427 1245 4496 cium,
1257 4439 1346 4502 quem
1359 4425 1523 4504 infensum
1537 4421 1651 4499 absque
1661 4437 1759 4482 causa
1772 4419 1894 4498 aliqua,

1148 4525 1186 4581 ut
1198 4520 1258 4586 ait,
1267 4518 1339 4595 poti
1351 4520 1479 4578 coactas
1492 4512 1571 4596 fuit.
1583 4515 1653 4578 Hax
1663 4529 1785 4576 causam
1796 4512 1897 4591 inqui-

1149 4627 1231 4687 rens,
1248 4627 1304 4673 cur
1326 4607 1566 4672 Siriciusalieno
1587 4606 1681 4667 tuerit
1702 4606 1806 4667 animo
1821 4619 1893 4681 erga

1148 4703 1331 4776 Paulinum,
1354 4701 1434 4763 banc
1455 4698 1612 4778 producit,
1636 4697 1717 4776 quod
1743 4697 1895 4760 nimirum

1148 4797 1306 4871 Paulinus,
1329 4795 1429 4857 adbuc
1449 4792 1556 4868 laicus,
1573 4807 1589 4852 a
1604 4791 1732 4870 Lampia
1753 4789 1897 4852 Barchin-

1149 4891 1239 4954 nensi
1268 4889 1418 4968 Episcopo
1440 4887 1476 4948 ad
1502 4886 1626 4949 ordines
1652 4885 1747 4946 luerit
1774 4899 1898 4962 promo-

1150 4991 1210 5058 tus,
1227 4982 1375 5059 legitimis
1389 4987 1568 5057 temporum
1590 4978 1766 5040 interstitiis
1781 4993 1897 5056 nequa·

1148 5092 1241 5155 qnam
1270 5073 1411 5136 servatis.
1439 5073 1471 5134 id
1493 5087 1568 5132 vero
1595 5086 1667 5132 cum
1693 5070 1898 5149 displicuisset

1148 5169 1270 5243 Siricio,
1286 5167 1337 5246 qui
1354 5164 1573 5228 ecclesiasticae
1587 5163 1766 5241 disciplinae
1781 5162 1898 5225 vindex

1149 5269 1215 5324 erat
1235 5261 1414 5334 acerrimus,
1432 5258 1501 5320 ideo
1524 5258 1560 5318 iis
1581 5255 1726 5318 benevoli
1747 5255 1844 5316 animi
1859 5254 1898 5316 si·

1150 5354 1413 5434 gnificationibus,
1435 5367 1514 5429 quae
1535 5349 1614 5412 tanti
1635 5349 1696 5411 viri
1722 5347 1844 5410 meritis
1865 5364 1898 5409 ac

1149 5449 1318 5512 virtutibus
1332 5445 1559 5522 congruebant,
1576 5443 1741 5505 Paulinum
1756 5442 1899 5520 excipere

1149 5543 1268 5618 noluit,
1285 5539 1367 5619 quod
1381 5545 1486 5600 tamen
1502 5538 1535 5600 in
1548 5537 1657 5600 Siricio
1669 5536 1820 5598 Baronius
1834 5549 1898 5596 non

1150 5635 1269 5714 probat,
1291 5647 1363 5695 cum
1384 5632 1532 5693 Paulinus
1554 5631 1672 5692 invitus
1688 5647 1722 5691 ac
1737 5628 1848 5692 nolens
1862 5625 1899 5688 ad

1149 5745 1231 5790 sacra
1253 5727 1354 5789 altaris
1376 5724 1547 5786 ministeria
1569 5722 1709 5784 obeunda
1731 5721 1825 5783 luerit
1840 5719 1898 5781 ini-

1152 5820 1252 5882 tiatus.
1271 5817 1377 5896 Neque
1399 5832 1475 5878 vero
1490 5816 1617 5877 deerant
1633 5813 1804 5876 illustrium
1819 5812 1900 5873 viro-

1149 5929 1222 5976 rum
1243 5909 1396 5990 exempia,
1413 5908 1512 5972 veluti
1526 5904 1681 5970 Ambrosii
1702 5924 1736 5970 ac
1753 5906 1897 5990 aliorum,

1766 6053 1793 6098 ao
