4820 6980
113 575 170 631 An.
183 579 215 632 C.
235 579 305 632 1748

146 727 317 794 splendidum
374 735 442 781 cnr.
466 719 510 783 lle
529 719 700 784 sanctitatis
720 719 811 796 lama,
834 737 912 800 quae
935 719 1080 783 Siricium

98 781 318 900 ἷιῗέξὲῧῑῗῧωξζ
336 812 435 876 adhuc
455 812 655 894 superstitem
677 814 923 889 commendavit,
947 812 1081 892 splendi-

99 887 188 990 fssssffl
217 891 318 938 Μ·
336 907 411 970 dum
422 907 557 986 suppetit
571 907 785 972 testimonium
797 905 1007 971 Valentiniani
1022 907 1081 968 lm·

335 1000 484 1078 peratoris
511 1002 545 1063 iu
576 999 767 1081 epistola'ad
793 1000 958 1063 Pinianum
990 999 1081 1064 Urbis

335 1091 505 1169 Vicarium,
521 1094 588 1156 sive
603 1093 805 1174 praelectum,
818 1094 895 1157 data.
910 1095 953 1157 De
967 1092 1081 1158 Valen-

336 1186 454 1250 tiniano
476 1185 526 1268 hic
548 1187 707 1266 loquimur
728 1202 791 1250 non
817 1187 878 1249 iarn
900 1187 1081 1250 recentioris

335 1281 454 1356 aetatis,
467 1295 538 1344 cum
559 1297 673 1360 nempe
693 1281 793 1345 adhuc
813 1296 902 1362 puer,
926 1279 1081 1343 blanditiis

334 1391 368 1436 ac
389 1375 583 1438 suasionibus
608 1374 733 1452 matris,
757 1376 945 1438 hriauorum
967 1375 1080 1450 errori·

336 1467 392 1530 bus
419 1467 575 1543 imbutae,
599 1478 663 1530 erat
691 1467 791 1531 adhuc
818 1467 1003 1548 implicitum
1025 1466 1077 1529 sed

336 1560 593 1626 Valentinianum
624 1561 822 1641 producimus
854 1561 1077 1639 grandaevum,

335 1655 485 1735 sapientia
511 1661 542 1716 et
569 1654 738 1718 virtutibus
767 1654 975 1730 instructum,
1005 1670 1079 1732 quas

335 1749 432 1812 Divus
453 1748 634 1812 Ambrosius
649 1748 683 1810 in
705 1747 844 1810 oratione
858 1745 889 1810 in
905 1747 971 1809 eius
992 1748 1079 1811 obitu

334 1842 437 1906 habita
462 1841 730 1906 commemorarit.
759 1841 853 1904 Porro
875 1857 1008 1919 magnus
1029 1841 1079 1905 hic

336 1937 505 2016 imperator
525 1951 594 1998 suas
614 1936 650 1998 ad
677 1935 843 1998 Pinianum
856 1935 954 2014 ¹dedit
975 1935 1079 1998 literas

334 2039 497 2110 postquam
519 2027 648 2092 Sanctus
670 2028 810 2105 siricius,
831 2028 947 2092 reiecto
968 2029 1080 2093 Ursici-

335 2139 388 2199 no,
401 2123 454 2202 qui
470 2121 634 2185 schismate
645 2121 815 2184 llomanam
830 2123 999 2186 Ecclesiam
1015 2132 1080 2186 tur·

335 2218 470 2292 baveral,
492 2216 637 2279 concordi
657 2215 787 2278 Romani
809 2217 915 2296 populi
936 2217 1079 2280 acclama-

336 2311 419 2373 tione
435 2323 577 2372 summus
592 2309 743 2372 Ecclesiae
758 2309 901 2373 Pontilex
915 2313 1078 2374 renuncia-

333 2410 384 2467 tus
405 2410 461 2466 est.
493 2403 577 2466 Hanc
603 2403 763 2483 epistolam
785 2419 824 2466 eu
847 2405 947 2468 veteri
970 2406 1079 2470 Codice

333 2495 542 2560 Bibliothecae
556 2495 721 2559 Vaticanae
742 2505 875 2573 erutam,
891 2498 955 2560 suis
976 2499 1079 2561 luna·

333 2591 414 2654 libus
436 2589 569 2652 inseruit
590 2589 759 2654 Cardinalis
775 2590 929 2654 Baronius
943 2592 985 2654 ad
998 2609 1075 2655 anu.

337 2683 461 2747 Christi
476 2697 656 2746 ccccxxxv.
680 2691 712 2745 et
732 2683 843 2746 Petrus
857 2683 1008 2748 Constant
1023 2690 1076 2749 tc

335 2777 558 2856 Epistularum
574 2775 791 2841 Romanorum
806 2775 999 2856 Pontificum
1014 2783 1077 2844 edi-

334 2873 378 2936 dit
399 2873 432 2935 in
455 2872 564 2935 ordine
593 2871 766 2936 secundum
795 2875 970 2950 intereas,
1000 2892 1078 2955 quae

334 2965 443 3031 Siricio
475 2965 616 3028 Pontifici
642 2966 869 3030 adscribuntur.
903 2969 981 3044 Quid
1001 2985 1077 3032 vero

333 3060 371 3123 de
392 3051 501 3124 Siricio
521 3061 655 3123 senserit
677 3059 925 3138 Valentinianus,
938 3079 1016 3142 quae
1030 3080 1077 3126 se·

333 3160 476 3234 quuntur
490 3155 584 3217 rerba
598 3153 826 3216 demonstrant:
850 3155 990 3218 Proinde
1004 3174 1078 3236 quo·

333 3249 423 3311 niem
434 3248 618 3328 relipiosum
635 3247 792 3310 siricium
802 3247 993 3312 Antistitem
1004 3267 1077 3314 san·

334 3341 463 3404 ctitotis
476 3341 525 3402 sic
537 3357 680 3420 pracesse
700 3341 879 3404 sacerdotio
890 3342 1075 3423 uoluerunt,

333 3442 372 3498 ut
395 3433 578 3497 Ursicinum
593 3432 773 3514 improbum
787 3435 1077 3502 acclamationibus

333 3531 505 3602 violarent,
530 3534 638 3591 nostro
660 3545 732 3591 cum
747 3530 867 3609 pendia
881 3539 1077 3595 memoratus

333 3623 509 3702 Episcopus
530 3621 597 3702 ipsc
609 3628 807 3701 permoneat,
824 3623 962 3688 Pinioue
977 3628 1078 3690 caris·

331 3725 410 3787 sime
426 3743 464 3788 uc
487 3723 730 3788 iucundissime.
748 3724 909 3803 Siquidem
924 3743 1077 3809 mapunm

333 3821 536 3884 innocentiae
562 3839 600 3885 uc
620 3820 795 3899 probitatis
816 3823 996 3901 aucupium
1017 3835 1074 3901 cst,

334 3915 368 3976 iu
390 3930 457 3977 uno
484 3913 716 3978 acclamatione
743 3921 773 3977 ct
801 3915 906 3993 ipsum
927 3916 1016 3998 slipi,
1045 3926 1076 3984 ct

334 4015 472 4072 caeteros
495 4007 537 4069 im
561 4005 682 4071 robori.

127 4111 315 4178 surrentinum
373 4115 434 4162 arr.
458 4022 615 4163 Himeprius
642 4100 810 4181 Episcopus
837 4104 1076 4170 Tarraconensis

99 4164 314 4275 haaifffiffi'fflfssffi
334 4195 481 4258 Sanctum
492 4195 654 4256 Damasum
671 4195 772 4260 Siricii
787 4197 991 4275 decessorem,
1007 4217 1076 4278 gra-

99 4273 271 4323 ⁰⁰¹¹¹¹¹¹⁰¹¹⁶⁸i
331 4288 465 4352 cissimis
478 4289 515 4352 de
530 4289 621 4351 rebus
634 4291 671 4353 ad
684 4290 920 4354 ecclesiasticam
942 4294 1076 4374 discipli-

331 4399 403 4444 nam
430 4383 656 4462 spectantibus,
679 4399 766 4446 more
788 4385 943 4449 maiorum
965 4404 1075 4451 cousu-

330 4475 439 4539 luerat.
456 4477 586 4539 himerii
601 4484 706 4541 tamen
721 4477 848 4557 epistola
863 4477 992 4543 Romam
1006 4498 1075 4560 per-

330 4571 428 4645 venit,
452 4585 522 4633 cunr
544 4570 605 4632 iam
620 4569 750 4634 Sanctus
771 4571 914 4635 Pontifex
928 4575 1075 4638 Damasus

329 4663 367 4726 ad
379 4679 507 4741 superos
521 4662 682 4726 evolasset.
706 4663 784 4727 Hinc
798 4665 851 4744 qui
865 4667 994 4731 Damaso
1007 4687 1074 4732 suc·

328 4771 430 4818 sessor
451 4757 538 4820 datus
559 4764 605 4818 est
627 4756 765 4835 siricius,
783 4775 850 4822 rem
869 4761 1012 4839 coniecit,
1030 4773 1074 4828 at·

328 4865 389 4928 que
404 4849 487 4914 hisce
500 4848 604 4913 verbis
618 4851 794 4915 Himerium
809 4860 854 4916 est
874 4854 1069 4936 alloquutus:

331 4943 414 5018 Quia
436 4959 557 5004 necesse
578 4959 633 5006 nos
654 4951 726 5008 erat
741 4947 775 5007 in
791 4947 861 5009 eius
884 4948 1005 5013 labores
1020 4969 1074 5015 cu·

329 5052 443 5116 rosque
469 5037 650 5110 succedere,
680 5037 735 5100 cni
758 5055 815 5118 per
843 5039 900 5104 Dei
928 5045 1073 5124 pralium

328 5130 537 5194 successimus
559 5131 594 5193 ia
624 5130 783 5195 honorem.
816 5134 925 5212 Magna
946 5139 1072 5216 quidem

328 5223 480 5286 Ecclesiae
493 5224 664 5288 Catholicae
679 5225 824 5303 utilitate,
836 5244 1012 5310 magnoque
1025 5248 1072 5296 ee-

327 5316 512 5380 clesiasticae
537 5316 715 5398 discipliuae
739 5319 894 5399 prolecta,
922 5325 1071 5404 quidquid

328 5412 483 5474 Himerius
513 5413 641 5475 Damaso
670 5423 886 5493 proposuerat,
916 5420 1069 5498 exposuit,

327 5505 508 5581 declaravit,
538 5523 571 5568 ac
592 5505 735 5570 delinivit
764 5505 902 5586 Sinicius,
932 5518 966 5574 ut
988 5520 1071 5591 patet

327 5614 366 5661 eu
387 5598 470 5661 illius
484 5598 622 5678 epistola,
639 5615 717 5678 quae
737 5601 820 5665 inter
834 5602 975 5667 collectas
989 5621 1005 5666 a
1017 5606 1070 5667 Pe-

329 5703 377 5756 tro
392 5694 542 5756 Constant
564 5695 698 5757 occurrit
719 5697 829 5758 ordine
842 5698 1069 5774 primatium

326 5786 452 5865 quidem
472 5787 633 5865 epistolam
651 5793 698 5850 tot
712 5789 892 5852 nominibus
913 5806 1070 5855 commen·

327 5883 439 5954 datam,
457 5896 555 5959 usque
576 5879 650 5943 adeo
665 5881 776 5944 utilem
798 5899 831 5944 ac
852 5887 1067 5963 necessariam,

327 5973 408 6038 notis
429 5973 596 6036 illustrarit
618 5974 786 6040 Cardinalis
801 5975 837 6038 dc
858 5974 1001 6056 Apuirre
1023 5985 1067 6041 to-

432 6123 484 6170 lur.
502 6121 570 6167 Puni.
586 6121 617 6168 de
629 6123 705 6185 Prep.
720 6123 784 6172 ntae
797 6125 878 6174 Partis
892 6127 911 6173 l.
926 6124 981 6173 vol.
997 6127 1040 6172 lll.

967 599 1163 648 BENEDICTUS
1184 600 1248 648 ΧΠ.

1803 583 1860 649 753
1911 571 1965 628 An.
1979 576 2011 630 C.
2031 574 2100 630 1748

1135 718 1227 792 mo2,
1249 719 1466 784 Consiliorum
1482 720 1879 800 Hispaniae,dissertut.5

1137 812 1173 874 in
1193 813 1361 892 epistolam
1380 815 1495 880 Siricii
1518 816 1695 897 Pontificis,
1721 831 1790 896 pap.
1812 817 1880 880 126

1136 910 1166 967 ct
1186 923 1265 986 seqq.
1284 907 1347 972 Etsi
1363 924 1497 988 namque
1519 910 1647 974 siricius
1661 909 1761 973 solum
1776 910 1880 974 llime·

1135 999 1218 1061 rium
1241 1001 1426 1080 alloquatur,
1444 1003 1584 1066 decernit
1606 1009 1722 1080 tamen,
1739 1011 1785 1080 ut,
1802 1021 1880 1083 quae

1135 1093 1171 1154 ad
1193 1093 1286 1156 unius
1314 1095 1452 1158 consulta
1480 1095 1655 1176 rescripsit,
1678 1095 1713 1158 ad
1735 1099 1879 1161 omnium

1137 1186 1395 1267 Coepiscoporum
1424 1189 1566 1253 notitiam
1595 1191 1798 1269 perveniant,
1822 1209 1880 1255 nec

1133 1294 1245 1344 eorum
1266 1282 1410 1344 omnium
1431 1281 1603 1360 dumtaxat,
1620 1282 1673 1362 qui
1695 1283 1728 1346 in
1749 1284 1879 1348 Himerii

1134 1375 1292 1450 provincia
1307 1381 1396 1437 erant
1417 1376 1589 1452 constituti,
1603 1376 1656 1438 sed
1671 1385 1828 1456 praeterea
1843 1380 1878 1441 ad

1137 1465 1414 1545 Cartbopinenscs,
1442 1483 1480 1531 ue
1508 1469 1665 1541 Boeticos,
1691 1469 1877 1543 Lusitanos,

1133 1563 1229 1639 cipue
1247 1560 1395 1633 Gallicos,
1409 1562 1469 1638 vel,
1486 1568 1521 1624 ut
1535 1562 1569 1624 iu
1583 1561 1649 1625 aliis
1660 1564 1879 1643 manuscriptis

1133 1652 1278 1731 legimus,
1296 1652 1518 1718 Callaecionos
1540 1655 1591 1717 vel
1611 1654 1804 1730 Gallicanos,
1821 1659 1880 1720 hoc

1133 1753 1179 1808 est
1194 1745 1362 1810 Callaeciae
1377 1747 1539 1811 antistites
1554 1746 1731 1811 universos.
1754 1749 1802 1812 Ex
1817 1765 1878 1830 quo

1132 1839 1259 1916 lactum,
1271 1846 1306 1902 ut
1322 1840 1563 1918 integerrimum
1574 1841 1674 1906 Siricii
1689 1857 1877 1922 responsum

1132 1931 1319 1994 clericorum
1340 1949 1444 1995 mores
1463 1934 1497 1995 in
1518 1935 1611 1996 variis
1625 1935 1713 1999 Orbis
1729 1936 1878 2003 Catholici

1134 2026 1271 2104 partibus
1292 2035 1453 2105 corruptos
1475 2029 1699 2106 emendaverit,
1721 2045 1755 2092 ac
1775 2022 1879 2109 pris'ti·

1133 2134 1192 2180 nae
1214 2119 1386 2196 integritati
1407 2121 1591 2184 restituerit.

1172 2229 1221 2272 ur.
1245 2210 1315 2274 Non
1337 2212 1440 2276 levem
1465 2209 1576 2276 Sancto
1603 2212 1713 2278 Siricio
1734 2216 1878 2280 conciliat
1927 2225 2033 2274 strictus
2055 2237 2110 2274 eoa

1133 2306 1265 2385 laudem,
1282 2305 1363 2386 quod
1378 2307 1545 2370 coelibatus
1561 2308 1662 2386 legem
1678 2309 1711 2371 in
1727 2308 1812 2371 clero
1827 2309 1879 2370 lir-
1896 2279 1995 2388 &iiii
2010 2279 2110 2391 „iffi

1132 2401 1282 2477 maverit,
1305 2417 1338 2462 ac
1363 2401 1472 2479 poenis
1499 2401 1530 2462 in
1558 2401 1723 2466 violatores
1755 2402 1877 2466 indictis
1896 2387 2108 2488 gggffifflffssu

1131 2492 1327 2570 stabiliverit,
1350 2502 1385 2556 ut
1406 2493 1504 2572 liquet
1525 2509 1564 2556 ex
1584 2494 1652 2556 eius
1673 2495 1824 2575 epistolis,
1845 2505 1879 2559 et

1132 2587 1314 2665 praesertim
1336 2603 1375 2649 ex
1390 2603 1437 2664 ea,
1449 2602 1541 2666 quam
1558 2597 1748 2652 memoratus
1768 2589 1877 2652 Petrus

1133 2683 1282 2744 Constant
1304 2681 1547 2744 exhibetordiue
1569 2683 1728 2760 quintam.
1753 2684 1816 2746 lloc
1831 2685 1877 2746 ni-

1132 2791 1190 2836 xus
1211 2773 1414 2838 fundamento
1435 2773 1565 2840 Sanctus
1586 2778 1787 2841 innocentius
1809 2779 1878 2840 l.in

1132 2867 1265 2945 epistola
1287 2867 1328 2931 od
1347 2866 1567 2948 Eusuperium
1580 2873 1781 2950 Episcopum,
1800 2889 1878 2952 quae

1132 2961 1166 3023 in
1180 2961 1342 3041 praeallata
1357 2963 1540 3027 collectione
1554 2965 1631 3028 iacet
1645 2967 1756 3029 ordine
1769 2972 1875 3040 acuta,

1132 3063 1237 3117 contra
1260 3056 1403 3118 diaconos
1417 3063 1448 3118 et
1464 3059 1658 3137 presbyteros
1679 3059 1877 3123 incontinen-

1134 3156 1178 3209 tes
1206 3137 1328 3210 easden'r
1350 3165 1482 3228 poenas,
1505 3166 1580 3229 quas
1605 3151 1733 3217 Siricius
1755 3153 1877 3231 pridem

1132 3248 1292 3317 statuerat,
1315 3242 1512 3322 exequendas
1534 3246 1673 3309 decernit
1695 3246 1779 3308 hisce
1807 3262 1876 3309 ver·

1132 3333 1194 3396 his:
1219 3334 1264 3396 De
1284 3333 1334 3396 lais
1353 3341 1383 3398 et
1405 3335 1593 3400 diuinorum
1617 3337 1719 3419 lepnm
1741 3339 1877 3418 munif-

1131 3432 1183 3491 sta
1204 3431 1251 3491 cal
1266 3428 1448 3508 disciplina,
1466 3435 1496 3492 et
1511 3427 1622 3494 beatae
1640 3426 1878 3496 'recordationis

1136 3527 1203 3590 Viri
1237 3527 1351 3592 Siricii
1382 3527 1531 3608 Episcopi
1562 3529 1686 3593 monite
1717 3529 1878 3594 coidcutio

1133 3626 1373 3695 commiserunt,
1396 3628 1435 3685 ut
1457 3623 1693 3688 incontinentes
1711 3625 1747 3686 iu
1769 3621 1877 3706 officiis

1134 3719 1255 3784 talibus
1275 3722 1385 3802 positi,
1410 3723 1496 3785 omni
1519 3723 1636 3786 honore
1664 3723 1877 3786 ecclesiastico

1130 3815 1321 3893 priventur,
1344 3833 1401 3879 nec
1421 3818 1647 3882 admittantur
1670 3817 1816 3882 accedere
1836 3817 1877 3882 ud

1131 3911 1459 3991 ministeriumquod
1472 3914 1541 3976 solu
1562 3913 1766 3976 continentia
1788 3929 1877 3992 opor-

1133 4009 1178 4066 tet
1200 4004 1338 4083 impleri.
1356 4006 1472 4070 Eodem
1486 4004 1584 4070 lullus
1601 4008 1753 4086 praesidio
1768 4007 1878 4072 Encas

1133 4097 1299 4179 Episcopus
1331 4100 1508 4162 Parisiensis
1529 4116 1613 4163 nono
1640 4097 1792 4164 Ecclesiae
1812 4118 1876 4166 sae·

1130 4193 1202 4256 culo
1223 4192 1335 4269 clarus,
1358 4209 1451 4272 quem
1465 4193 1571 4273 Lupus
1586 4195 1789 4258 Eerrariensis
1804 4195 1877 4274 Epi·

1130 4302 1237 4365 scopus
1259 4287 1294 4348 iu
1315 4287 1450 4366 epistola
1472 4285 1517 4349 98
1543 4287 1649 4351 multis
1670 4289 1759 4352 adert
1781 4289 1876 4354 laudi·

1131 4380 1199 4456 bus,
1212 4381 1427 4460 quaestionem
1441 4383 1478 4445 de
1496 4384 1648 4447 coelibatu
1665 4394 1771 4448 contra
1785 4387 1876 4451 Grae-

1130 4489 1180 4534 cos
1202 4479 1402 4551 pertractans,
1419 4475 1452 4538 in
1468 4475 1545 4538 libro
1566 4483 1741 4540 contraeas
1761 4481 1875 4560 scripto

1131 4581 1199 4643 cap.
1222 4565 1289 4629 102
1313 4569 1392 4646 apud
1424 4571 1451 4630 d’
1464 4570 1631 4633 acherium
1658 4577 1732 4634 tom.
1761 4573 1873 4652 lSpi·

1130 4659 1237 4739 ellepii
1253 4661 1404 4723 editionis
1416 4661 1613 4726 Parisicnsis
1627 4683 1657 4728 n.
1674 4681 1872 4748 nuncnunc,

1128 4767 1158 4830 p.
1174 4751 1249 4824 133,
1266 4760 1358 4831 urget
1375 4755 1595 4819 authoritatem
1618 4759 1765 4840 epistolae
1781 4763 1874 4840 puin-

1130 4855 1181 4910 toe
1204 4846 1306 4912 Siricii
1325 4849 1549 4930 adEpiscopos
1570 4851 1698 4930 hlricae,
1720 4870 1810 4933 quam
1825 4857 1874 4920 bis

1129 4941 1231 5004 verbis
1252 4942 1388 5005 extollit:
1414 4941 1553 5008 Sanctus
1570 4943 1711 5010 Siricias
1731 4946 1821 5028 Papa
1838 4951 1873 5012 in

1128 5034 1271 5099 Ecclesia
1296 5035 1380 5100 beati
1402 5037 1496 5102 Petri
1523 5039 1748 5118 Apostolorum
1775 5044 1873 5107 Prin·

1128 5129 1208 5208 cipis
1230 5131 1266 5192 in
1288 5130 1421 5194 concilio
1443 5135 1597 5209 residens,
1613 5143 1643 5198 et
1665 5137 1830 5219 fratribus
1843 5147 1872 5202 et

1128 5226 1317 5304 coepiscopis
1333 5242 1389 5306 per
1402 5227 1549 5309 Africum
1564 5231 1779 5295 ecclesiastico
1796 5235 1872 5298 iure

1128 5318 1316 5395 describens,
1342 5322 1429 5384 iuter
1454 5329 1597 5396 coetero,
1621 5323 1697 5387 llaec
1719 5325 1755 5388 dc
1776 5327 1871 5406 pudi-

1127 5412 1209 5476 citia
1231 5413 1349 5477 intulit
1371 5423 1429 5477 etc.

1166 5524 1228 5569 cvr.
1252 5508 1410 5572 Praeterea
1432 5512 1543 5576 ardens
1568 5514 1691 5593 pietatis
1718 5515 1857 5579 studium
1940 5516 2103 5617 lp⁰⁵l0¹1⁶¹¹⁵

1860 5565 1868 5594 ,
1909 5570 1936 5580 ..
2076 5572 2081 5582 .

1126 5609 1157 5664 et
1186 5603 1338 5666 eximium
1369 5605 1534 5670 catholicae
1565 5609 1704 5671 ueritatis
1731 5626 1870 5674 amorem
1889 5570 2102 5689 {giicaffiirss

1126 5695 1261 5760 ostendit
1283 5697 1413 5761 Sanctus
1429 5698 1557 5763 Sinicius
1578 5701 1610 5764 in
1625 5701 1807 5767 damnandis
1821 5721 1869 5766 er·
1889 5689 2011 5779 ffffiffl
2030 5681 2102 5725 Μ’

1125 5793 1248 5854 roribus
1268 5791 1432 5867 loriniani,
1455 5793 1650 5874 aliorumque
1670 5796 1810 5860 eiusdem
1823 5815 1869 5861 se-

1124 5891 1190 5947 ctae
1210 5885 1452 5962 haereticorum,
1477 5893 1511 5948 ut
1533 5905 1571 5950 er
1593 5888 1696 5950 verbis
1723 5891 1869 5970 epistolae

1124 5979 1277 6057 septimae
1297 5978 1332 6042 in
1353 5987 1549 6060 praenarrata
1577 5981 1749 6046 Constantii
1777 5985 1870 6048 colle·

1737 6136 1764 6179 tlt
