4828 6990
872 575 1070 640 descalcius
1093 573 1158 638 xli.

240 711 314 790 rint,
336 712 391 794 qui
424 708 579 792 virgines,
608 720 662 776 aut
688 711 812 787 viduas,
839 728 894 772 seu
915 710 988 772 alias

239 824 450 886 quascumque
468 808 616 870 mulieres
631 805 754 880 invitas,
772 811 987 884 praeterquam

240 903 272 963 in
294 902 414 964 casibus
435 902 467 964 in
490 903 558 964 iure
579 901 746 980 expressis,
770 898 929 976 coegerint
951 897 986 958 ad

239 997 480 1074 ingrediendum
502 996 739 1070 monasterium,
762 993 811 1056 vel
837 994 871 1054 ad
893 991 987 1054 susei-

238 1089 392 1169 piendum
414 1090 552 1152 babilam
575 1089 800 1167 cuiuscumque
815 1085 986 1164 religionis,

240 1182 288 1245 vel
318 1184 354 1246 ad
389 1183 592 1246 emittendam
629 1181 869 1262 professionem
904 1179 987 1241 iusta

237 1277 433 1339 sanctionem
447 1293 549 1340 sacrae
561 1276 762 1339 Tridentinae
772 1273 888 1354 Synodi
905 1272 985 1336 Sess.

238 1386 318 1430 aaa.
345 1371 422 1448 Cap.
449 1371 492 1432 18
508 1369 544 1432 de
559 1368 732 1448 Regulos,
755 1369 807 1430 ubi
831 1368 923 1431 etiam
939 1383 991 1446 pa·

240 1478 288 1524 res
309 1478 459 1525 censurae
478 1470 660 1525 statuuntur
680 1464 827 1525 adversus
848 1476 912 1537 eos,
935 1459 988 1538 qui

238 1556 271 1617 in
303 1555 482 1618 huiusmodi
510 1555 596 1618 factis
622 1556 806 1630 consilium,
836 1551 989 1616 auxilium

237 1649 290 1710 vel
316 1648 453 1712 favorem
483 1649 618 1726 dederit;
641 1667 674 1710 ac
695 1647 720 1711 si
742 1663 852 1712 omnes
879 1645 989 1708 simili·

238 1752 298 1818 ter,
321 1749 475 1822 quotquot
503 1743 568 1804 ausi
592 1742 708 1804 fuerint
737 1741 923 1820 compellere
944 1739 989 1799 vi·

238 1851 289 1898 ros
309 1837 346 1898 ad
368 1835 603 1914 ingrediendam
619 1835 803 1912 religionem
821 1841 851 1896 et
865 1834 901 1895 ad
918 1837 988 1892 vota

237 1927 429 2006 profitenda,
452 1928 541 1991 iustis
563 1929 769 2008 gravibusque
796 1927 903 2007 poenis
926 1925 988 1988 afll-

73 2027 220 2078 varosomrla
237 2022 333 2084 cient.
366 2021 483 2084 ludices
512 2039 602 2098 vero,
624 2023 665 2098 si,
689 2022 764 2085 falso
794 2031 864 2084 ante
887 2019 989 2084 omnia

66 2084 163 2140 aandtaa
154 2080 219 2128 tad

67 2149 139 2188 amn
158 2135 218 2182 tuns
237 2115 377 2194 deposito
393 2115 594 2194 praeiudicio,
603 2131 665 2196 qao
677 2115 822 2179 nonnulli
838 2113 988 2176 arbitran-

237 2215 292 2270 tur
314 2207 495 2270 latissimam
527 2209 628 2284 viam,
658 2211 798 2288 quoadr
780 2209 848 2271 lieri
877 2214 988 2288 potest,

236 2300 435 2378 aperiendam
458 2318 524 2364 esse
546 2302 592 2377 iis,
609 2302 662 2380 qui
685 2301 757 2364 inde
780 2303 915 2379 migrare
937 2318 990 2364 cu-

237 2395 343 2472 piunt,
364 2395 419 2470 ubi
441 2393 542 2457 invito
557 2395 662 2457 animo
685 2402 935 2472 commorantar;
952 2395 988 2456 ad

235 2496 376 2550 exactam
389 2488 524 2550 iustitiae
546 2487 665 2551 lancem
686 2489 863 2568 expendent
885 2495 915 2549 et
931 2503 989 2548 nu-

238 2596 363 2644 merum
378 2589 409 2644 et
420 2581 602 2660 qualitatem
625 2583 764 2658 testium,
780 2583 833 2660 qui
855 2585 891 2646 ad
907 2597 988 2645 com-

237 2675 428 2754 probandam
440 2675 615 2738 nullitatem
625 2674 988 2754 professionisinducun-

238 2776 307 2845 tur3
330 2775 362 2830 et
383 2767 449 2829 vina
472 2769 620 2830 maiorem
639 2769 764 2846 minori,
778 2777 898 2833 metam
920 2783 989 2845 gra·

238 2877 312 2924 vem
332 2879 349 2922 a
372 2861 445 2936 levi,
473 2861 608 2925 debilem
629 2879 645 2922 a
667 2863 869 2925 constantiori
899 2878 987 2936 sexu,

238 2953 467 3017 interclusama
482 2955 628 3034 permissa
644 2955 831 3018 reclamandi
845 2953 989 3042 facultate

238 3050 434 3128 discernent;
457 3049 593 3127 aliasque
613 3063 722 3112 omnes
744 3048 989 3126 circumstantias

238 3142 345 3204 sedulo
377 3141 639 3216 animadvertent,
669 3159 747 3220 quae
776 3141 806 3204 in
835 3141 893 3204 boc
924 3147 989 3204 toto

239 3251 347 3298 rerum
371 3250 488 3312 genere
502 3234 540 3297 ab
553 3235 728 3298 auctoribus
743 3234 928 3298 considerari
943 3251 991 3298 so

242 3328 317 3390 lent.

280 3423 386 3502 ltaque
401 3422 563 3500 praedictis
578 3422 724 3485 omnibus
737 3431 769 3486 et
780 3423 912 3505 singulis
924 3439 990 3502 gra·

242 3518 370 3580 vissime
398 3517 625 3580 denunciamus
652 3505 856 3595 discricthue
877 3515 991 3596 praeci-

241 3610 355 3688 pimus,
378 3611 467 3673 utin
491 3610 622 3686 cunctis,
638 3626 715 3688 qnae
737 3609 772 3671 ad
795 3626 904 3672 eorum
926 3609 991 3671 odi-

241 3705 286 3766 cia
308 3705 480 3784 pertinent,
498 3721 513 3765 a
532 3704 666 3767 iustitiae
688 3705 812 3766 tramite
830 3713 860 3766 et
875 3721 890 3765 a
906 3720 991 3783 prae-

242 3798 363 3878 scriptis
383 3798 442 3859 sibi
464 3797 584 3876 legibus
605 3813 645 3860 ne
674 3797 843 3860 minimam
864 3798 990 3877 quidem

243 3893 412 3968 discedant,
435 3908 468 3953 ac
491 3889 694 3954 meminerint
716 3892 871 3967 amalum,
898 3908 991 3970 quae·

243 4001 378 4064 cumque
400 3984 563 4061 gesserint,
578 3985 807 4048 severissimam
822 3983 879 4047 sibi
900 3983 990 4048 ratio-

245 4095 319 4142 nem
333 4087 403 4142 tum
413 4076 493 4158 apud
510 4067 653 4142 divinu'm
668 4078 815 4154 iudicem,
827 4087 896 4142 tum
911 4081 991 4160 apud

81 4189 229 4254 ιιιιιιιιιιιι-
246 4172 389 4235 bomines
405 4172 593 4236 reddendam
607 4171 683 4234 fore.
709 4171 770 4235 Nos
787 4189 871 4248 vero,
887 4173 912 4234 si
930 4175 992 4236 lleo

76 4243 229 4290 danitasinlatc

77 4299 230 4343 mm,
246 4266 417 4351 placuerit
418 4264 631 4328 valetudinem
650 4267 737 4328 nobis
758 4283 830 4330 cum
852 4267 914 4329 vita
929 4284 992 4329 ser·

77 4351 150 4396 attilas
176 4361 230 4396 aaa·

77 4413 112 4500 Ιιιιιῐι
132 4405 229 4450 institae-

246 4375 329 4436 vare,
353 4375 416 4422 non
440 4375 550 4438 parum
565 4374 676 4438 operae
696 4358 838 4422 conferre
859 4359 993 4422 intendi·

247 4469 327 4529 mus,
349 4469 412 4531 quo
433 4453 556 4531 planius
583 4461 676 4534 atque
697 4451 817 4516 facilius
838 4451 876 4515 de
897 4452 994 4517 causis

246 4547 338 4610 baius
360 4545 485 4624 generis
502 4545 541 4608 ab
554 4547 627 4624 ipsis
648 4546 680 4606 in
693 4545 994 4625 posterumiudicari

247 4640 356 4702 valeat.
383 4637 542 4718 Siquidem
558 4637 647 4700 nobis
658 4639 850 4717 propositam
865 4647 911 4701 est
921 4654 993 4702 cum

246 4732 375 4796 coasilio
396 4732 583 4793 selectorum
605 4721 747 4793 virorum
770 4732 802 4794 in
823 4731 994 4810 theologica

247 4825 435 4890 etcanonica
447 4823 589 4887 facultate
605 4825 840 4902 praestantium,
858 4824 994 4888 nonnul-

247 4919 289 4981 las
309 4916 506 4998 quaestiones
531 4926 672 4980 accurate
699 4919 875 4980 examinare
897 4937 929 4982 ac
951 4919 994 4982 di-

248 5013 373 5094 rimere,
387 5027 466 5090 quae
489 5011 580 5072 variis
594 5011 781 5090 scriptorum
796 5012 996 5090 opinionibus

248 5105 387 5180 laetatae,
409 5113 440 5167 et
462 5105 560 5166 varias
581 5104 697 5183 species
718 5104 895 5181 induentes,
909 5104 995 5169 iuxta

249 5199 383 5260 diversas
405 5198 637 5286 occurrentium
654 5211 780 5260 casuum
795 5199 996 5262 circumstan-

250 5293 315 5366 tias,
328 5291 477 5371 aacipites
488 5299 580 5369 atque
594 5289 729 5353 solicitos
741 5290 881 5354 detinere
894 5292 996 5354 solent

250 5385 454 5450 iudicantium
482 5386 617 5459 animos3
648 5390 682 5446 ut
713 5383 942 5464 nobismetipsis
962 5386 996 5448 in

251 5480 423 5542 minoribus
444 5477 519 5542 olim
531 5477 708 5540 constitutis
730 5493 793 5539 non
807 5477 903 5539 semel
924 5494 998 5540 eve-

250 5573 330 5636 nisse
352 5571 569 5646 meminimus,
592 5586 703 5651 quum,
719 5585 775 5648 pro
797 5586 929 5633 munere
951 5589 996 5633 so·

250 5665 372 5729 cretarii
393 5664 545 5744 praelatae
576 5663 825 5742 congregationis
853 5663 997 5727 Cardina-

252 5758 327 5820 liam
349 5757 480 5824 Consilii
504 5757 681 5820 ‘tridentini
703 5758 925 5836 interpretum,
941 5755 996 5819 bu·

252 5852 382 5915 iusmodi
403 5867 507 5914 causas
521 5851 556 5913 ad
572 5849 712 5928 regulam
734 5850 810 5912 iuris
832 5849 997 5928 exigendas

254 5963 322 6034 prae
344 5946 489 6010 manibus
510 5946 704 6008 haberemus.
730 5944 889 6008 Eiusmodi
909 5953 995 6022 sunt,

1041 710 1174 790 exempli
1192 726 1292 786 caasa,
1309 707 1520 789 quaestiones:
1545 704 1658 772 Utrum
1674 707 1790 788 profes·

1041 803 1086 864 sio
1108 803 1251 882 quamvis
1273 804 1361 865 initio
1383 803 1468 866 nulla
1491 803 1665 883 luerit‚per
1685 805 1789 866 subse-

1043 903 1174 975 quentes
1197 905 1300 959 tamen
1313 906 1399 960 actus
1413 897 1645 976 convalidetur3
1662 899 1790 978 quinam

1042 991 1227 1067 statamus,
1251 1007 1288 1052 ex
1314 993 1425 1069 quibus
1446 992 1625 1055 huiusmodi
1654 991 1790 1055 convali-

1042 1081 1123 1144 datio
1140 1101 1195 1146 seu
1210 1085 1371 1147 ratificatio
1385 1083 1569 1163 inducatur;
1589 1087 1708 1164 etquid
1726 1101 1791 1148 mo·

1044 1177 1142 1239 menti
1164 1177 1272 1240 babeat
1297 1180 1332 1240 ad
1354 1177 1439 1241 lianc
1466 1179 1611 1242 ellectum
1637 1179 1791 1259 susceptio

1042 1285 1200 1332 sacrorum
1221 1270 1374 1333 Ortllnum
1396 1272 1438 1334 aci
1465 1272 1602 1334 titulum
1623 1272 1792 1354 religiosae

1042 1364 1259 1443 paupertatis.
1286 1366 1458 1441 Praeterea,
1480 1365 1505 1427 si
1527 1367 1596 1445 quis
1617 1365 1697 1429 forte
1719 1374 1792 1429 ante

1044 1455 1213 1533 legitimam
1236 1465 1368 1520 aetatem
1391 1459 1539 1535 ignoraus
1568 1459 1791 1539 professionem

1044 1551 1200 1625 emiserit,
1223 1560 1254 1614 et
1277 1552 1308 1613 in
1334 1567 1369 1612 ea
1402 1553 1577 1629 ignorantia
1607 1569 1661 1632 per
1688 1554 1792 1633 plures

1044 1659 1141 1706 annos
1163 1644 1195 1706 in
1217 1644 1370 1722 religione
1391 1647 1608 1724 permanserit,
1624 1662 1720 1726 seque
1741 1663 1792 1708 va-

1044 1739 1107 1801 lide
1129 1738 1299 1818 professum
1323 1737 1517 1815 existimans,
1533 1756 1566 1802 ea
1581 1740 1697 1815 omnia,
1714 1757 1792 1820 quae

1043 1832 1255 1910 professorum
1276 1840 1362 1908 sunt,
1382 1850 1443 1895 una
1465 1851 1537 1896 cum
1558 1833 1646 1897 sociis
1669 1835 1792 1913 praesti·

1038 1926 1128 2002 terit,
1152 1943 1190 1988 an
1213 1926 1262 1989 bic
1284 1927 1396 1989 deiude
1412 1927 1604 2006 intelligens,
1620 1945 1679 2007 qua
1694 1936 1794 1990 aetate

1046 2029 1114 2082 vota
1136 2019 1286 2096 emiserit,
1303 2021 1574 2084 nonobstantibus
1593 2022 1710 2084 actibus
1725 2021 1793 2084 veri

1045 2112 1172 2190 professi
1194 2131 1210 2173 a
1231 2115 1385 2190 segesta,
1408 2115 1517 2189 adltuc,
1532 2113 1684 2194 praefatae
1705 2115 1793 2192 igno·

1044 2207 1163 2268 cantiae
1184 2207 1351 2285 praesidio,
1381 2208 1535 2270 actionem
1556 2207 1666 2282 babeat
1687 2208 1723 2269 ad
1744 2225 1793 2270 rc-

1043 2299 1239 2362 clamandum
1255 2301 1402 2363 adversus
1423 2301 1646 2380 professionem
1658 2319 1673 2362 a
1685 2319 1718 2364 se
1734 2301 1792 2363 fac-

1046 2399 1122 2470 tarn;
1146 2409 1185 2454 an
1208 2409 1282 2456 vero
1305 2393 1372 2455 talis
1395 2395 1567 2470 ignorantia
1590 2396 1668 2458 nibil
1691 2398 1792 2459 eidem

1042 2485 1241 2564 suffragetur,
1254 2504 1316 2566 quo
1331 2487 1436 2550 minus
1458 2489 1679 2567 professionem
1702 2491 1792 2553 initio

1044 2577 1162 2641 nullam
1185 2595 1240 2659 per
1260 2580 1485 2658 subsequentes
1510 2590 1596 2645 actus
1617 2589 1715 2645 ratam
1736 2585 1789 2644 lta-

1045 2671 1146 2735 buisse
1174 2682 1347 2736 censeatur.
1373 2676 1466 2752 ltena,
1489 2691 1528 2737 an
1550 2675 1714 2754 professus,
1738 2677 1792 2754 qui

1043 2765 1075 2828 in
1093 2765 1290 2846 professionis
1301 2776 1370 2831 aeta
1381 2769 1641 2850 impedimentum
1656 2771 1790 2850 aliquod,

1043 2859 1109 2921 sive
1130 2860 1299 2938 defectum,
1321 2859 1500 2937 occultavit,
1517 2865 1555 2926 de
1576 2881 1637 2943 quo
1659 2863 1794 2926 interro·

1045 2959 1134 3030 gatus
1155 2954 1226 3030 fuit,
1249 2955 1348 3018 addita
1375 2955 1581 3019 declaratione
1602 2957 1637 3017 ad
1661 2957 1792 3020 formam

1044 3047 1325 3121 Constitutionum,
1339 3050 1420 3127 quod
1432 3048 1548 3111 scilicet
1564 3049 1675 3127 religio
1690 3051 1792 3130 ipsum

1044 3155 1115 3202 cum
1139 3139 1316 3204 huiusmodi
1346 3140 1467 3204 defectu
1495 3149 1549 3204 aut
1570 3143 1793 3222 impedimento

1045 3232 1145 3295 forsan
1159 3234 1322 3310 occultato,
1335 3235 1499 3297 admittere
1514 3251 1577 3298 non
1593 3237 1791 3314 intendebat3

1045 3342 1095 3395 an,
1118 3325 1259 3404 inquam,
1284 3328 1351 3390 talis
1375 3328 1548 3407 professus,
1572 3330 1626 3410 qui
1648 3323 1793 3408 religioni

1045 3419 1151 3483 dottam
1182 3421 1314 3498 strauit,
1344 3423 1496 3486 eiusmodi
1527 3423 1728 3486 commodum
1755 3441 1793 3486 ex

1046 3514 1167 3592 propria
1189 3513 1294 3578 fraude
1316 3517 1479 3578 desumere
1499 3519 1607 3595 possit,
1630 3525 1665 3580 ut
1686 3516 1795 3580 validi·

1048 3615 1143 3670 tatem
1163 3625 1236 3669 suae
1257 3609 1456 3686 professionis
1468 3627 1506 3672 ea
1521 3626 1556 3672 eo
1572 3610 1671 3690 capite
1692 3610 1794 3690 impu·

1046 3715 1143 3778 gnare
1165 3701 1274 3764 valeat.
1299 3702 1451 3780 Denique,
1474 3703 1631 3788 adullam
1655 3703 1719 3766 vim
1741 3705 1794 3766 ba-

1049 3795 1122 3858 bere
1143 3795 1251 3857 debeat
1273 3795 1305 3857 in
1321 3792 1388 3858 foro
1409 3805 1541 3858 externo
1556 3797 1590 3858 ad
1605 3795 1795 3860 suadendam

1047 3887 1139 3951 iudici
1162 3886 1339 3951 nullitatem
1361 3888 1572 3966 professionis,
1595 3891 1677 3968 quod
1700 3888 1796 3970 recla-

1049 3991 1167 4044 mantes
1188 3980 1317 4061 professi
1344 3998 1480 4044 asserere
1505 3999 1595 4062 saepe
1622 3999 1686 4045 non
1707 3983 1795 4046 dubi·

1051 4083 1128 4151 tant,
1139 4091 1172 4137 se
1186 4075 1218 4138 in
1237 4073 1429 4154 proferendis
1444 4075 1596 4152 religiosis
1614 4076 1695 4139 votis
1708 4091 1796 4139 men·

1051 4177 1113 4230 tem
1135 4184 1271 4229 servasse
1296 4167 1430 4229 alienam
1452 4184 1467 4227 a
1489 4169 1645 4249 proposito
1666 4183 1698 4230 se
1720 4168 1795 4230 obli-

1049 4261 1151 4339 gandi.
1176 4262 1255 4324 llaec
1276 4261 1392 4336 omnia,
1415 4260 1534 4341 aliaque
1549 4261 1662 4326 similia
1684 4262 1716 4326 in
1739 4263 1795 4326 bu·

1050 4353 1182 4417 iusmodi
1204 4353 1326 4417 iudiciis
1347 4354 1529 4434 frequenter
1550 4356 1744 4418 occurrentia
1766 4363 1797 4418 et

1050 4447 1082 4508 in
1112 4452 1279 4526 utramque
1310 4455 1429 4526 partem
1452 4448 1601 4510 hactenus
1632 4447 1795 4527 disputata,

1052 4550 1118 4604 tum
1140 4550 1256 4615 nostra,
1281 4548 1349 4604 tum
1371 4541 1515 4617 aliorum,
1538 4558 1626 4620 quos,
1650 4550 1797 4622 utsupra

1051 4635 1201 4710 diximus,
1224 4635 1256 4697 ln
1282 4634 1446 4697 consilium
1474 4635 1653 4700 advocaturi
1674 4653 1796 4713 sumus,
1833 4685 1836 4690 .

1050 4728 1193 4806 diligenti
1213 4728 1330 4805 studio,
1353 4727 1414 4791 [teo
1436 4729 1615 4806 adiuvante,
1632 4730 1798 4810 explanare

1051 4822 1303 4886 deliberavimus.

1091 4915 1222 4980 Interim
1243 4925 1419 4996 praesentes
1433 4918 1549 4994 literas,
1567 4935 1638 4981 cum
1653 4919 1798 4982 omatibus
1833 4938 1968 4988 clausurae
1984 4950 2028 4997 pro

1051 5018 1081 5073 et
1103 5009 1234 5088 singulis
1256 5010 1287 5072 in
1310 5009 1382 5088 ipsis
1403 5011 1534 5073 decretis
1548 5019 1642 5091 atque
1662 5014 1796 5090 statutis,
1816 5000 2031 5096 ξξξξῆξῗῃωῄ

1052 5107 1167 5180 firmas,
1182 5103 1297 5167 validas
1313 5111 1343 5165 et
1364 5103 1502 5166 edicaces
1523 5105 1667 5182 existere,
1683 5122 1716 5168 ac
1730 5122 1799 5185 per·
1817 5105 1876 5149 ῑιῑθ·

1053 5205 1144 5275 petuo
1166 5196 1248 5272 fore,
1271 5212 1406 5276 suosque
1433 5195 1587 5277 plenarias
1607 5205 1639 5262 et
1660 5201 1798 5277 integros

1052 5291 1177 5354 effectus
1204 5289 1308 5352 sortiri
1331 5298 1361 5352 et
1382 5291 1535 5367 obtinere,
1559 5292 1651 5354 acab
1672 5291 1744 5368 illis,
1761 5293 1798 5356 ad

1051 5399 1128 5463 quas
1141 5389 1257 5461 spectat
1272 5389 1302 5446 et
1323 5399 1379 5462 pro
1391 5391 1528 5462 tempore
1540 5386 1799 5466 quandocumque

1052 5476 1218 5557 spectabit,
1242 5475 1274 5537 in
1295 5476 1441 5539 omnibus
1463 5484 1495 5538 et
1517 5493 1572 5557 per
1599 5480 1704 5541 omnia
1735 5480 1799 5558 ple·

1054 5570 1182 5632 nissime
1196 5569 1461 5632 etinviolabiliter
1473 5569 1629 5633 observari
1652 5571 1799 5635 volamus

1053 5672 1084 5726 et
1111 5663 1316 5726 decernimus.
1351 5663 1463 5742 Sicque
1484 5672 1515 5726 et
1542 5680 1606 5727 non
1632 5664 1723 5728 aliter
1744 5682 1799 5744 per

1054 5771 1268 5837 quoscumque
1295 5757 1411 5820 iudices
1436 5757 1607 5820 ordinarios
1628 5766 1659 5820 et
1680 5759 1801 5838 delega-

1056 5859 1112 5927 tos,
1135 5850 1229 5912 etiam
1251 5869 1413 5914 causarum
1435 5851 1538 5930 palatii
1569 5852 1727 5931 apostolici
1748 5870 1802 5914 au·

1055 5945 1180 6021 ditores,
1197 5945 1428 6024 praedictasque
1440 5946 1471 6010 S·
1485 5945 1520 6008 lt.
1535 5946 1570 6008 E.
1587 5945 1800 6012 cardinalium

1711 553 1770 635 349
1820 571 1874 630 aa.
1889 569 1918 630 0.
1941 555 2009 628 174?
