4856 6984
261 588 264 603 ·
332 561 386 616 An.
401 564 430 615 0·
453 564 521 616 1752
571 563 630 624 aad
1075 578 1137 622 aun.
1163 577 1253 622 nour.
1278 575 1318 618 aa
1340 573 1368 618 n.
1393 573 1421 620 a.
1448 575 1530 620 nans
1552 573 1573 618 r.
2139 553 2194 606 nn.
2210 555 2240 606 0·
2262 551 2327 606 1752

551 699 622 760 dem
643 699 807 762 militantis
829 699 982 760 Ecclesiae
1002 698 1165 772 honorem,
1182 695 1301 774 conspi-
1358 693 1433 756 dam
1455 693 1588 767 viveret,
1611 691 1782 768 obtinebat,
1805 706 1946 771 quaeque
1968 708 2023 770 per
2044 693 2106 754 obi-

551 793 650 854 cimus
671 793 703 854 in
726 792 857 853 Domino
878 791 1046 853 salubriter
1061 789 1217 868 expedire.
1360 785 1521 848 iamdicti
1543 785 1756 862 cognominati
1785 786 1919 860 comitis,
1945 786 1998 863 qui
2021 794 2106 846 extra

591 886 609 960 ἓ
633 885 659 946 l.
685 885 763 948 Sane
785 893 842 948 etc.
869 884 1024 962 Sequitur
1052 883 1204 946 narratio
1226 899 1302 961 sup
1358 881 1529 942 Romanam
1553 881 1678 944 Curiam
1695 879 1778 941 diem
1793 878 1901 942 clausit
1917 885 2105 954 extremam,

553 979 724 1046 pressioaa's
750 977 1000 1057 patriarchatus
1022 977 1249 1055 Aaattctcasts,
1272 993 1301 1036 a·
1358 975 1393 1035 ad
1416 989 1562 1052 praesens
1583 980 1681 1047 vacat,
1697 974 1774 1047 sive,
1791 981 1826 1034 ut
1840 971 2026 1050 praefertur,
2043 973 2107 1034 sive

553 1071 663 1150 irasque
686 1071 835 1132 dioecesis
856 1077 887 1132 ct
907 1072 1093 1150 provinciae
1125 1072 1301 1134 divisoria
1357 1067 1430 1129 alias
1452 1068 1564 1146 quovis
1594 1070 1685 1131 modo
1716 1075 1774 1130 etc.
1809 1067 1957 1144 illiusque
1981 1067 2108 1129 titulum

552 1165 630 1226 aluos
651 1165 966 1244 orctlcpisccparac;
987 1165 1032 1243 (ll
1060 1181 1093 1228 ac
1114 1166 1186 1226 alias
1208 1172 1301 1244 prout
1358 1158 1539 1222 collativam
1570 1177 1604 1222 ac
1635 1160 1934 1234 denominationem,
1965 1166 2108 1220 naturam

553 1261 583 1319 in
605 1259 702 1320 literis
718 1260 831 1322 nastris
846 1259 1020 1338 apostolicis
1036 1259 1231 1337 pontificatus
1246 1275 1301 1320 no·
1358 1259 1388 1314 et
1410 1254 1575 1314 essentiam
1606 1253 1789 1330 parochialis
1821 1253 1965 1316 ecclesiae
1993 1253 2109 1316 collati-

551 1352 605 1414 stri
628 1369 710 1413 anno
733 1353 898 1414 undecimo
920 1353 1055 1430 desuper
1073 1352 1222 1430 expeditis
1238 1350 1301 1431 ple·
1358 1345 1654 1425 moliarmoliar
1680 1346 1838 1408 uuuoilla
1871 1347 2013 1408 collativa
2045 1363 2110 1408 esse

553 1446 621 1506 aius
643 1451 674 1506 et
697 1445 823 1506 uberius
844 1445 1036 1508 continetur.
1061 1444 1123 1506 Nos
1138 1451 1301 1528 propterea
1358 1438 1487 1512 desinat,
1510 1447 1542 1500 et
1564 1439 1601 1500 de
1623 1446 1743 1500 caetero
1766 1438 1904 1516 utitatis
1926 1439 1957 1500 in
1981 1439 2110 1502 titulum

552 1538 700 1601 erectioni
729 1539 1006 1617 archiepiscopatus
1031 1537 1212 1600 Goritiensis
1246 1541 1303 1598 ha·
1358 1531 1536 1593 collativam
1558 1531 1695 1593 conierri
1714 1539 1769 1594 aut
1784 1531 1956 1610 impetrari,
1972 1532 2024 1593 vel
2038 1526 2109 1593 alias

554 1632 684 1694 iusmodi
701 1628 828 1692 modum
844 1637 874 1691 et
890 1631 1020 1692 iorrnam
1034 1632 1206 1710 imponere,
1218 1645 1301 1691 eam·
1329 1636 1331 1715 t
1358 1625 1395 1685 de
1417 1624 1468 1684 illa
1490 1624 1611 1702 disponi
1634 1625 1810 1702 contigerit,
1839 1624 2029 1700 collationes,
2053 1625 2110 1686 im-

490 1791 493 1798 ,
553 1723 687 1802 clamque
713 1723 904 1786 erectionem
933 1739 987 1802 per
1016 1739 1083 1798 nos,
1107 1731 1142 1786 ut
1168 1721 1301 1802 praeler·
1358 1719 1559 1795 petrationes,
1591 1719 1730 1798 aliaeque
1762 1721 1977 1799 dispositiones
2004 1721 2111 1782 huius·

555 1831 617 1899 tur,
640 1823 761 1895 iactam,
782 1819 944 1898 apostoliea
966 1819 1148 1882 auctoritate
1170 1817 1301 1895 praelata
1358 1811 1441 1874 modi
1464 1811 1569 1873 nullae
1588 1820 1620 1873 et
1643 1813 1807 1890 invalidae,
1824 1813 2006 1894 nulliusque
2023 1813 2109 1875 rabo·

554 1917 739 1977 confirmare
761 1914 932 1991 cupientes,
955 1912 1071 1990 quique
1086 1911 1203 1974 dudum
1220 1911 1302 1971 inter
1358 1905 1400 1965 ris
1421 1905 1471 1966 vel
1493 1907 1646 1967 momenti
1667 1907 1814 1981 existant,
1838 1907 1982 1984 nullique
2002 1907 2110 1970 salira-

553 2008 608 2070 alia
631 2008 800 2080 voluimus,
823 2007 903 2084 qarod
926 2011 1068 2082 petentes
1089 2004 1237 2066 beneficia
1255 2019 1302 2064 ec·
1358 2005 1483 2074 gantur,
1508 2014 1565 2060 neo
1586 1999 1759 2062 coloratam
1784 2000 2109 2079 titulumpossidendi

552 2101 718 2163 riesiastioa
733 2099 800 2160 aliis
816 2098 912 2172 uniri,
930 2104 1112 2160 tenerentur
1127 2097 1302 2176 exprimere
1329 2078 1331 2137 l
1359 2091 1503 2170 cuiquam
1525 2091 1675 2164 tribuant,
1699 2092 1806 2157 eadem
1829 2093 1992 2172 apostolica
2007 2102 2110 2156 aucto-

555 2209 664 2255 verum
685 2207 828 2252 annuum
851 2192 1000 2264 valorem,
1023 2191 1196 2252 secuudum
1218 2205 1300 2250 com·
1329 2166 1331 2217 l
1360 2186 1459 2260 ritate,
1482 2183 1520 2246 de
1541 2201 1694 2248 consensu
1725 2186 1875 2265 praelatae
1897 2188 2008 2249 Mariae
2029 2189 2108 2250 The-

555 2281 1301 2357 munemaestimationem,tambeneiuciiunien-
1328 2326 1330 2384 4
1360 2278 1454 2340 reciae
1483 2279 1619 2355 reginae,
1650 2289 1800 2358 perpetuo
1831 2281 2057 2360 supprimimus
2079 2292 2110 2345 et

552 2381 593 2454 di,
616 2395 710 2457 quarn
733 2378 827 2452 illius,
842 2377 891 2439 cui
916 2377 998 2438 uniri
1018 2377 1146 2454 petitur,
1163 2376 1300 2454 alioquin
1328 2418 1330 2463 ,
1358 2371 1590 2448 extinguimus:
1616 2372 1738 2450 illisque
1753 2373 1796 2436 sic
1811 2373 1994 2452 suppressis,
2011 2386 2041 2436 et
2056 2391 2111 2436 ex-

554 2473 627 2533 uuio
649 2487 711 2532 non
736 2470 864 2543 valeret,
888 2476 918 2530 et
940 2469 972 2529 in
992 2469 1161 2532 unionibus
1176 2483 1301 2546 semper
1328 2478 1330 2539 t
1360 2464 1464 2526 tinctis
1485 2467 1627 2526 eamdem
1653 2466 1861 2550 parochialem
1889 2467 2049 2530 ecclesiam
2072 2467 2110 2528 Ε-

551 2565 726 2627 commissio
750 2563 837 2624 heret
852 2563 886 2624 ad
904 2568 1017 2640 partes,
1035 2561 1150 2623 vocatis
1165 2577 1301 2639 quorum
1360 2557 1534 2620 saltationis
1565 2558 1694 2622 Sanctae
1723 2561 1830 2624 Crucis
1852 2569 1884 2622 et
1907 2559 2009 2624 Sancti
2036 2561 2108 2638 lia,

553 2661 697 2734 interest3
726 2664 826 2730 motu,
855 2655 983 2716 scientia
1004 2661 1036 2715 et
1058 2654 1216 2733 potestatis
1238 2653 1301 2732 ple·
1359 2651 1388 2712 in
1412 2667 1464 2713 sua
1496 2659 1652 2714 structura
1684 2652 1773 2714 valde
1803 2654 1996 2730 elegantem,
2020 2661 2049 2717 et
2071 2657 2110 2718 ob

552 2751 696 2813 uitudine
716 2747 882 2823 similibus,
906 2749 938 2810 in
961 2748 1038 2811 dicta
1067 2747 1192 2810 civitate
1214 2745 1302 2808 Gori-
1328 2725 1330 2807 l
1358 2743 1423 2806 eius
1445 2744 1725 2823 pulchritudinem,
1749 2762 1781 2808 ac
1801 2747 1962 2826 praecipue
1977 2755 2111 2825 septem-

553 2843 642 2905 tiensi
663 2841 752 2904 valde
773 2842 948 2919 conspicua,
972 2847 1002 2901 et
1024 2841 1056 2901 in
1078 2839 1126 2901 sui
1154 2838 1302 2916 amplitu-
1327 2818 1330 2884 Ῑ
1358 2837 1456 2900 decim
1488 2853 1737 2901 marmoreorum
1768 2839 1911 2900 altarium
1936 2841 1966 2901 in
1990 2855 2023 2901 ea
2046 2843 2110 2902 exi·

551 2939 623 2999 «line
644 2936 792 2997 circuitus
812 2936 947 2996 (luorum
969 2931 1138 2994 milliarum
1159 2940 1190 2993 et
1206 2931 1299 3007 ultra,
1328 2958 1330 3029 p
1360 2931 1507 2993 atentiam
1531 2932 1807 3008 rnagniucendam,
1829 2933 1955 3009 dignam
1971 2942 2109 3012 propter-

553 3033 583 3093 in
606 3047 665 3109 qua
686 3026 810 3090 civitate
831 3027 1010 3101 Goritiensi,
1040 3027 1169 3105 eiusque
1190 3025 1300 3088 subur·
1328 3062 1330 3121 ἱ
1358 3041 1392 3088 ea
1415 3033 1449 3086 ut
1471 3024 1563 3085 titulo
1584 3033 1615 3086 et
1637 3023 1756 3086 honore
1778 3026 2042 3105 archiepiscopalis
2062 3045 2110 3091 ec-

553 3125 619 3199 biis,
653 3123 768 3201 plures,
792 3127 827 3183 ut
856 3121 971 3199 pariter
1002 3120 1186 3198 accepimus,
1215 3113 1302 3197 repe-
1327 3124 1330 3203 l
1358 3120 1467 3181 clasiae
1497 3117 1673 3194 doceretur,
1704 3117 1739 3178 ad
1769 3119 1894 3182 laudern
1922 3129 1952 3181 et
1978 3120 2109 3198 gloriam

552 3219 678 3279 riantur
699 3214 857 3288 ecclesiae,
880 3211 1025 3274 videlicet
1045 3213 1300 3290 presbyterorum
1327 3240 1330 3297 p
1359 3211 1587 3290 omnipotentis
1610 3211 1674 3286 Dei,
1698 3230 1731 3274 ac
1753 3211 1861 3274 Beatus
1890 3211 2030 3290 Virginis
2051 3211 2112 3278 bla-

552 3308 742 3386 rognlariam
765 3307 876 3370 Societ.
901 3307 968 3368 lesa
986 3321 1057 3368 cum
1073 3304 1197 3382 publico
1213 3320 1302 3383 gyur·
1328 3304 1330 3369 l
1359 3307 1432 3381 riae,
1455 3313 1487 3366 et
1513 3302 1698 3367 Sanctorum
1728 3305 1946 3384 Apostolorum
1974 3307 2057 3369 Petri
2078 3314 2109 3369 et

552 3404 646 3477 nasio,
670 3419 703 3462 ac
725 3399 857 3461 iratrum
888 3399 1009 3462 Ordinis
1042 3397 1199 3460 hinorum
1229 3413 1301 3460 con·
1328 3420 1330 3482 p
1360 3399 1454 3473 Pauli,
1469 3415 1591 3461 necnon
1609 3399 1859 3462 iideicatholicae
1875 3401 2109 3482 exaltationem,

552 3494 745 3558 ventualium
766 3493 870 3556 Sancti
894 3491 1057 3568 Francisci,
1082 3499 1112 3552 et
1136 3491 1299 3570 Gappucci-
1328 3483 1330 3571 i
1358 3500 1388 3554 et
1412 3495 1504 3554 totius
1536 3491 1682 3554 ecclesiae
1715 3493 1878 3556 militantis
1910 3493 2052 3570 glorium,
2077 3495 2108 3556 in

551 3604 682 3663 urorum,
716 3593 746 3648 et
778 3584 1017 3649 Carmelitarum
1047 3583 1299 3646 discalceatoruna
1328 3600 1330 3685 p
1356 3586 1647 3665 archiepiscopalem
1669 3595 1700 3646 et
1720 3587 1991 3664 metropolitanam
2013 3588 2111 3650 eccle·
2186 3621 2270 3673 anue
2291 3617 2334 3662 „a

553 3687 950 3760 rruucapatorum,praeter
966 3679 1223 3742 daemonialium
1237 3693 1301 3738 mo·
1328 3688 1330 3760 t
1357 3679 1433 3740 siam
1456 3679 1662 3741 Goritiensem
1686 3681 1940 3758 nuncupandam,
1963 3689 1994 3742 et
2017 3681 2049 3742 iu
2071 3697 2105 3742 ea
2129 3671 2202 3725 gitur
2222 3671 2247 3715 *¹¹
2269 3671 2327 3716 ‘⁰⁰¹⁰

552 3776 694 3850 arostaria,
719 3789 818 3836 unum
838 3773 896 3834 sub
927 3773 1054 3836 Sanctae
1087 3773 1204 3847 Clarae,
1227 3774 1301 3835 alte·
1328 3800 1330 3857 l
1357 3772 1621 3851 archiepiscopalis
1647 3780 1677 3833 et
1699 3772 1930 3850 metropolitani
1961 3773 2109 3851 praesulis
2128 3725 2329 3840 ssssssffalssssfffl

550 3886 622 3950 ¹rum
644 3884 719 3930 vero
740 3869 798 3929 sub
819 3866 948 3929 Sanctae
969 3865 1101 3927 Ursulae
1130 3867 1302 3946 respective
1328 3868 1330 3945 ζ
1358 3865 1538 3927 Goritiensis
1559 3864 1663 3925 sedem
1686 3873 1716 3925 et
1736 3865 1917 3942 escuncias
1934 3873 2035 3942 caput,
2053 3881 2108 3945 pro
2128 3831 2335 3948 ξῗᾘωΐῗᾶἠῆῗηὲ
2403 3877 2404 3924 t

551 3961 678 4040 regulis,
695 3968 725 4023 et
748 3968 808 4022 tres
825 3959 990 4037 utriusque
1004 3975 1095 4021 sexus
1113 3959 1302 4023 Christihde·
1328 3974 1330 4039 1
1360 3975 1420 4020 uno
1443 3958 1587 4035 deinceps
1606 3957 1845 4036 archiepiscopo
1860 3957 2038 4034 Goritiensi,
2056 3959 2109 4038 qai
2130 3938 2240 3984 suranus.

552 4058 629 4117 lium
652 4053 951 4116 confraternitatum
983 4053 1148 4127 ecclesiae,
1185 4053 1301 4116 scilicet
1328 4076 1330 4120 t
1359 4050 1440 4128 pallii
1462 4059 1493 4111 et
1514 4050 1614 4112 erucis
1636 4067 1728 4112 usum
1750 4052 1883 4113 aliarum
1901 4051 2111 4129 archiepisco-

551 4147 744 4212 Sanctissimi
766 4145 967 4220 sacramenti,
985 4153 1016 4206 et
1038 4145 1225 4208 Sanctorum
1241 4145 1302 4208 hn·
1328 4162 1330 4212 t
1360 4159 1469 4222 porram
1491 4159 1578 4204 more
1598 4143 1719 4220 habeat,
1742 4160 1814 4206 cum
1830 4145 1894 4207 suis
1909 4145 2054 4223 capitulo,
2070 4147 2111 4207 si-

375 4258 532 4306 rarouuaus
552 4243 696 4320 galerum
719 4240 901 4314 Custodum,
925 4246 955 4302 et
977 4238 1081 4302 Sancti
1104 4239 1227 4300 loannis
1242 4238 1301 4301 Ne·
1329 4254 1331 4311 l
1358 4235 1443 4313 gillo,
1468 4251 1547 4310 arca,
1577 4252 1684 4298 mensa
1714 4235 1980 4315 archiepiscopali,
2010 4239 2111 4299 omni-

319 4312 533 4419 }ffiffiffissssfissssj
554 4334 716 4416 pomuceni
739 4333 921 4410 nuncupati,
946 4348 1003 4394 nec
1025 4347 1088 4392 non
1102 4332 1228 4394 ecclesia
1244 4331 1301 4394 ira-
1359 4330 1476 4406 busque
1506 4328 1572 4389 aliis
1605 4329 1748 4406 insigniis
1780 4329 2109 4410 archiepiscopalibuS,

319 4421 533 4530 gigahits'sffl'bff
554 4442 638 4492 trum
660 4425 884 4490 Misericordiae
900 4433 1165 4503 nuncupatorum,
1184 4432 1217 4487 ul
1235 4425 1303 4488 iure
1329 4476 1331 4529 l
1359 4437 1415 4484 nec
1438 4437 1500 4482 non
1529 4421 1712 4500 privilegiis,
1736 4421 1907 4484 honoribus
1936 4431 1966 4484 et
1989 4439 2112 4502 praero-

337 4527 533 4582 radicaretu-
554 4525 665 4585 merito
699 4517 965 4598 archiepiscopalis
1004 4518 1137 4580 civitatis
1173 4519 1301 4580 nomine
1329 4540 1331 4556 ·
1359 4515 1469 4591 gativis
1491 4514 1735 4594 archiepiscopis
1756 4515 1865 4576 debitis
1893 4524 1925 4578 et
1945 4517 2109 4592 concessis,

553 4613 726 4694 nuncupari
758 4612 871 4686 valeat,
904 4610 1111 4690 parochialem
1141 4611 1302 4674 ecclesiam
1329 4656 1331 4701 ,
1358 4627 1390 4672 ac
1423 4609 1553 4685 iuribus,
1587 4607 1868 4684 iurisdictionibus,
1900 4609 2109 4686 facultatibus,

553 4707 753 4771 Exaltationis
775 4703 903 4768 Sanctae
925 4705 1031 4767 Crucis
1053 4711 1084 4766 et
1106 4701 1209 4766 Sancti
1226 4703 1300 4780 Viti,
1329 4708 1331 4777 l
1358 4701 1623 4781 praeeminemus,
1640 4699 1759 4778 gratiis,
1781 4699 1939 4764 latoribus
1954 4711 1984 4764 et
2006 4703 2113 4766 indul-⁴

552 4818 623 4867 cum
644 4803 672 4862 ei
694 4800 824 4862 annexis
855 4798 950 4879 altera
980 4797 1149 4880 parochiali
1175 4797 1301 4859 ecclesia
1329 4814 1331 4869 l
1360 4797 1396 4856 tis
1412 4795 1556 4870 realibus,
1573 4801 1604 4857 et
1618 4794 1843 4873 personalibus,
1860 4803 1891 4857 et
1906 4797 2024 4873 mixtis,
2041 4799 2108 4877 qui-

551 4896 588 4958 de
610 4895 739 4959 Sulcano
760 4899 938 4970 nuncupata
960 4891 1124 4965 Goritieu,
1148 4907 1180 4953 ac
1196 4906 1302 4969 perpe·
1329 4876 1331 4971 l
1360 4891 1414 4952 bus
1436 4888 1511 4952 aliae
1533 4887 1792 4968 metropolitanae
1815 4877 1970 4965 ecclesiae,
1987 4907 2110 4954 earum·

554 4998 605 5049 tuo
626 4987 759 5066 simplici
782 4985 932 5048 beneficio
954 4983 1158 5045 ecclesiastico
1179 4984 1237 5045 sab
1256 4984 1303 5044 in·
1329 4988 1331 5043 l
1359 4999 1419 5061 que
1452 4983 1609 5062 praesules
1640 4981 1883 5061 quomodolibet,
1917 4999 1980 5046 non
2004 4993 2108 5048 tamen

555 5083 712 5144 vocatione
734 5081 863 5144 Sanctae
886 5066 1040 5141 annae'in
1057 5077 1302 5155 paroehiali‚seu
1329 5072 1331 5135 l
1361 5077 1451 5139 titulo
1473 5091 1615 5152 oneroso,
1639 5092 1694 5138 seu
1715 5092 1755 5138 ex
1777 5079 1901 5140 indulto
1918 5088 1970 5141 aut
1985 5079 2109 5158 privile

552 5173 609 5236 alia
641 5173 766 5237 ecclesia
798 5173 897 5234 dictae
930 5169 1079 5234 civitatis
1099 5169 1301 5245 basiliensis,
1329 5160 1331 5209 t
1360 5171 1410 5247 gio
1432 5170 1620 5250 particulari,
1645 5177 1791 5245 utuntur,
1809 5169 1970 5247 iruantur,
1987 5173 2109 5250 potiun-

552 5285 641 5348 uuae,
664 5273 744 5346 sicut
765 5265 856 5328 etiam
877 5263 1062 5343 accepimus,
1080 5263 1117 5325 de
1133 5265 1304 5342 inrepatro-
1330 5247 1332 5313 l
1362 5273 1410 5325 tur
1432 5271 1463 5324 et
1484 5262 1629 5339 gaudent,
1653 5279 1686 5324 ac
1709 5264 1767 5337 uti,
1791 5263 1864 5339 irui,
1882 5265 1973 5342 patiri
1989 5274 2021 5326 et
2036 5281 2109 5344 gau·

553 5371 642 5424 aratus
663 5361 812 5423 laicorum
835 5357 988 5420 nobilium
1010 5364 1041 5420 et
1057 5356 1241 5434 illustrium,
1258 5358 1302 5419 vi·
1330 5330 1332 5389 7
1360 5357 1433 5419 dere
1454 5363 1594 5434 possunt,
1617 5355 1762 5418 similiter
1790 5367 1940 5435 perpetuo
1962 5358 2110 5435 erigimus

552 5455 663 5519 delicet
681 5452 832 5533 praelatae
851 5451 962 5514 Mariae
977 5451 1142 5514 Theresiae
1163 5453 1300 5528 reginae,
1360 5459 1390 5514 et
1411 5449 1620 5523 instituimus,
1651 5465 1685 5512 ac
1717 5451 1856 5524 nomine,
1890 5450 1981 5512 titulo
2002 5462 2034 5514 et
2056 5456 2109 5514 ho-

552 5567 587 5609 ox
605 5549 785 5610 [undatione
801 5545 851 5607 rel
866 5545 1023 5608 dotatione
1038 5545 1154 5620 existit,
1167 5551 1303 5624 etquaua
1329 5584 1332 5645 1
1360 5558 1437 5605 nore
1458 5541 1707 5621 archiepiscopali
1736 5549 1767 5604 et
1797 5543 2036 5622 metropolitano
2058 5547 2108 5608 de-

552 5643 708 5719 duondam
740 5639 977 5716 cognominatus
1012 5653 1114 5700 comes
1152 5637 1300 5701 Gorouini
1330 5676 1332 5737 ι
1358 5651 1511 5710 curamus,
1535 5650 1658 5696 necnon
1681 5651 1736 5712 pro
1759 5641 1899 5714 tempore
1920 5638 2111 5702 existentem
2177 5632 2180 5636 ’

553 5733 754 5813 primodictae
788 5731 969 5812 parochialis
1003 5731 1147 5793 ecclesiae
1182 5737 1298 5806 rector,
1329 5742 1332 5806 t
1359 5729 1505 5792 ecclesiae
1522 5727 1675 5808 praelatae
1689 5728 1873 5790 Goritiensis
1888 5729 2062 5808 praesulem
2076 5733 2107 5792 in

320 4537 455 4636 hugoline.

594 5949 624 6006 (1)
640 5947 703 5993 vide
718 5959 799 6005 supra
813 5949 894 5993 coust.
912 5951 1056 5999 Postquam
1069 5959 1121 5999 per·
1135 5951 1203 5992 atim
1216 5969 1243 5978 -
1258 5949 1385 5990 iniuncta
1399 5948 1481 5990 nobas.
