4828 6990
372 579 426 636 an.
441 583 470 634 c.
492 577 561 634 1747
610 572 669 640 too
729 617 730 620 ,

363 3689 367 3700 Ι
377 3637 439 3682 cum
449 3637 563 3700 cumule-

350 3689 564 3792 ιιιιιιιι

350 3797 537 3844 ιιινιιιιιιιιιιιιι.

589 711 755 788 contentis,
765 709 946 774 auctoritate
956 709 1118 790 apostolica
1131 719 1239 772 tenore
1249 725 1332 789 prae

588 805 726 868 sentium
748 805 951 884 approbamus
972 810 1003 866 et
1024 805 1255 878 oonilrmamus,
1272 803 1330 866 illi-

588 883 650 976 que
678 897 864 960 inviolabilis
892 895 1072 977 apostolicae
1101 897 1255 960 firmitatis
1283 913 1333 959 ro-

587 989 646 1052 bur
675 989 846 1065 adiicimm,
879 1005 1049 1069 omnesque
1071 997 1101 1052 et
1126 988 1264 1068 singulos
1285 989 1332 1052 iu-

588 1081 629 1144 ris
651 1089 682 1144 et
703 1083 773 1146 tacti
799 1078 949 1160 delectus,
975 1083 1000 1145 si
1024 1085 1078 1163 qui
1101 1087 1233 1161 desuper
1257 1098 1330 1163 quo-

587 1174 755 1239 modolibet
782 1177 1010 1242 intervenerint
1034 1175 1214 1257 supplemus
1235 1185 1266 1241 et
1286 1195 1331 1240 sa-

588 1283 708 1331 namus.

275 1367 278 1376 '
371 1385 570 1439 acquirendae·
628 1363 795 1444 Ipsumque
824 1363 992 1443 collegium
1022 1362 1181 1428 Societatls
1209 1365 1330 1428 lesuin

357 1435 569 1553 saltatura

357 1541 486 1606 publicam
509 1554 567 1589 unr-

356 1598 501 1642 vorstlatom
517 1602 570 1644 stu·

356 1649 458 1696 urorum
473 1651 554 1710 erisil-
587 1651 704 1722 tutum,
720 1645 773 1708 ubi
786 1645 906 1710 scholae
921 1662 1005 1708 nunc
1020 1645 1184 1720 habentur,
1200 1661 1254 1708 seu
1269 1645 1329 1708 for-

588 1455 667 1520 dicta
687 1459 813 1522 civitate
833 1456 937 1522 Sancti
958 1459 1109 1522 Dominici
1132 1459 1251 1530 insulae
1266 1459 1332 1521 His·

587 1551 738 1630 paniolae,
761 1561 795 1616 ut
815 1553 1000 1632 praefertur,
1031 1559 1171 1615 erectum
1192 1559 1220 1614 et
1244 1551 1330 1615 insti·

586 1757 641 1804 san
662 1739 693 1804 in
720 1740 902 1820 ampliorem
929 1741 1060 1804 termam
1086 1741 1327 1815 constituentur,

586 1833 618 1897 in
648 1835 802 1914 publicam
832 1835 1006 1900 studiorum
1037 1834 1232 1912 generalium
1261 1835 1329 1897 uni-

586 1929 776 2003 versitatem,
798 1929 830 1991 in
852 1946 910 2008 qua
931 1929 1028 1994 dictae
1042 1930 1195 1992 societatis
1209 1927 1327 1992 alumni

585 2029 616 2084 et
638 2021 833 2100 professores,
863 2024 1105 2100 grammaticam,
1131 2021 1327 2097 rethoricam,

585 2115 728 2194 logicam,
751 2115 919 2196 physicam,
941 2123 972 2180 ιι
1000 2115 1187 2194 theologiam
1213 2115 1327 2178 schola-

584 2209 690 2271 sticam
712 2213 743 2271 et
764 2207 925 2284 moralem,
948 2225 981 2272 ιι
1007 2225 1108 2271 sacros
1130 2223 1272 2283 canones,
1295 2224 1328 2271 ιι

585 2302 633 2364 ius
655 2309 722 2366 tum
743 2302 938 2376 canonicum,
960 2317 1016 2368 uec
1037 2318 1102 2364 non
1122 2317 1178 2380 per
1200 2301 1328 2365 lectores

584 2395 753 2460 saeculares
783 2395 832 2459 ius
863 2395 953 2458 civile
984 2412 1017 2458 ιι
1039 2395 1235 2470 medicinam,
1257 2393 1328 2457 alia·

584 2504 718 2568 rumque
739 2489 900 2552 literarum
930 2487 1030 2554 studia
1058 2487 1274 2568 prossteantur,
1297 2495 1328 2551 et

584 2583 713 2666 iuvenes
734 2597 946 2660 quoscumque
969 2579 1110 2656 doceant,
1131 2579 1238 2643 eudem
1259 2598 1329 2644 aue·

1112 589 1177 636 lliu-
1202 589 1292 637 ΡΟΝΤ.
1317 589 1357 634 bt:
1378 589 1407 636 P.
1431 591 1458 636 F·
1484 591 1566 638 PARS
1587 591 1609 636 1.

1387 725 1470 786 rum,
1493 711 1604 791 quibus
1624 713 1656 775 in
1671 710 1774 791 aliquo
1788 711 1935 789 derogare
1950 726 2015 774 non
2030 707 2133 773 inten-

1387 804 1499 879 dimus,
1523 812 1553 868 et
1574 805 1645 868 alias
1666 805 1832 869 laudabiles
1853 805 1984 868 aliarum
1999 803 2134 884 publica-

1388 913 1460 960 rum
1482 897 1726 962 universitatum·
1744 899 1995 973 consuetudines,
2011 911 2133 977 promo·
2200 978 2203 986 Ι

1388 1005 1473 1065 vere,
1496 997 1526 1053 et
1547 991 1685 1070 ipsorum
1707 992 1860 1068 graduum
1874 991 2007 1068 insignia
2022 991 2066 1054 eis
2081 1008 2133 1053 ex-

1387 1083 1505 1160 hibere,
1528 1085 1682 1166 usquead
1705 1085 1800 1148 dictos
1822 1084 1948 1173 gradum
1965 1093 2063 1164 utque
2077 1099 2133 1164 per

1387 1185 1540 1240 rectorem
1561 1178 1739 1241 huiusmodi
1760 1177 1883 1255 collegii
1904 1177 2050 1258 promoti,
2065 1191 2133 1255 pos·

1387 1271 1450 1333 sint
1471 1270 1592 1349 publice
1614 1270 1823 1350 privatimque
1844 1269 1985 1335 omnium
2002 1271 2133 1334 aliarum

1387 1363 1581 1442 publicarum
1602 1364 1777 1429 studiorum
1799 1367 1992 1444 generalium
2007 1366 2134 1430 univer·

1386 1457 1513 1520 sitarum
1533 1457 1691 1521 lacultates
1706 1459 1873 1538 praedictas
1889 1460 2086 1539 interpretari
2102 1467 2133 1522 et

1386 1549 1459 1612 alios
1480 1553 1600 1628 docere,
1623 1553 1661 1616 de
1680 1554 1725 1614 eis
1746 1551 1914 1633 disputare,
1944 1555 2051 1632 gradui
2077 1569 2134 1616 seu

1387 1643 1726 1722 gradibustrutusmodi
1751 1648 1974 1711 convenientes
1995 1656 2080 1711 actus
2102 1663 2132 1711 e-

1387 1753 1522 1814 xercere,
1545 1755 1601 1802 nec
1623 1755 1686 1802 non
1705 1742 1850 1804 omuibus
1865 1741 1932 1826 aliis
1948 1741 2130 1820 privilegiis,

1385 1830 1552 1908 favoribus,
1575 1835 1691 1910 gratiis,
1708 1835 1928 1913 praerogativis
1942 1842 1973 1897 et
1989 1834 2129 1910 indultis,

1385 1925 1497 2002 quibus
1518 1926 1568 1987 alii
1591 1926 1623 1989 in
1645 1927 1711 1989 aliis
1733 1928 1894 2007 quibusvis
1921 1929 2133 1991 universitati-

1385 2018 1442 2080 bus
1463 2027 1494 2082 et
1515 2019 1599 2096 alibi,
1628 2021 1712 2084 iuxta
1740 2020 1866 2084 illarum
1893 2021 2130 2086 constitutiones

1385 2116 1415 2173 et
1437 2127 1549 2196 mores,
1565 2113 1600 2174 ad
1621 2114 1732 2191 gradus
1747 2115 1916 2193 praedictos
1930 2116 2076 2196 promoti,
2093 2115 2131 2178 de

1384 2203 1464 2280 iure,
1488 2221 1557 2282 usu,
1578 2207 1628 2269 vel
1649 2208 1884 2284 consuetudine,
1900 2217 1953 2272 aut
1968 2209 2039 2271 alias
2055 2227 2131 2288 quo-

1384 2299 1551 2362 modolibet
1573 2308 1717 2376 utuntur,
1741 2301 1900 2378 fruuntur,
1921 2303 2084 2382 potiuntur
2098 2311 2131 2367 et

1384 2393 1530 2469 gaudent,
1547 2411 1580 2457 ιι
1595 2395 1652 2470 uti,
1670 2394 1742 2470 irui,
1758 2395 1851 2473 potiri
1865 2403 1897 2458 ιι
1914 2395 2048 2474 gaudere
2061 2413 2129 2477 pos-

1383 2493 1468 2561 sunt,
1490 2494 1521 2550 et
1543 2494 1690 2566 poterunt
1711 2487 1743 2550 in
1764 2487 1919 2565 luturum,
1936 2491 2001 2569 pari
2022 2490 2128 2568 modo,

1384 2585 1414 2642 et
1435 2579 1549 2659 absque
1562 2579 1624 2643 ulla
1641 2597 1763 2660 prorsus
1778 2581 1962 2659 differentia,
1980 2582 2037 2660 uti,
2053 2583 2127 2662 lrui,

584 2675 718 2751 toritate,
741 2683 850 2738 tenore
879 2675 988 2740 itidem
1018 2675 1237 2754 praesentium,
1259 2675 1328 2738 sine
1370 2673 1475 2752 ,potiri
1497 2683 1529 2736 et
1550 2673 1682 2750 gaudere
1706 2675 1736 2737 in
1759 2675 1914 2752 omnibus,
1935 2685 1967 2739 et
1988 2691 2044 2756 per
2062 2693 2128 2741 om-

584 2777 690 2832 tamen
717 2783 987 2848 quorumcumque
1015 2767 1212 2848 praeiudicio,
1235 2768 1329 2845 erigi-

584 2879 653 2926 mus
675 2871 705 2926 et
732 2861 937 2938 instituimus,
966 2863 1130 2942 ipsumque
1161 2862 1327 2940 collegium

582 2957 626 3018 sic
645 2956 678 3018 in
701 2954 853 3035 publicam
875 2956 1109 3020 universitatem
1135 2963 1273 3018 erectum
1296 2964 1327 3019 et

582 3049 776 3125 institutum,
799 3064 891 3112 curae
918 3055 949 3110 et
973 3049 1119 3125 regimini
1147 3055 1177 3111 et
1197 3048 1327 3112 admini-

582 3141 724 3204 strationi
750 3142 848 3204 dictae
871 3141 1039 3217 societatis,
1069 3141 1213 3220 illiusque
1241 3157 1329 3222 prae-

582 3235 674 3316 positi
706 3233 858 3312 generalis
888 3249 943 3313 pro
974 3241 1115 3314 tempore
1145 3235 1326 3311 existentis,

581 3346 635 3393 seu
657 3328 694 3391 ab
715 3343 751 3391 eo
773 3327 950 3408 deputandi,
973 3327 1124 3407 praedicta
1145 3329 1327 3392 auctoritate

582 3421 677 3485 etiam
704 3428 853 3501 perpetuo
880 3421 1094 3501 supponimus,
1117 3439 1150 3485 ac
1170 3421 1325 3487 submitti-

581 3533 662 3582 mus.

621 3613 664 3677 Αι
685 3611 785 3674 eidem
807 3607 948 3686 collegio,
966 3601 1110 3688 illiusque
1124 3611 1247 3686 rectori,
1264 3627 1328 3674 ma-

582 3707 697 3785 gistris,
711 3703 887 3778 lectorlbus,
896 3701 1092 3778 scholasticis,
1102 3702 1232 3782 aliisque
1243 3721 1325 3784 prae-

581 3799 668 3864 dictis
690 3795 844 3862 universis
866 3801 896 3859 et
917 3795 1058 3873 siugulis,
1079 3804 1114 3858 ut
1136 3797 1280 3860 omnibus
1295 3805 1326 3860 et

580 3891 828 3972 quibuscumque
856 3887 1038 3969 privilegiis,
1066 3889 1207 3965 indultis,
1234 3889 1327 3953 liber-

580 3986 705 4060 tatibus,
727 3981 989 4058 immunitatibus,
1006 3981 1267 4060 exemptionibus,
1284 3982 1326 4044 la·

580 4078 718 4152 vorlbus,
741 4075 857 4154 gratiis,
891 4074 1122 4154 praerogativis,
1156 4075 1324 4138 bonoribus

580 4179 611 4235 et
632 4169 886 4252 praeeminentiis
906 4168 1083 4232 huiusmodi
1109 4167 1239 4248 publicis
1260 4179 1324 4233 stu-

579 4265 704 4329 diorum
735 4263 929 4343 generalium
962 4261 1228 4339 universitatibus,
1260 4262 1325 4325 illa-

580 4373 714 4437 rumque
736 4372 791 4438 pro
814 4363 954 4435 tempore
974 4353 1176 4418 existentibus
1199 4358 1324 4419 rectori·

579 4453 647 4529 bus,
664 4449 829 4530 magistris,
845 4448 1024 4524 lectoribus,
1037 4447 1224 4524 doctoribus,
1239 4461 1323 4528 prae·

579 4545 764 4626 ceptoribus,
796 4541 994 4618 scholasticls,
1023 4543 1271 4620 procuratoribus
1293 4551 1324 4607 et

578 4627 644 4701 aliis
665 4636 806 4716 personis
827 4635 859 4698 in
879 4649 994 4713 genere
1015 4633 1063 4696 vel
1086 4635 1118 4696 in
1133 4635 1234 4713 specie
1248 4651 1324 4714 quo-

578 4730 746 4794 modolibet
774 4729 923 4792 concessis
945 4741 1008 4790 nun
1033 4725 1134 4790 solum
1155 4727 1190 4788 ad
1213 4743 1320 4790 eorum

578 4827 685 4901 instar,
708 4825 760 4887 sed
782 4822 988 4902 parilormiler
1010 4827 1040 4883 et
1061 4834 1158 4900 aeque
1172 4821 1322 4901 principa·

577 4919 660 4995 liter,
684 4919 716 4981 in
737 4916 883 4980 omnibus
904 4923 934 4978 et
956 4931 1010 4994 per
1031 4915 1134 4978 omnia
1156 4915 1214 4990 uti,
1230 4917 1322 4994 potiri

346 5025 561 5138 corfiterfflfflf
578 5021 609 5077 et
631 5013 779 5091 gaudere:
797 5027 829 5073 ιι
845 5009 971 5088 insuper
985 5009 1096 5071 rectori
1112 5023 1167 5087 pro
1183 5017 1322 5088 tempore

346 5133 404 5243 332·
419 5142 559 5190 quoscum-

577 5106 724 5171 existeuti
745 5105 868 5183 collegii
891 5102 1080 5179 huiusmodi,
1103 5111 1138 5164 ut
1159 5117 1322 5182 quoscum-

578 5219 638 5283 que
660 5195 697 5266 ad
718 5200 795 5264 illud
826 5201 1013 5274 accedentes,
1035 5215 1069 5261 ac
1096 5213 1151 5275 per
1181 5197 1321 5264 debitum

578 5304 700 5374 tempus
728 5295 898 5370 studentes,
921 5294 945 5354 si
967 5293 1095 5355 scientia
1126 5302 1156 5356 et
1184 5294 1322 5358 moribus

577 5391 702 5453 idoneos
724 5405 788 5452 esse
810 5388 971 5466 repererit,
989 5387 1021 5450 in
1037 5388 1182 5451 omnibus
1198 5387 1322 5450 faculta-

577 5485 670 5560 tibus,
691 5483 817 5562 quaein
833 5484 912 5546 dicto
927 5482 1068 5559 collegio,
1086 5489 1121 5545 ut
1136 5483 1319 5562 praefertur,

576 5579 727 5641 docentur
754 5585 786 5641 et
813 5577 975 5656 leguntur,
1008 5578 1044 5639 ad
1075 5577 1321 5640 baccalaureatus

576 5673 669 5734 etiam
684 5669 819 5747 formati,
832 5670 1056 5744 licentiaturae,
1070 5668 1192 5734 laureae
1206 5688 1238 5733 ιι
1253 5672 1321 5734 doc-

576 5772 705 5840 toratus,
728 5781 785 5827 nec
800 5780 863 5826 non
878 5764 1047 5841 magisterii
1063 5767 1186 5841 gradus,
1203 5773 1321 5828 servata

576 5867 680 5920 tamen
703 5858 735 5920 in
758 5857 902 5920 omnibus
923 5865 954 5920 et
969 5872 1023 5937 per
1037 5855 1141 5920 omnia
1157 5857 1256 5921 lorma
1270 5859 1320 5922 de-

1384 2766 1451 2844 nia;
1474 2767 1603 2846 perinde
1625 2783 1658 2831 ac
1674 2767 1699 2830 si
1715 2769 1827 2846 gradus
1842 2769 2011 2848 praedictos
2027 2773 2058 2835 in
2073 2789 2129 2852 pu-

1382 2859 1469 2923 blicis
1491 2861 1749 2924 universitatibus
1770 2863 1942 2942 praedictis,
1962 2864 2046 2927 iuxta
2062 2867 2126 2928 illa·

1383 2968 1454 3015 rum
1483 2968 1584 3017 mores
1605 2963 1635 3017 et
1663 2955 1913 3031 consuetudines,
1941 2959 2001 3020 rite
2027 2976 2129 3025 susce·

1383 3045 1509 3125 pissent.

1423 3137 1568 3204 Necnon
1592 3143 1753 3220 moderno,
1776 3151 1807 3206 et
1827 3161 1882 3224 pro
1904 3154 2044 3226 tempore
2064 3149 2128 3211 exi·
2159 3167 2332 3230 praeposito
2363 3179 2375 3213 a

1383 3233 1476 3295 s'tenti
1498 3233 1596 3298 dictae
1616 3237 1770 3298 societatis
1791 3239 1961 3318 praeposito
1975 3242 2125 3319 generali,
2146 3221 2384 3322 {lssffflssusffiffig'

1383 3331 1418 3389 ut
1440 3341 1495 3406 per
1515 3341 1559 3403 se,
1582 3327 1631 3390 vel
1653 3329 1726 3391 dicti
1746 3327 1879 3409 collegii,
1898 3339 1929 3395 et
1950 3333 1993 3397 sic
2008 3339 2127 3398 erectae
2144 3328 2381 3429 {fflitsss‘ffflr

1383 3420 1594 3483 universitatis
1616 3431 1780 3500 rectorem,
1796 3426 1971 3502 aulalium,
1987 3423 2038 3489 vel
2052 3427 2127 3490 alios

1383 3509 1583 3592 deputandos,
1606 3531 1661 3594 pro
1682 3515 1762 3580 lelici
1783 3516 1960 3598 salubrique
1979 3520 2023 3583 sic
2044 3537 2128 3584 erec·
2228 3579 2236 3596 ,

1383 3614 1431 3670 ιιι
1445 3607 1656 3672 universitatis
1670 3609 1852 3688 directione,
1865 3627 1898 3674 ac
1912 3614 2050 3690 rectoris,
2064 3630 2127 3677 ma·

1383 3699 1561 3778 gistrorum,
1589 3701 1740 3766 lectorum
1762 3711 1793 3766 et
1814 3705 1945 3768 aliorum
1970 3708 2128 3771 ministro-

1382 3807 1466 3869 rum,
1488 3803 1520 3856 et
1540 3793 1717 3858 officialium
1739 3798 1922 3862 muneribus
1942 3804 1973 3863 et
1993 3800 2127 3864 lunatio-

1382 3887 1485 3962 nibus,
1509 3889 1672 3968 modoque,
1688 3898 1719 3952 et
1741 3890 1838 3954 torma
1854 3893 1994 3970 docendi,
2011 3903 2042 3957 et
2056 3895 2126 3958 alias

1380 3995 1434 4042 sua
1456 3980 1626 4060 respective
1648 3983 1743 4045 officia
1764 3987 1942 4062 exercendi,
1959 3997 1991 4050 et
2011 3989 2128 4052 schola-

1380 4075 1530 4136 sticorum
1558 4078 1805 4154 manutentione,
1835 4095 2048 4161 quaecumque
2068 4091 2128 4145 sta-

1381 4175 1445 4230 tuta
1468 4173 1498 4229 et
1519 4167 1739 4246 ordinationes,
1763 4173 1842 4235 licita
1866 4181 1969 4239 tamen
1984 4185 2016 4241 ιι
2032 4176 2126 4241 laone-

1380 4268 1436 4335 sta,
1459 4277 1492 4323 ιι
1505 4263 1598 4324 sacris
1612 4265 1790 4342 canonibus,
1806 4274 1837 4329 et
1854 4267 1984 4332 concilii
1999 4270 2126 4336 Triden-

1381 4353 1438 4416 tini
1459 4355 1604 4434 praedicti
1636 4359 1778 4435 decretis,
1800 4376 1834 4422 ιι
1855 4364 2125 4429 constitutionibus

1380 4447 1551 4525 apostolicis
1573 4451 1703 4512 minime
1724 4453 1886 4530 contraria,
1904 4453 1994 4520 edere
2010 4465 2040 4520 et
2055 4475 2123 4538 pro·

1379 4539 1532 4617 mulgere,
1555 4557 1588 4603 ac
1608 4543 1688 4626 edita
1710 4552 1740 4607 ιι
1754 4548 1959 4626 promulgata,
1976 4565 2032 4631 pro
2047 4562 2123 4616 tem-

1379 4648 1503 4712 porum,
1535 4650 1642 4698 rerum
1672 4645 1703 4731 ιι
1732 4653 1935 4718 personarum
1966 4645 2122 4725 qualitate,

1379 4733 1511 4804 mutare,
1542 4731 1697 4807 corrigere
1725 4740 1755 4794 et
1777 4732 1957 4815 reformare,
1986 4755 2040 4804 seu
2062 4743 2124 4810 ulla

1378 4843 1495 4890 cassare
1515 4828 1565 4890 vel
1587 4827 1743 4905 abrogare,
1766 4845 1799 4892 ιι
1820 4831 1877 4895 alia
1898 4833 1934 4896 de
1957 4848 2037 4898 novo
2051 4855 2123 4901 con-

1378 4923 1462 5000 dere,
1486 4927 1577 4988 edere
1599 4934 1630 4989 et
1651 4926 1819 5006 publicare,
1842 4939 1872 4996 ιι
1888 4949 1981 5013 super
1995 4937 2123 5004 illorum

1378 5019 1593 5082 observatione
1605 5037 1716 5099 poenas
1731 5023 1797 5086 eius
1812 5025 1938 5090 arbitrio
1949 5030 2121 5111 imponere,

1377 5129 1410 5174 ιι
1431 5112 1586 5191 impositas
1615 5131 1726 5193 poenas
1753 5121 1931 5184 executioni
1959 5122 2124 5190 demanda-

1378 5221 1421 5281 re,
1445 5205 1579 5284 dictique
1600 5208 1732 5286 collegii,
1748 5228 1782 5274 ιι
1795 5211 1837 5276 sic
1852 5224 1971 5278 erectae
1985 5219 2123 5297 publicae

1377 5299 1589 5362 universitatis
1600 5301 1777 5366 huiusmodi
1788 5306 1939 5383 doctores,
1949 5311 2121 5390 magistros,

1377 5391 1517 5468 lectoreS,
1543 5394 1748 5474 scholasticos,
1776 5411 1999 5480 procuratores,
2028 5405 2122 5470 bidel-

1378 5484 1433 5559 los,
1455 5485 1591 5566 aliosque
1613 5488 1771 5552 ministros
1793 5500 1823 5555 ιι
1838 5495 1978 5559 oillciales
1993 5497 2120 5577 eligere,

1378 5579 1551 5654 nominare,
1574 5597 1607 5642 ιι
1628 5581 1740 5646 electos
1760 5593 1791 5646 et
1812 5588 1985 5652 nominatos
2000 5605 2124 5660 amove-

1377 5687 1421 5746 re,
1445 5671 1671 5752 electionesque
1699 5674 1789 5740 lactas
1815 5681 2000 5745 confirmare
2025 5684 2122 5749 libere

1377 5773 1407 5827 et
1430 5765 1510 5828 licite
1542 5784 1575 5829 ac
1606 5767 1706 5832 valide
1732 5773 1850 5850 possint
1879 5783 1909 5837 ιι
1930 5777 2052 5841 valeant
2073 5797 2121 5842 re-

1376 5860 1523 5938 spective,
1553 5863 1736 5926 auctoritate
1764 5872 1795 5926 et
1822 5875 1931 5931 tenore
1959 5873 2120 5950 praedictis

576 5957 733 6014 cretarum
755 5950 911 6014 viennen.
931 5950 1151 6016 etTridentini
1169 5953 1322 6016 Concilio·
1347 5948 1350 6019 l
1375 5951 1574 6016 concedimus
1595 5963 1626 6018 et
1648 5957 1858 6036 indulgemus.

2166 566 2229 623 An.
2249 569 2289 622 C.
2316 567 2393 618 1747
