4764 6972
107 3411 184 3457 talliam
197 3409 238 3467 ipsi

84 3467 222 3514 transmittitur.

86 4903 242 4964 suammet>
259 4891 316 4955 iel.
340 4909 404 4956 rec.
428 4893 552 4956 Urbano
574 4893 650 4957 lllll.
675 4897 834 4959 decessore
855 4904 962 4959 nostro
978 4915 1010 4960 ac
1066 4902 1153 4965 stolis
1173 4920 1189 4963 a
1210 4921 1244 4966 se
1266 4905 1330 4984 ipso
1358 4906 1483 4969 delectis
1511 4909 1709 4970 consecrandi
1738 4910 1812 4974 Gor·
1830 4905 1878 4962 ⁸1⁸·

86 4964 208 5020 trumentum
220 4961 243 5004 A·

85 5013 191 5060 erutuet
213 5013 244 5062 do

86 5063 197 5112 denmdts
210 5079 243 5113 re

86 5119 161 5178 crabbus
178 5131 244 5166 man·

86 5169 127 5234 laus
140 5174 244 5228 apostoli·

87 5227 173 5284 raudenn
182 5239 244 5284 prae·

87 5277 168 5325 subitur.

887 555 1085 604 meduntensis
1106 556 1171 602 xtv.

1729 538 1785 602 tae

1835 532 1888 586 Aa.
1902 533 1933 586 (i.
1955 533 2025 586 1744

258 684 402 748 graecum
423 671 666 749 patriarchatum
690 671 788 735 veluti
810 672 1003 751 postliminio
1060 689 1168 736 omnes
1183 673 1275 736 huius
1290 673 1369 736 ritus
1380 674 1542 738 catholicos
1554 674 1721 754 Episcopos
1731 675 1805 737 huic
1824 731 1826 736 ,

256 763 382 826 rediisse
410 764 552 828 catholici
580 765 736 828 Antistitis
764 766 866 829 decus.
901 767 945 829 Ex
969 783 1004 828 eo

257 867 359 922 autem
380 875 477 938 aeque
492 860 666 938 plurimum
677 861 756 939 apud
778 877 1006 926 noscommen-

256 953 347 1029 daris,
370 955 452 1031 quod
466 953 501 1014 ad
517 970 586 1016 rem
603 955 680 1016 tanti
696 955 848 1017 momenti
863 955 1005 1017 obtinen-

257 1047 325 1110 dam
347 1047 404 1108 tibi
426 1047 544 1110 aditum
571 1048 729 1126 aperueris
756 1048 835 1109 bene
855 1054 919 1110 acta
941 1047 1004 1108 vita

256 1141 340 1218 prius
362 1140 477 1201 Romae
499 1141 531 1202 in
554 1140 692 1217 Collegio
713 1141 748 1202 ad
774 1141 1004 1220 Propagandam

257 1234 361 1296 Fidem
384 1234 539 1308 instituto,
551 1234 661 1298 deinde
677 1250 732 1314 per
747 1243 832 1296 tuam
845 1234 1004 1295 nationem

255 1328 430 1390 christianis
459 1329 629 1392 virtutibus
658 1329 755 1407 palam
788 1337 899 1390 asserta
932 1344 1003 1388 vera

256 1422 309 1483 Dei
331 1421 505 1498 Religione.
529 1421 738 1497 Quamobrem
759 1439 774 1482 a
797 1420 953 1484 catholicis
968 1419 1005 1483 O-

255 1515 396 1578 rientalis
418 1516 563 1578 dioecesis
586 1515 742 1596 Episcopis
765 1516 796 1578 in
812 1513 1004 1578 Antiocheno

255 1609 327 1670 sede
349 1609 468 1672 locatus
490 1608 587 1682 luisti,
608 1610 641 1671 in
662 1627 722 1690 qua
750 1625 806 1690 per
828 1616 872 1672 tot
893 1624 1003 1679 annos,

255 1701 354 1766 veluti
377 1704 477 1767 bonus
489 1705 605 1767 Christi
622 1704 722 1780 miles,
740 1703 882 1783 pugnasti
897 1704 1004 1766 adver-

255 1813 308 1857 sus
330 1796 498 1860 catholicae
519 1797 659 1860 veritatis
681 1798 796 1871 hostes,
812 1795 909 1860 nullis
930 1795 1006 1859 irac-

257 1897 307 1952 tus
328 1894 506 1967 aerumnis,
539 1893 653 1971 quihus
679 1892 778 1956 adhuc
804 1892 1001 1972 oppugnaris.

254 1984 355 2046 Fideli
377 1993 483 2048 autem
505 1986 619 2065 populo
640 1986 789 2062 multum,
813 2003 854 2048 ne
874 1993 1003 2061 erraret,

253 2078 438 2156 providisti,
464 2079 604 2142 consulta
633 2079 802 2142 identidem
833 2079 1005 2158 Apostolica

255 2172 347 2248 Sede,
370 2173 498 2253 eiusque
520 2173 651 2236 decretis
665 2191 698 2236 ac
714 2173 863 2235 mandatis
884 2188 1005 2235 morem

255 2269 364 2331 sedulo
386 2266 524 2346 gessisti,
554 2284 618 2330 non
640 2268 708 2330 sine
729 2269 850 2345 ingenti
880 2273 1005 2328 tuarum

255 2363 366 2425 ovium
387 2361 491 2426 lvuctu
506 2369 538 2423 et
555 2361 668 2424 eximia
690 2362 882 2424 obedientiae
903 2360 1003 2422 laude.

254 2456 474 2532 Quinetiam,
497 2464 533 2520 ut
559 2459 674 2520 arctius
701 2457 813 2519 visibili
843 2458 1004 2520 Pastorum

1061 767 1253 829 Patriarchae
1273 767 1438 844 subiectos,
1461 769 1528 832 data
1553 784 1641 830 xxiv.
1664 767 1803 832 decemb.

1061 859 1135 922 anni
1156 861 1299 938 proxime
1320 861 1414 940 elapsi
1436 878 1635 938 nocerent,
1658 880 1735 943 quae
1757 864 1805 926 in-

1060 954 1148 1034 cipit:
1174 953 1410 1018 Demoadotorrt
1433 955 1580 1028 coelitus,
1596 957 1685 1020 cuius
1700 972 1805 1018 exem·

1061 1047 1127 1126 plar
1147 1064 1218 1111 oum
1244 1049 1358 1110 nostris
1384 1048 1468 1112 hisce
1489 1049 1602 1112 litteris
1623 1052 1658 1113 ad
1683 1056 1715 1112 te
1735 1066 1804 1129 per-

1060 1141 1177 1204 veniet.

1100 1235 1119 1310 ἕ
1140 1235 1167 1296 2.
1193 1237 1287 1299 litere
1308 1236 1422 1300 deinde
1443 1238 1501 1300 hoc
1518 1238 1689 1300 venerabili
1711 1239 1803 1312 dono,

1061 1346 1160 1409 eoque
1183 1332 1213 1392 in
1239 1341 1308 1393 tuae
1330 1331 1431 1409 gentis
1453 1332 1549 1394 oculis
1571 1332 1681 1409 posito,
1708 1334 1804 1394 excita

1846 1261 1918 1308 Pallii
1932 1273 1994 1308 ntus
2004 1259 2037 1308 ad

1824 1315 1957 1374 dignitatis
1989 1316 2038 1361 ds-

1824 1380 1878 1427 cns,
1900 1373 1926 1416 et
1939 1368 2040 1426 religio·

1062 1425 1145 1486 illius
1168 1427 1350 1486 memoriam
1372 1428 1407 1488 ad
1436 1427 1644 1501 retinendam,
1668 1434 1721 1488 aut
1742 1444 1804 1488 am·
1824 1425 1866 1522 {³⁵⁸
1884 1423 2038 1470 excitamen-

1061 1519 1254 1600 plectendam
1276 1519 1385 1593 fidem,
1408 1519 1445 1581 ab
1470 1520 1691 1598 Apostolorum
1719 1521 1807 1583 Prin-

1028 1673 1029 1678 ,
1061 1613 1128 1690 cipe
1159 1629 1255 1691 aeque
1277 1613 1365 1676 nobis
1394 1630 1427 1676 ac
1448 1612 1505 1675 sibi
1535 1615 1692 1676 traditam:
1723 1615 1806 1678 unde

1061 1706 1160 1768 ueluti
1175 1706 1305 1784 quadam
1320 1707 1505 1784 cognatione
1520 1707 1626 1782 illecti,
1648 1715 1740 1786 atque
1755 1725 1807 1770 ex·

1061 1800 1158 1874 titali,
1181 1801 1217 1862 ad
1239 1816 1296 1862 uos
1317 1807 1533 1875 revertantur,
1563 1807 1616 1864 aut
1644 1802 1807 1863 nobiscum

1062 1899 1275 1972 perseverent,
1298 1899 1451 1972 quotquot
1472 1893 1504 1955 in
1528 1902 1581 1959 tuo
1599 1894 1807 1974 patriarchatu

1061 2006 1147 2052 sacro
1158 1988 1340 2066 baptismate
1351 1988 1464 2050 initiati
1480 1997 1565 2052 sunt.
1582 1991 1616 2051 lu
1633 1987 1807 2052 istiusmodi

1062 2098 1188 2160 operam
1210 2088 1245 2143 ut
1273 2095 1383 2143 omnes
1411 2081 1554 2144 intendas
1583 2081 1741 2160 pastoralis
1764 2080 1809 2142 vi·

1062 2175 1207 2252 gilantiae
1227 2191 1327 2248 curas,
1350 2174 1430 2254 quod
1453 2175 1604 2237 hactenus
1625 2176 1735 2250 iecisti,
1753 2193 1808 2255 pro

1061 2278 1189 2348 paterna
1209 2268 1407 2331 solicitudine
1427 2274 1459 2329 te
1474 2269 1690 2350 adhortamur3
1713 2269 1810 2348 pluri·

1062 2377 1146 2424 mam
1167 2377 1183 2422 a
1205 2361 1293 2424 nobis
1315 2362 1444 2439 gratiana
1470 2361 1608 2441 quotidie
1629 2362 1728 2438 magis
1750 2361 1809 2424 ini-

1063 2464 1163 2530 turus,
1186 2455 1274 2517 cuius
1296 2471 1351 2534 pro
1373 2455 1502 2534 pignore
1526 2455 1751 2518 munusculum
1773 2456 1809 2519 ad

255 2550 394 2630 Principi
422 2559 452 2612 te
484 2552 701 2614 adhaerescere
734 2551 858 2629 gloriari
890 2569 1004 2632 posses,
1062 2565 1170 2612 rerum
1191 2565 1348 2612 sacrarum
1377 2565 1469 2612 usum
1498 2549 1642 2630 accipies,
1670 2549 1809 2626 ablegato

253 2661 343 2708 mero
364 2645 469 2708 ornari
490 2645 585 2707 Pallio
605 2645 786 2708 aPontilrce
807 2647 939 2708 Maximo
954 2662 1006 2725 po·
1062 2650 1117 2705 tuo
1137 2643 1369 2718 consignatum,
1382 2651 1474 2721 atque
1495 2641 1693 2721 apostolicam
1715 2641 1810 2704 hene-

253 2739 395 2814 stulasti,
419 2739 559 2816 ablegato
586 2740 701 2802 idcirco
729 2740 859 2802 Romam
887 2740 1006 2803 Dilecto
1063 2737 1243 2812 dictionem,
1256 2751 1349 2814 quant
1364 2735 1551 2799 fraternitati
1564 2743 1634 2798 tuae
1650 2752 1810 2815 peraman-

254 2832 322 2894 srlio
344 2831 458 2895 Ioanne
480 2833 647 2896 Aminione
669 2835 837 2909 sacerdote,
858 2834 912 2911 qui
934 2849 1008 2912 pru·
1063 2835 1111 2891 ter
1132 2831 1344 2908 impertimur.

254 2924 344 2988 denti
361 2932 392 2988 et
413 2934 497 3002 grata
513 2926 625 3004 agendi
639 2925 803 2990 sedulitate
822 2926 935 2988 utilem
951 2926 1006 2988 tibi
1102 2923 1215 2985 batum
1231 2923 1356 3000 Romae,
1372 2922 1451 3001 apud
1465 2923 1494 2986 S.
1509 2922 1634 2985 llariam
1650 2923 1809 3000 Maiorem,

255 3019 386 3081 navavit
406 3035 641 3098 operamsuam.
665 3020 751 3082 Nihil
773 3021 906 3099 denique
921 3035 1007 3099 prae·
1062 3017 1120 3080 sub
1141 3017 1258 3080 annulo
1280 3017 1452 3091 Piscatoris,
1469 3018 1519 3080 die
1542 3033 1633 3078 xxix.
1663 3017 1810 3081 februarii

256 3113 432 3188 termisisti,
455 3114 487 3174 in
510 3130 572 3192 quo
587 3121 638 3175 tua
660 3113 767 3193 pietas,
784 3114 903 3177 sincera
919 3113 1005 3188 Ades,
1063 3127 1250 3186 unccnnrv,
1273 3111 1470 3192 pontillcatus
1491 3112 1590 3174 nostri
1605 3127 1686 3174 anno
1708 3129 1751 3173 nv.

256 3207 392 3283 insignis
414 3223 487 3285 erga
508 3208 677 3272 Romanam
704 3210 815 3274 sedem
841 3211 1008 3274 observan-

256 3301 297 3362 tia
320 3318 386 3364 non
408 3302 606 3366 elucesceret.

297 3397 317 3471 ἓ
342 3396 369 3457 l.
392 3395 445 3458 His
466 3405 573 3460 auctus
589 3399 721 3475 meritis,
738 3400 840 3465 omnia
855 3400 1007 3479 spondere

256 3490 315 3552 tibi
338 3491 453 3570 poteris
475 3495 512 3556 de
534 3501 638 3556 nostra
653 3494 903 3572 benignitat03et
917 3495 942 3556 si
958 3495 1008 3557 ad-

256 3582 320 3646 huc
343 3583 430 3645 Pallii
457 3585 576 3648 donum
603 3586 733 3650 dilatum
763 3587 839 3664 luit,
866 3587 954 3662 scito,
978 3588 1006 3650 id

256 3677 402 3739 consulto
425 3679 585 3756 evenisse,
607 3688 642 3744 ut
664 3671 726 3760 quo
754 3681 935 3745 diuturnius
956 3697 1008 3760 op·

256 3777 371 3845 tatum,
388 3787 424 3834 eo
439 3772 605 3836 iucundius
619 3775 780 3854 acciperes.
799 3775 889 3838 Nunc
902 3783 1007 3839 autem

256 3877 322 3923 non
345 3861 478 3940 amplius
505 3866 715 3929 cunctandum
742 3868 813 3942 rati,
836 3868 913 3946 quin
935 3867 1007 3928 assi-

256 3953 327 4017 duis
351 3956 411 4019 tuis
433 3958 593 4036 precibus,
615 3976 716 4040 nuper
736 3961 830 4024 etiam
851 3962 884 4023 in
910 3961 1008 4024 consi·

255 4049 355 4110 storio
376 4050 414 4112 ab
430 4053 539 4113 eodem
554 4053 694 4130 ablegato
708 4063 762 4118 tuo
774 4057 942 4131 renovatis,
955 4071 1008 4116 an-

257 4158 444 4220 nueremus,
460 4144 666 4209 libentissime
688 4148 744 4210 tibi
767 4149 1008 4211 transmittimus

257 4235 393 4299 Pallium
414 4239 531 4318 ipsum,
554 4241 754 4320 desumptum
770 4228 925 4322 ecorpore
939 4241 1008 4303 Divi

258 4329 358 4405 Petri,
381 4330 415 4392 in
437 4347 498 4408 quo
520 4332 682 4411 plenitudo
703 4334 889 4413 pontificalis
916 4334 1008 4398 olheii

258 4423 454 4499 continetur,
467 4427 549 4502 quod
566 4426 622 4489 tibi
644 4430 744 4492 tradet
758 4437 864 4492 nostro
880 4430 1009 4491 nomine

259 4534 334 4578 ven.
358 4516 454 4579 irater
476 4517 644 4599 Episcop'us
665 4520 841 4600 Rabylonis,
864 4522 1009 4588 actalius

258 4610 296 4672 ab
313 4611 379 4689 ipso
394 4611 598 4691 substitutus;
621 4614 791 4678 dummodo
806 4618 890 4704 prius
905 4632 1009 4679 coram
1801 4665 1802 4670 η

259 4719 375 4768 eorum
395 4706 492 4768 altero
514 4707 653 4769 emiseris
673 4709 839 4772 catholicae
855 4709 926 4772 fidei
939 4726 1011 4789 pro·
1106 4713 1251 4778 Sacerdos
1267 4717 1297 4778 in
1314 4725 1477 4782 aeternum
1493 4721 1634 4785 Christus
1649 4721 1810 4798 Dominus,

259 4797 443 4875 sessionem,
467 4801 551 4864 turta
572 4800 740 4864 formulam
761 4805 1010 4882 praescriptanna
1066 4807 1142 4870 dum
1162 4809 1226 4889 ipsa
1248 4819 1357 4886 nocte,
1381 4813 1413 4875 in
1435 4831 1496 4893 qua
1518 4815 1710 4890 tradebatur,
1733 4815 1812 4895 Apo·

1318 3315 1558 3325 *—

1375 3495 1495 3561 XLVll.

1067 3676 1243 3757 Confirmat
1265 3682 1444 3760 etampliot
1465 3700 1580 3761 poenas
1598 3684 1812 3752 Constitutio-

1105 3787 1183 3833 cum
1205 3773 1462 3852 Apostolicorum
1484 3786 1599 3844 coatra
1622 3799 1683 3855 eos,
1700 3783 1812 3861 palad

1103 3863 1345 3943 presbyteratus
1378 3871 1522 3933 ordinem
1554 3889 1619 3936 aon
1651 3875 1809 3952 promoti,

1104 3957 1812 4047 Missomcelehrcreetsacromeatompoeni-

1106 4054 1229 4116 terrilae
1248 4054 1440 4120 ministrare
1458 4063 1736 4140 praesumpserint
1753 4063 1809 4144 (l).

1158 4225 1161 4232 '
1198 4223 1442 4297 Benedictus
1464 4228 1681 4301 eetscoetts

1251 4418 1359 4471 servus
1381 4419 1538 4474 servorum
1560 4405 1625 4488 nei,

1185 4525 1222 4593 ad
1245 4533 1419 4612 perpetuam
1443 4531 1487 4598 rei
1509 4531 1690 4599 memoriam.

259 4987 396 5051 solemni
418 4987 618 5051 iureiurando
633 4988 786 5070 pollicitus
804 4990 899 5052 lueris
915 4990 1011 5054 indeli-
1067 4996 1149 5073 poris
1177 4997 1225 5058 sui
1253 4998 1455 5078 eiusdemque
1482 5001 1634 5066 offerendi
1662 5011 1693 5064 et
1719 5004 1814 5066 minis

261 5091 360 5145 tatem
388 5082 477 5145 nobis
498 5090 529 5143 et
550 5081 741 5161 Apostolicae
766 5085 855 5160 Sedi,
878 5085 1011 5148 adhibila
1067 5091 1185 5154 strandi
1205 5098 1389 5171 potestatem
1410 5096 1581 5171 concessit,
1604 5111 1677 5157 mon
1696 5095 1813 5160 eisdem

260 5175 436 5238 verborum
450 5176 585 5238 formula
599 5176 737 5254 ablegato
753 5186 806 5240 tuo
821 5180 1010 5257 consignata,
1068 5192 1135 5260 post
1156 5185 1419 5248 resurrectionem
1440 5203 1545 5262 suam,
1569 5189 1724 5252 insufflato
1746 5191 1812 5268 Spi-

261 5285 344 5348 quae
364 5285 436 5331 cum
456 5270 505 5331 his
527 5269 626 5334 literis
654 5273 773 5335 reddita
796 5273 850 5336 tibi
872 5275 949 5351 erit;
972 5274 1011 5336 si·
1068 5277 1131 5340 ritu
1153 5276 1283 5356 Sancto,
1311 5278 1533 5358 amplissimam
1560 5289 1679 5361 peccata
1704 5283 1814 5346 remit-

261 5363 396 5442 mulque
417 5363 535 5427 iuratus
558 5365 749 5444 promiseris,
772 5373 804 5428 te
824 5369 1013 5430 accuratissi·
1068 5372 1155 5434 tendi
1169 5387 1204 5432 ac
1217 5371 1375 5434 retinendi
1396 5374 1529 5436 contulit
1550 5363 1739 5454 laenitatem,
1754 5377 1813 5441 hoc

262 5473 315 5520 me
331 5467 437 5537 etqua
459 5474 513 5538 par
526 5466 573 5522 est
587 5459 759 5522 obedientia
775 5461 1011 5525 observaturum
1067 5463 1161 5527 simul
1182 5465 1325 5544 exemplo
1339 5474 1565 5546 praeceptoque
1578 5486 1634 5531 suo
1651 5471 1815 5534 constituit

262 5551 411 5632 quicquid
426 5569 442 5612 a
457 5552 547 5615 nobis
567 5555 720 5616 sancitum
736 5553 796 5617 luit
810 5556 844 5617 in
859 5555 1012 5635 encyclica
1068 5568 1099 5624 et
1120 5560 1232 5638 sanxit,
1246 5569 1281 5623 ut
1302 5579 1336 5624 ea
1358 5562 1502 5642 deinceps
1516 5565 1549 5625 in
1564 5566 1742 5628 nniversam
1758 5565 1815 5629 Ec-

263 5642 401 5723 Epistola
422 5645 458 5705 ad
481 5661 552 5707 ven.
583 5645 694 5710 fratres
722 5648 1012 5712 Patriarcham-An-
1068 5654 1194 5716 clesiam
1215 5661 1348 5735 potestas
1374 5663 1467 5735 atque
1488 5656 1615 5720 facultas
1637 5675 1692 5738 per
1713 5659 1814 5736 legiti-

263 5735 447 5803 tiochenum
469 5741 656 5806 Graecorum
686 5743 905 5807 Melchitarum.
923 5754 955 5808 et
975 5748 1012 5810 ad
1069 5763 1152 5809 mam
1174 5748 1391 5812 tantummodo
1422 5753 1616 5814 sacerdotum
1647 5752 1814 5816 ordinatio·

305 5957 336 6014 (t)
350 5959 389 6003 Ex
403 5958 469 6004 Bull.
484 5960 558 6006 Rom.
574 5959 655 6006 huius
669 5961 741 6008 Ponat

1850 4744 2009 4808 ,Enordlum
2030 4756 2047 4792 e

1831 4799 1959 4862 dignitate
1968 4809 2046 4845 sacer·

1830 4850 1894 4898 doth
1914 4863 1996 4902 hovae
2010 4855 2044 4903 le·
