4828 6990
117 5117 197 5162 cessio
212 5116 315 5173 presby·

104 5174 212 5216 terorum
227 5181 315 5217 saecu·

104 5223 193 5269 larium
229 5223 314 5270 lavore

103 5279 144 5321 Pl’.
156 5277 315 5324 Praedicato-

104 5341 157 5392 [ηηη
178 5341 315 5387 congrega·

103 5385 178 5432 tronis
193 5385 216 5431 S·
228 5385 312 5432 lieret.

970 575 1167 622 causatores
1188 574 1252 620 xxv.
1275 557 1280 562 '

338 703 590 778 nuncupatorum
611 695 744 759 civitatis
766 693 994 773 Neapolitanae,
1018 693 1083 772 qui,

337 807 407 854 cum
429 790 582 870 usquead
604 805 725 852 annum
746 804 906 852 uncxcrrt.
924 785 1084 850 ecelesiam

336 884 622 964 haereditatemque
646 883 861 963 possedissent,
884 887 1084 958 agnoscentes

336 978 447 1041 deinde
467 995 500 1041 se
521 995 570 1041 eas
592 979 723 1041 minime
751 977 889 1054 legitime
916 973 1082 1055 possidere,

336 1079 404 1150 post
424 1073 606 1136 diuturnam
626 1073 715 1134 litem
738 1087 810 1134 cum
832 1079 908 1133 ωηο
924 1067 1085 1131 existenti-

336 1166 393 1228 bus
414 1165 619 1228 confratribus
639 1164 782 1244 praelatis
803 1164 960 1240 agitatam,
976 1160 1085 1224 simili·

336 1267 386 1322 ter
405 1275 460 1339 per
480 1259 687 1335 concordiam,
713 1259 873 1322 ecclesiam
895 1264 926 1318 et
947 1253 1085 1318 haeredi-

337 1361 430 1416 tatem
453 1353 630 1416 huiusmodi
652 1353 811 1416 dimittere
831 1351 926 1414 coacti
941 1349 1082 1425 luerunt;

336 1447 467 1526 ideoque
487 1447 560 1510 dicti
574 1446 744 1510 confratres
759 1445 863 1508 locum
879 1443 1003 1506 tandem
1016 1459 1083 1504 suc-

336 1542 465 1604 cessioni
484 1541 515 1603 in
531 1542 608 1604 dicta
624 1541 811 1604 haereditate
826 1539 862 1602 ad
877 1555 987 1602 eorum
1002 1537 1084 1600 lavo-

336 1649 403 1697 rem
424 1635 541 1698 lactum
562 1651 629 1698 esse
649 1634 876 1709 existimantes,
888 1633 975 1696 litem
990 1632 1084 1694 etiam

335 1737 442 1792 contra
465 1737 652 1791 memoratos
678 1728 875 1809 presbyteros
901 1726 1082 1799 saeculares,
1109 1774 1112 1819 Ι

336 1823 389 1902 qui
416 1822 498 1887 dicto
529 1838 611 1886 anno
643 1838 854 1886 uoetxxxvrr.
885 1820 1031 1883 ecclesiae
1051 1827 1083 1882 et

337 1917 531 1979 baereditatis
562 1916 769 1996 praelatarum
801 1929 988 1994 possessores
1017 1913 1085 1974 lne-

336 2019 417 2086 rant,
440 2027 542 2074 coram
570 2019 644 2074 ωηο
672 2008 878 2072 existentibus
899 2006 1083 2086 cappellanis

335 2119 497 2167 causarum
518 2104 622 2183 palatii
641 2102 797 2182 apostolici
811 2100 1003 2162 auditoribus
1018 2116 1083 2163 mo·

335 2207 470 2260 verunt:
504 2214 616 2260 verum
647 2211 702 2275 per
733 2195 864 2273 primam
895 2193 1082 2258 decisionem

336 2309 419 2355 anno
440 2309 595 2356 uncxcvr.
619 2291 655 2353 ab
676 2290 795 2352 eisdem
823 2289 1009 2368 cappellanis
1031 2302 1082 2350 ex-

335 2388 422 2462 clusi,
455 2395 558 2448 motae
587 2385 635 2448 liti
665 2383 844 2447 huiusmodi
876 2382 912 2444 ad
943 2382 1081 2444 savorem

335 2481 588 2559 presbyterorum
613 2477 835 2556 praelatorum,
864 2491 997 2555 quorum
1019 2475 1084 2555 ple-

335 2573 423 2654 rique
445 2573 543 2634 adbuc
561 2572 744 2650 superstites
765 2570 948 2644 existebant,
966 2569 1083 2646 pariter

335 2683 390 2746 per
409 2667 605 2729 concordiam
627 2665 904 2728 renunciaverunt.
992 2672 994 2694 ¹

375 2763 507 2824 Demum
539 2762 634 2823 etiam
661 2761 718 2822 alia
750 2767 826 2822 ωηο
852 2758 989 2822 existens
1010 2773 1082 2821 con·

336 2855 475 2933 gregatio
494 2855 553 2917 sub
574 2855 770 2917 invocatione
792 2853 894 2917 Sancti
916 2853 1034 2932 losepbi
1050 2853 1081 2915 in

335 2951 461 3014 ecclesia
482 2949 585 3014 Sancti
606 2950 801 3014 Pantaleonis
815 2951 850 3011 ad
866 2949 984 3011 llontes
1000 2964 1082 3012 nnn-

334 3053 441 3123 cupata
463 3046 500 3108 de
522 3044 629 3106 eadem
646 3044 728 3107 Urbe
743 3043 895 3117 instituta,
912 3058 984 3104 cum
999 3057 1082 3103 anno

335 3155 466 3202 unccrv.
489 3155 582 3218 snper
598 3138 696 3200 tribus
710 3138 811 3201 dubiis
826 3137 914 3200 litem
928 3138 1082 3216 praetensi

334 3232 412 3294 iuris
439 3233 474 3294 ad
496 3231 648 3294 eiusmodi
675 3232 835 3294 ecclesiam
863 3239 894 3294 et
916 3231 1082 3293 haeredita-

335 3332 399 3388 tem
422 3334 528 3389 contra
548 3333 624 3389 tnnc
646 3326 678 3387 in
700 3326 843 3388 humanis
865 3333 992 3405 agentes
1013 3324 1082 3388 Hie·

335 3435 504 3499 ronymum
526 3420 608 3482 Berti
624 3429 654 3482 et
669 3419 817 3482 loannem
832 3419 1003 3483 Hasserotti
1013 3435 1083 3499 pre-

333 3515 474 3592 sbyteros
494 3513 664 3576 saeculares
686 3512 812 3577 illarum
833 3529 1031 3593 possessores,
1050 3531 1082 3577 ιη

335 3605 1084 3686 congregationetuncextstenttumsanctaclto

335 3717 445 3763 manae
467 3700 619 3763 Ecclesiae
641 3703 850 3765 cardinalium
876 3709 907 3766 et
928 3704 1082 3767 Romanae

335 3795 444 3857 Curiae
465 3794 687 3872 praelatorum,
709 3811 802 3874 super
823 3798 957 3873 negotiis
972 3797 1083 3861 llisita-

336 3887 428 3949 tionis
449 3887 641 3967 spostolicae
668 3889 868 3952 ecclesiarum
890 3899 921 3953 et
942 3891 1080 3953 locorum

335 3980 460 4059 piorum
480 3980 518 4042 de
539 3981 634 4057 Urbe,
658 3980 789 4060 praelata
811 3984 994 4047 anctoritate
1012 4000 1083 4064 apo·

332 4074 439 4137 stolica
451 4075 604 4150 instituta,
616 4076 761 4138 similiter
775 4077 932 4153 movisset,
945 4079 995 4140 die
1009 4095 1078 4140 ηηη.

334 4169 407 4231 maii
421 4169 561 4233 eiusdem
575 4170 648 4231 anni
663 4171 807 4233 omnium
822 4171 902 4232 votis
916 4188 1009 4251 snper
1020 4173 1082 4234 sin·

333 4264 415 4340 gulis
435 4264 588 4326 dictorum
618 4263 785 4327 dubiorum
814 4265 937 4344 penitus
959 4266 1080 4328 exclusa

333 4357 493 4433 remansit,
512 4373 569 4419 nec
584 4374 733 4436 nmquam
749 4374 861 4420 novam
877 4358 1080 4434 audientiam,

333 4450 450 4529 pluries
477 4449 549 4512 licet
580 4452 721 4530 petitam,
755 4451 909 4528 obtinuit;
938 4452 1081 4530 quinimo

332 4542 486 4606 sententia
519 4551 593 4606 tnnc
613 4544 776 4606 existentis
807 4544 959 4621 generalis
980 4561 1083 4608 causa-

332 4652 404 4698 rum
427 4637 539 4700 Curiae
562 4638 708 4700 Gamerae
728 4638 920 4715 apostolicae
935 4637 1082 4700 auditoris

331 4745 425 4808 super
445 4730 633 4793 executione
663 4732 859 4794 decretorum
891 4733 989 4794 dictae
1010 4748 1082 4794 con·

333 4825 523 4900 gregationis
545 4823 755 4888 Cardinalium
774 4833 805 4886 et
820 4825 1031 4904 praelatorum
1046 4827 1080 4889 ad

333 4917 471 4979 levorem
493 4927 738 4980 memoratorum
753 4918 933 4997 Hieronymi
954 4927 985 4981 et
999 4920 1082 4981 loan-

333 5011 382 5072 nis
402 5011 655 5090 presbyterornm
680 5028 891 5090 possessorum
912 5014 1080 5076 emanavit.

374 5104 413 5166 lit
428 5105 461 5166 in
477 5103 584 5166 eadem
599 5103 792 5184 expositione
805 5107 984 5181 subiuncto,
1000 5107 1082 5184 quod

332 5206 459 5278 propter
480 5199 646 5292 praedictas
668 5200 803 5278 aliasque
824 5199 1033 5278 dispendiosas
1048 5200 1084 5261 li-

333 5299 379 5354 tes
400 5311 433 5356 ac
457 5303 632 5372 tenrporum
648 5293 835 5356 calamitates
850 5295 1025 5372 malamque
1039 5294 1083 5356 di-

332 5393 397 5449 ctae
418 5387 615 5450 haereditatis
634 5389 946 5464 administrationem,
962 5397 1081 5468 tempo-

332 5495 367 5542 re
387 5483 571 5561 praesertim
593 5481 811 5545 defunctorum
833 5482 917 5545 illius
932 5499 1081 5562 possesso·

332 5591 404 5638 rum
426 5577 680 5655 presbyterorum
707 5577 923 5652 saecularium,
947 5577 1080 5640 Ecclesia

331 5669 476 5749 praelata,
499 5670 628 5748 eiusque
649 5670 740 5732 lacies
762 5677 792 5732 et
813 5679 946 5749 quatuor
961 5672 1080 5750 cappel-

331 5763 377 5826 lae
403 5765 505 5844 operis
532 5764 661 5826 omnino
693 5765 799 5826 rustici
832 5765 1078 5842 reperiebantur,

331 5858 488 5938 ulliusque
520 5858 636 5920 Tholas
664 5866 693 5920 et
725 5859 898 5937 Hypetrum
929 5855 1079 5921 imbribus

331 5953 435 6034 pervia
457 5952 551 6015 celeri
582 5952 775 6031 reparatione
807 5951 999 6030 indigebant,
1022 5967 1079 6016 nec

436 6101 488 6149 latr.
507 6101 576 6148 Perat.
592 6099 622 6148 de
639 6101 712 6162 Prop.
727 6100 789 6147 Fide
803 6100 886 6149 Partis
899 6102 919 6149 l.
933 6100 986 6148 vol.
1001 6103 1044 6150 lll.

1139 709 1202 756 non
1224 708 1333 755 murus
1364 699 1534 766 corruerat,
1556 692 1697 772 aliusque
1722 687 1833 753 similis
1853 696 1884 752 et

1138 787 1264 864 quidem
1284 787 1412 867 scaphas
1434 787 1589 865 grandior,
1612 795 1644 848 et
1665 785 1721 848 alia
1747 783 1884 846 aedilicia

1139 880 1247 950 ruinae
1268 882 1407 959 proxima
1428 889 1528 952 erant.
1550 879 1695 959 quodque
1717 879 1814 956 magis
1832 879 1884 941 do-

1138 975 1266 1038 lendum
1288 983 1364 1051 erat,
1381 978 1476 1040 annui
1491 976 1588 1038 dictae
1603 974 1800 1038 haereditatis
1816 971 1883 1035 red·

1137 1069 1219 1132 ditus
1241 1078 1368 1134 eatenus
1388 1071 1423 1132 ad
1445 1072 1644 1136 medietatem
1659 1067 1805 1132 diminuti
1820 1065 1884 1128 exi-

1137 1157 1271 1237 stebant,
1294 1164 1383 1239 itant,
1398 1175 1471 1226 cum
1486 1172 1575 1228 antea
1589 1179 1643 1226 sex
1657 1162 1830 1242 presbyteri
1845 1179 1884 1225 ex

1138 1255 1227 1319 dictis
1248 1255 1418 1319 redditibus
1440 1256 1608 1332 alerentur,
1637 1265 1711 1320 ωηο
1734 1265 1796 1320 tres
1817 1263 1883 1318 tan·

1140 1357 1204 1412 tum
1227 1351 1265 1413 de
1284 1351 1340 1414 hac
1361 1350 1480 1430 reliqna
1500 1350 1627 1414 illorum
1649 1351 1825 1424 medietate,
1846 1349 1883 1411 li·

1138 1452 1186 1506 cet
1200 1443 1277 1506 alins
1291 1445 1452 1523 presbyter
1462 1452 1582 1524 partem
1597 1445 1689 1507 etiam
1705 1445 1737 1506 in
1752 1459 1788 1504 ea
1798 1459 1885 1522 prae-

1139 1541 1290 1616 tenderet,
1313 1542 1543 1621 participarent,
1565 1542 1703 1618 adeoque
1724 1540 1765 1603 ibi
1781 1540 1884 1602 cultus
1925 1611 1928 1618 ¹

1137 1634 1262 1698 divinus
1293 1635 1377 1697 iuxta
1398 1634 1480 1712 piam
1508 1635 1580 1698 dicti
1611 1634 1733 1698 loannis
1755 1632 1883 1696 Victorii

1139 1729 1290 1791 testatoris
1312 1735 1450 1792 mentem
1466 1729 1650 1809 adimpletus
1664 1730 1796 1793 minime
1810 1727 1883 1791 lois-

1137 1829 1194 1899 set,
1225 1838 1292 1898 nec,
1321 1830 1439 1886 attento
1468 1825 1667 1902 praesertim,
1697 1824 1779 1902 quod
1809 1833 1883 1886 ωηο

1139 1931 1219 1977 unus
1247 1924 1369 1979 tantum
1396 1918 1559 1995 presbyter
1584 1916 1698 1979 ibidem
1720 1917 1881 1991 resideret,

1138 2008 1298 2087 adimpleri
1329 2026 1417 2088 posse
1447 2011 1623 2086 videretur;
1656 2027 1689 2071 ac
1721 2016 1883 2088 propterea

1137 2103 1210 2166 dicti
1231 2103 1441 2180 Hieronymus
1463 2111 1494 2165 et
1515 2103 1657 2177 loannes,
1679 2103 1741 2163 duo
1757 2109 1830 2164 ωηο
1844 2117 1884 2163 ex

1136 2195 1222 2258 dictis
1244 2196 1342 2258 tribus
1363 2196 1515 2260 eiusmodi
1536 2196 1681 2260 ecclesiae
1702 2203 1733 2257 et
1747 2194 1884 2256 haeredi·

1139 2290 1207 2351 tatis
1224 2292 1448 2368 possessoribus
1464 2290 1663 2370 presbyteris,
1679 2290 1783 2353 habito
1798 2289 1882 2364 alias,

1138 2384 1175 2446 de
1193 2383 1288 2462 ipsius
1303 2384 1474 2447 Clementis
1489 2384 1732 2464 praedecessoris
1747 2383 1882 2458 licentia,

1136 2492 1230 2554 super
1250 2478 1307 2538 hoc
1328 2494 1399 2540 cum
1421 2477 1540 2542 llicario
1571 2479 1709 2557 generali
1731 2485 1761 2541 et
1783 2478 1885 2540 iratri-

1137 2569 1193 2631 bus
1226 2571 1426 2649 primodictae
1457 2573 1708 2652 congregationis
1739 2579 1881 2648 tractatu,

1136 2663 1185 2726 die
1206 2679 1286 2726 xxxx.
1310 2669 1432 2743 augusti
1454 2684 1588 2746 xoccxx,
1612 2669 1724 2732 dictam
1746 2667 1884 2730 baeredi-

1138 2766 1233 2821 tatem
1263 2776 1334 2822 cnm
1366 2762 1510 2825 omnibus
1541 2763 1625 2826 illius
1654 2763 1824 2825 redditibus
1852 2773 1884 2824 et

1137 2853 1346 2932 pertinentiis,
1369 2864 1525 2918 reservato
1557 2863 1661 2920 tamen
1693 2857 1762 2932 sibi,
1785 2855 1884 2934 quoad

1137 2947 1286 3010 vixissent
1301 2965 1359 3010 usu
1380 2949 1528 3012 cellarum
1556 2968 1610 3013 seu
1625 2951 1824 3012 mansionum
1839 2949 1883 3011 di·

1135 3048 1200 3104 ctae
1215 3040 1359 3104 ecelesiae
1374 3058 1580 3118 annexarum,
1593 3044 1705 3122 quibus
1721 3054 1795 3108 tunc
1810 3061 1883 3122 gau·

1136 3133 1259 3209 debant,
1283 3143 1314 3197 et
1339 3135 1506 3198 dummodo
1534 3138 1621 3202 adid
1648 3139 1786 3200 eiusdem
1816 3139 1882 3203 Gle-

1139 3228 1252 3288 mentis
1273 3227 1512 3307 praedecessoris
1533 3237 1563 3292 et
1585 3230 1672 3294 Sedis
1693 3232 1883 3310 apostoticae

1136 3321 1366 3401 beneplacitum
1393 3325 1577 3401 accessisset,
1601 3326 1636 3386 ad
1665 3324 1804 3387 favorem
1826 3324 1885 3387 lra-

1136 3424 1223 3478 trum
1244 3416 1444 3496 primodictae
1465 3419 1713 3494 congregationis
1728 3420 1759 3484 S.
1777 3419 1881 3494 Marci,

1136 3518 1290 3589 quantum
1311 3513 1347 3574 ad
1368 3527 1419 3574 eos
1434 3513 1598 3590 spectabat,
1615 3522 1775 3577 cesserunt
1789 3523 1820 3576 et
1835 3530 1884 3576 re-

1137 3605 1381 3683 nuntiaverunt,
1406 3606 1461 3685 ipsi
1483 3620 1558 3668 vero
1590 3615 1793 3686 exponentes,
1816 3608 1881 3686 qni,

1137 3707 1172 3761 ut
1192 3701 1379 3775 asserebant,
1402 3700 1526 3762 nullum
1555 3702 1588 3763 in
1611 3702 1690 3764 dicta
1717 3702 1883 3777 arbesec

1136 3808 1230 3872 prope
1251 3792 1347 3865 illam,
1372 3808 1426 3871 pro
1451 3793 1584 3871 negotiis
1605 3793 1669 3856 suis
1690 3795 1815 3872 agendis
1829 3795 1884 3856 ho·

1133 3886 1262 3964 spitium
1283 3895 1314 3948 et
1335 3886 1543 3950 diversorium
1571 3888 1734 3962 habebant,
1757 3889 1783 3950 si
1803 3888 1882 3951 dicta

1135 3979 1261 4043 ecclesia
1281 3996 1353 4042 cunt
1376 3980 1459 4042 illius
1480 3981 1650 4044 redditibus
1670 3991 1700 4046 et
1716 3982 1882 4044 mansioni·

1136 4077 1192 4138 bus
1213 4077 1270 4139 sibi
1292 4077 1443 4140 addictae
1465 4091 1573 4138 eornm
1595 4076 1830 4154 congregationi
1845 4077 1883 4138 ab

1134 4171 1244 4233 eodem
1267 4171 1429 4235 Clemente
1450 4173 1683 4250 praedecessore
1701 4170 1883 4236 concedere-

1137 4274 1199 4342 tur,
1222 4264 1356 4346 praelato
1378 4283 1437 4328 uso
1459 4265 1658 4328 mansionum
1673 4263 1762 4327 dictis
1777 4265 1885 4328 Hiero-

1136 4374 1231 4438 nymo
1253 4367 1284 4421 et
1305 4359 1423 4436 loanni,
1446 4359 1537 4421 titulo
1559 4358 1696 4436 hospitii,
1716 4360 1816 4438 quoad
1837 4358 1883 4420 ri-

1137 4452 1264 4528 xissent,
1288 4451 1407 4528 relicto,
1431 4470 1447 4516 a
1468 4451 1517 4514 die
1544 4453 1664 4516 habitae
1685 4453 1883 4532 possessionis

1137 4545 1205 4620 loci,
1228 4561 1283 4607 seo
1305 4545 1451 4608 ecclesiae
1472 4545 1662 4623 huiusmodi,
1678 4547 1884 4626 omniumque

1137 4638 1219 4701 illius
1240 4639 1516 4717 pertinentiarum,
1540 4649 1615 4704 tune
1635 4641 1751 4719 pariter
1772 4641 1804 4703 in
1828 4641 1884 4702 hu·

1138 4732 1236 4794 manis
1256 4733 1360 4809 agenti
1378 4733 1538 4796 Francisco
1553 4735 1590 4797 de
1606 4735 1736 4812 Sanctis,
1752 4737 1806 4816 qui
1822 4753 1883 4800 una

1135 4842 1207 4912 cum
1239 4825 1327 4888 dictis
1359 4826 1547 4906 Hieronymo
1574 4837 1606 4892 et
1626 4829 1741 4893 loanne
1773 4832 1884 4894 tertius

1136 4919 1278 4982 ecclesiae
1298 4928 1330 4982 et
1352 4919 1548 4984 baereditatis
1563 4922 1716 5001 praelatae
1729 4937 1884 5004 possessor

1137 5014 1297 5092 presbyter
1318 5014 1478 5091 existebat,
1494 5025 1525 5077 et
1541 5024 1668 5080 eatenus
1683 5018 1813 5080 cessioni
1829 5021 1884 5080 hu·

1138 5107 1268 5169 iusmcdi
1283 5107 1416 5170 minime
1431 5118 1640 5185 consenserat,
1656 5111 1885 5189 quinquaginta

1135 5209 1221 5262 scuta
1252 5200 1345 5279 paria,
1368 5211 1445 5280 quot
1475 5203 1592 5266 scilicet
1623 5204 1723 5267 dictus
1755 5205 1884 5267 loannes

1137 5293 1293 5357 Victorius
1314 5301 1443 5356 testator
1462 5295 1594 5373 singulis
1613 5298 1812 5377 presbyteris,
1827 5298 1884 5358 sic·

1138 5395 1170 5450 ut
1199 5387 1427 5466 praemittitur,
1458 5391 1680 5467 assignaverat,
1710 5392 1795 5455 illins
1821 5395 1885 5456 vita

1136 5481 1270 5544 naturali
1298 5483 1442 5558 durante,
1464 5499 1502 5544 ex
1524 5484 1685 5562 praedictis
1714 5486 1885 5551 redditibus

1136 5577 1297 5638 annuatim
1318 5577 1457 5654 solvere;
1480 5595 1513 5640 ac
1528 5579 1620 5641 etiam
1637 5588 1713 5645 tunc
1728 5581 1760 5642 in
1776 5583 1884 5646 hnma-

1136 5669 1183 5730 nis
1205 5669 1313 5732 itidem
1334 5671 1439 5746 agenti
1462 5671 1569 5734 loanni
1589 5672 1739 5752 Baptistae
1755 5675 1882 5753 Perotti,

1135 5763 1199 5842 qni,
1223 5763 1269 5825 uti
1300 5772 1429 5841 quartus
1454 5765 1628 5843 presbyter,
1660 5769 1707 5830 ius
1732 5770 1882 5834 etiamad

1135 5855 1201 5918 illos
1223 5858 1441 5935 praetendebat
1462 5861 1516 5938 (id,
1540 5861 1621 5941 qnod
1648 5863 1704 5942 ipsi
1727 5864 1882 5928 Clementi

1134 5950 1370 6030 praedecessori,
1394 5953 1584 6018 considerata
1607 5957 1739 6036 praelata
1760 5959 1883 6022 loannis

1749 6110 1776 6152 te

1806 549 1864 612 377
1915 545 1968 602 An.
1983 547 2014 602 (l.
2035 547 2104 599 1748
