4828 6990
339 547 392 602 An.
407 551 437 602 (l.
459 549 527 602 tate

577 547 635 612 ast

558 691 655 762 runt3
678 699 772 762 quana
793 701 865 747 cum
886 684 1017 747 aliorum
1033 697 1302 764 quarumcumque

558 778 740 853 mulierum,
755 784 807 840 θυι
820 778 994 856 puellarum
1010 780 1147 842 coetibus
1162 794 1216 841 seu
1231 793 1303 841 con-

556 871 744 946 servatoriis,
767 872 887 949 quoties
908 881 970 936 tarn
993 873 1073 949 illae,
1099 889 1192 952 quarn
1214 873 1302 948 istae,

558 964 890 1029 unicumordinarium
902 968 1110 1046 poenitentiae
1122 967 1302 1030 ministrum

557 1077 572 1120 a
594 1059 805 1138 superioribus
827 1061 1024 1136 designatum
1046 1060 1191 1123 babeant.
1206 1061 1302 1136 Quae-

557 1167 691 1231 cumque
722 1153 808 1215 enim
829 1154 907 1216 circa
934 1154 1082 1218 moniales
1104 1154 1136 1215 in
1166 1156 1302 1231 rigorose

556 1246 694 1310 clausura
715 1247 857 1310 viventes
878 1247 1012 1310 carenda
1033 1255 1118 1323 sunt,
1141 1247 1247 1310 eadem
1270 1247 1302 1309 in

557 1340 624 1402 aliis
645 1340 893 1421 quibuscumque
914 1341 1108 1417 mulieribus,
1125 1341 1191 1404 sive
1212 1355 1302 1416 regu·

557 1433 684 1510 laribus,
704 1435 770 1496 sive
790 1434 1008 1510 saecularibus,
1027 1434 1057 1496 in
1078 1435 1304 1498 communitate

558 1536 610 1590 aut
631 1528 760 1605 collegio
771 1527 968 1604 degentibus,
984 1527 1088 1590 locum
1109 1528 1222 1590 babere
1237 1543 1304 1606 pos-

556 1630 646 1701 sunt3
671 1623 798 1701 ideoque
827 1622 891 1699 pari
912 1621 1106 1701 providentia
1132 1621 1304 1699 iisdemque

558 1716 703 1779 remediis
724 1715 820 1778 arceri
848 1722 901 1777 aut
923 1716 1080 1778 emendari
1112 1714 1235 1778 debent.
1266 1714 1304 1776 Et

558 1827 613 1874 nos
637 1810 780 1890 quidem,
810 1825 907 1888 quum
933 1810 1011 1873 banc
1043 1806 1303 1873 consuetudinem

559 1904 708 1967 otlerendi
737 1902 936 1966 confessarios
971 1901 1228 1966 extraordinarios
1259 1901 1304 1962 bis

557 2006 610 2062 aut
632 2005 680 2060 ter
701 1998 732 2059 in
761 2012 843 2058 anno
870 1997 1002 2073 singulis
1031 2004 1093 2058 tarn
1119 1994 1304 2057 monialium

558 2107 621 2155 non
649 2090 859 2154 claustralium
888 2089 1181 2162 communitatibus,
1210 2105 1303 2168 quam

557 2187 614 2264 piis
637 2185 767 2246 aliarum
795 2184 969 2264 puellarum
992 2189 1023 2244 el
1045 2183 1214 2246 mulierum
1236 2199 1304 2246 coe-

557 2281 639 2342 tibus
660 2285 692 2339 et
706 2277 991 2350 communitatibus,
1009 2277 1041 2338 in
1055 2283 1159 2339 nostra
1180 2278 1305 2339 civitate

558 2381 589 2436 et
612 2372 739 2434 dioecesi
767 2371 955 2433 Bononiensi
984 2370 1204 2432 induxerimus
1231 2369 1304 2448 (qua

558 2470 595 2532 de
617 2484 651 2529 re
670 2473 755 2529 extat
777 2465 921 2527 Edictum
943 2471 1085 2526 nostrum
1111 2481 1200 2525 oum.
1225 2463 1301 2527 LVI.

558 2561 641 2622 inter
652 2558 818 2622 Pastorales
830 2557 1042 2620 institutiones
1053 2557 1155 2620 italico
1168 2557 1304 2636 primurn

450 2713 456 2733 ,
558 2669 703 2716 sermone
729 2669 745 2713 a
773 2651 860 2714 nobis
889 2650 1043 2728 vulgales,
1072 2649 1246 2730 deindeque
1273 2652 1304 2711 in

369 3139 452 3184 Dubia
467 3149 543 3195 quae-

328 3193 389 3238 dam
401 3193 468 3238 eirca
482 3195 543 3238 Con·

328 3246 378 3292 ellii
411 3245 542 3292 decretum

329 3303 386 3347 orta
402 3299 518 3347 declarat.

558 2747 692 2810 latinum
706 2744 899 2824 conuersas);
920 2744 1064 2807 omnibus
1079 2744 1184 2805 testari
1200 2759 1304 2822 possu-

560 2857 640 2916 mus,
664 2839 714 2901 vel
737 2841 838 2919 potius
870 2837 1029 2913 debemus,
1062 2839 1189 2900 uberem
1215 2838 1304 2917 spiri-

559 2935 691 3000 tualium
714 2933 885 2996 utilitatum
906 2945 1039 2993 messem
1072 2946 1127 2992 nos
1149 2929 1220 2992 inde
1242 2932 1306 2993 eri·

559 3028 671 3090 denter
690 3026 860 3103 collegisse.

600 3123 702 3198 Quum
723 3135 799 3182 vero
819 3134 913 3198 super
934 3117 1021 3180 relati
1047 3117 1219 3180 concilians
1241 3124 1305 3179 teu·

562 3221 610 3277 tus
626 3212 831 3290 intelligentia
843 3210 1015 3274 nonnullae
1026 3210 1222 3290 quaestiones
1234 3211 1305 3272 alias

560 3308 719 3380 excitatae,
742 3307 911 3385 eademque
926 3305 1117 3384 iampridem
1132 3321 1186 3384 per
1197 3320 1306 3384 oppor-

562 3413 636 3466 tuna
667 3402 754 3467 Sedis
784 3399 974 3479 Apostolicae
1006 3400 1127 3462 decreta
1161 3398 1306 3461 delinitae

561 3496 695 3573 luerint3
729 3511 840 3574 operae
870 3494 1006 3573 pretium
1029 3492 1308 3556 ducimus'lruius-

561 3591 644 3653 modi
665 3590 863 3652 definitiones
878 3588 915 3649 ab
929 3586 1086 3663 omnibus,
1099 3587 1134 3648 ad
1150 3603 1226 3665 quos
1240 3601 1306 3664 spe·

560 3689 633 3759 ctat,
655 3681 784 3744 omnino
806 3679 935 3743 tuendas
956 3685 1048 3757 atque
1067 3679 1242 3754 servandas,
1259 3678 1306 3740 lris

561 3775 675 3838 nostris
695 3773 867 3854 apostolicis
888 3772 986 3834 literis
1001 3771 1174 3850 complecti,
1191 3779 1222 3834 et
1235 3787 1306 3832 auc·

505 3861 508 3870 '
561 3868 693 3930 toritatis
714 3882 838 3947 quoque
860 3875 985 3929 nostrae
1007 3865 1117 3927 robore
1131 3865 1308 3927 communi-

527 4010 528 4013 ,
562 3971 617 4037 tas,
640 3963 673 4025 in
689 3961 916 4042 praedictorum
931 3960 1074 4022 omnium
1096 3960 1240 4021 notitiam
1256 3962 1306 4022 de·

561 4059 684 4121 ducere.
709 4057 747 4119 Et
761 4058 862 4136 primo
877 4057 1053 4135 quaesitum
1068 4053 1137 4131 luit,
1154 4057 1189 4119 ad
1212 4072 1306 4135 quern

531 4187 539 4196 -
561 4153 754 4231 superiorem
775 4152 927 4230 pertineat
942 4149 1222 4212 extraordinarium
1235 4167 1306 4213 con-

369 4369 393 4424 r.¹
408 4360 445 4406 ld
466 4368 543 4417 quem

331 4416 459 4512 pertineat
483 4423 544 4458 con-

342 4477 468 4513 essanum
497 4476 544 4511 ax-

332 4520 543 4566 traordinarium

331 4574 490 4621 monialibus
508 4573 544 4618 oi·

331 4627 404 4676 terre.

562 4245 708 4308 sessorem
730 4245 915 4307 monialibus
937 4245 1094 4323 deputare,
1111 4251 1204 4324 atque
1217 4244 1308 4306 oiler-

561 4355 606 4401 re.
631 4336 690 4402 Sed
717 4337 811 4400 iacilis
841 4336 899 4398 luit
931 4337 1105 4416 responsio,
1128 4353 1222 4416 quam
1251 4353 1306 4399 nos

563 4449 686 4511 quoque
717 4431 840 4493 decreto
871 4438 977 4492 nostro
1010 4435 1107 4491 ratam
1139 4429 1305 4507 babemus,

564 4526 741 4588 huiusmodi
768 4523 885 4588 scilicet
915 4523 1148 4602 deputationem
1177 4522 1305 4586 adeum

561 4619 749 4696 regulariter
762 4625 909 4697 spectare,
925 4617 961 4679 ad
976 4634 1071 4697 quem
1086 4617 1222 4697 pertinet
1236 4633 1308 4680 con-

561 4711 678 4774 fessarii
699 4711 808 4774 electio
830 4719 860 4773 et
889 4710 1061 4789 deputatio;
1085 4710 1215 4787 ideoque
1237 4709 1308 4788 Epi·

561 4821 682 4884 scopus,
704 4805 770 4866 sire
791 4804 969 4867 Ordinarius
992 4803 1060 4879 loci,
1091 4805 1143 4880 qui
1166 4803 1308 4865 moniali·

562 4897 696 4960 bustsibi
717 4897 862 4960 subiectis
877 4897 1099 4960 confessarium
1114 4896 1305 4958 ordinarium

562 4993 633 5054 dare
655 4991 828 5066 consuerit,
853 4991 934 5053 idern
964 4991 1185 5053 confessarium
1207 4997 1308 5051 entra·

562 5084 768 5160 ordinarium,
791 5084 837 5146 bis
858 5094 911 5162 θυι
933 5093 981 5146 ter
1003 5085 1035 5146 in
1062 5100 1155 5159 anno,
1177 5085 1214 5146 ad
1236 5100 1306 5146 nor·

563 5193 646 5239 mam
657 5177 856 5240 Tridentinae
870 5179 1048 5254 sanctionis,
1066 5179 1181 5239 eisdem
1196 5173 1308 5240 ollerre

563 5279 698 5333 tenetur.
720 5271 876 5332 Praelatus
891 5287 964 5334 uero
985 5271 1145 5349 regularis,
1161 5270 1196 5332 ad
1212 5287 1305 5349 quern

563 5365 698 5443 pertinet
720 5364 912 5426 ordinarium
933 5364 1155 5426 contessarium
1177 5364 1306 5426 subditis

562 5459 621 5521 sibi
642 5459 839 5536 monialibus,
851 5466 969 5521 servata
983 5458 1219 5536 apostolicarum
1235 5474 1307 5520 con·

561 5553 764 5615 stitutionum
786 5551 895 5629 torma,
912 5551 1074 5629 designare
1095 5559 1126 5613 et
1140 5553 1308 5614 constitue·

562 5662 608 5721 re,
621 5647 683 5726 ipse
699 5647 792 5707 etiam
811 5646 926 5708 eisdem
940 5645 1220 5708 extraordinarium
1235 5662 1302 5709 con·

564 5737 735 5816 tessarium,
757 5742 790 5802 in
813 5742 878 5802 rim
900 5740 1026 5820 praelati
1048 5743 1163 5802 decreti
1177 5747 1208 5802 et
1222 5741 1306 5801 iusta

564 5835 684 5896 easdem
706 5834 958 5910 corastilutiones,
982 5836 1102 5897 duobus
1128 5845 1180 5896 aut
1210 5833 1307 5894 tribus

564 5942 618 6004 per·
639 5943 757 5988 annum
775 5929 965 6004 temporibus
987 5927 1135 5990 eulribere
1159 5935 1257 6007 potest
1275 5945 1308 5988 ac

1081 566 1145 611 lUll.
1169 565 1261 610 PONT·
1283 563 1324 608 DE
1346 563 1374 608 Ρ.
1399 563 1427 608 P.
1452 563 1534 608 PARS
1555 562 1576 606 1.

2132 535 2187 592 An.
2201 538 2232 590 0.
2253 535 2323 591 1748

1358 681 1457 744 debet.
1480 683 1563 758 Quae
1585 689 1689 745 tamen
1711 681 1780 744 ideo
1808 679 2005 760 repoloritrr
2026 678 2102 740 obti·
2183 684 2334 748 ominans·

1359 789 1434 836 nere
1465 775 1614 851 dirimus3
1641 775 1712 855 quia
1739 775 1765 836 si
1794 774 1961 854 Episcopus
1992 771 2103 850 aliquis
2120 739 2334 892 {ffiugssffliiffll

1358 869 1451 950 (quod
1475 870 1554 932 Deus
1575 872 1705 948 avertat)
1726 869 1800 932 adeo
1822 869 1854 931 in
1873 869 1928 932 lrac
1949 883 1983 930 re
2005 866 2102 944 negli-
2121 847 2337 948 ff'ssssqapggffjffl:

1360 979 1435 1040 gens
1457 971 1548 1040 esset,
1573 973 1606 1027 ut
1633 963 1819 1026 monialibus
1845 964 1925 1037 suis,
1948 962 1993 1024 bis
2015 968 2101 1024 terre
2120 955 2207 1009 ²¹³f¹⁰³

1359 1057 1391 1118 in
1413 1073 1507 1134 anno,
1530 1057 1767 1120 extraordinarii
1787 1055 1964 1119 confessarii
1985 1055 2103 1134 copiam

1360 1151 1458 1214 tacere
1479 1152 1759 1231 praetermitterem
1784 1151 1965 1225 obtendens,
1989 1157 2024 1214 ut
2039 1165 2103 1212 mo-

1360 1243 1402 1307 ris
1423 1253 1480 1318 est,
1504 1244 1623 1306 nullam
1645 1244 1808 1306 bacade're
1823 1243 2010 1306 monialibus
2032 1243 2104 1322 ipsis

1359 1337 1588 1402 solicitudinem
1614 1345 1666 1400 aut
1688 1351 1793 1400 curam
1815 1352 1897 1412 esse;
1922 1345 1996 1399 tunc
2016 1337 2104 1401 rolu-

1360 1447 1430 1494 mus
1440 1432 1587 1494 dilectum
1599 1431 1700 1495 lilium
1712 1437 1854 1494 nostrum
1866 1428 1895 1494 S.
1906 1431 1942 1493 ll.
1953 1431 1989 1494 E.
2001 1430 2104 1494 Cardi-

1360 1525 1462 1587 nalem
1484 1527 1671 1588 modernum
1692 1532 1723 1587 et
1744 1541 1799 1604 pro
1815 1532 1953 1604 tempore
1969 1525 2104 1588 existen-

1361 1626 1423 1682 tem
1451 1620 1601 1682 maiorem
1627 1620 1917 1694 poenitentiarium,
1942 1621 2046 1681 statim
2071 1636 2104 1682 ac

1360 1731 1416 1793 pro
1437 1721 1523 1793 parte
1537 1714 1722 1776 monialium
1738 1713 1914 1776 lmiusmodi
1937 1709 2103 1792 requisitus

1359 1807 1465 1882 luerit,
1478 1807 1623 1870 ordinarii
1644 1808 1773 1886 pastoris
1794 1806 2020 1884 negligentiam
2032 1822 2104 1885 sup·

1359 1901 1446 1980 plere
1466 1900 1588 1975 debere,
1602 1916 1773 1980 eorumque
1794 1900 1982 1962 monasterio
2005 1908 2103 1962 extra·

1360 1995 1551 2058 ordinarium
1573 1994 1805 2069 confessarium,
1822 2009 1860 2055 ex
1875 2007 1984 2055 eorum
2000 1998 2102 2055 tamen

1360 2103 1510 2163 numero,
1541 2088 1594 2166 qui
1625 2088 1661 2149 ad
1693 2085 1887 2167 excipiendas
1919 2085 2102 2148 monialium

1360 2182 1569 2246 contessiones
1590 2182 1626 2244 ab
1648 2182 1713 2260 ipso
1733 2181 1897 2245 Ordinario
1919 2180 1976 2242 loci
1998 2197 2104 2260 appro-

1360 2277 1421 2340 bati
1443 2277 1577 2351 luerint,
1600 2291 1672 2338 cum
1702 2275 1847 2338 omnibus
1873 2274 2052 2337 necessariis
2074 2281 2104 2337 et

1360 2369 1540 2449 opportunis
1561 2367 1765 2444 facultatibus,
1783 2369 1953 2431 concedere
1967 2367 2105 2445 etdepu·

1361 2471 1435 2526 tare.
1459 2463 1544 2538 Quod
1565 2462 1590 2524 si
1612 2462 1764 2543 praelatus
1790 2461 1941 2538 regularis
1962 2464 2103 2525 eamdem

1361 2557 1489 2621 concilii
1512 2557 1613 2634 legem
1636 2556 1674 2618 de
1694 2555 1870 2618 consessore
1894 2557 2105 2619 extraordina-

1360 2652 1406 2714 rio
1428 2652 1473 2714 bis
1486 2659 1540 2713 aut
1556 2657 1602 2713 ter
1617 2651 1649 2712 in
1664 2666 1746 2712 anno
1761 2649 1948 2712 monialibus
1961 2649 2019 2712 sibi
2034 2649 2106 2711 sub

1362 2745 1448 2806 iectis
1468 2743 1654 2812 exhibendo,
1676 2743 1822 2806 similiter
1844 2744 1977 2822 implere
1998 2743 2105 2820 negle-

1361 2839 1456 2916 xerit3
1481 2839 1650 2902 tunclocus
1666 2839 1719 2900 liet
1740 2838 1863 2900 decreto
1885 2839 2104 2916 congregatio·
2167 2847 2347 2904 superiorum

1362 2935 1410 2996 nis
1432 2933 1462 2997 S.
1474 2933 1509 2995 ll.
1528 2933 1563 2995 ll.
1577 2931 1788 2996 cardinalium
1810 2930 1845 2992 ad
1867 2933 1962 3010 ipsius
1982 2933 2104 2996 concilii
2123 2913 2199 3010 iffi,
2219 2902 2348 3002 ἒιῗῧοῗιθῖἶ

1298 3065 1300 3068 v
1362 3027 1654 3106 interpretationem
1675 3031 1707 3086 et
1729 3025 1973 3104 exequutionem
2001 3035 2107 3090 aucto·
2124 3008 2345 3056 ¹¹³¹**⁸¹⁰⁰⁰¹¹¹¹¹¹·

1362 3121 1453 3184 ritate
1473 3119 1636 3199 apostolica
1658 3120 1887 3197 deputatorum,
1910 3135 1971 3199 quo
1990 3120 2107 3183 scilicet

1361 3215 1468 3276 eadem
1490 3215 1699 3291 congregatio
1720 3212 1756 3274 ad
1777 3213 1991 3292 quaestionem
2013 3215 2050 3277 ab
2068 3215 2108 3277 E·

1363 3309 1485 3388 piscopo
1507 3307 1698 3371 ¹iercellensi
1726 3308 1913 3386 propositam
1940 3307 1990 3370 die
2010 3323 2104 3372 xarrr.

1363 3401 1498 3481 oupusti
1521 3401 1601 3465 odoi
1625 3415 1784 3465 uocxxxr.
1815 3402 1981 3481 rescripsit,
2005 3409 2039 3465 ut
2061 3403 2107 3464 in-

1363 3494 1422 3556 ira:
1454 3494 1626 3574 Episcopus
1658 3495 1822 3556 Vercellas.
1854 3495 2017 3573 supplicat
2043 3495 2108 3559 sibi

1364 3588 1560 3667 responderi,
1585 3605 1628 3652 ort
1650 3587 1817 3666 deputatio
1843 3590 2032 3669 confessarii
2053 3607 2108 3653 car·

1365 3682 1585 3746 troorrlirtora'i
1606 3682 1798 3745 monialium
1815 3680 2021 3762 capacioribus
2035 3681 2107 3746 sob-

1364 3777 1524 3839 iectorum
1557 3780 1676 3854 spectet
1707 3776 1748 3838 od
1784 3775 1996 3839 ordinarium
2027 3776 2106 3839 loci:

1364 3871 1464 3934 Sacro
1482 3869 1692 3950 Conprcqutio
1707 3869 1844 3942 censuit,
1863 3870 1904 3932 od
1919 3869 2107 3948 Episcopum

1364 3982 1427 4027 ooo
1448 3965 1627 4044 portinere,
1650 3964 1716 4025 cisi
1738 3964 1773 4026 in
1795 3981 1872 4026 roso
1895 3964 2107 4044 oepliqentt'oc

1363 4058 1543 4122 eorumdem
1573 4059 1793 4139 reputor-iam.-
1826 4066 1860 4120 ut
1892 4058 2001 4121 ridere
2036 4058 2108 4122 licet

1364 4154 1562 4216 decretorum
1584 4149 1653 4214 Lib.
1678 4151 1755 4214 XIV.
1780 4167 1852 4232 pop.
1876 4151 1951 4213 493.
1976 4151 2038 4215 Nec
2055 4151 2108 4214 ali·

1364 4247 2110 4328 terresponditquaestionibusabEpiscopisBel-

1364 4343 1405 4419 gii
1423 4341 1577 4414 exhibitis,
1596 4341 1646 4401 dic
1662 4329 1703 4400 rr‘.
1728 4340 1843 4418 aprilis
1865 4357 1918 4404 oo.
1930 4357 2108 4418 nocxurn„

1365 4446 1398 4500 ut
1420 4437 1535 4514 legitur
1556 4435 1707 4498 decretor.
1725 4432 1793 4496 Lib.
1812 4433 1922 4498 XVlll.
1945 4451 2018 4514 paq.
2030 4433 2106 4497 397.
2126 4502 2128 4505 .

1363 4532 1445 4616 Quae
1460 4530 1584 4608 quidem
1600 4527 1747 4606 rescripta
1760 4535 1790 4590 et
1802 4529 1922 4591 decreta
1933 4543 1989 4589 nos
2004 4529 2108 4603 ctiam,

1363 4623 1573 4703 praesentium
1597 4629 1717 4695 tenore,
1740 4628 1771 4681 et
1792 4620 1952 4698 apostolica
1978 4622 2110 4683 auctori-

1365 4724 1435 4792 tate,
1459 4717 1491 4778 in
1513 4714 1700 4778 omnibuset
1715 4714 1885 4792 peremnia
1906 4714 2110 4793 approbamus

1364 4817 1395 4872 et
1415 4809 1646 4871 confirmamus.

1402 4902 1503 4976 Quum
1519 4911 1623 4963 autem
1638 4901 1819 4965 Tridentino
1831 4901 1974 4981 Synodus
1989 4901 2026 4964 de
2042 4901 2110 4965 uni-

1364 5011 1451 5056 versa
1474 4993 1599 5073 quidem
1623 4993 1808 5057 monialium
1822 4997 2059 5072 communitate,
2075 5004 2110 5059 ut

1363 5104 1466 5167 supra,
1490 5088 1672 5163 decreverit,
1687 5089 1739 5151 sed
1755 5087 1833 5149 nilril
1848 5089 1885 5151 de
1898 5089 2030 5165 singulis
2045 5105 2110 5152 mo-

1363 5181 1496 5243 nialibus
1518 5181 1680 5253 statuerim
1704 5189 1739 5242 υι
1759 5191 1841 5260 patet
1856 5182 1972 5258 legenti
1989 5190 2109 5245 textum

1363 5274 1446 5336 citati
1462 5274 1568 5353 capitis
1583 5275 1642 5349 X.,
1660 5283 1755 5352 utque
1772 5275 1864 5336 etiam
1882 5275 1943 5336 iant
1960 5293 2058 5354 usque
2072 5277 2110 5337 ab

1363 5383 1412 5429 an.
1429 5383 1568 5430 uotxxr.
1586 5367 1753 5430 iudicatum
1768 5367 1827 5430 luit
1842 5370 1878 5429 ab
1893 5369 2116 5446 ipsa‘Congre·'

1363 5461 1487 5538 gatione
1509 5460 1716 5523 cardinalium
1734 5460 1864 5523 Coucilii
1885 5461 2107 5540 interpretum,

1363 5570 1418 5633 per
1439 5555 1632 5632 subsequens
1649 5554 1846 5630 rescriptum,
1863 5556 1944 5632 quod
1960 5563 2045 5617 extat
2060 5555 2110 5628 dc·

1363 5653 1478 5708 creiol'.
1495 5643 1562 5708 Lib.
1581 5647 1600 5708 I
1603 5643 1633 5706 V·
1649 5661 1680 5723 p.
1699 5647 1755 5708 90.
1776 5646 1874 5708 Sacra
1891 5653 1949 5708 eie.
1969 5647 2107 5721 censuit,
2138 5677 2176 5728 ¹rr.
2194 5667 2231 5713 An
2243 5669 2346 5714 monia·

1363 5747 1459 5802 castro
1475 5739 1680 5802 ordinarium
1696 5741 1902 5822 confessorem
1915 5739 2108 5820 offerendam
2126 5719 2347 5822 {ffiffflfflss}

1363 5851 1426 5894 oon
1448 5834 1550 5896 altrat
1572 5832 1705 5896 otouicli
1726 5834 1953 5914 stopolcriter,
1971 5836 2024 5898 scd
2046 5851 2108 5896 oru-
2126 5827 2345 5930 {{i{¹al0⁰‡gi¹g{ssf

1363 5928 1458 5990 'nebus
1487 5927 1682 5991 otorriclibus
1712 5929 1875 6001 uoirversc,
1903 5939 1941 5992 ut
1964 5930 2107 5991 orrtoiom
