4856 6984
947 549 1142 595 snuenrcrus
1164 551 1227 596 xiv.
1780 533 1837 597 snt
1889 533 1943 587 Aa.
1957 535 1988 588 G.
2010 535 2078 588 1753

316 669 400 731 mani
422 669 518 732 ritum
540 669 636 732 libere
648 678 679 734 et
701 669 783 734 licite
804 669 944 732 conterre
964 679 996 732 et
1010 671 1059 731 ad·
1114 667 1196 730 nicas
1217 675 1377 746 tenentur,
1395 676 1503 734 tenore
1524 677 1555 732 et
1573 669 1755 732 auctoritate
1774 668 1860 730 simi-

316 763 494 826 ministrare
522 765 640 844 possint
666 782 698 826 ac
726 764 861 840 valeant,
884 761 1059 826 facultatem
1116 761 1195 824 libus
1206 761 1418 842 indulgemus,
1431 763 1591 828 utiestum
1604 763 1859 826 Praesentationis

315 871 349 917 ea
372 863 473 919 tamen
501 857 571 935 lege
601 858 766 921 tribuimus
789 869 819 923 et
848 858 1057 938 impertimur,
1114 856 1246 919 nutv.
1270 857 1436 937 quotannis
1457 857 1514 920 sub
1535 858 1599 920 ritu
1620 857 1734 937 duplici
1748 871 1858 920 secun·

315 963 349 1018 ut
360 956 391 1018 in
404 956 441 1018 iis
455 957 582 1036 quidem
597 955 781 1019 missionum
792 954 967 1033 provinciis,
980 970 1059 1032 quae
1113 955 1170 1019 dae
1190 955 1290 1018 classis
1312 971 1384 1018 cum
1415 958 1526 1022 octava
1549 967 1611 1020 tam
1632 959 1731 1038 quoad
1763 959 1858 1024 Horas

313 1049 469 1112 bab'entur
490 1049 521 1110 in
544 1049 686 1112 districtu
707 1050 881 1112 dioecesum
896 1054 927 1108 et
941 1048 999 1110 sub
1014 1049 1058 1110 iu·
1114 1055 1292 1131 canonicas,
1306 1070 1400 1134 quam
1414 1056 1512 1132 quoad
1535 1053 1658 1116 missam
1681 1060 1810 1122 recitare
1827 1065 1858 1118 et

314 1141 491 1205 risdictione
522 1145 625 1206 missio
656 1143 705 1206 illa
739 1146 911 1224 reperitur,
934 1146 1057 1209 licentia
1112 1153 1265 1218 celebrare
1290 1153 1413 1216 valeant
1435 1168 1468 1215 ac
1489 1153 1615 1231 possint.

314 1235 421 1313 semel,
437 1237 534 1314 quoad
551 1240 615 1318 ipse
629 1239 803 1302 ordinarius
818 1231 960 1302 antistes
972 1240 1055 1302 rixe·
1151 1250 1170 1324 ς
1184 1248 1213 1312 6.
1224 1250 1430 1311 perennantes
1440 1248 1561 1310 easdem
1570 1247 1857 1326 praesentesliteras

314 1329 363 1406 ill,
386 1339 520 1409 llssllffllt
545 1335 601 1396 ¹¹⁰0
621 1340 723 1395 ³11le
746 1333 903 1408 defllssssw,
919 1333 956 1396 ab
977 1335 1057 1396 eills·
1111 1351 1141 1406 et
1152 1343 1184 1405 iu
1195 1343 1238 1405 eis
1248 1351 1613 1422 contentaquaecumque
1623 1343 1855 1420 sempersrrma,

313 1421 382 1485 dem
404 1439 459 1502 pro
482 1432 621 1504 tempore
635 1441 808 1488 successore
824 1427 886 1504 pari
905 1429 996 1490 modo
1010 1445 1056 1488 se·
1082 1499 1085 1513 ,
1111 1437 1209 1498 valida
1230 1444 1260 1497 et
1281 1436 1410 1499 efficacia
1431 1437 1563 1500 existere
1579 1443 1610 1498 et
1628 1435 1705 1509 iore,
1721 1449 1855 1512 suosque

313 1516 489 1580 meletiam
517 1527 657 1597 petatur,
681 1520 775 1598 gratis
798 1535 921 1600 semper
949 1536 1056 1582 conce·
1082 1522 1084 1643 i

312 1612 424 1688 denda,
448 1616 479 1678 iu
502 1615 539 1676 ils
559 1633 635 1678 vero
661 1615 847 1681 missionum
875 1620 1054 1697 provinciis,
1082 1654 1084 1665 =

311 1729 389 1792 quae
410 1712 527 1776 nullius
548 1712 704 1775 lintistitis
730 1711 934 1776 iurisdictioni
955 1715 1055 1777 subie-

310 1817 376 1872 ctae
396 1811 468 1888 ipsis
483 1810 643 1873 dumtaxat
655 1805 813 1870 Societatis
828 1806 968 1870 eiusdem
984 1808 1055 1868 mis·
1080 1822 1083 1952 l

310 1905 449 1966 sionariis
477 1906 514 1967 ab
539 1907 596 1967 bac
623 1908 792 1984 Apostolica
815 1909 892 1972 Sede
921 1911 1055 1974 creditae

309 2005 394 2072 suut,
417 1999 567 2060 antedicta
589 1997 712 2061 licentia
734 2001 864 2064 minime
885 2006 1054 2067 necessaria
1080 1980 1082 2079 l

309 2100 366 2166 est,
389 2090 448 2153 nisi
470 2090 599 2153 fortasse
619 2091 783 2170 aliquando
804 2096 1002 2172 contingeret
1022 2099 1052 2161 in
1079 2138 1082 2225 Ῐ

310 2183 417 2245 iisdem
439 2185 607 2262 provinciis
623 2186 671 2247 vel
694 2186 904 2250 residentiales
926 2190 1054 2253 Antisti·

310 2285 366 2352 tes,
383 2277 433 2339 vel
449 2276 637 2356 Apostolicos
656 2277 789 2342 Vicarlos
809 2282 969 2362 episcopali
985 2284 1053 2346 clia-

309 2379 425 2433 ractere
445 2378 476 2432 et
498 2372 679 2434 auctoritate
701 2372 876 2450 insignitos,
889 2377 926 2438 ab
947 2378 1051 2440 eadem

310 2463 479 2541 Apostolica
501 2463 580 2526 Sede
608 2463 764 2543 deputari,
788 2483 804 2527 a
825 2469 952 2546 quibus,
981 2487 1051 2532 cum

308 2554 381 2618 illuc
402 2557 546 2618 accedere
577 2573 640 2618 non
669 2557 804 2632 valeant,
828 2569 902 2622 tunc
930 2561 1051 2624 licentia

308 2647 459 2711 antedicta
490 2649 672 2726 parimodo
702 2651 765 2729 peti
796 2657 826 2714 et
852 2655 975 2717 concedi
1001 2657 1051 2718 de·

306 2742 368 2804 bet.

345 2837 414 2912 §3-
438 2836 607 2911 Praeterea,
630 2835 655 2898 si
677 2835 755 2900 torte
778 2840 931 2914 evenerit,
948 2849 982 2904 ut
1001 2860 1052 2905 su·
1078 2890 1079 2903 ,

305 2933 407 3010 perior
428 2930 559 3010 quilibet
587 2930 722 2992 cuiusvis
750 2932 905 2996 missionis
926 2935 1052 3013 quibus·
1077 2944 1080 3047 q

304 3040 439 3104 cumque
450 3021 598 3100 legitimis
613 3024 826 3104 canonicisque
847 3028 1050 3106 impedimen·
1076 3057 1079 3081 ι

304 3119 343 3180 tis
363 3119 510 3181 detentus
530 3118 581 3192 sit,
605 3118 773 3195 quominus
795 3118 969 3182 iniunctum
993 3124 1049 3186 sibi

304 3209 496 3272 visitationis
508 3210 718 3273 ministerium
734 3211 860 3290 explere
875 3213 985 3291 valeat,
998 3233 1049 3280 au·
1076 3226 1078 3319 j

303 3304 446 3366 ctoritate
467 3312 498 3366 et
521 3312 628 3365 tenore
650 3303 775 3380 paribus
800 3307 998 3370 concedimus
1019 3317 1049 3370 et
1075 3324 1078 3453 t

304 3395 478 3459 iacrrltatem
507 3397 706 3474 impertimur
735 3397 790 3476 ipsi
819 3399 971 3478 superiori
993 3401 1049 3463 im-

303 3581 457 3660 digniores
479 3584 617 3646 eiusdem
643 3583 804 3647 Societatis
826 3587 1046 3663 missionarios,

302 3693 317 3738 a
339 3693 399 3756 quo
421 3675 471 3738 vel
492 3677 604 3756 quibus
633 3687 863 3742 sacramentum
884 3681 1048 3751 confirma-

301 3770 406 3846 tionis,
422 3769 688 3848 utpraemtttttur,
706 3787 745 3832 ne
761 3771 983 3836 christifideles
997 3792 1048 3837 eo—
1074 3774 1076 3841 l

304 3491 415 3568 pedito,
438 3499 473 3552 ut
495 3507 595 3554 uuum
610 3491 659 3552 vel
675 3491 781 3568 plures
803 3493 981 3570 digniorem
998 3495 1047 3557 vel
1075 3492 1078 3615 y

301 3863 372 3924 dem
393 3863 554 3926 destitutos
569 3879 607 3924 ex
623 3864 678 3926 bac
693 3866 756 3926 vita
771 3865 907 3942 migrare
927 3869 1047 3931 contin·
1073 3910 1076 3995 Ι

302 3964 362 4034 gat,
385 3955 593 4019 administrari
622 3957 733 4037 possit,
767 3975 823 4037 pro
843 3976 899 4021 suo
920 3961 1057 4024 arbitrio

301 4057 331 4110 et
352 4050 555 4125 conscientia,
579 4051 763 4114 durantibus
791 4059 895 4115 tamen
918 4054 1047 4133 impedi·

299 4144 426 4218 mentis,
448 4144 575 4222 deputet
595 4153 626 4206 et
647 4145 825 4208 constituat.

339 4239 357 4312 ἓ
379 4237 409 4298 l.
431 4237 561 4317 insuper
576 4239 720 4301 omnibus
735 4248 765 4301 et
780 4240 909 4318 singulis
924 4259 1046 4305 earum·
1071 4236 1074 4359 f

298 4331 370 4392 dem
396 4330 581 4392 missionum
607 4331 809 4394 missionariis
837 4335 1045 4398 sacerdotibus

298 4421 435 4486 laudatae
456 4423 609 4485 societatis
631 4425 772 4487 eamdem
798 4425 977 4490 conterendi
998 4445 1044 4492 sa-

298 4523 494 4579 cramentum
515 4518 758 4579 confirmationis
775 4519 903 4582 cuilibet
915 4521 1043 4584 Christi-

298 4611 381 4673 lideli
403 4611 435 4672 in
447 4611 585 4672 evidenti
601 4611 738 4690 periculo
754 4612 803 4674 vel
818 4613 947 4676 articulo
962 4629 1043 4678 mor-

298 4703 336 4766 tis
358 4703 529 4766 constituto
551 4702 727 4766 facultatem
749 4705 929 4770 tribuimus.

336 4796 405 4872 55.
428 4797 588 4858 Praeterea
611 4805 719 4859 tenore
741 4807 772 4860 et
789 4801 970 4864 auctoritate
992 4819 1042 4882 pa-

1073 3998 1075 4013 ι

1073 4016 1075 4039 l

1074 3724 1076 3733 ι

1074 3740 1076 3752 Ι

1075 3753 1077 3761 i

1110 1528 1262 1607 plenarios
1284 1539 1314 1591 et
1337 1531 1472 1606 integros
1494 1528 1620 1590 ellectus
1641 1526 1744 1590 sortiri
1756 1534 1786 1588 et
1802 1525 1853 1588 ob·

1112 1621 1220 1697 tinere,
1237 1631 1267 1686 et
1283 1623 1354 1698 illis,
1370 1624 1405 1685 ad
1421 1639 1498 1700 quos
1518 1628 1633 1702 spectat
1654 1627 1685 1684 et
1707 1637 1761 1702 pro
1777 1628 1854 1683 tem·

1110 1731 1182 1794 pore
1203 1715 1460 1794 quandocumque
1480 1715 1639 1793 spectabit,
1661 1715 1693 1776 in
1709 1713 1854 1777 omnibus

1108 1809 1318 1886 etperomnia
1330 1809 1508 1887 plenissime
1520 1807 1811 1887 subrogatusque
1825 1815 1856 1870 et

1109 1917 1172 1964 non
1185 1902 1275 1964 aliter
1285 1902 1318 1963 in
1329 1902 1503 1980 praemissis
1515 1919 1570 1980 per
1582 1915 1794 1980 quoscumque
1810 1901 1854 1964 iu-

1109 1996 1189 2058 dices
1210 1995 1379 2058 ordinarios
1400 2004 1432 2057 et
1453 1994 1619 2071 delegatos
1637 1997 1732 2057 etiam
1753 2010 1855 2056 causa-

1108 2104 1178 2150 rum
1207 2087 1310 2168 palatii
1338 2087 1494 2166 apostolici
1514 2088 1679 2162 auditores,
1703 2086 1734 2150 S.
1758 2087 1793 2150 R.
1816 2087 1851 2150 Ε.

1108 2181 1285 2244 Cardinales
1300 2187 1330 2242 et
1345 2181 1528 2243 eorumdem
1549 2178 1757 2243 cardinalium
1774 2180 1853 2243 Cou-

1079 2248 1082 2333 l
1108 2275 1316 2351 gregationes,
1329 2289 1460 2336 necnon
1474 2270 1756 2352 rlpostolicaeSedis
1768 2271 1853 2336 Nun-

1108 2367 1165 2429 tios
1185 2373 1216 2430 et
1238 2367 1313 2430 alios
1334 2367 1486 2448 quoslibet
1507 2380 1700 2445 quacumque
1722 2367 1852 2428 auctori·

1108 2467 1170 2524 tate
1190 2468 1221 2523 et
1247 2469 1398 2539 potestate
1425 2461 1593 2538 iungentes
1619 2467 1650 2521 et
1678 2458 1851 2534 iuncturos,

1105 2553 1224 2616 sublata
1246 2554 1289 2617 eis
1310 2562 1341 2617 et
1362 2569 1472 2616 eorum
1493 2553 1620 2616 cuilibet
1641 2552 1749 2630 quavis
1764 2551 1853 2615 aliter

1107 2645 1260 2708 iudicandi
1281 2655 1312 2708 et
1335 2645 1560 2724 interpretandi
1581 2645 1726 2708 facultate
1746 2654 1777 2708 et
1799 2663 1852 2709 au-

1106 2740 1258 2814 ctoritate,
1281 2739 1411 2804 iudicari
1431 2746 1461 2804 et
1483 2740 1605 2804 deliniri
1625 2739 1747 2814 debere,
1764 2756 1797 2803 ac
1813 2741 1852 2802 ir·

1106 2833 1204 2896 ritum
1219 2840 1251 2894 et
1274 2834 1376 2908 inane,
1398 2833 1424 2894 si
1448 2849 1535 2896 secus
1556 2831 1718 2910 superbis
1739 2849 1754 2892 a
1777 2848 1853 2912 quo-

1106 2942 1200 3004 quam
1221 2928 1329 3004 quavis
1351 2927 1533 2989 auctoritate
1548 2926 1680 3012 scienter
1694 2926 1745 2988 vel
1764 2926 1852 3004 igno·

1105 3029 1210 3085 ranter
1234 3022 1401 3100 contigerit
1422 3021 1578 3086 attentari.

1143 3117 1162 3190 5
1184 3115 1212 3176 7.
1236 3114 1306 3178 Nou
1339 3116 1529 3179 obstantibus
1554 3115 1739 3195 apostolicis,
1762 3117 1848 3180 acin

1105 3209 1342 3285 universalibus,
1374 3209 1625 3288 provincialibus,
1640 3218 1671 3272 et
1696 3210 1850 3290 synodali-

1104 3305 1160 3367 bus
1181 3303 1318 3366 oonciliis
1340 3301 1428 3366 editis
1450 3302 1645 3380 generalibus
1667 3303 1717 3366 vel
1737 3305 1850 3384 specia-

1102 3397 1165 3458 libu
1180 3395 1469 3458 sconstitutionibus
1484 3401 1514 3456 et
1529 3394 1789 3470 ordinationibus,
1805 3405 1846 3473 et,

1103 3497 1255 3568 quatenus
1282 3505 1358 3567 opus
1381 3489 1432 3564 sit,
1455 3489 1553 3552 dictae
1580 3488 1739 3553 Societatis
1768 3491 1847 3566 lesu,

1103 3585 1195 3648 etiam
1217 3582 1404 3657 iuramento,
1426 3583 1661 3645 confirmatione
1686 3575 1846 3662 apostolica

1103 3675 1152 3737 vel
1163 3675 1271 3754 quavis
1284 3675 1431 3737 firmitate
1442 3675 1499 3736 alia
1511 3675 1670 3750 roboratis,
1682 3677 1805 3738 statutis
1816 3683 1847 3738 et

1102 3767 1391 3843 consuetudinibus,
1407 3767 1579 3846 privilegiis
1594 3783 1729 3847 quoque,
1746 3769 1846 3832 indul·

1103 3863 1140 3922 tis
1155 3871 1187 3923 et
1210 3862 1306 3924 literis
1322 3861 1493 3940 apostolicis
1508 3863 1541 3923 in
1556 3864 1746 3926 contrarium
1762 3879 1846 3943 prae-

1101 3955 1267 4017 missorum
1290 3956 1522 4034 quomodolibet
1547 3957 1708 4033 concessis,
1733 3958 1846 4019 contir-

1103 4047 1192 4110 matis
1213 4055 1244 4110 et
1266 4048 1441 4126 innovatis,
1463 4051 1653 4130 caeterisque
1684 4051 1845 4115 contrariis

1100 4141 1358 4221 quibuscumque.

1139 4237 1158 4312 ἓ
1177 4233 1207 4296 8.
1224 4233 1374 4299 Volumus
1385 4243 1501 4312 autem,
1518 4243 1552 4300 ut
1566 4239 1747 4303 earumdem
1759 4255 1843 4317 prae·
1897 4254 2073 4314 cremnorum

1098 4329 1235 4391 sentium
1258 4329 1420 4392 literarum
1442 4332 1643 4410 transumptis
1664 4349 1719 4396 seu
1739 4349 1843 4396 exem·
1862 4303 1929 4354 '¹⁰³⁸'

1099 4419 1158 4501 plis
1180 4423 1273 4485 etiam
1289 4423 1457 4502 impressis,
1474 4440 1569 4487 manu
1587 4424 1716 4488 alicuius
1731 4427 1841 4489 notarii

1098 4514 1213 4593 publici
1244 4515 1421 4596 subscriptis
1449 4527 1480 4582 et
1509 4517 1612 4596 sigillo
1638 4535 1788 4598 personae
1810 4519 1840 4582 in

1098 4605 1248 4684 dignitate
1270 4609 1469 4674 ecclesiastica
1490 4613 1684 4688 constitutae,
1706 4612 1756 4674 rel
1780 4628 1842 4674 ma-

1099 4717 1142 4764 nu
1164 4709 1194 4764 et
1214 4699 1316 4780 sigillo
1330 4701 1459 4767 alicuius
1472 4705 1641 4783 superioris
1655 4706 1842 4770 missionum

1099 4793 1304 4873 praelatarum
1316 4796 1367 4858 vol
1379 4798 1575 4876 provincialis
1586 4800 1763 4878 provinciae
1774 4816 1842 4863 mu-

296 4891 380 4952 ribus
403 4889 578 4954 facultatem
604 4891 770 4954 tribuimus
792 4900 823 4954 et
844 4893 1042 4974 impertimur
1068 4886 1071 4967 i
1098 4887 1182 4964 nitis,
1195 4888 1438 4970 eademprorsus
1451 4891 1569 4954 fidesin
1586 4893 1740 4955 iudicioet
1754 4903 1841 4956 extra

296 4983 423 5047 cuilibet
446 4974 646 5045 missionario'
661 4984 799 5046 eiusdem
827 4985 987 5050 Societatis
1008 4989 1040 5051 in
1069 4973 1071 5027 Ι
1096 4979 1287 5058 adhibeatur,
1303 4999 1380 5062 quae
1397 4983 1467 5062 ipsis
1482 4985 1696 5063 praesentibus
1716 4987 1841 5050 adhibe-

295 5075 474 5155 saepedictis
495 5075 568 5139 locis
583 5077 682 5139 vicem
698 5076 820 5156 parochi
835 5078 990 5157 fungenti,
1006 5093 1041 5144 ut
1068 5082 1071 5115 ¹
1097 5083 1194 5152 retur,
1217 5077 1242 5138 si
1264 5078 1366 5140 forent
1388 5080 1542 5142 exhibitae
1563 5081 1613 5142 vel
1627 5091 1775 5144 ostensae.
1792 5083 1841 5145 ln-

295 5185 367 5232 cum
389 5169 471 5233 ludis
487 5169 628 5232 fidelibus
642 5170 818 5248 dispensare
841 5174 934 5251 possit
948 5191 1040 5254 super
1067 5208 1070 5235 ι
1097 5169 1190 5231 terim
1212 5171 1277 5248 tibi,
1300 5171 1412 5234 dilecte
1433 5174 1488 5248 titt,
1505 5173 1561 5252 ipsi
1582 5174 1709 5254 losepbo
1732 5192 1841 5254 procu·

295 5263 394 5324 tribus
408 5261 697 5342 proclamationibus
720 5272 791 5326 ante
806 5265 1039 5329 matrimonium
1095 5264 1203 5340 ratori,
1215 5265 1388 5344 ceterisque
1408 5267 1619 5345 superioribus
1634 5277 1665 5330 et
1680 5269 1840 5331 missione-

295 5355 540 5420 contrabendum
555 5354 623 5418 sieri
636 5355 744 5432 solitis,
760 5359 928 5422 dummodo
943 5377 977 5422 ea
993 5361 1041 5422 in·
1094 5357 1148 5418 riis
1159 5358 1386 5421 antedictarum
1397 5361 1638 5438 provinciarum,
1650 5363 1685 5423 ad
1699 5363 1837 5440 prosperi

294 5450 490 5512 tercesserint
501 5458 670 5522 momenta,
686 5458 811 5528 propter
825 5468 903 5529 quae
919 5453 1038 5533 dispen-
1093 5466 1251 5514 successus
1272 5451 1441 5530 auspicium
1456 5461 1487 5514 et
1509 5453 1696 5518 orthodoxae
1716 5454 1839 5532 religio

294 5543 369 5605 satio
381 5542 557 5606 huiusmodi
569 5542 738 5622 prudenter
754 5552 857 5608 tamen
868 5544 1037 5610 adhibenda
1094 5543 1143 5606 nis
1165 5545 1406 5620 incrementum,
1432 5545 1625 5623 apostolicam
1651 5547 1838 5611 benedictio-

295 5637 465 5700 necessario
492 5636 617 5699 concedi
644 5653 730 5716 posse
759 5639 965 5704 existimatur.
990 5639 1039 5704 ln·
1093 5653 1166 5700 nem
1187 5644 1385 5718 peramanter
1407 5639 1616 5718 impertimur.

294 5746 386 5808 super
406 5731 552 5792 omnibus
568 5738 598 5793 et
613 5731 746 5809 singulis
767 5733 947 5796 earumdem
969 5751 1039 5814 pro-
1132 5731 1244 5794 Datum
1266 5731 1398 5806 Romae,
1428 5732 1507 5810 apud
1541 5732 1571 5796 S.
1596 5734 1723 5796 blariam
1748 5735 1838 5798 llaio-

293 5824 468 5886 rinciarum
490 5829 521 5888 et
541 5824 715 5888 insularum
732 5825 889 5890 Societatis
910 5827 978 5892 lesu
993 5843 1037 5890 sa·
1093 5839 1171 5901 rem,
1193 5825 1250 5888 sub
1271 5825 1387 5888 annulo
1410 5825 1580 5903 Piscatoris,
1604 5827 1652 5890 die
1672 5844 1709 5889 11.
1735 5829 1837 5892 martii

292 5917 480 5994 cerdotibus,
502 5925 593 5996 atque
618 5918 668 5993 iis,
690 5919 743 5999 qui
764 5921 802 5982 ad
823 5921 916 5985 Horas
936 5919 1035 5986 Cano·
1092 5934 1262 5998 nocetne,
1285 5919 1481 5999 pontificatus
1503 5921 1600 5982 nostri
1622 5937 1704 5984 anno
1723 5937 1795 5984 xrn.

398 6067 450 6114 tur.
468 6068 538 6114 Porti.
553 6065 582 6113 de
600 6067 672 6128 drop.
688 6066 749 6113 Fide
763 6067 845 6114 Partis
860 6069 878 6114 i.
893 6069 947 6116 Vol.
962 6070 1006 6115 Ill.
1703 6071 1730 6114 ott
1747 6089 1753 6097 ·
