4820 6980
339 511 395 566 An.
409 512 440 566 0.
461 512 530 566 1748
580 509 639 574 ’ΜΞ

1086 531 1151 576 lllll·
1176 530 1267 576 honr.
1290 531 1332 576 DE
1352 530 1382 576 P·
1405 533 1435 578 ll·
1459 533 1542 578 PARS
1563 533 1585 578 l·
2139 525 2225 583 Atho.
2243 535 2297 589 litt

355 659 404 707 liti
422 659 544 707 leviorem
603 671 694 718 xvrn.
717 656 801 730 Quae
822 655 995 732 hucusque
1016 652 1151 716 diximus
1171 658 1305 728 easunt,
1369 652 1558 717 Clementem
1590 654 1718 720 beatum
1752 654 1976 734 presbyterum
2006 657 2113 720 airum

328 713 545 832 Ῥιῖῗὲἓῗῆἔῖιῖἶ
563 757 598 812 ut
620 758 650 812 et
671 749 767 812 animi
794 749 892 811 nostri
923 763 1031 810 sensus
1055 747 1128 811 satis
1155 747 1307 824 aperiant,
1366 747 1543 821 illustrem,
1555 757 1585 811 et
1597 748 1779 827 probatum.
1799 751 2009 813 Theadaretas
2024 754 2113 830 quin-

330 825 463 922 aggressam
487 831 544 868 ⁸¹¹²·
563 849 595 906 et
615 845 652 906 ab
673 842 871 907 ulterioribus
902 841 1052 904 molestiis
1074 857 1130 904 nos
1157 841 1308 903 eximant.
1368 849 1398 904 to
1428 841 1550 906 saeculo
1580 843 1698 921 clarus,
1728 843 1783 908 lib.
1817 847 1836 906 1
1869 847 2114 910 baereticorum

563 937 683 1002 Verum
704 937 838 999 necdum
858 935 967 997 alienis
982 933 1241 1013 postulationibus
1256 949 1310 995 no·
1368 935 1581 1007 Fabularnrn,
1598 953 1667 1015 cap.
1684 942 1717 1012 6,
1743 940 1940 1003 clementem
1962 948 2048 1002 vocat
2067 941 2116 1002 Vi·

561 1031 794 1110 strisquecuris
815 1030 885 1092 linis
907 1029 1079 1107 impositus.
1103 1027 1311 1106 Fasaliquan-
1368 1047 1441 1092 rnen
1474 1029 1651 1103 Sanctum
1672 1034 1723 1095 cui
1752 1039 1900 1096 consonat
1935 1032 2115 1098 chronicon

563 1127 614 1201 do,
636 1132 672 1188 ut
694 1125 725 1188 in
742 1129 852 1186 nostro
879 1137 971 1201 opere
993 1121 1029 1184 de
1055 1119 1312 1184 canonizatione
1368 1123 1533 1198 Pascbala
1551 1126 1604 1188 nbi
1623 1125 1768 1189 chronici
1791 1127 1907 1190 Auctor
1926 1126 2032 1206 pap?
2042 1127 2116 1191 haec

566 1219 771 1288 Sanctarum,
795 1214 850 1280 tib.
868 1219 902 1291 4,
918 1223 1008 1294 part.
1025 1217 1059 1285 2,
1085 1229 1153 1292 cap.
1173 1209 1226 1283 17,
1244 1214 1310 1274 n.9
1368 1217 1474 1280 habet:
1501 1216 1652 1293 clemens,
1673 1217 1907 1282 Sanctissimae
1924 1220 2115 1284 Aleaandri-

563 1317 593 1373 et
607 1316 663 1381 10,
676 1311 966 1384 animadvertimus,
979 1307 1090 1371 Sedem
1104 1306 1311 1386 Apostolicam
1368 1326 1431 1372 nae
1451 1308 1613 1375 Ecclesiae
1633 1310 1806 1390 presbyter.
1830 1313 1947 1376 Eodern
1969 1315 2001 1376 in
2023 1331 2116 1377 sensu

563 1406 658 1481 adire,
675 1413 767 1482 atque
789 1404 846 1480 illi,
860 1420 893 1465 ea
908 1420 966 1481 qua
981 1403 1068 1467 decet
1081 1401 1176 1462 animi
1199 1400 1312 1462 demis·
1369 1404 1499 1468 Sanctus
1513 1404 1665 1467 Maximus
1680 1406 1849 1469 monachos
1861 1408 2116 1484 constantinense

562 1499 948 1577 sione,proponereerrati
961 1493 1313 1574 alicuius,quodinhlar-
1368 1496 1494 1574 titanus,
1517 1500 1607 1561 cuins
1628 1505 1708 1561 aetas
1723 1501 1758 1563 ad
1772 1501 1943 1577 septimum
1964 1501 2117 1563 Ecclesiae

563 1592 753 1672 tyrologium
780 1591 915 1670 irrepsit,
943 1588 1203 1652 emendationem.
1234 1587 1312 1649 Hinc
1365 1583 1528 1654 'saeculum
1562 1601 1744 1668 revocatur,
1781 1593 1868 1655 affert
1903 1592 2116 1670 fragmentum

564 1701 629 1748 non
650 1683 787 1759 deluere,
804 1684 869 1763 qui,
885 1683 1013 1745 huiusce
1028 1681 1178 1744 libertatis
1194 1686 1312 1759 praete·
1369 1683 1521 1763 quoddam
1550 1701 1590 1746 ea
1613 1683 1669 1747 lib.
1694 1685 1729 1747 de
1757 1685 1988 1759 Providentia,
2022 1703 2116 1765 quem

477 1841 480 1851 ,
563 1785 632 1883 xtu3
655 1777 806 1840 leviorem
828 1776 992 1854 quamdam
1013 1775 1142 1838 Romani
1164 1775 1312 1852 Martyro·
1369 1778 1442 1840 dicit
1468 1793 1534 1839 esse
1566 1778 1769 1840 sanctissimi
1795 1779 1965 1843 clementis
1991 1779 2117 1857 prerbp·

564 1871 638 1949 logti
661 1871 877 1934 recensionem
892 1870 1026 1932 obtineri
1049 1885 1136 1948 posse
1158 1869 1309 1946 putarint.
1370 1871 1432 1932 teri
1455 1869 1686 1943 Aleaandrini,
1716 1879 1751 1934 ut
1772 1872 1907 1950 legimus
1929 1874 1965 1934 in
1988 1877 2117 1935 tamne

564 1965 634 2028 Non
650 1966 747 2040 enim,
764 1969 799 2026 ut
821 1964 878 2043 ipsi
898 1963 1031 2038 aiebant,
1047 1969 1100 2024 aut
1120 1972 1226 2025 nostro
1241 1978 1312 2024 con·
1370 1978 1499 2040 operam
1530 1963 1642 2026 Sancti
1671 1965 1821 2036 Mancini,
1850 1966 2002 2028 versionis
2024 1973 2118 2045 atque

564 2059 649 2134 silio,
672 2063 725 2121 aot
747 2065 853 2120 nostro
879 2057 907 2118 id
930 2065 1082 2134 repugnat
1110 2055 1252 2118 instituto
1275 2057 1312 2118 de
1369 2055 1512 2118 editionis
1534 2055 1631 2120 Patris
1653 2057 1806 2120 Combehs
1827 2073 1898 2138 pap.
1914 2059 1990 2122 1411.
2013 2058 2119 2122 Succi-

563 2153 727 2215 servandis
757 2150 1001 2214 correctionibus
1029 2147 1148 2229 pridem
1182 2148 1310 2225 habitis3

563 2246 718 2326 siquidem
739 2246 833 2308 unius
848 2244 898 2307 vel
914 2243 1040 2306 alterius
1062 2242 1120 2305 loci
1134 2241 1312 2304 immutatio

564 2355 664 2418 nsque
685 2338 759 2402 adeo
784 2339 885 2400 levius
906 2345 963 2412 est,
986 2344 1022 2398 ut
1043 2336 1149 2411 nullo,
1172 2340 1225 2398 aut
1246 2334 1312 2396 lere

1370 2152 1417 2214 nit
1437 2151 1566 2213 loannes
1581 2153 1785 2221 damascenus
1801 2154 1900 2215 octavi
1914 2153 2028 2215 saeculi
2043 2153 2120 2214 scri·

1369 2252 1440 2322 ptor
1461 2245 1654 2320 notissimus,
1670 2247 1735 2322 qni,
1754 2246 1787 2307 in
1808 2245 1964 2308 Tractatu
1979 2247 2016 2307 ae
2038 2245 2118 2309 dna·

1370 2335 1427 2400 bas
1441 2337 1575 2401 christi
1599 2337 1835 2410 voluntatibus,
1853 2341 1939 2401 cuius
1961 2339 2119 2418 fragmen-

564 2433 663 2509 nullo,
686 2433 835 2495 habeatur
856 2432 889 2493 in
910 2433 1019 2510 pretio.

330 2532 546 2632 „mmpffllstgf
606 2543 674 2589 ιιι.
699 2527 744 2589 Ει
766 2527 802 2587 iis
824 2542 910 2600 vero,
926 2527 978 2604 qui
1001 2525 1147 2604 peculiari
1170 2526 1313 2588 emenda·

332 2596 547 2702 creddidit?
567 2622 651 2682 tione
679 2620 822 2696 indigent
849 2618 939 2694 locis,
969 2626 1110 2698 quartam
1141 2617 1312 2680 decembris

331 2693 453 2794 {ssfmm'
468 2693 547 2740 Μ’
566 2715 646 2776 diem
660 2713 844 2786 innuebant,
857 2712 907 2775 cui
924 2711 1094 2775 clementis
1109 2709 1311 2772 Alexandrini

567 2822 683 2870 nomen
712 2805 972 2881 inscriberemus;
1002 2804 1214 2866 recentiorum
1243 2821 1314 2865 ern-

566 2901 705 2964 ditorum
719 2900 872 2978 aliquibus
886 2915 980 2976 aegre
995 2898 1180 2973 terentibus,
1196 2912 1311 2960 nomen

566 2997 628 3057 viri
650 2995 787 3058 doctrina
810 3001 841 3055 et
866 2994 980 3073 pietate
1001 2993 1174 3071 conspicui,
1199 2993 1231 3053 in
1254 2993 1312 3054 llo-

566 3104 658 3151 mano
670 3087 887 3167 Martyrologin
898 3085 992 3149 luisse
1003 3086 1216 3165 praeteritum.
1229 3085 1313 3146 Hanc

565 3181 811 3246 controversiam
822 3182 969 3243 intactam
980 3179 1116 3257 relinqui
1132 3194 1210 3240 nova
1226 3178 1311 3254 haec,

567 3293 660 3356 quam
685 3291 848 3350 curamus,
871 3274 964 3336 editio
987 3289 1050 3334 nou
1079 3273 1209 3351 patitur3
1240 3273 1312 3334 hinc

568 3386 677 3450 operae
699 3369 835 3448 pretium
857 3367 1016 3442 duximus,
1031 3366 1208 3444 apostolicas
1229 3366 1312 3428 inter

566 3463 789 3536 solicitudincs,
805 3461 919 3540 quibus
931 3461 1050 3522 assidue
1072 3474 1250 3536 gravamur,
1265 3475 1311 3521 se-

566 3558 639 3620 dulo
660 3555 831 3634 inquirere,
848 3554 994 3632 quidnam
1009 3567 1081 3616 cum
1092 3561 1226 3627 veteres,
1245 3560 1310 3614 turo

565 3659 706 3713 recentes
717 3647 915 3712 ecclesiastici
925 3647 1089 3726 scriptores
1100 3648 1138 3709 de
1150 3645 1312 3710 clemente

564 3742 894 3818 Alexand1·ino,cnius
914 3757 1035 3804 causam
1057 3741 1247 3802 tractandam
1262 3757 1311 3801 su·

563 3839 720 3918 scipimus,
745 3835 843 3900 literis
864 3834 1129 3912 consignaverint.

348 3935 472 3980 vernum
488 3935 545 3980 ¹011·
604 3949 659 3995 xx.
685 3930 768 3992 Vixit
791 3929 937 3992 Clemens
959 3928 1051 3989 tertio
1072 3925 1226 3989 Ecclesiae
1247 3943 1310 3990 sae·

328 3989 434 4086 ‘diiii'
447 3986 546 4086 ῗὲιῗιιῗὶ
564 4025 633 4088 culo
656 4024 800 4097 incrinte3
823 4029 1052 4098 praeceptorem
1074 4019 1169 4081 coluit
1183 4020 1310 4084 Pantae-

329 4093 544 4203 b³as¹⁰au⁰rbra⁶gifif¹¹'
563 4117 730 4194 num-qul
755 4115 884 4177 stoicam
909 4113 1128 4191 philosophiam
1156 4113 1310 4192 protessus

328 4219 331 4224 '
563 4219 621 4286 est,
643 4217 811 4287 antequam
825 4206 1008 4268 christianae
1026 4206 1170 4283 religioni
1192 4222 1309 4269 nomen

562 4306 659 4381 daret;
674 4301 860 4379 discipulum
872 4299 1164 4374 habuitOrigenem.
1179 4300 1310 4362 Alexan·

1370 2440 1438 2495 tum
1453 2433 1635 2510 producitur
1657 2432 1741 2494 inter
1760 2438 1903 2494 aeterum
1918 2435 2119 2511 scriptoram

1372 2524 1568 2596 testimonia,
1589 2541 1668 2603 quae
1691 2533 1766 2586 tora.
1786 2529 1803 2587 1
1828 2542 1957 2604 operum
1974 2527 2120 2590 clemen-

1371 2619 1408 2679 tis
1429 2617 1632 2702 Alexandrini
1653 2618 1798 2681 editionis
1827 2620 2010 2683 (laoniensis
2031 2635 2119 2700 prae-

1370 2711 1552 2783 mittuntur,
1570 2710 1634 2787 pari
1657 2709 1746 2773 laude
1762 2713 1957 2775 Clementem
1981 2714 2118 2776 Beatum

1369 2803 1511 2883 appellat.
1534 2802 1621 2866 blissa
1643 2803 1772 2867 iacimus
1793 2806 1904 2882 elogia,
1923 2806 2034 2884 quibus
2048 2806 2120 2870 Cle-

1369 2897 1484 2959 mentis
1510 2899 1650 2960 doctrina
1674 2900 1927 2977 commendatum
1957 2915 2029 2962 cum
2052 2916 2120 2961 om-

1370 2989 1459 3052 nium
1483 2990 1547 3052 loco
1568 3007 1635 3052 esse
1656 2993 1767 3069 possit,
1790 2994 1871 3070 qnod
1895 2991 2024 3056 Sanctus
2046 2993 2121 3055 ilie-

1369 3099 1521 3160 ronymus
1544 3082 1579 3144 in
1594 3082 1648 3147 lib.
1673 3083 1710 3145 de
1725 3084 1945 3162 Scriptaribus
1960 3084 2121 3149 Ecclesia-

1368 3177 1473 3246 sticis,
1496 3190 1563 3253 cap.
1582 3181 1639 3244 38,
1666 3178 1760 3256 ipsius
1783 3178 1952 3241 clementis
1973 3180 2119 3258 operibus

1370 3269 1490 3345 tribuit,
1515 3271 1556 3332 ita
1577 3271 1731 3333 scribens:
1756 3269 1925 3334 Feruntur
1944 3274 2014 3334 eius
2037 3273 2118 3336 insi·

1368 3363 1447 3442 gaia
1478 3363 1644 3426 volumina
1674 3365 1829 3442 plenaque
1861 3366 2058 3428 eruditionis
2087 3375 2119 3429 et

1369 3457 1580 3536 eloquentiae,
1614 3463 1679 3519 tone
1702 3458 1738 3519 de
1762 3457 1945 3536 Scripturas
1973 3461 2117 3532 Divinis,

1369 3567 1463 3630 quaen
1487 3551 1523 3613 de
1552 3551 1729 3614 saecularis
1761 3550 1958 3615 literaturae
1990 3555 2118 3616 instru-

1368 3645 1599 3718 inanimatio
1622 3645 1750 3722 epistola
1773 3648 1808 3708 ad
1836 3645 2000 3723 blagnum:
2033 3646 2118 3722 Quid

1367 3739 1403 3800 in
1424 3738 1493 3800 iltis
1510 3737 1694 3799 induetumt
1715 3739 1778 3798 imo
1799 3739 1876 3816 quid
1898 3756 1962 3801 non
1984 3741 2118 3805 emedia

1365 3832 1568 3912 philosophia
1589 3836 1657 3895 esti
2364 3833 2365 3878 t

1407 3943 1475 3989 ιιι.
1495 3927 1609 4000 Eadem
1624 3927 1700 4003 lere,
1713 3944 1792 4006 quae
1807 3936 1928 3990 veteres
1943 3928 2117 4008 Scriptores
2148 3951 2314 4016 accopulata

1367 4022 1405 4082 de
1421 4020 1591 4083 Clementis
1605 4022 1767 4082 sanctitate
1782 4019 1948 4096 affirmant,
1965 4029 2118 4099 repetunt
2135 4009 2275 4054 recensens.

1367 4116 1512 4175 authores
1525 4111 1757 4189 quamplurimi,
1774 4112 1828 4191 qui
1850 4114 2017 4176 recentiori
2038 4131 2115 4177 aevo

1366 4205 1557 4267 claruerunt.
1572 4203 1602 4264 ld
1615 4219 1689 4265 vero
1704 4205 1815 4282 cuique
1831 4214 2026 4284 compertum
2041 4209 2114 4284 erit,

1366 4299 1420 4377 qui
1449 4296 1589 4358 consulat
1624 4305 1696 4358 torn.
1727 4299 1752 4358 2
1784 4313 1915 4375 operum
1943 4300 2116 4363 Clementis

562 4398 669 4461 drinae
691 4393 835 4458 eeclesiae
856 4392 915 4454 luit
936 4391 1113 4471 presbyten
1135 4393 1240 4471 ibique
1261 4407 1309 4455 ce-

561 4487 745 4554 leberrimae
766 4489 906 4551 eiusdem
921 4486 1065 4548 ecclesiae
1085 4487 1204 4548 scholae
1223 4502 1310 4565 prae·

561 4586 631 4648 luit.
648 4583 799 4646 Eusebius
813 4580 975 4658 Pamphili,
988 4579 1040 4657 qui
1057 4579 1114 4641 suh
1129 4579 1230 4658 quarti
1245 4595 1308 4641 sae-

562 4678 623 4742 culi
645 4677 733 4738 initia
754 4675 872 4748 lloruit,
896 4671 950 4733 lib.
974 4671 996 4730 6
1018 4670 1182 4734 Historiae
1203 4669 1308 4732 Eccle-

561 4772 725 4838 siasticae,
748 4783 816 4844 cap.
837 4766 888 4838 14,
907 4763 994 4826 alicrt
1013 4764 1224 4840 fragmentum
1246 4768 1308 4844 epi·

560 4865 657 4927 stolae
668 4863 700 4926 S.
710 4860 876 4924 Alexandri
887 4858 1025 4937 Episcopi
1038 4858 1308 4936 hierosolymitani

561 4959 597 5020 ad
618 4958 785 5031 origenem
800 4953 942 5032 scriptae,
955 4952 987 5011 in
1009 4966 1068 5028 qna
1090 4947 1203 5012 Sancti
1217 4952 1307 5013 titulo

561 5050 707 5113 clemens
722 5048 868 5110 donatur:
893 5044 1008 5108 Patres
1021 5046 1237 5124 agnoscimus,
1260 5044 1307 5107 in-

1366 4389 1519 4470 praelatae
1541 4389 1683 4451 editionis
1704 4390 1900 4466 OxoniensiS,
1915 4407 1987 4472 pap.
2007 4393 2110 4467 2041,

1365 4486 1401 4546 in
1424 4483 1510 4545 natis
1540 4483 1581 4545 ad
1606 4499 1694 4545 narn.
1725 4488 1759 4556 8,
1785 4479 1859 4546 tarn.
1892 4488 1909 4547 1
1941 4485 2116 4550 Bibliothe-

1366 4595 1419 4640 cae
1433 4577 1700 4641 concionatoriae
1711 4580 1817 4655 patris
1832 4577 1979 4659 condetis
1994 4597 2065 4662 pap.
2077 4583 2111 4654 9,

1365 4679 1487 4749 patrem
1498 4670 1631 4733 Ruinart
1645 4670 1687 4733 ad
1701 4677 1776 4733 acta
1790 4672 1975 4749 Martyrum
1985 4691 2016 4754 p.
2030 4679 2109 4749 135,

1365 4771 1484 4842 patrem
1507 4765 1699 4826 Honoratum
1715 4780 1730 4824 a
1746 4764 1857 4828 Sancta
1871 4765 1962 4828 Maria
1985 4770 2016 4829 in
2040 4770 2113 4832 locis

1365 4857 1602 4936 quamplurimis
1624 4859 1736 4936 operis,
1753 4859 1803 4920 cui
1826 4859 1936 4922 titulus
1960 4862 2112 4924 Animad-

1364 4951 1521 5012 versiones
1550 4951 1585 5010 in
1617 4949 1756 5028 regulas,
1787 4958 1818 5012 et
1844 4967 1939 5013 usura
1969 4953 2109 5027 critices,

1365 5050 1484 5121 patrem
1516 5042 1696 5104 Aubrussell
1724 5043 1760 5104 de
1788 5042 1943 5108 abusibus
1971 5047 2113 5111 criticae

560 5143 640 5223 quit,
666 5143 777 5203 Beatos
800 5139 883 5210 illas,
906 5139 961 5217 qui
983 5139 1069 5200 aiant
1092 5133 1181 5200 nobis
1203 5140 1307 5214 praei.
1365 5142 1441 5198 tom.
1465 5138 1498 5208 2,
1524 5151 1597 5214 pap.
1621 5135 1674 5207 53,
1701 5134 1841 5200 Natalem
1864 5139 2112 5202 Alexandrinum

559 5241 676 5298 verunt
689 5276 803 5294 .....
828 5237 858 5294 et
875 5231 1031 5294 Sanctum
1052 5230 1240 5293 clementem
1255 5231 1306 5293 do·
1366 5233 1440 5288 tam.
1466 5232 1488 5289 3
1512 5228 1663 5290 editionis
1692 5228 1901 5304 Parisiensis,
1932 5247 2004 5311 pap.
2030 5230 2111 5303 30⁷,
2364 5291 2365 5306 χ

558 5329 685 5390 minata
698 5327 773 5386 item
787 5339 903 5395 neum,
920 5325 975 5402 qui
997 5339 1045 5383 nte
1055 5323 1236 5401 platinam
1251 5324 1306 5386 ad·
1365 5327 1484 5400 patrem
1508 5320 1704 5384 Calmetlib.
1731 5322 1776 5383 66
1797 5324 1961 5388 Historiae
1983 5327 2113 5387 univer.

559 5423 657 5483 invit.
672 5418 802 5483 Sanctus
813 5417 1020 5495 Hieronymus
1032 5417 1067 5478 in
1079 5414 1159 5478 libro
1172 5417 1207 5478 de
1221 5413 1308 5478 Scri·
1362 5415 1454 5485 salis,
1480 5417 1554 5474 tarn.
1574 5414 1605 5486 5,
1629 5429 1701 5495 pag.
1719 5417 1768 5478 72
1783 5423 1814 5478 et
1828 5433 1918 5496 seqq,
1937 5435 2028 5480 num,
2043 5418 2112 5481 106

557 5513 706 5594 ptoribus
727 5509 976 5580 Ecclesiasticis,
999 5525 1094 5588 quem
1115 5510 1306 5572 circafinem
1363 5513 1393 5568 et
1416 5522 1505 5568 naen.
1532 5507 1610 5568 109.
2150 5591 2152 5596 ἲ

557 5607 671 5669 saeculi
702 5605 805 5684 quarti
836 5602 1044 5678 elucubravit,
1072 5601 1137 5664 lere
1166 5605 1306 5680 geminas
1403 5615 1483 5662 xxn.
1501 5601 1661 5664 Praeterea
1682 5601 1715 5662 in
1736 5601 1958 5682 Martyrolngio
1980 5604 2111 5668 Usuardi
2161 5623 2210 5669 uer
2258 5617 2311 5674 tanta
2364 5599 2365 5668 l

557 5699 698 5776 congerit
710 5698 815 5761 laudes
829 5697 868 5758 ab
882 5698 988 5759 eodem
1003 5697 1115 5759 Sancto
1130 5695 1305 5757 Alexandro
1363 5703 1471 5772 quarta
1483 5694 1653 5756 decembris
1664 5695 1713 5756 die
1726 5696 1860 5757 occurrit
1872 5698 2020 5760 memoria
2036 5697 2110 5762 San·
2128 5674 2310 5776 ffl'rb'bffid

559 5791 713 5856 clementi
728 5791 858 5854 tributas
872 5791 957 5853 hisce
971 5789 1191 5872 verbisallaee
1205 5786 1303 5861 vobis,
1362 5787 1403 5851 cti
1425 5786 1605 5864 clementis,
1628 5789 1765 5850 ciusdem
1787 5788 1903 5852 scilicet
1926 5791 2109 5870 clementis,
2127 5780 2310 5886 fl¹¹¹¹¹¹⁸·⁶¹⁰ffl⁰¹¹·
2364 5797 2365 5828 ι

558 5884 678 5948 domini
701 5902 739 5947 ac
760 5886 894 5966 fratres,
910 5883 1035 5960 scripta
1058 5881 1226 5946 transmisi
1248 5897 1304 5959 per
1362 5883 1400 5945 de
1427 5897 1488 5960 quo
1517 5880 1666 5959 loquitur.
1700 5881 1777 5946 Huic
1803 5881 2021 5963 llartyrologio
2043 5885 2110 5950 addi
2160 5837 2243 5885 tavena,
