4798 6978
342 578 441 642 ano.
463 575 532 641 1333
580 575 639 651 hil
2137 583 2235 640 xlc.
2264 579 2345 637 1333

561 733 662 787 strum
691 724 727 786 ad
758 724 815 785 hoc
846 722 1056 797 conferamus,
1088 738 1149 801 quo
1182 720 1306 798 longius

561 835 577 880 3
599 817 688 882 nobis
715 815 858 896 regiones
884 817 951 878 illas
975 816 1078 880 abesse
1100 830 1163 877 non
1186 815 1307 892 ignora·

562 926 641 974 mus.

1077 591 1143 649 133.
1167 593 1258 651 noda.
1282 600 1322 649 otc
1343 595 1372 648 a.
1397 597 1425 650 3.
1451 600 1532 650 raus
1555 597 1576 646 1.

1363 721 1413 797 lia,
1436 739 1508 785 cum
1529 723 1621 786 sacris
1641 723 1722 787 Oleis
1750 723 1879 789 omnino
1898 721 1936 782 ab
1959 721 2108 800 Episcopo

1362 818 1544 882 benedictis.

1403 913 1471 988 52.
1495 913 1602 989 Porro,
1625 931 1716 990 cram,
1746 913 1824 976 sicut
1853 913 1967 992 pariter
1995 911 2107 991 accepi·
2142 919 2354 1018 gmllffius‘iff

1363 1021 1443 1080 mus,
1467 1005 1588 1068 casdem
1616 1006 1744 1068 omnino
1773 1007 1944 1068 occasiones
1970 1005 2109 1068 eosdem·
2125 981 2354 1084 ῗιιιιῖἓᾶῒτῖἓῑοῖ

1363 1115 1423 1177 que
1444 1115 1568 1178 prorsus
1590 1117 1686 1176 casus,
1704 1101 1736 1162 iu
1758 1101 1836 1175 istis,
1852 1098 1884 1162 iu
1907 1099 2017 1177 quibus
2039 1115 2108 1162 mu·
2125 1088 2178 1124 ¹¹⁰⁸·

370 1002 542 1048 130113330-
601 1005 620 1078 ἓ
643 1003 669 1065 l.
693 1002 843 1079 Quoniam
865 1010 970 1066 autem
993 1019 1055 1066 non
1077 1003 1144 1064 sine
1166 999 1306 1077 gravissi·

331 1057 445 1102 rumdam
460 1055 543 1110 dispo-

330 1111 390 1157 sauo
424 1119 543 1156 recense·
562 1113 610 1159 ma
635 1096 784 1175 pontificii
813 1096 910 1158 animi
939 1095 1038 1158 nostri
1064 1094 1202 1156 molestia
1233 1099 1306 1154 tunc

330 1165 380 1210 333.

560 1205 786 1269 acceperamus,
809 1189 943 1268 aliquem
964 1188 1079 1252 scilicet
1094 1204 1132 1249 ex
1147 1187 1305 1249 indiarum

561 1285 767 1349 Orientalium
789 1281 970 1362 Apostolicis
991 1278 1120 1344 llicariis
1142 1279 1304 1360 episcopali

563 1381 654 1444 titulo
676 1387 706 1442 33
727 1379 902 1443 charactere
930 1377 1134 1454 insignitum,
1157 1375 1209 1436 sed
1237 1374 1305 1435 sine

560 1476 738 1537 coadiutore
764 1490 836 1535 cum
857 1472 961 1535 futura
989 1469 1200 1543 successione,
1223 1467 1304 1529 viam

563 1569 725 1631 universae
747 1567 847 1630 carnis
871 1567 1059 1643 ingressum,
1081 1565 1116 1626 ad
1139 1560 1305 1640 repositam

560 1663 593 1723 in
614 1662 706 1724 coelis
720 1675 868 1724 coronam
883 1659 1054 1738 apostolicis
1070 1656 1223 1719 laboribus
1239 1671 1304 1732 par·

562 1764 625 1818 tam
645 1754 792 1830 evolasse,
805 1771 837 1815 ac
859 1753 1032 1827 neminem,
1049 1751 1101 1830 qui
1117 1747 1304 1812 ordinariam

561 1865 615 1928 pro
636 1849 784 1910 defuncto
799 1847 918 1911 Vicario
933 1845 1106 1924 apostolico
1121 1842 1305 1907 iurisdictio·

561 1959 634 2006 nem
661 1951 835 2017 exerceret,
858 1950 1020 2021 repertum
1046 1951 1099 2003 aut
1120 1939 1304 2016 deputatum

560 2038 669 2114 fuisse;
691 2045 853 2114 eapropter
881 2035 1026 2097 omnibus
1048 2043 1078 2094 et
1099 2031 1231 2110 singulis
1254 2029 1306 2092 Vi-

560 2130 650 2192 cariis
665 2129 846 2207 Apostolicis
867 2127 1041 2190 huiusmodi
1058 2124 1253 2188 iniunximus
1274 2132 1305 2185 et

561 2221 785 2296 mandavimus,
798 2221 896 2300 utqui
910 2209 1011 2298 neque
1023 2219 1207 2297 Episcopum
1219 2215 1304 2278 cood-

561 2317 697 2379 iutorem
724 2331 795 2378 cum
827 2314 932 2376 futura
962 2313 1171 2386 successione,
1201 2326 1305 2388 neque

561 2408 718 2472 llicarium
747 2425 784 2470 ex
807 2407 889 2470 clero
909 2407 976 2468 sive
1003 2406 1148 2468 saeculari
1170 2405 1236 2466 sive
1259 2419 1306 2464 re-

462 2565 465 2572 .
561 2502 661 2580 gulari
687 2502 865 2580 generalem
891 2501 1059 2575 baberent,
1083 2501 1185 2562 statim
1213 2505 1304 2578 atque

560 2597 594 2658 ad
618 2611 877 2674 unumquemque
899 2609 1006 2657 eorum
1034 2593 1163 2655 aliarum
1186 2602 1304 2654 nostra-

559 2708 631 2754 rum
653 2692 685 2752 iu
707 2690 800 2752 simili
822 2688 919 2750 forma
942 2689 1048 2750 Brevis
1070 2689 1303 2764 desuperexpe-

560 2785 695 2847 ditarum
719 2783 878 2846 literarum
905 2791 988 2844 certa
1011 2781 1118 2844 notitia
1147 2779 1304 2858 pervenis·

559 2886 617 2954 set,
633 2879 817 2955 deputarent
832 2875 989 2938 llicarium
1005 2891 1043 2936 ex
1058 2874 1141 2938 clero
1161 2873 1227 2934 sive
1241 2887 1307 2933 sae-

560 2971 656 3035 culari
677 2972 743 3033 sive
764 2970 911 3047 regulari,
928 2969 1063 3031 habilem
1086 2976 1191 3030 tamen
1213 2973 1304 3044 atque

561 3067 719 3140 idoneum,
742 3064 807 3142 qui,
829 3063 995 3124 eveniente
1019 3061 1156 3124 cuiusvis
1176 3061 1304 3139 Aposto-

560 3157 611 3220 lici
633 3157 746 3219 llicarii
759 3158 828 3219 sine
843 3157 1021 3218 coadiutcre
1032 3171 1103 3218 cum
1119 3154 1222 3217 futura
1237 3171 1305 3214 suc-

559 3252 697 3314 cessione
717 3251 816 3323 obitu,
840 3257 987 3328 tanquam
1009 3248 1198 3326 apostoticae
1213 3247 1304 3308 huius

560 3343 688 3408 Sanctae
700 3344 786 3409 Sedis
796 3343 964 3420 delegatus,
979 3349 1139 3403 teneretur·
1149 3356 1304 3403 assumere

559 3448 591 3503 et
612 3439 698 3501 obire
720 3437 860 3514 regimen
883 3443 914 3497 et
935 3435 1124 3512 gubernium
1148 3433 1304 3514 apostolici

561 3533 735 3608 vicariatus,
756 3531 912 3608 usquead
938 3537 1056 3607 captam
1078 3528 1215 3590 eiusdem
1237 3545 1307 3606 apo-

559 3627 658 3688 stolici
687 3625 849 3687 vicariatus
879 3622 1055 3684 huiusmodi
1082 3623 1305 3700 possessionem

560 3735 679 3781 anovo
702 3716 822 3779 vicario
853 3713 1042 3793 Apostolico,
1072 3731 1165 3793 quem
1196 3716 1304 3776 eadem

561 3811 633 3874 haec
654 3811 763 3874 Sancta
786 3808 887 3872 Sedes
900 3807 1121 3881 constituisset,
1139 3814 1191 3868 aut
1207 3823 1304 3885 usque

559 3906 594 3968 ad
616 3919 844 3984 quamcumque
859 3901 948 3963 aliam
970 3901 1007 3963 ab
1023 3901 1084 3979 ipsa
1100 3901 1210 3964 Sancta
1226 3900 1303 3962 Sede

558 3997 727 4060 ineundam
742 3997 980 4058 ordinationem.
1005 3995 1099 4056 Porro
1113 3994 1232 4058 vicario
1246 3994 1303 4056 Ge-

560 4093 658 4155 nerali
680 4091 857 4153 huiusmodi
879 4105 934 4169 per
960 4089 1173 4167 apostolicum
1193 4104 1303 4167 quem-

559 4202 693 4264 cumque
715 4183 872 4247 vicarium
892 4183 962 4255 sihi,
976 4192 1010 4245 ut
1032 4183 1300 4261 praemittebatur,

558 4279 744 4358 deputando,
766 4293 823 4339 nos
845 4277 1037 4338 laudatarum
1065 4281 1245 4338 nostrarum
1269 4274 1302 4336 li·

558 4381 696 4436 terarum
713 4379 830 4445 333333,
846 4368 1007 4448 apostolica
1022 4370 1214 4444 auctoritate,
1230 4385 1301 4431 333-

557 4466 704 4528 cessimus
725 4471 755 4526 et
780 4464 946 4525 tribuimus
974 4479 1083 4524 omnes
1110 4472 1142 4524 33
1162 4463 1302 4540 singulas

557 4558 714 4620 facultates
736 4557 891 4634 perpetuis
903 4555 1017 4617 futuris
1038 4557 1230 4635 temporibus
1252 4573 1301 4618 va·

557 4651 677 4719 lituras,
694 4665 772 4728 quae
788 4648 917 4711 Vicariis
932 4648 1150 4728 capitularibus
1165 4650 1302 4712 cuiusvis

557 4745 738 4808 cathedralis
760 4743 915 4817 ecclcsiae,
940 4744 1011 4805 sede
1036 4750 1174 4818 vacante,
1202 4743 1301 4806 inesse

556 4845 588 4901 et
609 4839 647 4901 de
667 4839 736 4900 iure
756 4845 931 4916 competere
952 4837 1189 4913 dignoscuntur.
1213 4836 1301 4900 Prae-

558 4941 640 4996 terea
660 4931 761 4994 eidem
784 4929 904 4994 Vicario
925 4930 1082 5006 generali,
1106 4937 1173 5009 post
1196 4939 1300 4994 tamen

557 5025 722 5106 3333131133
744 5023 859 5087 Vicarii
880 5024 1019 5099 obitum,
1042 5024 1249 5088 concessimus
1270 5035 1302 5088 et

557 5119 706 5198 impertiti
721 5117 837 5180 fuimus
849 5135 941 5180 usum
953 5124 983 5180 et
994 5117 1178 5180 exercitium
1194 5135 1301 5182 earum

557 5212 747 5290 facultatum,
775 5213 888 5291 quibus
910 5211 1055 5275 utebatur
1077 5219 1106 5274 et
1137 5211 1299 5290 gaudebat,

557 5309 632 5368 dum
654 5308 786 5382 viveret,
809 5303 973 5368 defunctus
995 5305 1187 5384 Apostolicus
1206 5305 1302 5384 ¹Vica-

557 5400 622 5462 rius
636 5401 822 5481 Episcopum
838 5388 874 5460 iis
886 5400 1045 5462 dumtaxat
1060 5399 1207 5478 exceptis,
1223 5417 1301 5480 quae

557 5495 724 5571 requirunt
745 5493 887 5556 ordinem
906 5501 936 5554 et
958 5491 1165 5554 characterem
1185 5496 1301 5572 episco-

557 5587 670 5666 palem,
684 5587 733 5648 vel
745 5603 809 5649 uon
825 5587 893 5648 sine
906 5601 1066 5648 sacrorum
1082 5585 1228 5648 Oleorum
1242 5603 1302 5648 usu

557 5689 752 5744 exercentur.
769 5681 1033 5757 Quandocumque
1048 5695 1122 5740 vero
1138 5681 1302 5742 necessitas

557 5784 695 5850 urgeret,
717 5775 887 5854 saepedicto
916 5771 1035 5835 Vicario
1058 5774 1195 5850 generali
1216 5781 1302 5853 pote-

556 5875 667 5928 statem
688 5868 781 5930 ctiam
802 5866 987 5932 indulsimus
1009 5875 1040 5928 et
1061 5867 1213 5944 dedimus,
1229 5885 1301 5931 con·

556 5962 692 6031 1333333
715 5961 834 6040 calices,
850 5973 975 6044 patenas
997 5970 1027 6024 et
1048 5962 1154 6024 altaria
1175 5965 1300 6042 portati-

1362 1209 1421 1255 nus
1443 1192 1530 1254 vobis
1551 1194 1772 1258 demandatum
1792 1193 1959 1271 adimplere
1980 1203 2107 1256 conten-

1362 1285 1443 1361 ditis,
1472 1287 1650 1364 regiouibus
1682 1289 1835 1364 accidere,
1865 1296 1958 1366 atque
1979 1289 2106 1351 insimul

1362 1380 1492 1460 reperiri
1513 1381 1666 1460 aliquibus
1689 1382 1720 1444 in
1743 1383 1816 1446 locis
1838 1383 2007 1446 nonnullos
2028 1385 2105 1462 333-

1361 1472 1483 1536 stolicos
1505 1474 1642 1536 Vicarios
1667 1475 1749 1539 haud
1772 1476 1933 1555 episcopali
1963 1475 2053 1538 titulo
2075 1483 2107 1537 et

1362 1566 1536 1628 charactere
1564 1569 1745 1644 insignitos,
1767 1571 1820 1632 sed
1847 1586 1902 1648 per
1930 1569 2107 1647 apostolicas

1361 1659 1521 1722 dumtaxat
1542 1661 1644 1723 literas
1664 1663 1731 1725 sive
1751 1662 1809 1724 sub
1830 1662 1970 1740 plumbo,
1992 1662 2106 1724 sivein

1360 1751 1454 1814 simili
1476 1753 1574 1817 forma
1596 1755 1704 1816 Brevis
1725 1755 1893 1833 expeditas,
1917 1771 1973 1833 pro
1994 1754 2107 1818 Vicarii

1361 1847 1465 1925 hpost.
1488 1848 1667 1912 huiusmodi
1688 1849 1789 1912 officio
1803 1849 2001 1926 defungendo
2015 1849 2107 1913 desti-

1362 1949 1459 2014 natos,
1477 1947 1602 2018 propter
1623 1957 1757 2021 quorum
1774 1934 1894 2004 obitum
1910 1942 2017 2004 eadem
2031 1958 2106 2021 quo·

1360 2048 1421 2109 que
1444 2043 1600 2096 momenta
1625 2051 1735 2111 urgere
1757 2043 1895 2113 possunt.
1921 2035 1961 2097 Ea
1981 2042 2107 2113 propter

1361 2125 1480 2186 easalem
1502 2127 1692 2206 provisiones
1713 2136 1744 2189 et
1765 2128 1936 2203 facultates,
1958 2136 2105 2205 utsupra

1360 2233 1517 2296 expressas
1539 2227 1569 2282 33
1591 2235 1647 2298 333
1672 2220 1764 2283 indiis
1788 2221 1994 2285 Orientalibus
2015 2221 2106 2283 initas

1361 2315 1391 2371 33
1406 2326 1572 2388 concessas,
1587 2314 1646 2376 sub
1662 2314 1769 2376 iisdem
1792 2313 1882 2376 modo
1904 2323 1935 2378 et
1950 2314 2059 2390 forma,
2075 2321 2106 2375 et

1361 2420 1424 2466 333
1446 2405 1547 2480 aliter,
1569 2407 1767 2470 extendimus
1788 2409 1823 2470 ad
1845 2423 1954 2470 omnes
1977 2409 2106 2470 istarum

1360 2499 1525 2574 regionum
1548 2500 1736 2580 Apostolicos
1758 2501 1893 2565 vicarios
1920 2501 1985 2564 sive
2015 2501 2106 2563 titulo

1360 2599 1390 2652 et
1411 2593 1587 2656 charactere
1608 2595 1770 2674 episcopali
1793 2596 1968 2672 insignitos,
1981 2595 2047 2656 sive
2060 2611 2106 2656 sa-

1360 2686 1505 2748 cerdotali
1528 2689 1687 2749 dumtaxat
1703 2689 1855 2765 dignitate
1869 2689 2038 2766 praeditos;
2062 2697 2107 2750 at-

1360 2796 1421 2857 que
1442 2779 1524 2841 bisce
1538 2781 1664 2858 quidem
1679 2781 1897 2862 sacerdotibus,
1915 2782 1954 2843 ita
1971 2789 2005 2844 ut
2020 2797 2106 2860 prae-

1360 2873 1506 2947 mittitur,
1523 2873 1704 2950 Apestolicis
1720 2873 1859 2950 vicariis,
1873 2875 1987 2952 pariter·
2003 2875 2106 2938 iniun-

1361 2964 1462 3040 gimus
1484 2975 1515 3027 et
1536 2965 1729 3042 mandamus,
1745 2974 1779 3027 ut
1802 2969 2025 3046 unusquisque,
2041 2983 2107 3029 me-

1360 3073 1428 3118 mor
1450 3059 1648 3121 resolutionis
1675 3075 1765 3134 suae,
1789 3067 1932 3122 teneatur
1957 3059 2106 3139 deputare

1362 3151 1607 3229 Pro-Vicarium,
1631 3153 1765 3215 habilem
1797 3161 1901 3216 tamen
1928 3163 2021 3233 atque
2042 3155 2107 3216 ido-

1361 3261 1468 3320 neum,
1481 3246 1535 3324 qui
1557 3252 1624 3324 post
1645 3245 1795 3323 cuiusque
1816 3244 1935 3308 obitum
1951 3263 2105 3309 assumere

1360 3337 1466 3400 debeat
1487 3339 1629 3416 regimen
1653 3341 1814 3401 vicariatus
1830 3339 1996 3418 apostolici,
2013 3349 2106 3420 atque

1360 3430 1392 3493 in
1413 3431 1553 3494 eiusdem
1571 3433 1734 3494 vicariatus
1756 3449 1887 3496 munere
1909 3449 2104 3512 permanere,

1360 3532 1390 3584 et
1404 3540 1476 3586 cum
1493 3541 1549 3587 usu
1561 3541 1669 3587 earum
1682 3527 1897 3588 tautummodo
1909 3525 2103 3601 facultatum,

1359 3619 1471 3696 quibus
1493 3618 1648 3694 utebatur,
1665 3617 1825 3682 fruebatur
1839 3629 1872 3682 et
1887 3621 2038 3696 gaudebat
2053 3621 2106 3684 de

1359 3711 1485 3774 functus
1506 3710 1655 3789 vicarius,
1678 3713 1854 3775 adlaborare
1875 3713 1994 3788 debeat,
2007 3715 2105 3776 donec

1358 3813 1390 3866 et
1410 3821 1572 3884 quousque
1594 3807 1898 3884 novustlpostolicus
1917 3805 2052 3870 licerius
2067 3809 2105 3869 ab

1359 3899 1531 3976 apostolica
1571 3901 1624 3960 hac
1656 3897 1765 3962 Sancta
1797 3899 1878 3962 Sede
1908 3899 2103 3977 designatus,

1359 3992 1454 4070 ipsius
1476 3992 1640 4055 vicariatus
1662 3995 1885 4072 possessionem
1906 4003 1938 4056 33
1961 3995 2102 4072 regimen

1358 4085 1478 4147 adierit.

1398 4177 1416 4251 ἓ
1438 4179 1467 4240 3.
1492 4179 1660 4256 Praeterea,
1685 4196 1757 4242 cum
1779 4189 1973 4260 compertum
1999 4182 2103 4262 explo-
2135 4195 2342 4260 3333333333-

1358 4281 1523 4351 ratumque
1545 4289 1645 4352 nuper
1666 4274 1771 4349 fuerit,
1785 4275 1817 4336 in
1833 4275 1990 4348 Hibernia,
2012 4275 2103 4338 hiba-
2121 4247 2344 4360 ὲῗῗὲἐιθξῗξῃξῖ

1358 4366 1420 4440 nia,
1443 4367 1637 4442 llacedouia,
1661 4365 1786 4444 Servia,
1809 4367 1968 4446 Bulgaria,
1990 4370 2102 4434 insulis
2121 4355 2343 4456 ffssd⁰⁰⁸¹⁰bf²ff
2396 4387 2397 4458 ]

1358 4461 1450 4522 auaris
1472 4461 1577 4538 Egaei,
1600 4461 1734 4538 Perside,
1750 4461 1966 4540 Mesopotamia
1980 4463 2102 4545 (quem-

1356 4557 1522 4618 admodum
1538 4556 1609 4617 alibi
1624 4556 1750 4618 fortasse
1766 4555 1952 4636 reperiatur)
1971 4559 2103 4637 reperiri
2133 4565 2135 4568 ’

1357 4649 1475 4728 aliquos
1503 4650 1694 4712 venerabiles
1716 4651 1825 4712 fratres
1852 4652 2102 4732 archiepiscopos

1357 4752 1388 4804 33
1404 4743 1907 4822 1133333333133333130331333133
1922 4753 1953 4808 et
1968 4747 2103 4808 residen-

1358 4836 1456 4912 tiales,
1478 4853 1612 4915 quorum
1640 4836 1756 4915 aliquot
1778 4837 1903 4916 quidem
1931 4839 2102 4918 capitulum

1357 4931 1577 4992 canonicorum
1587 4929 1712 5005 habent,
1729 4930 1847 5008 aliquot
1861 4947 1937 4994 vero
1952 4933 2104 4995 eiusmodi

1357 5023 1575 5085 canonicorum
1586 5022 1721 5100 capitulo
1731 5021 1962 5102 destituuntur3
1979 5026 2102 5101 idcirco,

1357 5123 1466 5178 tenore
1486 5125 1517 5178 et
1545 5115 1726 5178 auctoritate
1757 5119 1898 5195 paribus,
1923 5120 2101 5198 statuimus,

1358 5210 1596 5290 praescribimus
1616 5219 1647 5272 33
1663 5210 1857 5288 mandamus,
1874 5221 1920 5288 ut,
1937 5215 2103 5278 eveniente

1357 5306 1522 5368 cuiuslibet
1544 5305 1697 5367 antistitis
1719 5305 1897 5369 huiusmodi
1919 5306 2022 5384 obitu,
2043 5319 2103 5372 sta·

1357 5399 1415 5461 tim
1436 5401 1621 5478 procedatur
1645 5401 1682 5462 ad
1709 5400 1895 5462 electionem
1923 5403 2036 5465 vicarii
2057 5424 2103 5470 ca-

1358 5493 1512 5572 pitularis,
1536 5494 1621 5556 iuxta
1650 5509 1786 5570 murem,
1811 5512 1902 5558 usum
1923 5506 1955 5560 et
1976 5515 2104 5564 consue·

1359 5588 1501 5650 tudinem
1523 5589 1671 5652 hactenus
1683 5599 1852 5667 servatam;
1868 5593 2032 5670 nimirum,
2049 5597 2102 5657 ubi

1358 5682 1578 5744 canonicorum
1600 5684 1770 5761 capitulum
1793 5685 1899 5762 fuerit,
1915 5687 1967 5748 vel
1981 5705 1996 5749 3
2011 5706 2102 5752 3333-

1357 5775 1435 5837 uicis
1462 5774 1639 5853 dumtaxat,
1662 5778 1688 5840 si
1708 5778 1751 5839 ita
1772 5778 1805 5840 in
1828 5795 1915 5840 more
1941 5781 2001 5843 iam
2022 5785 2102 5861 posi-

1358 5879 1425 5932 tum
1446 5877 1668 5950 servatumque
1689 5870 1758 5947 fuit,
1775 5873 1825 5934 vel
1840 5891 1855 5934 a
1871 5875 2101 5938 canonicisque

1358 5984 1431 6030 cum
1452 5965 1519 6028 aliis
1540 5965 1749 6030 ecclesiasticis
1771 5968 1857 6044 viris,
1875 5984 1952 6050 quos
1973 5969 2005 6031 iu
2028 5972 2101 6036 casi-
