4856 6984
51 540 106 591 An.
121 541 157 594 ⁰·
182 543 255 597 1752
918 562 1113 608 euhemerus
1137 563 1201 608 xrv.
1754 545 1811 608 tet
1861 542 1914 596 An.
1930 545 1959 596 0·
1981 545 2048 596 1752

287 693 363 741 nem
379 695 449 741 cum
464 681 601 752 Romana
616 682 749 746 Ecclesia
764 681 948 744 habentibus
963 697 1032 742 era·

287 778 336 836 cte
357 774 526 852 peragitur,
548 776 614 838 sive
635 777 785 852 omiserit,
798 773 864 838 sive
884 777 1033 839 detrecta-

288 866 379 928 verit.

52 969 167 1030 senuas
186 972 269 1016 trans-
330 961 499 1041 Eapropter
519 979 575 1024 nos
597 965 721 1044 quippe,
734 964 786 1043 qui
810 964 841 1025 iu
865 963 957 1024 rebus
971 963 1034 1024 his·

38 1023 269 1139 ῗὲὲῗῖἓὲῗῑῖῗ
289 1071 324 1116 ce
344 1055 383 1117 ob
406 1064 449 1118 tot
471 1054 656 1118 voluminaa
672 1058 760 1120 nobis
781 1057 860 1119 edita
883 1072 945 1117 non
968 1071 1033 1117 me-

40 1135 248 1176 ¹¹¹⁰¹¹³³¹³¹¹¹¹¹¹¹·
289 1148 432 1210 diocriter
452 1150 565 1210 versati
593 1165 711 1224 sumus,
734 1157 764 1212 et
787 1151 881 1228 probe
907 1155 1032 1228 propter

289 1241 431 1302 omnium
443 1241 637 1305 saeculorum
649 1244 832 1304 memoriam
844 1243 957 1304 scimus
969 1259 1031 1304 non

1087 681 1166 742 risa
1192 697 1348 760 quoquam
1376 697 1572 760 quacumque
1597 681 1779 744 auctoritate
1800 689 1831 744 et

1088 773 1237 850 dignitate
1258 773 1394 853 praedito
1423 775 1552 836 retineri
1584 774 1633 836 rel
1663 775 1724 851 legi
1747 782 1830 837 veta-

1087 884 1169 944 mus,
1198 873 1291 946 atque
1312 885 1366 948 per
1386 867 1611 930 fraternitatem
1640 873 1725 931 tuam
1751 868 1830 930 hanc

1088 969 1225 1023 nostram
1246 962 1488 1041 prohibitionem
1517 970 1622 1024 notam
1648 961 1715 1023 fieri
1744 961 1831 1024 volu-

1088 1069 1157 1116 mus
1178 1062 1209 1116 et
1231 1055 1383 1118 iubemus.

1129 1149 1276 1211 Ceterum
1297 1165 1353 1210 nos
1375 1149 1509 1228 amplius
1523 1166 1578 1228 pro
1594 1149 1685 1224 votis,
1707 1151 1830 1212 manda·
1863 1158 2024 1220 patriarchae
2037 1170 2062 1204 o·

1089 1241 1125 1302 tis
1147 1242 1377 1320 praeceptisque
1400 1243 1512 1304 nostris
1534 1261 1547 1303 a
1571 1241 1763 1304 fraternitate
1780 1253 1829 1305 tua
1849 1212 2005 1312 &partenium
2023 1223 2063 1258 ³³·

290 1339 351 1396 tam
372 1333 469 1395 illatas
486 1335 517 1396 in
532 1336 712 1398 catholicam
728 1335 896 1398 Ecclesiam
912 1336 948 1398 ab
963 1336 1032 1396 hae·

289 1428 392 1490 reticis
407 1436 438 1488 et
452 1428 653 1490 schismaticis
675 1429 852 1504 calumnias,
876 1445 968 1507 quam
985 1445 1033 1490 oc-

288 1520 471 1584 cultissimas
501 1522 649 1600 principis
673 1522 869 1584 tenebrarum
898 1522 1029 1596 fraudes,

289 1615 398 1693 quibus
420 1621 450 1676 et
470 1616 661 1694 sapientibus
676 1623 707 1678 et
725 1616 941 1693 insipientibus
963 1615 1031 1677 illu·

289 1707 372 1781 dere,
395 1715 426 1769 et
447 1709 653 1770 sanctissimos
679 1710 843 1788 utriusque
867 1725 958 1769 serus
979 1709 1032 1770 ho

290 1801 387 1863 mines
409 1800 561 1879 impetere
576 1809 606 1862 et
621 1802 747 1878 aggredi
762 1803 923 1864 consuevit
938 1809 969 1862 et
984 1803 1032 1863 ad·
1059 1867 1061 1883 .

288 1895 415 1969 nititur,
445 1895 606 1973 cupientes
627 1903 680 1969 ut,
703 1911 736 1956 ea
762 1911 821 1973 qua
853 1897 940 1957 decet
961 1910 1032 1972 pro-

288 1989 402 2061 dentia,
426 1986 641 2062 dissentiones
658 1988 778 2050 dissidia
800 1997 831 2049 et
851 1988 960 2050 turbae
980 2004 1032 2049 an-

289 2081 417 2143 tedictae
446 2081 589 2143 emedio
619 2080 783 2156 tollantur,
813 2087 845 2142 et
871 2082 975 2143 omnia
997 2083 1031 2142 ad

288 2172 450 2252 pristinam
480 2175 688 2249 concordiam,
721 2174 980 2252 tranquillitatem
1003 2181 1033 2236 et

288 2267 486 2328 christianam
508 2282 612 2344 pacem
634 2275 872 2345 componantur,
893 2275 934 2343 te,
959 2283 1029 2328 ven.

288 2359 391 2434 frater,
415 2373 580 2421 monemus
596 2367 627 2420 et
641 2359 852 2433 adhortamur,
869 2365 961 2438 atque
974 2359 1033 2420 ira-

290 2451 425 2513 ternitati
449 2461 518 2513 tuae
539 2454 732 2526 mandamus,
751 2461 784 2513 ut
806 2453 945 2530 primum
966 2452 1033 2530 qui·

288 2544 358 2605 dem
379 2545 477 2623 ipsam
499 2545 620 2606 Annam
636 2533 746 2620 ligem'i
767 2545 801 2604 ad
818 2546 900 2606 aliud
917 2547 1033 2606 monia-

289 2637 362 2698 lium
382 2638 605 2700 monasterium
623 2636 797 2712 transferas
816 2638 847 2699 in
864 2653 962 2715 eoque
976 2637 1034 2699 sub

289 2729 388 2792 debita
408 2731 627 2809 superiorissac
642 2738 672 2791 et
695 2731 871 2809 praesulum
895 2731 1032 2793 eiusdem

289 2825 476 2898 obedientia,
510 2825 595 2885 iuxta
628 2824 710 2901 leges
731 2832 763 2886 et
793 2826 1033 2886 constitutiones

289 2918 427 2979 eiusdem
449 2918 640 2994 monasterii,
664 2919 790 2994 vivere,
814 2926 918 2980 nostra
939 2919 1032 2982 etiam

288 3009 449 3088 apostolica
471 3010 653 3072 auctoritate
667 3011 833 3090 praecipias
849 3017 879 3072 et
894 3011 1031 3073 mandes.

290 3103 348 3165 llac
363 3104 450 3164 enim
468 3104 589 3165 ratione
604 3104 732 3182 planutn
755 3106 821 3166 fieri
836 3105 1032 3178 confidimus,

290 3207 324 3260 ut
344 3197 606 3275 quemadmodum
628 3198 710 3260 filius
729 3198 874 3260 obediens
897 3199 1034 3277 loquitur

289 3291 441 3365 victorias,
458 3291 499 3351 ita
516 3299 659 3352 nontam
682 3292 843 3352 uictoriam
858 3293 896 3353 de
910 3308 942 3352 se
959 3293 1032 3370 ipsa,

289 3386 420 3459 mundo,
443 3400 535 3446 carne
557 3391 588 3446 et
616 3384 778 3446 daemonio
805 3395 963 3464 reportare
984 3403 1034 3446 va-

290 3476 359 3552 leat,
381 3493 475 3555 quam
501 3493 608 3539 reram
637 3479 759 3540 laudem
782 3489 850 3557 post
880 3479 976 3540 vitatn
998 3479 1035 3542 ab

289 3569 468 3632 hominibus
489 3572 631 3650 recipiat:
656 3572 709 3632 illo
725 3572 812 3632 enim
828 3577 968 3649 tempore
983 3588 1034 3650 po-

291 3663 442 3724 tissimum
456 3664 565 3725 merita
581 3665 750 3726 sanctitatis
762 3664 938 3728 extollenda
949 3674 1034 3740 sunt,

289 3759 410 3835 quando
431 3772 489 3817 nec
519 3755 696 3818 laudantem
719 3757 869 3832 adulatio,
893 3773 950 3820 nec
972 3759 1035 3820 lau·

290 3850 395 3911 datum
419 3855 519 3910 tentet
543 3849 646 3924 elatio,
670 3858 700 3911 et
721 3857 880 3912 aeternam
902 3853 1036 3929 denique

290 3943 322 4004 in
343 3943 435 4004 coelis
458 3943 615 4019 gloriama
631 3943 912 4006 misericordiarum
934 3951 1032 4023 patre,

290 4037 370 4098 iusto
394 4036 494 4098 iudice
515 4043 545 4097 et
570 4042 805 4098 remuneratore
834 4037 907 4112 Deo,
930 4054 1036 4099 conse·

290 4139 413 4208 quatur.

85 4251 137 4294 con
159 4260 185 4294 re
205 4248 271 4294 acro·
330 4225 445 4286 Deinde
467 4239 542 4285 vero
563 4221 709 4286 volumus
730 4223 838 4284 itidem
860 4232 891 4286 et
913 4226 1037 4286 manda-

54 4313 111 4346 nem
131 4315 146 4346 a
167 4305 219 4347 oet
238 4301 270 4346 ad

2 4397 3 4408 ,
54 4355 163 4401 dissidia
180 4355 271 4401 tollon-

290 4305 372 4393 mus,
389 4325 423 4379 ut
445 4324 614 4379 memorata
629 4317 829 4393 congregatio
851 4317 992 4378 instituta
1006 4325 1036 4379 et

291 4420 391 4474 erecta
423 4413 552 4473 omnino
583 4409 743 4472 aboleatur
762 4417 794 4470 et
821 4411 1034 4487 extinguatur,

265 4581 270 4592 ·
290 4504 554 4584 quemadmodum
568 4519 712 4581 suprema
727 4503 909 4565 auctoritate
931 4513 1036 4565 nostra

291 4598 448 4660 abolemus
469 4603 500 4658 et
521 4598 751 4672 extinguimus,
773 4605 864 4676 atque
893 4597 1036 4658 abolitam

290 4697 321 4751 et
342 4691 510 4752 extinctam
531 4705 598 4751 esse
611 4690 813 4764 declaramus,
828 4705 868 4750 ne
883 4704 1036 4752 novarum

290 4799 398 4846 rerum
420 4791 450 4844 et
471 4780 660 4844 seditionum
683 4781 781 4843 fomes
802 4791 833 4844 et
861 4783 977 4844 occasio
998 4783 1037 4843 sit

291 4887 322 4938 ot
342 4885 530 4955 perseveret.
554 4875 684 4955 iusuper
700 4874 847 4940 volomus
870 4877 986 4954 pariter
1007 4885 1037 4937 et

292 4972 484 5044 mandamus,
508 4979 543 5031 ut
571 4969 810 5043 monasterium,
834 4969 867 5030 iu
891 4984 953 5047 quo
976 4969 1037 5046 ipsa

291 5065 488 5140 congregatio
520 5063 660 5125 instituta
682 5070 714 5122 et
737 5069 837 5124 erecta
864 5062 1038 5140 reperieba-

294 5165 355 5232 tur,
378 5157 483 5218 statim
498 5157 608 5218 iisdem
623 5155 794 5231 monachis,
809 5171 945 5232 quorum
961 5165 1037 5230 erat,

293 5252 484 5314 restituatur.

1089 1349 1230 1413 operam,
1263 1337 1402 1398 studium
1435 1337 1712 1414 auctoritatemque
1747 1343 1830 1398 tuam

1089 1428 1142 1489 hac
1164 1428 1197 1488 in
1221 1443 1254 1489 re
1275 1427 1420 1491 collatum
1443 1429 1493 1504 iri,
1517 1446 1532 1488 a
1554 1429 1681 1503 virtute,
1704 1429 1831 1506 zeloque

1090 1528 1158 1595 tuo,
1181 1528 1212 1583 et
1237 1522 1381 1584 obstricta
1407 1523 1496 1584 nobis
1527 1521 1731 1584 fraternitatis
1762 1529 1832 1586 tuae

1088 1613 1282 1675 observantia
1309 1623 1394 1676 certo
1422 1615 1613 1693 pollicentes,
1646 1614 1832 1676 fraternitati

1090 1714 1158 1767 tuae
1179 1723 1361 1785 persuasum
1382 1723 1447 1769 esse
1469 1709 1621 1786 cupimus,
1639 1717 1669 1770 te
1690 1708 1777 1771 nobis
1793 1709 1832 1770 ita

1089 1800 1312 1880 obsequentem
1328 1808 1357 1862 et
1373 1803 1498 1864 muneri
1522 1810 1575 1864 tuo
1595 1802 1832 1864 satisfacientem
1867 1808 1872 1817 ’

1089 1903 1225 1956 nostram
1249 1901 1279 1954 et
1302 1894 1490 1974 Apostolicae
1512 1895 1605 1957 huius
1632 1895 1759 1958 Sanctae
1781 1893 1833 1956 Se-

1088 1986 1133 2048 dis
1162 1988 1292 2062 gratiam
1314 1995 1345 2049 et
1366 1987 1618 2049 benevolentiam
1646 1987 1744 2062 magis
1772 2001 1833 2047 ma·

1089 2079 1197 2157 gisque
1225 2078 1474 2154 conciliaturum,
1499 2087 1529 2140 et
1550 2079 1692 2141 meritam
1723 2078 1834 2140 labori-

1091 2173 1145 2233 bus
1168 2173 1229 2234 tuis
1257 2173 1433 2234 mercedem
1455 2172 1487 2233 in
1510 2173 1602 2234 coelis
1630 2173 1797 2250 repositam
1818 2189 1834 2233 a

1087 2281 1234 2343 supremo
1259 2274 1417 2344 pastorum
1443 2265 1581 2344 principe
1608 2267 1675 2327 lesu
1697 2265 1833 2340 Christe,

1089 2361 1175 2420 cuius
1199 2360 1279 2422 vices
1301 2361 1333 2420 iu
1350 2359 1439 2421 terris
1454 2358 1545 2436 plane
1567 2359 1767 2420 immerentes
1783 2373 1835 2434 ge-

1090 2452 1199 2528 rimus,
1221 2462 1420 2530 accepturum
1443 2467 1518 2512 esse.
1551 2451 1680 2513 Interim
1708 2451 1742 2511 ad
1766 2467 1835 2529 pro·

1088 2546 1169 2624 speri
1190 2559 1348 2607 successus
1371 2552 1401 2607 et
1423 2545 1564 2606 coelestis
1581 2545 1722 2622 praesidii
1737 2545 1836 2623 auspi-

1088 2641 1171 2702 cium
1193 2638 1387 2718 apostolicam
1410 2638 1658 2699 benedictionem
1680 2637 1835 2700 uberrima

1089 2750 1161 2796 cum
1193 2732 1372 2794 divinorum
1401 2747 1570 2793 munerum
1593 2731 1678 2808 copia
1705 2730 1836 2792 coniun-

1089 2834 1187 2900 ctam,
1220 2841 1312 2904 quarn
1346 2824 1502 2886 universis
1532 2823 1754 2902 patriarchatus
1788 2824 1834 2885 tui

1090 2917 1349 2982 christifidelibus
1377 2927 1482 2978 nostro
1508 2917 1636 2978 nomine
1663 2916 1833 2994 elargiaris,

1091 3013 1163 3085 tibi,
1192 3011 1376 3074 venerabilis
1403 3009 1515 3087 frater,
1549 3017 1746 3088 peramanter
1777 3010 1833 3072 im·

1091 3107 1255 3184 pertimur.
1559 3149 1561 3160 ,

1129 3199 1239 3260 flatum
1256 3197 1382 3272 Romae,
1396 3197 1476 3275 apud
1492 3195 1522 3258 S.
1534 3195 1657 3258 Mariam
1675 3197 1833 3271 llaiorem,

1090 3291 1147 3353 sub
1182 3291 1298 3352 annulo
1333 3289 1509 3364 Piscatoris,
1543 3290 1592 3352 die
1626 3306 1668 3350 ru.
1702 3291 1833 3352 ianuarii

1091 3399 1247 3459 unocurt,
1271 3380 1468 3461 pontificatus
1490 3383 1586 3444 nostri
1608 3399 1690 3444 anno
1712 3399 1768 3445 ru.

1384 4231 1544 4296 CXXXIV.

1093 4513 1222 4577 Derceto
1254 4516 1283 4578 S.
1315 4517 1580 4596 dcaprcpattaats
1612 4517 1713 4579 refuto
1741 4534 1837 4595 super

1133 4606 1240 4671 datiis
1272 4609 1310 4674 ob
1346 4611 1592 4688 Arelticpc'scopc
1627 4608 1836 4673 Actiborcttsi

1132 4703 1304 4779 propositis
1333 4703 1421 4765 circo
1449 4703 1528 4766 licata
1558 4703 1697 4764 ccelesiis
1720 4704 1836 4766 elicto

1138 4793 1249 4856 Turris
1277 4801 1385 4873 erepto
1414 4803 1444 4858 et
1473 4796 1665 4858 christianis
1694 4797 1835 4867 vendito,

1132 4887 1179 4948 ccl
1201 4886 1240 4949 oh
1263 4889 1341 4966 ipsis
1356 4898 1530 4967 osterputo,
1548 4889 1686 4951 ostendit
1697 4907 1759 4951 ooo
1771 4905 1837 4966 pos·

1132 4998 1172 5052 sc,
1198 4981 1297 5043 taccta
1320 4982 1499 5054 decretum,
1525 4987 1599 5046 tecto
1629 4982 1835 5054 coresct'crttio,

1133 5074 1283 5135 retineri.
1302 5076 1472 5152 Suspendit
1491 5083 1596 5138 teme-tt
1611 5075 1771 5138 iudicium
1786 5094 1838 5138 acs-

1134 5185 1192 5246 qacc
1212 5170 1252 5232 cd
1276 5169 1428 5230 certiores
1450 5170 1586 5232 notitias
1611 5171 1646 5232 dc
1668 5169 1835 5247 periretis,

1134 5279 1213 5338 quoe
1234 5263 1481 5339 proccidcctttc·,·
1504 5263 1635 5325 irttetfm
1661 5265 1838 5342 Congrege-

1135 5355 1217 5418 tt'oci
1240 5355 1480 5433 dispositionem
1501 5356 1605 5418 ocimi
1626 5357 1680 5418 saci
1706 5355 1837 5434 reponit

1134 5449 1330 5512 coadunandi
1345 5449 1577 5527 possessoribus
1588 5452 1720 5530 stractus
1734 5465 1837 5529 peroc-

1133 5550 1214 5620 ptcs,
1240 5542 1449 5620 permittendi
1474 5544 1697 5620 possessionem
1722 5542 1836 5624 [cado-

1136 5652 1209 5697 rent
1241 5641 1475 5714 rctcrttorcsque
1506 5655 1526 5698 o
1562 5637 1706 5710 censoris
1738 5633 1839 5700 obsol-

1135 5729 1226 5791 ocedc'
1248 5727 1294 5809 (l)

2 5387 3 5426 5
76 5365 274 5430 oampatnoet-
332 5348 426 5409 Porro
459 5345 599 5408 libellum
633 5345 823 5408 antedictum
848 5345 915 5406 sire
943 5359 1038 5406 manu

61 5421 275 5519 ssssffii'ffl‘ffll
292 5445 465 5515 exaratum,
494 5439 560 5500 sire
590 5440 668 5517 typis
695 5454 856 5513 excusum,
878 5445 909 5499 et
931 5452 1038 5498 omnes

61 5538 115 5574 ¹¹²⁰·
293 5549 503 5613 quoscumque
525 5533 599 5594 alios
614 5532 733 5594 libellos
753 5547 847 5610 super
868 5533 977 5596 iisdem
991 5547 1037 5592 re·

295 5631 350 5694 bus
371 5629 437 5690 sive
460 5627 773 5705 manuscriptos,sive
794 5627 959 5704 impressos
974 5642 1039 5687 om-

294 5729 371 5801 uino
391 5726 602 5804 prohibemus,
625 5734 656 5788 et
677 5726 735 5789 sub
756 5727 910 5788 canonicis
930 5737 1039 5784 censu·
1065 5696 1068 5798 Ι

335 5942 365 5998 (ll
380 5941 443 5986 Vide
458 5941 526 5986 infra
543 5943 610 5986 Ouala
623 5946 768 5994 catrqcttcas
783 5945 891 5986 tfttercs.
