4828 6990
336 497 633 565 mmmmq

555 642 686 706 obtentu
719 650 749 706 et
780 643 900 720 colore,
932 644 1063 708 audeant
1090 649 1144 706 aut
1176 659 1299 723 praesu·

555 745 651 799 mant.

342 829 536 935 fffflggrpffi
595 833 815 908 Decernentes,
838 833 913 912 ipsas
935 841 1110 910 praesentes
1125 831 1239 908 literas,
1256 839 1299 894 at·

324 895 450 988 flrmttate.
555 943 616 1004 que
638 928 741 988 omnia
763 935 793 988 et
814 927 936 1004 singula
960 927 1052 991 ineis
1073 934 1185 990 statuta
1207 935 1299 1006 atque

556 1021 752 1099 praescripta,
776 1022 894 1082 etiamsi
917 1021 1106 1100 quicumque
1128 1021 1160 1084 in
1192 1023 1299 1084 iisdem

555 1112 703 1174 interesse
725 1113 885 1188 habentes,
898 1129 952 1176 seu
968 1114 1080 1175 habere
1095 1115 1296 1192 praetenden-

556 1213 611 1280 tes,
634 1205 667 1266 ad
691 1207 720 1268 id
743 1207 841 1270 vocati
863 1215 893 1268 et
908 1207 1004 1270 auditi
1020 1224 1084 1271 non
1100 1207 1229 1284 luerint,
1242 1225 1298 1272 nec

554 1299 729 1378 praemissis
746 1301 972 1374 consenserint,
988 1309 1042 1364 aut
1056 1303 1182 1365 alterins
1196 1303 1299 1366 cuius-

553 1408 688 1470 cumque
719 1393 843 1470 generis
870 1393 990 1455 deiectu
1023 1394 1124 1457 forsan
1152 1398 1298 1458 adversus

554 1506 603 1551 eas
625 1489 797 1562 obiiciatur,
821 1504 942 1566 semper
963 1496 995 1550 et
1016 1497 1166 1568 perpetuo
1199 1490 1296 1552 valida

554 1591 584 1645 et
610 1583 741 1646 elllcacia
763 1597 830 1643 esse
852 1589 883 1644 et
899 1581 974 1657 lore,
991 1591 1020 1645 et
1036 1583 1073 1644 ab
1088 1583 1245 1658 omnibus
1261 1586 1296 1646 ad

553 1694 629 1756 quos
653 1685 780 1756 spectat,
803 1684 895 1755 atque
917 1679 950 1738 in
972 1677 1115 1741 futurum
1136 1679 1295 1756 spectabit,

554 1771 772 1833 inviolabiliter
783 1772 876 1834 etiam
889 1777 1039 1848 perpetuo
1051 1771 1217 1832 observari,
1235 1770 1297 1836 Sic·

553 1881 614 1943 qoe
636 1872 665 1925 et
687 1881 750 1926 non
774 1865 864 1926 aliter
885 1866 918 1926 in
943 1867 1115 1943 praemissis
1138 1883 1191 1944 per
1208 1883 1298 1945 quos·

552 1973 685 2035 cumque
712 1957 825 2020 iudices
860 1959 1029 2021 ordinarios
1059 1967 1091 2021 et
1122 1959 1294 2036 delegatos,

552 2051 646 2112 etiam
667 2069 827 2114 causarum
842 2053 943 2130 palatii
965 2053 1121 2132 apostolici
1143 2055 1297 2116 auditores

553 2154 583 2208 et
605 2146 636 2209 S.
663 2147 698 2209 11.
724 2148 759 2208 Ε.
790 2148 999 2211 cardinalium
1033 2150 1295 2226 congregationes

554 2240 733 2318 ordinarias,
747 2251 799 2304 aut
814 2243 1012 2322 peculiariter
1023 2243 1191 2321 deputatas,
1208 2245 1295 2306 alios-

552 2349 613 2411 que
635 2335 821 2409 Cardinales,
851 2337 945 2399 otiam
968 2337 1005 2398 de
1033 2337 1127 2398 latere
1154 2337 1294 2413 Legatos,

552 2443 584 2488 ac
607 2427 681 2489 vice
702 2428 832 2505 Legatos
852 2438 883 2492 et
906 2429 1182 2508 ApostolicaeSedis
1209 2430 1296 2492 Nun·

551 2521 630 2596 cios,
663 2521 790 2584 iudicari
812 2530 842 2583 et
865 2523 989 2584 definiri
1017 2523 1144 2599 dehere;
1176 2523 1295 2584 sublata

551 2613 596 2674 eis
617 2622 647 2675 et
669 2630 777 2678 eorum
799 2615 937 2690 cuilibet,
955 2616 1044 2676 aliter
1066 2617 1295 2690 iudicandi,de·

552 2707 692 2783 liniendi,
715 2725 747 2769 ac
770 2707 993 2786 interpretandi
1015 2710 1160 2772 facultate
1173 2718 1204 2771 et
1225 2727 1281 2771 auc

552 2801 691 2878 toritate3
715 2811 806 2879 atque
827 2803 953 2864 irritum
968 2811 998 2864 et
1014 2803 1105 2865 inane
1126 2805 1294 2864 decernen-

551 2898 607 2968 tes,
640 2893 789 2972 quidquid
820 2911 907 2957 secus
935 2913 951 2956 a
976 2911 1131 2974 quoquam
1161 2897 1295 2958 scienter

552 2987 600 3048 rel
622 2988 803 3064 ignoranter
824 2989 988 3066 contigerit
1010 2991 1165 3052 attentari.

591 3078 659 3142 Non
681 3081 873 3143 obstantibus
896 3083 1141 3161 quibuscumque
1158 3085 1250 3145 etiam
1266 3102 1294 3145 a·

550 3173 795 3251 postolicis,acin
810 3175 1294 3254 universalibus,provincialibus

550 3272 580 3327 et
601 3267 796 3346 synodalibus
818 3268 955 3330 conciliis
979 3267 1070 3330 editis
1098 3270 1294 3345 generalibus

550 3358 600 3420 vel
620 3360 801 3437 specialibus
821 3362 1099 3424 constitutionibus
1121 3370 1151 3424 et
1172 3363 1293 3424 ordina-

551 3451 698 3528 tionibus
715 3470 849 3515 necnon
865 3471 1132 3534 quarumcumque
1155 3456 1294 3518 ccclesia-

333 3085 533 3146 Derogatiocon·

318 3139 411 3183 trerns.

550 3561 623 3607 rum
645 3554 675 3608 et
695 3547 846 3610 Ordinum
867 3549 1070 3624 regularium,
1086 3565 1141 3610 scu
1158 3550 1295 3625 Congre-
1340 3605 1344 3611 .

544 3641 722 3718 'gationum
736 3649 789 3703 aut
810 3643 1001 3727 societatum
1016 3653 1047 3704 et
1063 3645 1292 3718 institutorum,

550 3742 642 3804 etiam
664 3743 766 3806 Sancti
790 3743 911 3804 loannis
925 3742 1207 3820 hierosolymitani,
1221 3741 1294 3801 alio·

550 3854 684 3916 rotatque
705 3838 882 3901 llilitarium
914 3839 1083 3913 Ordinum,
1112 3856 1166 3901 seu
1189 3853 1293 3900 mona-

549 3932 716 3994 steriorum
747 3932 887 3994 virorum
919 3941 971 3994 aut
1004 3933 1199 4009 monialium,
1223 3933 1295 3994 alia-

534 4040 684 4102 rumque
706 4025 825 4102 piarum
846 4025 1009 4102 domuum,
1026 4028 1118 4087 etiam
1139 4027 1294 4088 iuramen-

551 4125 592 4194 to,
615 4118 849 4194 confirmatione
865 4120 1039 4197 apostolica,
1057 4119 1104 4182 vel
1120 4121 1227 4199 quavis
1242 4121 1292 4182 fir-

549 4211 656 4274 mitate
678 4212 732 4272 alia
748 4213 897 4276 roboratis
912 4214 1045 4288 statutis,
1059 4214 1165 4275 usibus
1180 4223 1211 4276 et
1222 4229 1294 4276 con-

549 4306 763 4368 suetudinibus
785 4307 878 4368 ctiam
900 4307 1210 4386 immemor-ahttihus;
1233 4309 1294 4388 pri-

549 4399 670 4476 vilegiis
692 4415 825 4478 quoque,
841 4403 1092 4480 exemptionibus
1107 4413 1138 4465 et
1154 4403 1292 4478 indultis,

550 4496 643 4556 etiam
665 4495 697 4556 in
719 4512 847 4574 corpore
873 4498 949 4559 ioris
980 4499 1100 4573 clausis,
1124 4508 1175 4560 aut
1197 4498 1294 4560 literis

549 4589 731 4667 apostolicis,
754 4591 881 4654 cuilibet
903 4593 1213 4670 praemisso·rum,sub
1227 4595 1294 4671 qui-

549 4682 742 4765 buscumque
756 4686 925 4748 verborum
941 4687 1100 4751 tenoribus
1122 4695 1153 4749 et
1176 4687 1292 4761 lormis,

549 4779 641 4841 etiam
663 4778 713 4840 hic
738 4779 777 4841 de
797 4780 976 4840 necessitate
1008 4781 1238 4858 exprimendis,
1261 4797 1295 4844 ac

549 4887 620 4935 cum
642 4871 802 4949 quibusvis
823 4871 968 4934 clausulis
989 4881 1020 4935 et
1038 4873 1179 4949 decretis,
1201 4875 1294 4936 etiam

550 4965 743 5028 irritantibus
764 4964 797 5027 in
820 4981 934 5042 genere
950 4966 1000 5027 vel
1022 4966 1054 5028 in
1069 4968 1181 5045 specie,
1199 4975 1228 5029 et
1243 4967 1294 5030 de-

550 5061 776 5136 rogatoriarum
789 5061 1002 5136 derogatoriis,
1019 5061 1249 5138 quomodolibet
1261 5062 1293 5124 in

549 5155 738 5219 contrarium
761 5155 912 5216 concessis
934 5171 967 5215 ao
995 5154 1111 5230 pluries
1132 5156 1292 5215 confirma·

551 5247 600 5320 tis,
622 5246 793 5325 approbatis
814 5255 844 5307 et
866 5247 1038 5323 innovatis,
1062 5247 1173 5324 quibus
1195 5248 1293 5308 omni-

549 5340 606 5402 bus
630 5349 662 5403 et
686 5339 831 5415 singulis,
854 5339 909 5402 hac
930 5341 997 5401 vice
1019 5343 1188 5415 dumtaxat,
1206 5349 1236 5402 et
1259 5341 1293 5402 ad

550 5434 791 5513 praemissorum
819 5433 982 5508 ellectum,
1012 5435 1071 5495 illis
1093 5435 1165 5496 alias
1187 5435 1218 5496 in
1239 5453 1294 5496 suo

550 5527 659 5588 robore
691 5527 913 5604 permansuris,
937 5526 973 5586 de
999 5527 1181 5604 apostolicae
1210 5537 1295 5607 pote·

549 5620 636 5681 statis
664 5618 859 5698 plenitudine
881 5621 1082 5696 derogamus,
1105 5623 1295 5700 caeterisque

549 5713 710 5773 contrariis
731 5712 989 5792 quibuscumque.

319 5788 440 5889 sinisii?
452 5798 532 5887 ιῖῗξζ
591 5803 743 5866 Volumus
758 5805 898 5880 clemum,
910 5815 945 5867 ut
960 5808 1140 5870 earumdem
1152 5824 1294 5886 praesen-

318 5895 431 5952 sumptis.
550 5895 629 5958 tium
646 5901 846 5978 transumptis
865 5915 918 5961 seu
941 5899 1101 5978 exemplis,
1125 5900 1218 5962 etiam
1237 5901 1294 5962 im-

1077 523 1141 568 ton.
1166 523 1256 567 PONT·
1281 523 1321 567 DE
1342 523 1369 568 Ρ.
1395 524 1423 568 1³0
1448 524 1529 568 PARS
1551 524 1572 568 l.

2127 510 2179 564 an.
2197 511 2230 564 c.
2254 509 2324 571 tata
2403 479 2404 484 ’

1354 641 1476 720 pressis,
1492 657 1588 704 manu
1609 641 1738 704 alicuius
1759 641 1871 704 notarii
1892 641 2007 718 publici
2027 640 2096 704 sub

1353 734 1473 812 scriptis
1494 743 1525 796 et
1546 735 1648 811 sigillo
1669 749 1817 813 personae
1838 734 1871 795 in
1896 734 2097 796 ecclesiastica

1353 828 1505 904 dignitate
1519 828 1703 890 constitutae
1725 828 1866 904 munitis,
1883 828 1990 889 eadem
2012 842 2098 905 pror-

1353 943 1404 986 sus
1428 925 1512 998 sides,
1530 923 1637 986 tamin
1653 923 1776 998 indicio,
1793 939 1884 1002 quam
1899 929 1987 983 extra
2009 921 2095 995 illud,

1355 1019 1468 1098 ubique
1491 1018 1629 1080 locorum
1650 1018 1809 1092 habeatur,
1826 1019 1992 1097 quaeipsis
2013 1035 2098 1096 prae-

1353 1113 1492 1174 sentibus
1507 1113 1684 1187 haberetur,
1701 1113 1726 1173 si
1749 1113 1850 1174 lorent
1870 1113 2025 1174 exhibitae
2047 1113 2096 1174 vel

1353 1213 1503 1268 ostensae.

1393 1301 1478 1364 Nulli
1499 1317 1574 1378 ergo
1596 1301 1723 1362 omnino
1752 1299 1916 1362 hominum
1937 1299 2027 1361 liceat
2048 1315 2097 1378 pa-

1354 1395 1459 1472 ginam
1481 1395 1558 1456 hanc
1574 1403 1752 1455 nostrarum
1774 1393 2030 1467 confirmationis,
2047 1407 2097 1470 ap·

1353 1488 1553 1568 probationis,
1570 1487 1790 1560 innovationis,
1807 1487 1987 1561 voluntatis,
2010 1501 2096 1547 man-

1353 1583 1426 1656 dati,
1448 1581 1568 1654 statuti,
1582 1580 1696 1642 decreti
1712 1589 1742 1642 et
1757 1580 1971 1642 declarationis
1986 1581 2096 1642 inirin-

1353 1692 1437 1752 gere,
1461 1674 1510 1736 vel
1532 1675 1559 1736 ei
1582 1690 1658 1735 ausu
1685 1673 1849 1734 temerario
1870 1675 2034 1736 contraire.
2064 1675 2096 1738 Si

1352 1769 1420 1848 quis
1451 1775 1555 1830 autem
1579 1769 1636 1830 hoo
1662 1774 1812 1828 attentare
1845 1771 2094 1847 praesumpserit,

1352 1863 1598 1940 indignationem
1629 1861 1850 1939 omnipotentis
1876 1861 1942 1936 Dei,
1971 1878 2003 1924 ao
2030 1863 2096 1924 hea-

1353 1966 1456 2019 torum
1477 1955 1557 2018 Petri
1582 1961 1612 2016 et
1634 1953 1720 2015 Pauli
1742 1953 1960 2032 Apostolorum
1981 1956 2047 2018 eius
2062 1973 2095 2018 se

1352 2051 1476 2112 noverit
1497 2048 1711 2111 incursurum.

1391 2144 1503 2205 Datum
1523 2143 1637 2204 Romae
1658 2143 1735 2220 apud
1759 2141 1789 2204 S.
1807 2142 1929 2203 Mariam
1950 2143 2096 2204 Maiorem

1351 2252 1431 2299 anno
1447 2235 1667 2298 lucarnationis
1687 2237 1862 2298 Dominioae
1883 2253 2094 2313 unccxtvrn,

1351 2331 1441 2392 nonis
1457 2329 1592 2406 augusti,
1610 2328 1804 2406 pontificatus
1825 2331 1923 2392 nostri
1937 2346 1986 2392 an.
2003 2348 2071 2392 vrn.

1607 2583 1844 2594 -υυ--ι--ι

1686 2799 1761 2861 (llll.

1353 2987 1527 3065 Confirmat
1559 3004 1638 3066 quoe
1667 2988 1796 3049 dicarat
1832 2988 1866 3048 io
1893 2989 1944 3050 lit.
1969 2991 2096 3066 llagnae

1390 3080 1488 3156 nobis,
1506 3088 1546 3152 ct,
1564 3081 1710 3158 omposito
1732 3081 2001 3158 dispensetiooeo
2023 3099 2097 3159 quo·

1390 3173 1463 3234 dom
1487 3175 1638 3252 Episcopo
1654 3173 1805 3235 Polocioe
1819 3190 1964 3237 concesso
1981 3174 2016 3235 itt
2030 3191 2095 3236 mc·

1392 3268 1544 3328 trimonio
1577 3269 1714 3330 duorum·
1747 3267 1995 3339 tccrettcorons,
2028 3285 2095 3330 eom

1390 3361 1581 3438 Episcopatus
1603 3361 1767 3422 concedere
1783 3362 1961 3438 acquivisse
1977 3361 2091 3424 tradit.

1514 3529 1755 3600 senioretus
1779 3531 1838 3599 ΡΡ.
1863 3531 1934 3598 ttttt.

1561 3707 1749 3775 Venerabilis
1771 3708 1882 3787 trater,

1382 3829 1510 3896 salutent
1532 3834 1564 3895 et
1585 3829 1781 3912 apostolicam
1810 3829 2058 3898 benedictionem.

1389 4025 1435 4086 hd
1458 4033 1524 4088 tuas
1539 4040 1650 4087 manus
1667 4025 1845 4118 pervenisse
1860 4041 2017 4103 speramus
2033 4025 2096 4102 epi·
2127 4037 2223 4082 astons
2239 4036 2326 4092 episto

1349 4121 1458 4183 stolam
1475 4128 1611 4182 nostram
1625 4120 1818 4199 Encyclicam
1831 4123 1930 4183 datam
1942 4121 1991 4182 dio
2002 4136 2091 4182 xxxx.
2114 4089 2155 4188 ¹232
2167 4089 2326 4188 ,ῗῖξζξῆξῗζῖἶ

1350 4219 1517 4296 superioris
1546 4218 1661 4280 mensis
1684 4216 1778 4292 iunii,
1802 4217 1838 4278 de
1860 4215 2096 4292 dispensationi·
2113 4197 2325 4306 ffffafflssstssgg

1350 4311 1417 4386 bus,
1432 4327 1504 4388 111113
1526 4327 1581 4388 pro
1604 4310 1811 4372 contrahendo
1834 4307 2033 4370 matrimonio
2048 4309 2094 4369 in-
2113 4305 2216 4404 {efflent
2233 4304 2326 4350 rusta-

1352 4417 1396 4470 tra
1426 4407 1537 4484 gradus
1559 4407 1627 4468 iure
1649 4407 1817 4485 prohibitos
1839 4407 2002 4469 haereticis
2024 4423 2095 4470 con-

1352 4501 1475 4578 iugibus
1497 4500 1694 4574 concessisse,
1717 4502 1908 4578 apostoticae
1930 4498 2016 4563 Sedis
2037 4504 2094 4563 mi-

1351 4595 1442 4656 nistri
1464 4593 1538 4654 laiso
1560 4593 1832 4658 insimulabantur.
1856 4597 2002 4658 Attamen
2019 4598 2095 4658 hanc

1351 4689 1440 4750 aliam
1464 4705 1570 4750 rursus
1591 4688 1625 4748 ad
1644 4697 1673 4750 te
1695 4690 1820 4752 mittere
1841 4691 1998 4767 cogimur·;
2024 4707 2094 4753 cum

1351 4783 1436 4844 enim
1460 4799 1517 4857 res,
1542 4783 1625 4845 unde
1647 4781 1741 4844 falsus
1763 4784 1814 4845 ille
1840 4801 1948 4846 rumor
1970 4792 2095 4846 exortus

1350 4883 1406 4950 est,
1430 4877 1462 4936 in
1484 4885 1627 4954 apertum
1649 4877 1756 4938 educta
1779 4877 1829 4951 sit,
1845 4893 1974 4955 eamque
1996 4877 2096 4938 onini-

1351 4969 1407 5032 bus
1429 4978 1532 5032 notam
1549 4971 1616 5032 lieri
1632 4977 1781 5048 oporteat,
1799 4987 1836 5032 ex
1848 4971 1961 5032 nostris
1977 4971 2012 5032 ad
2028 4985 2093 5032 eam

1351 5063 1670 5125 animadversionibus
1699 5063 1749 5124 alii
1779 5065 1945 5142 proficere,
1969 5063 2095 5124 melius-

1350 5171 1411 5232 que
1433 5156 1465 5216 in
1487 5162 1659 5234 posterum,
1682 5173 1760 5234 quae
1781 5158 1898 5234 agenda
1919 5163 2004 5230 sont,
2023 5171 2094 5218 con-

1349 5249 1480 5310 stituere
1496 5258 1654 5327 poterunt.
2403 5293 2404 5298 η

1391 5341 1557 5421 Episcopus
1579 5343 1703 5421 quidem
1727 5344 1816 5406 istius
1831 5343 1974 5405 Poloniae
1995 5344 2093 5420 llegni
2121 5343 2322 5400 spiscopuscum
2403 5361 2404 5366 ¹

2113 5397 2214 5442 dnobus
2236 5396 2322 5441 haere-

1352 5434 1470 5496 duohus
1497 5435 1667 5497 lutheranis
1695 5437 1895 5513 coniugibus,
1918 5437 1971 5516 qui
1993 5438 2026 5498 in
2048 5453 2094 5498 se·
2113 5449 2170 5511 stass
2192 5449 2320 5510 dispensa-

1350 5530 1451 5590 cundo
1473 5529 1630 5591 allinitatis
1653 5529 1748 5604 gradu
1777 5532 1859 5592 inter
1880 5547 1912 5592 se
1933 5530 2093 5593 coniuncti
2112 5505 2322 5612 ἷζξξῑᾞξζιῇᾖῗῑζ

1350 5629 1448 5696 erant,
1471 5623 1672 5684 contrahendi
1701 5624 1892 5685 matrimonii
1917 5610 2321 5710 lactrltatem'3?„„}¹¹³,¹g,³,¹,¹}22

1349 5713 1444 5777 dedit.
1467 5715 1612 5793 Rogatus,
1636 5733 1696 5794 quo
1713 5715 1780 5777 iure
1802 5717 1830 5778 id
1847 5716 1977 5790 lecisset,
1994 5717 2093 5780 cnuti
2114 5717 2237 5772 nonnum,

1349 5817 1500 5871 executor
1521 5809 1650 5870 alicuius
1671 5809 1916 5887 dispensationis,
1930 5827 2007 5888 quae
2022 5826 2094 5872 con·

1350 5919 1431 5964 cessa
1454 5901 1560 5964 luisset
1582 5902 1631 5963 vel
1653 5919 1668 5962 a
1687 5909 1791 5964 nostra
1810 5903 1939 5978 llataria,
1957 5903 2007 5965 vel
2021 5903 2093 5964 Poe·
