4708 6978
315 573 414 630 66.(1.
435 576 504 628 1746

553 576 613 642 266

534 714 689 794 «bytom,
717 729 826 778 omnes
851 715 945 778 simul
972 717 1129 782 ordinarie
1157 719 1279 783 Missam

533 808 741 885 «celebrant,
774 818 804 872 et
830 825 938 872 eorum
966 811 1077 889 aliquis
1102 815 1278 892 deputatur,

534 903 623 964 6661
644 903 790 981 primario
811 903 974 967 celebratio
995 907 1189 984 competit.»

1057 599 1122 644 lUH·
1146 599 1237 645 PONT.
1260 599 1301 644 DE
1323 599 1352 644 P·
1377 599 1406 646 F·
1431 601 1513 646 PAHS
1535 602 1555 644 1.

2114 584 2168 637 An.
2184 587 2215 637 d.
2240 587 2309 636 litat

1374 720 1444 796 58.
1469 721 1585 800 ltaque,
1612 721 1683 784 licet
1709 721 1898 784 Graecorum
1922 719 2080 798 disciplina
2114 732 2320 796 6666666666.

1333 814 1485 876 contraria
1508 815 1547 877 sit
1568 823 1600 876 et
1621 822 1725 876 nostra
1748 815 1840 876 etiam
1856 813 2017 876 decretalis
2031 813 2082 874 ad·
2100 785 2320 886 flssiififffbuifflss

1334 916 1487 984 versetur,
1511 907 1790 987 tamenapostoliea
1813 916 1961 986 potestate
1977 913 2080 968 nostra
2100 893 2144 939 ¹¹⁰·

322 1003 376 1047 non
392 1001 515 1048 ossann-
572 998 591 1072 ἓ
612 995 642 1058 6.
666 997 746 1059 Cum
774 997 849 1060 baec
869 997 909 1060 ita
935 1014 968 1060 66
988 998 1137 1076 habeant,
1169 1015 1279 1063 omnes
1334 999 1390 1061 tibi
1410 1001 1608 1064 concedimus
1628 1001 1668 1081 (si
1690 1017 1763 1062 vera
1783 1001 1847 1063 sint
1868 1001 2017 1079 exposita,
2035 1001 2080 1062 uti

302 1054 350 1100 666
365 1060 402 1100 tot
417 1066 515 1102 666666-

302 1108 426 1164 sionibus,
434 1119 514 1155 novae

301 1163 514 1262 66161116.

299 1267 445 1368 {grimm
472 1269 514 1316 al·

314 2888 465 2934 Praesertim
476 2887 509 2934 ob

297 2939 512 2988 ecclesiaebiera·

297 2994 420 3049 politanae
431 3006 511 3051 ungu·

297 3047 373 3093 stiam
385 3055 410 3095 et
438 3048 509 3106 66611

297 3101 403 3149 multitu
425 3103 493 3148 inem

204 3201 207 3210 ,
297 3154 341 3210 661
357 3155 433 3202 aliter
443 3137 511 3212 666θῖ

299 3208 489 3265 ceptodiebusf
503 3232 511 3243 -

534 1090 690 1152 beneficiis
720 1093 833 1154 nostris
854 1092 1026 1154 cumulatos
1057 1101 1124 1172 post
1145 1093 1278 1156 decreta-

533 1183 596 1247 lem
607 1194 746 1248 nostram
761 1185 852 1263 plane
865 1186 1054 1265 acquievisse
1068 1187 1276 1266 sperabamus,

533 1295 566 1342 ac
587 1278 769 1356 praesertim
791 1280 830 1341 66
851 1278 1029 1344 facilitatem
1052 1287 1277 1360 nostramque

532 1371 564 1434 in
587 1371 696 1436 eodem
719 1372 835 1451 templo
861 1371 960 1452 pluria
988 1373 1095 1436 altaria
1120 1374 1277 1438 condenda

532 1464 700 1528 liberaliter
720 1464 918 1529 indulsimus.
942 1465 1062 1530 Verum
1074 1483 1144 1546 spes
1165 1467 1278 1530 66616-

531 1558 627 1623 fellit:
650 1576 752 1639 nuper
771 1561 859 1622 enim
880 1561 1016 1623 marimo
1037 1563 1138 1624 studio
1153 1562 1277 1624 faculta-

531 1661 595 1717 tem
616 1653 762 1732 consequi
783 1669 800 1714 a
822 1653 911 1716 uobis
933 1662 966 1717 tu
989 1655 1152 1733 praecipue
1173 1665 1277 1734 postu-

531 1745 612 1822 lasti,
634 1756 670 1809 ut
691 1746 795 1826 plures
822 1762 885 1808 uuo
907 1747 957 1810 die
978 1748 1085 1810 Missae
1108 1749 1140 1810 16
1166 1748 1273 1810 66666

530 1839 618 1901 altari
640 1831 855 1902 celebrentur:
879 1841 1074 1902 sacerdotum
1090 1847 1121 1904 et
1136 1840 1275 1904 fidelium

530 1931 729 2024 offerentium
755 1931 861 2010 pietati
889 1932 928 1994 66
954 1933 1273 2006 concelebrationem,

529 2039 623 2103 quam
644 2026 786 2104 superius
808 2025 1021 2102 meminimus,
1037 2027 1139 2106 aliqua
1154 2045 1193 2090 ex
1208 2044 1274 2106 par·

530 2125 561 2180 te
581 2118 760 2181 consultum
782 2135 930 2182 essenon
963 2119 1126 2197 inficiaris3
1148 2121 1199 2184 sed
1227 2139 1276 2184 ec-

529 2210 665 2286 clesiam,
687 2227 766 2290 quae
786 2211 941 2290 Hierapoli
963 2219 1020 2285 est,
1047 2221 1107 2274 tam
1130 2215 1272 2290 exiguam

528 2308 655 2382 tamque
676 2313 838 2380 angustam
861 2304 980 2380 asseris,
1004 2313 1039 2366 ut
1060 2304 1167 2367 fideles
1181 2322 1273 2368 curae

529 2404 601 2458 tuae
622 2397 828 2459 commendati
849 2397 956 2459 diebus
978 2396 1064 2460 festis
1078 2415 1162 2460 sacro
1177 2399 1274 2462 inter·

529 2505 595 2552 esse
616 2505 723 2552 omnes
747 2497 778 2552 et
800 2490 952 2552 Ecclesiae
973 2499 1134 2571 praecepto
1156 2493 1273 2555 obtem·

529 2598 635 2661 perare
656 2583 743 2646 nullo
774 2585 865 2646 modo
890 2584 1028 2662 possint,
1052 2585 1173 2647 etiamsi
1195 2603 1273 2649 nora

528 2684 691 2740 struantur
712 2677 829 2752 altaria,
845 2678 878 2739 in
901 2677 1013 2756 quibus
1036 2687 1140 2742 tamen
1162 2681 1274 2742 iterare

528 2771 636 2834 Missae
655 2771 841 2834 sacrificium
863 2787 927 2833 uon
950 2772 1049 2834 liceat.

568 2865 587 2940 ἕ
609 2865 637 2928 7.
660 2863 928 2944 deprehendimus
952 2863 1033 2927 forte
1061 2865 1164 2929 literas
1195 2877 1272 2943 tuas,

529 2976 604 3038 quas
626 2958 673 3022 die
696 2973 771 3018 xxv.
793 2957 866 3018 maii
880 2973 962 3019 anno
978 2975 1150 3022 uoccxurv.
1167 2963 1202 3024 ad
1219 2977 1274 3023 nos

530 3053 654 3128 dedisti,
682 3051 848 3130 inquibus
873 3051 1022 3114 certiores
1043 3069 1099 3116 uos
1128 3053 1219 3130 iacis,
1242 3057 1272 3117 in

531 3145 674 3219 Ecclesia,
696 3159 775 3223 quae
796 3143 946 3207 Melcbitis
961 3153 1006 3208 est
1020 3147 1186 3224 Hierapoli,
1208 3163 1275 3226 sep·

298 3263 344 3306 stis
364 3263 510 3310 terrefacere
530 3248 593 3302 tem
614 3238 719 3300 altaria
742 3238 911 3300 numerari.
938 3239 1156 3317 Quamobrem,
1184 3243 1209 3303 si
1231 3258 1276 3303 sa-

298 3317 423 3372 nequiret.

530 3349 619 3397 crum
639 3333 693 3394 fiat
715 3333 747 3394 in
769 3331 908 3410 quolibet
935 3332 1024 3394 altari
1044 3333 1152 3396 diebus
1177 3334 1272 3408 festis,

529 3437 560 3491 et
572 3427 658 3490 'ratio
680 3425 829 3504 temporis
843 3425 884 3486 ita
898 3425 1059 3502 habeatur,
1083 3433 1118 3490 ut
1138 3429 1275 3492 sacerdo·

529 3531 574 3585 tes
596 3521 725 3582 diversis
747 3519 831 3581 boris
845 3517 882 3580 ad
896 3519 990 3582 altare
1005 3521 1190 3584 sacrificium
1204 3539 1275 3603 ope·

527 3623 655 3693 rentur,
683 3624 751 3678 tum
781 3611 918 3693 profecto
944 3615 1068 3680 difficile
1097 3615 1271 3693 videbitur,

527 3709 609 3790 quod
631 3709 762 3790 populus
788 3709 955 3772 universus
981 3710 1090 3773 diebus
1111 3710 1196 3774 festis
1218 3711 1274 3774 Ec·

526 3805 636 3868 6166166
657 3803 800 3866 mandata
814 3803 914 3866 facere
927 3814 1071 3883 nequeat,
1087 3805 1147 3868 nisi
1167 3806 1272 3885 plures

525 3901 559 3964 iu
581 3901 690 3962 eodem
711 3898 800 3991 altari
815 3899 925 3960 missae
938 3899 1152 3962 instituantur.
1177 3901 1270 3980 Equi-

525 3995 595 4057 dem
617 3995 653 4057 ad
675 4001 797 4056 certum
817 3992 968 4057 iudicium
979 3996 1016 4057 66
1037 3994 1094 4056 hac
1114 4010 1148 4056 re
1170 3994 1271 4058 leren-

524 4092 612 4165 dum,
634 4087 778 4152 ecclesiae
788 4089 923 4168 spatium
937 4097 969 4150 et
983 4091 1089 4169 populi
1109 4091 1194 4171 copia
1209 4093 1272 4172 pla-

523 4201 565 4248 ne
586 4191 729 4248 constare
754 4182 913 4245 deberent.
944 4183 990 4245 Tu
1018 4193 1123 4247 autem
1146 4187 1177 4248 in
1211 4189 1270 4250 tuis

523 4281 622 4345 literis
643 4297 698 4360 pro
719 4287 803 4342 certo
824 4281 977 4358 adfirmas,
990 4291 1153 4359 angustam
1175 4283 1270 4346 eccle-

522 4381 599 4442 siam
612 4388 642 4444 et
657 4381 808 4460 populum
822 4377 1123 4456 frequentissimum,
1137 4397 1173 4442 66
1187 4383 1267 4459 6666

523 4475 555 4538 16
577 4477 638 4554 ipsa
659 4477 788 4540 Armeni
811 4476 944 4554 Syrique
965 4481 1169 4554 conveniant,
1194 4496 1268 4559 quo-

522 4590 595 4638 rum
617 4573 731 4652 templa
753 4572 790 4634 ab
800 4573 961 4635 haereticis
976 4583 1179 4652 occupantem
1195 4593 1268 4655 qua·

522 4684 556 4731 re
577 4681 642 4729 nou
661 4664 759 4726 semel
781 4665 959 4742 contigisse,
975 4674 1010 4727 ut
1031 4665 1159 4744 plurimi
1181 4684 1219 4729 en
1234 4669 1268 4730 fr·

522 4761 641 4825 delibus
661 4774 716 4838 per
737 4759 801 4820 dies
828 4757 921 4821 festos
943 4759 1088 4822 ecclesiae
1109 4760 1206 4823 limen
1223 4763 1268 4823 66

522 4855 702 4918 abluentem
718 4851 956 4916 multitudinem
968 4853 1121 4929 attingere
1136 4871 1199 4917 666
1215 4871 1268 4934 po·

521 4945 730 5012 tuerintdum
745 4962 827 5008 sacra
845 4945 1077 5024 inchoarentur;
1094 4948 1191 5010 immo
1203 4964 1266 5011 uon

520 5041 619 5105 semel
643 5041 737 5103 etiam
760 5039 869 5101 turbae
899 5041 1066 5102 concitatae
1094 5041 1212 5104 luerint
1234 5043 1265 5106 in

521 5144 606 5199 tanta
621 5134 792 5196 bominum
814 5131 1000 5211 frequentia,
1023 5135 1076 5212 qui
1099 5136 1208 5198 missae
1221 5153 1267 5198 sa·

520 5230 638 5294 criticio
657 5228 809 5290 interesse
829 5227 1034 5289 vehementer
1053 5229 1265 5306 deposcebant.

519 5327 710 5404 Quapropter
732 5321 820 5384 nobis
841 5321 968 5398 iudicas,
991 5321 1103 5384 obbas
1132 5323 1266 5386 rationes

446 5455 454 5478 .
519 5421 581 5482 iam
601 5425 719 5497 septem
739 5417 777 5478 ab
797 5415 871 5477 binc
892 5417 980 5477 anuis
1003 5417 1189 5494 permissum
1204 5433 1219 5478 a
1236 5427 1266 5480 te

520 5527 597 5588 esse,
620 5521 654 5575 ut
675 5512 708 5573 in
729 5512 836 5573 eadem
868 5509 994 5574 ecclesia
1025 5518 1187 5586 octavum,
1211 5528 1265 5572 no·

518 5622 608 5681 num,
631 5612 662 5667 et
683 5604 840 5667 decimum
862 5604 1058 5682 quandoque,
1077 5619 1198 5665 sacrum
1213 5604 1266 5666 ba-

518 5699 663 5775 beretur3
686 5714 798 5776 66666
819 5697 1031 5775 consequitur,
1048 5703 1082 5758 ut
1097 5695 1201 5774 plures
1214 5713 1264 5759 su·

518 5807 573 5870 per
597 5808 664 5876 uno¹
681 5793 768 5854 altari
797 5792 906 5853 missae
938 5795 1136 5869 peragantur.
1170 5791 1264 5855 Porro

438 5933 441 5942 .
518 5885 621 5947 baeca
637 5893 667 5947 te
682 5893 765 5962 gesta
785 5885 903 5960 fateris,
918 5900 1057 5964 sperans,
1073 5882 1139 5946 iore
1160 5893 1195 5947 ut
1210 5901 1265 5948 no·

516 5982 578 6040 stra
598 5979 780 6041 auctoritate
800 5978 1088 6057 comprobarentur.

1334 1108 1406 1154 vera
1428 1110 1494 1156 esse
1509 1109 1571 1156 666
1588 1091 1789 1174 dubitamus),
1806 1094 2015 1168 concedimus,
2031 1092 2078 1155 16-

1334 1202 1439 1265 quam,
1463 1196 1497 1250 ut
1519 1187 1627 1250 diebus
1649 1187 1734 1250 festis
1749 1203 1863 1250 novem
1884 1203 1966 1250 sacra
1987 1187 2081 1249 conii·

1333 1281 1456 1342 ciautur
1478 1281 1510 1342 iu
1533 1282 1704 1358 supradicta
1727 1291 1779 1345 tua
1800 1283 1937 1356 ecclesia,
1961 1281 2080 1360 quoties

1333 1373 1361 1435 id
1390 1375 1599 1436 necessarium
1631 1375 1793 1452 iudicabis;
1816 1375 1856 1437 ita
1889 1383 2012 1450 tamen,
2046 1383 2081 1436 ut

1332 1482 1432 1529 unum
1456 1473 1578 1530 tantum
1599 1483 1638 1529 ex
1659 1468 1749 1530 dictis
1776 1483 1891 1530 novem
1916 1469 2008 1530 sacris
2029 1484 2079 1528 su-

1333 1575 1386 1638 per
1407 1561 1495 1622 altari
1519 1561 1627 1622 maiori
1648 1560 1840 1639 celebretur3
1864 1577 1942 1641 quae
1957 1577 2078 1624 conces-

1330 1652 1375 1714 sio
1397 1661 1588 1730 permaneat,
1605 1655 1703 1716 donec
1726 1663 1848 1733 tempus
1863 1663 1894 1717 et
1908 1655 2022 1718 occasio
2034 1653 2077 1715 fe-

1331 1753 1403 1807 rant
1423 1752 1457 1808 ut
1480 1746 1627 1808 ecciesiae
1657 1746 1751 1825 spatia
1779 1745 1949 1810 dilatentur
1970 1755 2001 1810 et
2026 1749 2078 1809 do-

1331 1855 1388 1902 nec
1408 1855 1462 1902 eae
1487 1840 1623 1902 rationes
1645 1839 1776 1902 minime
1809 1840 1983 1917 concidant,
2005 1857 2078 1920 quas

1331 1941 1453 1995 nostros
1473 1933 1512 1995 66
1533 1933 1638 1995 666166
1669 1935 1902 2013 proposuimus,
1933 1945 1968 1998 ut
1984 1937 2077 1999 —banc

1330 2025 1509 2088 facultatem
1530 2035 1665 2106 peteres.

1369 2121 1388 2196 ἓ
1409 2119 1438 2182 9.
1462 2121 1545 2183 Hanc
1560 2121 1788 2198 indulgentiam
1803 2129 1942 2184 nostram
1957 2120 1989 2183 S.
2001 2123 2079 2184 Leo·
2150 2143 2188 2190 66
2214 2147 2318 2192 eastern

1330 2214 1362 2274 ni
1385 2213 1495 2290 Hagno
1517 2215 1742 2294 praedecessori
1758 2225 1864 2276 nostro
1881 2216 2074 2279 tribuendam
2096 2199 2318 2298 ῗξξῗῆξῖξᾞῖξῗ

1330 2307 1525 2384 potissimum
1536 2307 1702 2386 intelligas.
1720 2308 1799 2371 Cum
1814 2308 1901 2370 enim
1915 2309 2076 2373 Dioscorus
2095 2306 2144 2404 {ff
2164 2308 2195 2350 Μ·
2217 2317 2317 2352 00116·

1329 2401 1557 2466 Alexaudrinus
1584 2403 1713 2466 unicum
1735 2402 1768 2464 in
1792 2419 1826 2465 ea
1852 2403 1977 2465 civitate
1999 2411 2076 2466 tem·

1329 2497 1416 2575 plum
1445 2496 1586 2571 baberet,
1609 2497 1645 2559 ad
1674 2496 1755 2574 quod
1783 2497 1973 2560 incredibilis
2004 2498 2076 2560 fide·

1329 2591 1408 2654 lium
1430 2589 1597 2653 multitudo
1618 2591 1802 2666 conflueret,
1826 2589 1856 2656 S.
1880 2591 1976 2654 Leoni
1999 2592 2076 2654 Pon-

1331 2685 1405 2746 tifici
1426 2683 1607 2757 declararit,
1635 2683 1763 2746 evenire
1787 2684 1992 2748 Alexandriae
2013 2702 2077 2747 eas-

1329 2777 1400 2840 dem
1422 2777 1537 2853 turbas,
1559 2776 1668 2838 eadem
1689 2777 1896 2854 incommoda,
1918 2794 1996 2857 quae
2018 2795 2075 2842 nu·

1329 2888 1383 2950 per
1415 2870 1568 2949 Hierapoli
1594 2861 1761 2947 contigisse
1790 2881 1824 2934 tu
1853 2873 1917 2950 ipse
1946 2881 2076 2935 testatus

1328 2979 1372 3026 es.
1406 2965 1511 3043 ltaque
1538 2979 1610 3026 curn
1638 2964 1754 3026 Romae
1780 2964 1969 3030 consuetudo
2001 2967 2076 3028 iarn-

1331 3059 1449 3138 pridem
1478 3057 1672 3133 invaluisset,
1696 3066 1730 3120 ut
1751 3058 1858 3121 diebus
1880 3059 1979 3135 festis,
2002 3077 2074 3123 cum

1330 3150 1436 3232 populi
1458 3151 1632 3230 frequentia
1654 3152 1791 3214 maxima
1812 3158 1903 3227 esset,
1919 3153 1951 3215 in
1968 3153 2074 3216 eadem

1330 3249 1467 3324 ecclesia,
1495 3250 1665 3326 eodemque
1698 3247 1786 3309 altari
1814 3247 1903 3324 plura
1928 3249 2073 3311 sacrificia

1329 3343 1500 3404 ederentur
1512 3341 1667 3422 (quamvis
1679 3341 1808 3403 unicum
1821 3341 1917 3404 altare
1927 3350 1958 3404 et
1974 3359 2074 3405 unum

1328 3438 1512 3500 sacrificium
1535 3437 1566 3498 in
1588 3435 1726 3516 qualibet
1753 3437 1877 3500 ecclesia
1899 3447 1974 3501 tunc
1996 3446 2074 3500 tem-

1329 3531 1411 3610 poris
1432 3529 1627 3609 haberetur),
1657 3531 1688 3594 S.
1713 3531 1776 3594 Leo
1798 3532 1951 3612 Pontifex,
1974 3537 2075 3614 probi-

1330 3627 1399 3690 tatis
1425 3643 1459 3690 ac
1486 3627 1645 3688 doctrinae
1670 3625 1758 3688 laude
1789 3627 2071 3706 praeclarissimus,

1327 3723 1471 3785 Dioscoro
1493 3720 1650 3800 permisit,
1679 3729 1714 3782 ut
1735 3737 1829 3798 super
1855 3721 1963 3784 eodem
1985 3724 2072 3785 altari

1327 3816 1416 3896 plura
1450 3815 1597 3878 sacrificia
1630 3820 1852 3877 statuerentur.
1887 3815 1948 3878 Nos
1975 3817 2073 3894 igitur

1326 3911 1447 3973 adducti
1469 3910 1724 3988 praestantissimi
1749 3911 1905 3974 Pontificis
1928 3910 2072 3990 exemplo

1326 4004 1504 4068 facultatem
1526 4004 1664 4066 eamdem
1680 4005 1736 4066 tibi
1751 4004 1961 4084 impertimur,
1978 4007 2015 4068 iis
2031 4013 2071 4068 ta·

1326 4115 1399 4161 men
1421 4098 1662 4172 conditionibus,
1684 4115 1759 4176 6666
1774 4098 1917 4177 superius
1937 4115 2071 4162 comme·

1325 4193 2071 4257 1666666666Η166616666666166666616166

1325 4285 1426 4364 (66161.
1448 4284 1494 4362 11,
1512 4287 1597 4347 iuxta
1613 4294 1770 4347 recentem
1784 4286 1971 4364 editionem,
1994 4304 2072 4367 quae

1327 4388 1429 4443 tamen
1451 4381 1697 4456 octuagesimum
1726 4380 1863 4458 primum
1891 4380 1993 4443 locum
2020 4381 2071 4444 ob

1325 4474 1415 4550 tinet,
1438 4475 1464 4536 si
1493 4481 1615 4536 veteres
1646 4473 1799 4536 editiones
1830 4474 2068 4557 inspicianturl:

1325 4587 1343 4631 ‹
1363 4569 1403 4631 Ut
1424 4577 1530 4632 autem
1544 4569 1577 4630 16
1594 4567 1740 4630 omnibus
1758 4567 1952 4632 observantia
1967 4579 2069 4632 nostra

1323 4664 1537 4738 «concordet,
1561 4663 1635 4726 illud
1657 4679 1782 4744 quoque
1805 4663 1951 4728 volumus
1972 4673 2071 4728 custo-

1323 4776 1341 4818 6
1362 4758 1440 4832 dire,
1463 4765 1509 4832 ut,
1525 4772 1598 4819 cum
1618 4757 1801 4819 sollemnior
1823 4773 1964 4837 quaeque
1986 4757 2070 4820 festi·

1321 4869 1340 4910 6
1362 4851 1440 4913 vitas
1460 4857 1653 4914 conventum
1664 4851 1769 4931 populi
1785 4852 2009 4914 numerosioris
2023 4851 2068 4913 in-

1322 4963 1340 5006 6
1361 4946 1485 5020 dixerit,
1501 4951 1532 5007 et
1546 4962 1581 5008 ea
1603 4945 1742 5008 fidelium
1766 4945 1937 5008 multitudo
1957 4961 2069 5008 conve·

1321 5059 1339 5100 6
1362 5040 1456 5114 uerit,
1478 5055 1572 5118 quam
1593 5039 1729 5118 recipere
1750 5039 1872 5100 basilica
1891 5038 1985 5100 simul
2007 5055 2067 5100 una

1320 5154 1339 5195 6
1360 5149 1424 5196 666
1447 5134 1552 5212 possit,
1565 5132 1703 5196 sacrificii
1720 5131 1833 5194 oblatio
1856 5131 2067 5194 indubitanter

1321 5247 1340 5289 6
1361 5228 1505 5306 iteretur,
1519 5243 1559 5289 ne
1573 5227 1621 5289 bis
1644 5234 1765 5289 tantum
1787 5227 1925 5288 admissis
1940 5228 1975 5289 ad
1991 5226 2066 5288 banc

1321 5339 1339 5384 6
1360 5322 1576 5396 devotionem,
1598 5321 1652 5400 qui
1680 5320 1773 5399 primi
1803 5319 2000 5395 advenerint,
2022 5320 2067 5381 vi·

1321 5434 1340 5476 6
1360 5419 1493 5480 deantur
1506 5417 1550 5490 bi,
1563 5417 1617 5494 qui
1632 5413 1828 5494 postmodum
1845 5413 2065 5488 confluxerint,

1320 5526 1424 5572 6666
1446 5509 1573 5588 recepti,
1589 5524 1662 5572 cum
1683 5507 1809 5588 plenum
1831 5505 1953 5585 pietatis
1976 5513 2069 5585 atque

1320 5622 1338 5665 6
1360 5603 1488 5666 rationis
1508 5603 1559 5676 sit,
1582 5612 1616 5664 ut
1638 5603 1760 5680 quoties
1775 5600 1942 5674 basilicam,
1959 5599 1992 5660 in
2007 5614 2067 5677 qua

1320 5715 1338 5758 6
1359 5698 1472 5774 agitur,
1495 5697 1666 5776 praesentia
1688 5711 1787 5756 novae
1801 5694 1897 5772 plebis
1919 5691 2067 5772 impleve-

1319 5810 1337 5852 6
1359 5791 1413 5868 rit,
1438 5790 1528 5853 toties
1549 5789 1735 5852 sacrificium
1749 5787 1941 5866 subsequens
1960 5786 2067 5849 offera-
2139 5869 2142 5874 Ι

1321 5902 1339 5945 6
1361 5891 1423 5947 tur.
1448 5882 1577 5946 Necesse
1592 5891 1639 5945 est
1653 5889 1769 5959 autem,
1787 5889 1821 5944 ut
1835 5880 1985 5959 quaedam
1996 5896 2066 5959 pars

1319 5995 1337 6038 6
1358 5977 1464 6057 666611
1484 5993 1537 6040 666
1558 5976 1888 6056 devotioneprivetur,
1911 5975 1947 6052 si,
1971 5973 2066 6038 unius
