<?xml version="1.0" encoding="UTF-8"?>
<!DOCTYPE html PUBLIC "-//W3C//DTD XHTML 1.0 Transitional//EN"
    "http://www.w3.org/TR/xhtml1/DTD/xhtml1-transitional.dtd">
<html xmlns="http://www.w3.org/1999/xhtml" xml:lang="en" lang="en">
 <head>
  <title>
</title>
<meta http-equiv="Content-Type" content="text/html;charset=utf-8" />
  <meta name='ocr-system' content='tesseract 3.04.00' />
  <meta name='ocr-capabilities' content='ocr_page ocr_carea ocr_par ocr_line ocrx_word'/>
</head>
<body>
  <div class='ocr_page' id='page_1' title='image "./iurispontificii02martgoog_0481.png"; bbox 0 0 4856 6984; ppageno 0'>
   <div class='ocr_carea' id='block_1_1' title="bbox 114 585 295 638">
    <p class='ocr_par' dir='ltr' id='par_1_1' title="bbox 114 585 295 638">
     <span class='ocr_line' id='line_1_1' title="bbox 114 585 295 638; baseline -0.011 -2"><span class='ocrx_word' id='word_1_1' title='bbox 114 586 168 638; x_wconf 77' lang='lat' dir='ltr'>An.</span> <span class='ocrx_word' id='word_1_2' title='bbox 184 589 216 638; x_wconf 81' lang='lat' dir='ltr'>G.</span> <span class='ocrx_word' id='word_1_3' title='bbox 237 585 295 636; x_wconf 75' lang='lat'>1751</span> 
     </span>
    </p>
   </div>
   <div class='ocr_carea' id='block_1_2' title="bbox 964 598 1247 646">
    <p class='ocr_par' dir='ltr' id='par_1_2' title="bbox 964 598 1247 646">
     <span class='ocr_line' id='line_1_2' title="bbox 964 598 1247 646; baseline -0.018 0"><span class='ocrx_word' id='word_1_4' title='bbox 964 599 1160 646; x_wconf 72' lang='lat' dir='ltr'>tentaturus</span> <span class='ocrx_word' id='word_1_5' title='bbox 1184 598 1247 644; x_wconf 78' lang='lat' dir='ltr'>XlV.</span> 
     </span>
    </p>
   </div>
   <div class='ocr_carea' id='block_1_3' title="bbox 327 717 1089 6031">
    <p class='ocr_par' dir='ltr' id='par_1_3' title="bbox 327 717 1078 1269">
     <span class='ocr_line' id='line_1_3' title="bbox 329 717 1078 798; baseline 0.003 -20"><span class='ocrx_word' id='word_1_6' title='bbox 329 720 377 782; x_wconf 86' lang='lat' dir='ltr'>vel</span> <span class='ocrx_word' id='word_1_7' title='bbox 399 720 610 783; x_wconf 89' lang='lat' dir='ltr'>residentiales</span> <span class='ocrx_word' id='word_1_8' title='bbox 632 721 809 796; x_wconf 70' lang='lat' dir='ltr'>antistites,</span> <span class='ocrx_word' id='word_1_9' title='bbox 823 719 872 781; x_wconf 90' lang='lat' dir='ltr'>vel</span> <span class='ocrx_word' id='word_1_10' title='bbox 889 717 1078 798; x_wconf 80' lang='lat' dir='ltr'>tpastoltms</span> 
     </span>
     <span class='ocr_line' id='line_1_4' title="bbox 328 812 1076 892; baseline 0.001 -19"><span class='ocrx_word' id='word_1_11' title='bbox 328 812 464 876; x_wconf 76' lang='lat' dir='ltr'>vicarios</span> <span class='ocrx_word' id='word_1_12' title='bbox 481 815 643 892; x_wconf 86' lang='lat' dir='ltr'>episcopali</span> <span class='ocrx_word' id='word_1_13' title='bbox 659 815 834 877; x_wconf 83' lang='lat' dir='ltr'>charactere</span> <span class='ocrx_word' id='word_1_14' title='bbox 849 824 880 878; x_wconf 91' lang='lat' dir='ltr'>et</span> <span class='ocrx_word' id='word_1_15' title='bbox 895 812 1076 874; x_wconf 87' lang='lat' dir='ltr'>auctoritate</span> 
     </span>
     <span class='ocr_line' id='line_1_5' title="bbox 328 906 1078 988; baseline 0.009 -23"><span class='ocrx_word' id='word_1_16' title='bbox 328 906 490 985; x_wconf 90' lang='lat' dir='ltr'>insignitos</span> <span class='ocrx_word' id='word_1_17' title='bbox 511 909 548 970; x_wconf 94' lang='lat' dir='ltr'>ab</span> <span class='ocrx_word' id='word_1_18' title='bbox 569 909 677 970; x_wconf 86' lang='lat' dir='ltr'>eadem</span> <span class='ocrx_word' id='word_1_19' title='bbox 695 909 864 988; x_wconf 75' lang='lat' dir='ltr'>Apostolicl</span> <span class='ocrx_word' id='word_1_20' title='bbox 883 908 962 972; x_wconf 90' lang='lat' dir='ltr'>Sede</span> <span class='ocrx_word' id='word_1_21' title='bbox 983 912 1078 988; x_wconf 92' lang='lat' dir='ltr'>depu-</span> 
     </span>
     <span class='ocr_line' id='line_1_6' title="bbox 329 1003 1078 1080; baseline -0.001 -15"><span class='ocrx_word' id='word_1_22' title='bbox 329 1003 427 1077; x_wconf 90' lang='lat' dir='ltr'>tari,a</span> <span class='ocrx_word' id='word_1_23' title='bbox 450 1003 574 1080; x_wconf 90' lang='lat' dir='ltr'>quibus,</span> <span class='ocrx_word' id='word_1_24' title='bbox 592 1020 663 1065; x_wconf 84' lang='lat' dir='ltr'>cum</span> <span class='ocrx_word' id='word_1_25' title='bbox 688 1003 760 1064; x_wconf 90' lang='lat' dir='ltr'>illuc</span> <span class='ocrx_word' id='word_1_26' title='bbox 781 1004 924 1064; x_wconf 86' lang='lat' dir='ltr'>accedere</span> <span class='ocrx_word' id='word_1_27' title='bbox 939 1020 1003 1065; x_wconf 93' lang='lat' dir='ltr'>non</span> <span class='ocrx_word' id='word_1_28' title='bbox 1026 1021 1078 1064; x_wconf 86' lang='lat' dir='ltr'>va-</span> 
     </span>
     <span class='ocr_line' id='line_1_7' title="bbox 327 1097 1078 1176; baseline 0 -19"><span class='ocrx_word' id='word_1_29' title='bbox 327 1097 421 1172; x_wconf 91' lang='lat' dir='ltr'>leant,</span> <span class='ocrx_word' id='word_1_30' title='bbox 455 1106 530 1160; x_wconf 93' lang='lat' dir='ltr'>tnnc</span> <span class='ocrx_word' id='word_1_31' title='bbox 562 1098 683 1160; x_wconf 90' lang='lat' dir='ltr'>licentia</span> <span class='ocrx_word' id='word_1_32' title='bbox 715 1098 866 1161; x_wconf 89' lang='lat' dir='ltr'>antedicta</span> <span class='ocrx_word' id='word_1_33' title='bbox 900 1097 1078 1176; x_wconf 92' lang='lat' dir='ltr'>parimodo</span> 
     </span>
     <span class='ocr_line' id='line_1_8' title="bbox 328 1191 713 1269; baseline 0.005 -17"><span class='ocrx_word' id='word_1_34' title='bbox 328 1191 389 1269; x_wconf 90' lang='lat' dir='ltr'>peti</span> <span class='ocrx_word' id='word_1_35' title='bbox 412 1199 442 1251; x_wconf 90' lang='lat' dir='ltr'>et</span> <span class='ocrx_word' id='word_1_36' title='bbox 465 1193 590 1254; x_wconf 92' lang='lat' dir='ltr'>concedi</span> <span class='ocrx_word' id='word_1_37' title='bbox 613 1191 713 1254; x_wconf 92' lang='lat' dir='ltr'>debet.</span> 
     </span>
    </p>

    <p class='ocr_par' dir='ltr' id='par_1_4' title="bbox 328 1284 1080 2668">
     <span class='ocr_line' id='line_1_9' title="bbox 367 1284 1078 1361; baseline -0.001 -14"><span class='ocrx_word' id='word_1_38' title='bbox 367 1284 385 1358; x_wconf 85' lang='lat'>5</span> <span class='ocrx_word' id='word_1_39' title='bbox 406 1285 435 1347; x_wconf 80' lang='lat'>5.</span> <span class='ocrx_word' id='word_1_40' title='bbox 461 1284 632 1360; x_wconf 87' lang='lat' dir='ltr'>Praeterea,</span> <span class='ocrx_word' id='word_1_41' title='bbox 656 1287 680 1348; x_wconf 88' lang='lat' dir='ltr'>si</span> <span class='ocrx_word' id='word_1_42' title='bbox 704 1287 783 1348; x_wconf 92' lang='lat' dir='ltr'>lorte</span> <span class='ocrx_word' id='word_1_43' title='bbox 805 1287 957 1361; x_wconf 84' lang='lat' dir='ltr'>evenerit,</span> <span class='ocrx_word' id='word_1_44' title='bbox 974 1293 1006 1348; x_wconf 91' lang='lat' dir='ltr'>ut</span> <span class='ocrx_word' id='word_1_45' title='bbox 1027 1303 1078 1346; x_wconf 89' lang='lat' dir='ltr'>su-</span> 
     </span>
     <span class='ocr_line' id='line_1_10' title="bbox 329 1380 1078 1458; baseline 0 -18"><span class='ocrx_word' id='word_1_46' title='bbox 329 1380 430 1456; x_wconf 91' lang='lat' dir='ltr'>perior</span> <span class='ocrx_word' id='word_1_47' title='bbox 451 1381 580 1458; x_wconf 74' lang='lat' dir='ltr'>quilibet</span> <span class='ocrx_word' id='word_1_48' title='bbox 603 1381 738 1442; x_wconf 88' lang='lat' dir='ltr'>cuiusvis</span> <span class='ocrx_word' id='word_1_49' title='bbox 761 1381 931 1454; x_wconf 87' lang='lat' dir='ltr'>missionis,</span> <span class='ocrx_word' id='word_1_50' title='bbox 952 1381 1078 1458; x_wconf 92' lang='lat' dir='ltr'>quibus·</span> 
     </span>
     <span class='ocr_line' id='line_1_11' title="bbox 328 1473 1078 1552; baseline 0.003 -20"><span class='ocrx_word' id='word_1_51' title='bbox 328 1489 462 1550; x_wconf 89' lang='lat' dir='ltr'>cumque</span> <span class='ocrx_word' id='word_1_52' title='bbox 477 1473 626 1549; x_wconf 79' lang='lat' dir='ltr'>legitimis</span> <span class='ocrx_word' id='word_1_53' title='bbox 641 1475 858 1552; x_wconf 79' lang='lat' dir='ltr'>canonicisque</span> <span class='ocrx_word' id='word_1_54' title='bbox 874 1473 1078 1551; x_wconf 90' lang='lat' dir='ltr'>impedimen-</span> 
     </span>
     <span class='ocr_line' id='line_1_12' title="bbox 329 1553 1078 1645; baseline -0.003 -18"><span class='ocrx_word' id='word_1_55' title='bbox 329 1567 367 1628; x_wconf 84' lang='lat' dir='ltr'>tis</span> <span class='ocrx_word' id='word_1_56' title='bbox 388 1567 533 1628; x_wconf 90' lang='lat' dir='ltr'>detentus</span> <span class='ocrx_word' id='word_1_57' title='bbox 554 1567 605 1641; x_wconf 91' lang='lat' dir='ltr'>sit,</span> <span class='ocrx_word' id='word_1_58' title='bbox 629 1569 797 1645; x_wconf 83' lang='lat' dir='ltr'>quominus</span> <span class='ocrx_word' id='word_1_59' title='bbox 821 1567 997 1628; x_wconf 91' lang='lat' dir='ltr'>iniunctum</span> <span class='ocrx_word' id='word_1_60' title='bbox 1019 1553 1078 1626; x_wconf 86' lang='lat' dir='ltr'>sibi</span> 
     </span>
     <span class='ocr_line' id='line_1_13' title="bbox 329 1659 1077 1739; baseline 0.005 -23"><span class='ocrx_word' id='word_1_61' title='bbox 329 1659 513 1720; x_wconf 73' lang='lat' dir='ltr'>visitationis</span> <span class='ocrx_word' id='word_1_62' title='bbox 525 1661 733 1725; x_wconf 87' lang='lat' dir='ltr'>ministerium</span> <span class='ocrx_word' id='word_1_63' title='bbox 751 1660 877 1739; x_wconf 76' lang='lat' dir='ltr'>explere</span> <span class='ocrx_word' id='word_1_64' title='bbox 899 1659 1009 1733; x_wconf 91' lang='lat' dir='ltr'>valeat,</span> <span class='ocrx_word' id='word_1_65' title='bbox 1026 1677 1077 1720; x_wconf 83' lang='lat' dir='ltr'>au·</span> 
     </span>
     <span class='ocr_line' id='line_1_14' title="bbox 328 1752 1078 1831; baseline 0 -17"><span class='ocrx_word' id='word_1_66' title='bbox 328 1752 468 1814; x_wconf 91' lang='lat' dir='ltr'>ctoritate</span> <span class='ocrx_word' id='word_1_67' title='bbox 491 1759 521 1814; x_wconf 93' lang='lat' dir='ltr'>et</span> <span class='ocrx_word' id='word_1_68' title='bbox 545 1761 652 1814; x_wconf 91' lang='lat' dir='ltr'>tenore</span> <span class='ocrx_word' id='word_1_69' title='bbox 674 1753 797 1831; x_wconf 89' lang='lat' dir='ltr'>paribus</span> <span class='ocrx_word' id='word_1_70' title='bbox 820 1752 1030 1827; x_wconf 89' lang='lat' dir='ltr'>concedimus,</span> <span class='ocrx_word' id='word_1_71' title='bbox 1048 1760 1078 1814; x_wconf 92' lang='lat' dir='ltr'>et</span> 
     </span>
     <span class='ocr_line' id='line_1_15' title="bbox 330 1843 1078 1924; baseline -0.003 -18"><span class='ocrx_word' id='word_1_72' title='bbox 330 1843 506 1907; x_wconf 79' lang='lat' dir='ltr'>lactrltatem</span> <span class='ocrx_word' id='word_1_73' title='bbox 523 1845 722 1923; x_wconf 73' lang='lat' dir='ltr'>impertimur</span> <span class='ocrx_word' id='word_1_74' title='bbox 738 1846 794 1924; x_wconf 83' lang='lat' dir='ltr'>ipsi</span> <span class='ocrx_word' id='word_1_75' title='bbox 809 1846 957 1923; x_wconf 77' lang='lat' dir='ltr'>superiori</span> <span class='ocrx_word' id='word_1_76' title='bbox 982 1847 1078 1923; x_wconf 85' lang='lat' dir='ltr'>impe·</span> 
     </span>
     <span class='ocr_line' id='line_1_16' title="bbox 329 1938 1077 2016; baseline 0.001 -18"><span class='ocrx_word' id='word_1_77' title='bbox 329 1938 403 2011; x_wconf 91' lang='lat' dir='ltr'>dito,</span> <span class='ocrx_word' id='word_1_78' title='bbox 428 1945 461 1998; x_wconf 93' lang='lat' dir='ltr'>ut</span> <span class='ocrx_word' id='word_1_79' title='bbox 492 1953 589 2000; x_wconf 91' lang='lat' dir='ltr'>unum</span> <span class='ocrx_word' id='word_1_80' title='bbox 615 1939 663 2000; x_wconf 85' lang='lat' dir='ltr'>vel</span> <span class='ocrx_word' id='word_1_81' title='bbox 686 1939 790 2016; x_wconf 93' lang='lat' dir='ltr'>plures</span> <span class='ocrx_word' id='word_1_82' title='bbox 821 1939 996 2014; x_wconf 78' lang='lat' dir='ltr'>digniorem</span> <span class='ocrx_word' id='word_1_83' title='bbox 1029 1938 1077 1999; x_wconf 84' lang='lat' dir='ltr'>rel</span> 
     </span>
     <span class='ocr_line' id='line_1_17' title="bbox 329 2029 1078 2108; baseline -0.003 -16"><span class='ocrx_word' id='word_1_84' title='bbox 329 2030 485 2108; x_wconf 88' lang='lat' dir='ltr'>digniores</span> <span class='ocrx_word' id='word_1_85' title='bbox 500 2031 639 2094; x_wconf 87' lang='lat' dir='ltr'>eiusdem</span> <span class='ocrx_word' id='word_1_86' title='bbox 657 2029 815 2092; x_wconf 88' lang='lat' dir='ltr'>Societatis</span> <span class='ocrx_word' id='word_1_87' title='bbox 831 2031 1078 2105; x_wconf 76' lang='lat' dir='ltr'>missionarioS,a</span> 
     </span>
     <span class='ocr_line' id='line_1_18' title="bbox 330 2123 1079 2202; baseline -0.003 -16"><span class='ocrx_word' id='word_1_88' title='bbox 330 2141 391 2202; x_wconf 89' lang='lat' dir='ltr'>qno</span> <span class='ocrx_word' id='word_1_89' title='bbox 413 2123 460 2186; x_wconf 87' lang='lat' dir='ltr'>vel</span> <span class='ocrx_word' id='word_1_90' title='bbox 484 2125 596 2202; x_wconf 92' lang='lat' dir='ltr'>quibus</span> <span class='ocrx_word' id='word_1_91' title='bbox 618 2131 846 2186; x_wconf 87' lang='lat' dir='ltr'>sacramentum</span> <span class='ocrx_word' id='word_1_92' title='bbox 862 2123 1079 2186; x_wconf 81' lang='lat' dir='ltr'>Confirmatio·</span> 
     </span>
     <span class='ocr_line' id='line_1_19' title="bbox 330 2216 1078 2295; baseline -0.004 -16"><span class='ocrx_word' id='word_1_93' title='bbox 330 2217 390 2292; x_wconf 89' lang='lat' dir='ltr'>nis,</span> <span class='ocrx_word' id='word_1_94' title='bbox 415 2228 449 2290; x_wconf 83' lang='lat' dir='ltr'>ut</span> <span class='ocrx_word' id='word_1_95' title='bbox 470 2217 700 2295; x_wconf 89' lang='lat' dir='ltr'>praemittitur,</span> <span class='ocrx_word' id='word_1_96' title='bbox 724 2234 763 2279; x_wconf 93' lang='lat' dir='ltr'>ne</span> <span class='ocrx_word' id='word_1_97' title='bbox 785 2216 1008 2280; x_wconf 76' lang='lat' dir='ltr'>christifideles</span> <span class='ocrx_word' id='word_1_98' title='bbox 1030 2233 1078 2277; x_wconf 91' lang='lat' dir='ltr'>eo-</span> 
     </span>
     <span class='ocr_line' id='line_1_20' title="bbox 329 2310 1080 2385; baseline -0.007 -11"><span class='ocrx_word' id='word_1_99' title='bbox 329 2313 398 2374; x_wconf 88' lang='lat' dir='ltr'>dem</span> <span class='ocrx_word' id='word_1_100' title='bbox 427 2312 589 2373; x_wconf 90' lang='lat' dir='ltr'>destitutos</span> <span class='ocrx_word' id='word_1_101' title='bbox 618 2310 822 2374; x_wconf 82' lang='grc'><strong>0111101111</strong></span> <span class='ocrx_word' id='word_1_102' title='bbox 851 2310 985 2385; x_wconf 92' lang='lat' dir='ltr'>migrare</span> <span class='ocrx_word' id='word_1_103' title='bbox 1007 2324 1080 2370; x_wconf 90' lang='lat' dir='ltr'>con-</span> 
     </span>
     <span class='ocr_line' id='line_1_21' title="bbox 331 2403 1079 2482; baseline -0.007 -16"><span class='ocrx_word' id='word_1_104' title='bbox 331 2406 441 2480; x_wconf 89' lang='lat' dir='ltr'>tingat,</span> <span class='ocrx_word' id='word_1_105' title='bbox 465 2404 671 2465; x_wconf 89' lang='lat' dir='ltr'>administrari</span> <span class='ocrx_word' id='word_1_106' title='bbox 688 2404 793 2482; x_wconf 89' lang='lat' dir='ltr'>possit,</span> <span class='ocrx_word' id='word_1_107' title='bbox 811 2419 865 2482; x_wconf 92' lang='lat' dir='ltr'>pro</span> <span class='ocrx_word' id='word_1_108' title='bbox 880 2419 936 2466; x_wconf 89' lang='lat' dir='ltr'>suo</span> <span class='ocrx_word' id='word_1_109' title='bbox 951 2403 1079 2464; x_wconf 90' lang='lat' dir='ltr'>arbitrio</span> 
     </span>
     <span class='ocr_line' id='line_1_22' title="bbox 330 2495 1079 2574; baseline -0.004 -14"><span class='ocrx_word' id='word_1_110' title='bbox 330 2505 361 2560; x_wconf 91' lang='lat' dir='ltr'>et</span> <span class='ocrx_word' id='word_1_111' title='bbox 382 2497 579 2572; x_wconf 78' lang='lat' dir='ltr'>conscientia,</span> <span class='ocrx_word' id='word_1_112' title='bbox 610 2498 793 2560; x_wconf 90' lang='lat' dir='ltr'>durantibus</span> <span class='ocrx_word' id='word_1_113' title='bbox 814 2505 919 2558; x_wconf 89' lang='lat' dir='ltr'>tamen</span> <span class='ocrx_word' id='word_1_114' title='bbox 951 2495 1079 2574; x_wconf 91' lang='lat' dir='ltr'>impedi-</span> 
     </span>
     <span class='ocr_line' id='line_1_23' title="bbox 332 2591 859 2668; baseline -0.004 -16"><span class='ocrx_word' id='word_1_115' title='bbox 332 2591 458 2666; x_wconf 92' lang='lat' dir='ltr'>mentis,</span> <span class='ocrx_word' id='word_1_116' title='bbox 481 2591 607 2668; x_wconf 90' lang='lat' dir='ltr'>deputet</span> <span class='ocrx_word' id='word_1_117' title='bbox 630 2597 659 2651; x_wconf 93' lang='lat' dir='ltr'>et</span> <span class='ocrx_word' id='word_1_118' title='bbox 681 2591 859 2652; x_wconf 87' lang='lat' dir='ltr'>constituat.</span> 
     </span>
    </p>

    <p class='ocr_par' dir='ltr' id='par_1_5' title="bbox 331 2683 1081 3216">
     <span class='ocr_line' id='line_1_24' title="bbox 370 2683 1079 2762; baseline -0.001 -17"><span class='ocrx_word' id='word_1_119' title='bbox 370 2684 389 2760; x_wconf 88' lang='lat'>5</span> <span class='ocrx_word' id='word_1_120' title='bbox 410 2684 439 2745; x_wconf 87' lang='grc'>6.</span> <span class='ocrx_word' id='word_1_121' title='bbox 464 2685 594 2762; x_wconf 89' lang='lat' dir='ltr'>Insuper</span> <span class='ocrx_word' id='word_1_122' title='bbox 609 2684 755 2745; x_wconf 88' lang='lat' dir='ltr'>omnibus</span> <span class='ocrx_word' id='word_1_123' title='bbox 770 2691 800 2744; x_wconf 90' lang='lat' dir='ltr'>et</span> <span class='ocrx_word' id='word_1_124' title='bbox 811 2683 943 2760; x_wconf 86' lang='lat' dir='ltr'>singulis</span> <span class='ocrx_word' id='word_1_125' title='bbox 958 2699 1079 2745; x_wconf 90' lang='lat' dir='ltr'>earum-</span> 
     </span>
     <span class='ocr_line' id='line_1_25' title="bbox 332 2776 1080 2840; baseline -0.003 -2"><span class='ocrx_word' id='word_1_126' title='bbox 332 2777 402 2838; x_wconf 87' lang='lat' dir='ltr'>dem</span> <span class='ocrx_word' id='word_1_127' title='bbox 429 2777 615 2839; x_wconf 85' lang='lat' dir='ltr'>missionum</span> <span class='ocrx_word' id='word_1_128' title='bbox 644 2777 844 2840; x_wconf 89' lang='lat' dir='ltr'>missionariis</span> <span class='ocrx_word' id='word_1_129' title='bbox 871 2776 1080 2838; x_wconf 89' lang='lat' dir='ltr'>sacerdotibus</span> 
     </span>
     <span class='ocr_line' id='line_1_26' title="bbox 331 2868 1079 2932; baseline 0 -2"><span class='ocrx_word' id='word_1_130' title='bbox 331 2868 468 2932; x_wconf 90' lang='lat' dir='ltr'>laudatae</span> <span class='ocrx_word' id='word_1_131' title='bbox 490 2869 651 2932; x_wconf 88' lang='lat' dir='ltr'>Societatis</span> <span class='ocrx_word' id='word_1_132' title='bbox 672 2869 811 2932; x_wconf 91' lang='lat' dir='ltr'>eamdem</span> <span class='ocrx_word' id='word_1_133' title='bbox 834 2869 1012 2931; x_wconf 88' lang='lat' dir='ltr'>conterendi</span> <span class='ocrx_word' id='word_1_134' title='bbox 1035 2887 1079 2930; x_wconf 93' lang='lat' dir='ltr'>sa·</span> 
     </span>
     <span class='ocr_line' id='line_1_27' title="bbox 331 2962 1079 3026; baseline -0.003 -2"><span class='ocrx_word' id='word_1_135' title='bbox 331 2970 527 3024; x_wconf 81' lang='lat' dir='ltr'>uramentum</span> <span class='ocrx_word' id='word_1_136' title='bbox 545 2963 797 3026; x_wconf 76' lang='lat' dir='ltr'>confirmationis</span> <span class='ocrx_word' id='word_1_137' title='bbox 808 2962 936 3026; x_wconf 83' lang='lat' dir='ltr'>cuilibet</span> <span class='ocrx_word' id='word_1_138' title='bbox 952 2962 1079 3024; x_wconf 75' lang='lat' dir='ltr'>librisli-</span> 
     </span>
     <span class='ocr_line' id='line_1_28' title="bbox 333 3056 1081 3138; baseline -0.003 -18"><span class='ocrx_word' id='word_1_139' title='bbox 333 3059 417 3122; x_wconf 90' lang='lat' dir='ltr'>lideli</span> <span class='ocrx_word' id='word_1_140' title='bbox 437 3060 470 3122; x_wconf 91' lang='lat' dir='ltr'>in</span> <span class='ocrx_word' id='word_1_141' title='bbox 493 3060 631 3138; x_wconf 88' lang='lat' dir='ltr'>periculo</span> <span class='ocrx_word' id='word_1_142' title='bbox 653 3058 702 3119; x_wconf 87' lang='lat' dir='ltr'>vel</span> <span class='ocrx_word' id='word_1_143' title='bbox 725 3056 855 3118; x_wconf 87' lang='lat' dir='ltr'>articulo</span> <span class='ocrx_word' id='word_1_144' title='bbox 878 3059 987 3120; x_wconf 87' lang='lat' dir='ltr'>mortis</span> <span class='ocrx_word' id='word_1_145' title='bbox 1010 3073 1081 3119; x_wconf 90' lang='lat' dir='ltr'>con-</span> 
     </span>
     <span class='ocr_line' id='line_1_29' title="bbox 332 3153 842 3216; baseline -0.008 -2"><span class='ocrx_word' id='word_1_146' title='bbox 332 3153 441 3216; x_wconf 91' lang='lat' dir='ltr'>stituto</span> <span class='ocrx_word' id='word_1_147' title='bbox 464 3153 642 3216; x_wconf 74' lang='lat' dir='ltr'>facultatem</span> <span class='ocrx_word' id='word_1_148' title='bbox 666 3153 842 3216; x_wconf 76' lang='lat' dir='ltr'>tribuimus.</span> 
     </span>
    </p>

    <p class='ocr_par' dir='ltr' id='par_1_6' title="bbox 332 3246 1083 4238">
     <span class='ocr_line' id='line_1_30' title="bbox 372 3246 1080 3322; baseline 0.001 -13"><span class='ocrx_word' id='word_1_149' title='bbox 372 3249 390 3322; x_wconf 97' lang='lat'>5</span> <span class='ocrx_word' id='word_1_150' title='bbox 413 3247 440 3309; x_wconf 89' lang='grc'>7.</span> <span class='ocrx_word' id='word_1_151' title='bbox 464 3247 636 3322; x_wconf 89' lang='lat' dir='ltr'>Praeterea,</span> <span class='ocrx_word' id='word_1_152' title='bbox 654 3257 763 3310; x_wconf 90' lang='lat' dir='ltr'>tenore</span> <span class='ocrx_word' id='word_1_153' title='bbox 782 3255 812 3309; x_wconf 91' lang='lat' dir='ltr'>et</span> <span class='ocrx_word' id='word_1_154' title='bbox 828 3246 1010 3310; x_wconf 89' lang='lat' dir='ltr'>auctoritate</span> <span class='ocrx_word' id='word_1_155' title='bbox 1031 3261 1080 3322; x_wconf 87' lang='lat' dir='ltr'>pa-</span> 
     </span>
     <span class='ocr_line' id='line_1_31' title="bbox 332 3341 1082 3419; baseline -0.001 -16"><span class='ocrx_word' id='word_1_156' title='bbox 332 3341 431 3416; x_wconf 91' lang='lat' dir='ltr'>ribus,</span> <span class='ocrx_word' id='word_1_157' title='bbox 452 3341 631 3403; x_wconf 83' lang='lat' dir='ltr'>facultatem</span> <span class='ocrx_word' id='word_1_158' title='bbox 646 3341 815 3404; x_wconf 86' lang='lat' dir='ltr'>tribuimus</span> <span class='ocrx_word' id='word_1_159' title='bbox 830 3349 861 3402; x_wconf 93' lang='grc'>01</span> <span class='ocrx_word' id='word_1_160' title='bbox 883 3341 1082 3419; x_wconf 83' lang='lat' dir='ltr'>impertimur</span> 
     </span>
     <span class='ocr_line' id='line_1_32' title="bbox 333 3433 1081 3498; baseline 0.001 -3"><span class='ocrx_word' id='word_1_161' title='bbox 333 3433 459 3495; x_wconf 88' lang='lat' dir='ltr'>cuilibet</span> <span class='ocrx_word' id='word_1_162' title='bbox 477 3433 669 3495; x_wconf 89' lang='lat' dir='ltr'>missionario</span> <span class='ocrx_word' id='word_1_163' title='bbox 684 3433 823 3495; x_wconf 89' lang='lat' dir='ltr'>eiusdem</span> <span class='ocrx_word' id='word_1_164' title='bbox 840 3435 999 3498; x_wconf 88' lang='lat' dir='ltr'>Societatis</span> <span class='ocrx_word' id='word_1_165' title='bbox 1013 3434 1081 3496; x_wconf 91' lang='lat' dir='ltr'>lesu</span> 
     </span>
     <span class='ocr_line' id='line_1_33' title="bbox 334 3525 1080 3605; baseline 0.003 -18"><span class='ocrx_word' id='word_1_166' title='bbox 334 3525 366 3588; x_wconf 91' lang='lat' dir='ltr'>in</span> <span class='ocrx_word' id='word_1_167' title='bbox 388 3526 566 3604; x_wconf 86' lang='lat' dir='ltr'>saepedictis</span> <span class='ocrx_word' id='word_1_168' title='bbox 588 3526 661 3587; x_wconf 91' lang='lat' dir='ltr'>locis</span> <span class='ocrx_word' id='word_1_169' title='bbox 683 3529 751 3588; x_wconf 86' lang='lat' dir='ltr'>rice</span> <span class='ocrx_word' id='word_1_170' title='bbox 778 3528 902 3605; x_wconf 82' lang='lat' dir='ltr'>parochi</span> <span class='ocrx_word' id='word_1_171' title='bbox 925 3527 1080 3605; x_wconf 77' lang='lat' dir='ltr'>fungenti,</span> 
     </span>
     <span class='ocr_line' id='line_1_34' title="bbox 335 3619 1082 3699; baseline 0.003 -19"><span class='ocrx_word' id='word_1_172' title='bbox 335 3627 369 3680; x_wconf 89' lang='lat' dir='ltr'>ut</span> <span class='ocrx_word' id='word_1_173' title='bbox 390 3635 462 3680; x_wconf 93' lang='lat' dir='ltr'>cum</span> <span class='ocrx_word' id='word_1_174' title='bbox 478 3619 560 3680; x_wconf 90' lang='lat' dir='ltr'>lndis</span> <span class='ocrx_word' id='word_1_175' title='bbox 577 3619 716 3680; x_wconf 85' lang='lat' dir='ltr'>fidelibus</span> <span class='ocrx_word' id='word_1_176' title='bbox 733 3621 910 3698; x_wconf 89' lang='lat' dir='ltr'>dispensare</span> <span class='ocrx_word' id='word_1_177' title='bbox 926 3622 1019 3699; x_wconf 92' lang='lat' dir='ltr'>possit</span> <span class='ocrx_word' id='word_1_178' title='bbox 1031 3638 1082 3682; x_wconf 90' lang='lat' dir='ltr'>su·</span> 
     </span>
     <span class='ocr_line' id='line_1_35' title="bbox 334 3712 1083 3791; baseline 0.004 -19"><span class='ocrx_word' id='word_1_179' title='bbox 334 3726 389 3788; x_wconf 91' lang='lat' dir='ltr'>per</span> <span class='ocrx_word' id='word_1_180' title='bbox 412 3712 510 3773; x_wconf 89' lang='lat' dir='ltr'>tribus</span> <span class='ocrx_word' id='word_1_181' title='bbox 532 3712 1083 3791; x_wconf 75' lang='grc'><strong>01001111011011111110011101110111100-</strong></span> 
     </span>
     <span class='ocr_line' id='line_1_36' title="bbox 335 3804 1083 3880; baseline 0.003 -14"><span class='ocrx_word' id='word_1_182' title='bbox 335 3805 423 3866; x_wconf 91' lang='lat' dir='ltr'>nium</span> <span class='ocrx_word' id='word_1_183' title='bbox 446 3804 695 3867; x_wconf 86' lang='lat' dir='ltr'>contrabendum</span> <span class='ocrx_word' id='word_1_184' title='bbox 711 3806 777 3868; x_wconf 85' lang='lat' dir='ltr'>ueri</span> <span class='ocrx_word' id='word_1_185' title='bbox 793 3807 901 3880; x_wconf 91' lang='lat' dir='ltr'>solitis,</span> <span class='ocrx_word' id='word_1_186' title='bbox 915 3807 1083 3870; x_wconf 88' lang='lat' dir='ltr'>dummodo</span> 
     </span>
     <span class='ocr_line' id='line_1_37' title="bbox 336 3896 1083 3979; baseline 0.007 -22"><span class='ocrx_word' id='word_1_187' title='bbox 336 3914 369 3958; x_wconf 87' lang='lat' dir='ltr'>ea</span> <span class='ocrx_word' id='word_1_188' title='bbox 391 3896 626 3960; x_wconf 85' lang='lat' dir='ltr'>intercesserint</span> <span class='ocrx_word' id='word_1_189' title='bbox 654 3906 830 3975; x_wconf 91' lang='lat' dir='ltr'>momenta,</span> <span class='ocrx_word' id='word_1_190' title='bbox 859 3906 984 3978; x_wconf 90' lang='lat' dir='ltr'>propter</span> <span class='ocrx_word' id='word_1_191' title='bbox 1005 3917 1083 3979; x_wconf 91' lang='lat' dir='ltr'>quae</span> 
     </span>
     <span class='ocr_line' id='line_1_38' title="bbox 334 3990 1081 4071; baseline 0.003 -19"><span class='ocrx_word' id='word_1_192' title='bbox 334 3990 520 4067; x_wconf 86' lang='lat' dir='ltr'>dispensatio</span> <span class='ocrx_word' id='word_1_193' title='bbox 548 3991 744 4067; x_wconf 88' lang='lat' dir='ltr'>huiusmodi,</span> <span class='ocrx_word' id='word_1_194' title='bbox 774 3991 946 4071; x_wconf 88' lang='lat' dir='ltr'>prudenter</span> <span class='ocrx_word' id='word_1_195' title='bbox 977 4000 1081 4054; x_wconf 90' lang='lat' dir='ltr'>tamen</span> 
     </span>
     <span class='ocr_line' id='line_1_39' title="bbox 335 4083 1083 4164; baseline 0.008 -21"><span class='ocrx_word' id='word_1_196' title='bbox 335 4083 516 4158; x_wconf 88' lang='lat' dir='ltr'>adhibenda,</span> <span class='ocrx_word' id='word_1_197' title='bbox 536 4085 707 4146; x_wconf 89' lang='lat' dir='ltr'>necessario</span> <span class='ocrx_word' id='word_1_198' title='bbox 727 4087 851 4148; x_wconf 89' lang='lat' dir='ltr'>concedi</span> <span class='ocrx_word' id='word_1_199' title='bbox 873 4103 960 4164; x_wconf 87' lang='lat' dir='ltr'>posse</span> <span class='ocrx_word' id='word_1_200' title='bbox 981 4087 1083 4149; x_wconf 86' lang='lat' dir='ltr'>existi-</span> 
     </span>
     <span class='ocr_line' id='line_1_40' title="bbox 334 4185 448 4238; baseline -0.009 -1"><span class='ocrx_word' id='word_1_201' title='bbox 334 4185 448 4238; x_wconf 90' lang='lat' dir='ltr'>matur.</span> 
     </span>
    </p>

    <p class='ocr_par' dir='ltr' id='par_1_7' title="bbox 337 4270 1086 5188">
     <span class='ocr_line' id='line_1_41' title="bbox 374 4270 1085 4352; baseline 0.004 -20"><span class='ocrx_word' id='word_1_202' title='bbox 374 4272 393 4344; x_wconf 88' lang='lat'>5</span> <span class='ocrx_word' id='word_1_203' title='bbox 414 4270 443 4332; x_wconf 90' lang='lat'>8.</span> <span class='ocrx_word' id='word_1_204' title='bbox 467 4273 597 4352; x_wconf 88' lang='lat' dir='ltr'>Insuper</span> <span class='ocrx_word' id='word_1_205' title='bbox 628 4272 774 4334; x_wconf 89' lang='lat' dir='ltr'>omnibus</span> <span class='ocrx_word' id='word_1_206' title='bbox 795 4280 826 4333; x_wconf 90' lang='lat' dir='ltr'>et</span> <span class='ocrx_word' id='word_1_207' title='bbox 853 4273 983 4349; x_wconf 88' lang='lat' dir='ltr'>singulis</span> <span class='ocrx_word' id='word_1_208' title='bbox 1015 4289 1085 4351; x_wconf 93' lang='lat' dir='ltr'>pro-</span> 
     </span>
     <span class='ocr_line' id='line_1_42' title="bbox 338 4365 1085 4441; baseline 0.003 -15"><span class='ocrx_word' id='word_1_209' title='bbox 338 4365 470 4441; x_wconf 82' lang='lat' dir='ltr'>vinciae,</span> <span class='ocrx_word' id='word_1_210' title='bbox 497 4374 528 4428; x_wconf 91' lang='grc'>01</span> <span class='ocrx_word' id='word_1_211' title='bbox 550 4366 735 4428; x_wconf 91' lang='lat' dir='ltr'>missionum</span> <span class='ocrx_word' id='word_1_212' title='bbox 766 4365 961 4440; x_wconf 87' lang='lat' dir='ltr'>Quitensinm</span> <span class='ocrx_word' id='word_1_213' title='bbox 984 4367 1085 4429; x_wconf 89' lang='lat' dir='ltr'>Socie-</span> 
     </span>
     <span class='ocr_line' id='line_1_43' title="bbox 337 4459 1083 4538; baseline 0.004 -18"><span class='ocrx_word' id='word_1_214' title='bbox 337 4461 407 4521; x_wconf 87' lang='lat' dir='ltr'>tatis</span> <span class='ocrx_word' id='word_1_215' title='bbox 430 4461 496 4521; x_wconf 91' lang='lat' dir='ltr'>lesu</span> <span class='ocrx_word' id='word_1_216' title='bbox 527 4459 749 4534; x_wconf 87' lang='lat' dir='ltr'>sacerdotibus,</span> <span class='ocrx_word' id='word_1_217' title='bbox 777 4467 871 4536; x_wconf 90' lang='lat' dir='ltr'>atque</span> <span class='ocrx_word' id='word_1_218' title='bbox 897 4460 949 4535; x_wconf 90' lang='lat' dir='ltr'>iis,</span> <span class='ocrx_word' id='word_1_219' title='bbox 972 4461 1026 4538; x_wconf 95' lang='lat' dir='ltr'>qui</span> <span class='ocrx_word' id='word_1_220' title='bbox 1048 4463 1083 4524; x_wconf 93' lang='lat' dir='ltr'>ad</span> 
     </span>
     <span class='ocr_line' id='line_1_44' title="bbox 337 4552 1085 4626; baseline 0.004 -14"><span class='ocrx_word' id='word_1_221' title='bbox 337 4552 430 4612; x_wconf 86' lang='lat' dir='ltr'>boras</span> <span class='ocrx_word' id='word_1_222' title='bbox 451 4553 614 4614; x_wconf 89' lang='lat' dir='ltr'>canonicas</span> <span class='ocrx_word' id='word_1_223' title='bbox 639 4558 800 4626; x_wconf 90' lang='lat' dir='ltr'>tenentur,</span> <span class='ocrx_word' id='word_1_224' title='bbox 830 4560 937 4614; x_wconf 91' lang='lat' dir='ltr'>tenore</span> <span class='ocrx_word' id='word_1_225' title='bbox 962 4560 993 4615; x_wconf 92' lang='lat' dir='ltr'>et</span> <span class='ocrx_word' id='word_1_226' title='bbox 1014 4570 1085 4615; x_wconf 90' lang='lat' dir='ltr'>auc·</span> 
     </span>
     <span class='ocr_line' id='line_1_45' title="bbox 338 4644 1084 4720; baseline 0.004 -15"><span class='ocrx_word' id='word_1_227' title='bbox 338 4645 464 4706; x_wconf 82' lang='grc' dir='ltr'><strong>101110ῑο</strong></span> <span class='ocrx_word' id='word_1_228' title='bbox 485 4644 650 4719; x_wconf 86' lang='lat' dir='ltr'>similibus,</span> <span class='ocrx_word' id='word_1_229' title='bbox 679 4644 891 4720; x_wconf 82' lang='lat' dir='ltr'>indulgemus,</span> <span class='ocrx_word' id='word_1_230' title='bbox 915 4654 949 4708; x_wconf 90' lang='lat' dir='ltr'>ut</span> <span class='ocrx_word' id='word_1_231' title='bbox 970 4645 1084 4708; x_wconf 87' lang='lat' dir='ltr'>testum</span> 
     </span>
     <span class='ocr_line' id='line_1_46' title="bbox 337 4735 1084 4816; baseline 0.005 -19"><span class='ocrx_word' id='word_1_232' title='bbox 337 4737 594 4799; x_wconf 74' lang='lat' dir='ltr'>praesentationis</span> <span class='ocrx_word' id='word_1_233' title='bbox 610 4738 643 4798; x_wconf 92' lang='lat' dir='ltr'>B.</span> <span class='ocrx_word' id='word_1_234' title='bbox 662 4737 773 4798; x_wconf 86' lang='lat' dir='ltr'>Mariae</span> <span class='ocrx_word' id='word_1_235' title='bbox 796 4735 935 4813; x_wconf 80' lang='lat' dir='ltr'>llirginis</span> <span class='ocrx_word' id='word_1_236' title='bbox 956 4747 1084 4816; x_wconf 88' lang='lat' dir='ltr'>quotan-</span> 
     </span>
     <span class='ocr_line' id='line_1_47' title="bbox 341 4830 1085 4908; baseline 0.005 -17"><span class='ocrx_word' id='word_1_237' title='bbox 341 4830 389 4891; x_wconf 89' lang='lat' dir='ltr'>nis</span> <span class='ocrx_word' id='word_1_238' title='bbox 410 4830 469 4892; x_wconf 89' lang='lat' dir='ltr'>sub</span> <span class='ocrx_word' id='word_1_239' title='bbox 489 4831 552 4893; x_wconf 89' lang='lat' dir='ltr'>ritu</span> <span class='ocrx_word' id='word_1_240' title='bbox 575 4830 689 4908; x_wconf 89' lang='lat' dir='ltr'>duplici</span> <span class='ocrx_word' id='word_1_241' title='bbox 711 4832 863 4894; x_wconf 91' lang='lat' dir='ltr'>secundae</span> <span class='ocrx_word' id='word_1_242' title='bbox 891 4831 992 4893; x_wconf 90' lang='lat' dir='ltr'>classis</span> <span class='ocrx_word' id='word_1_243' title='bbox 1014 4849 1085 4894; x_wconf 89' lang='lat' dir='ltr'>cum</span> 
     </span>
     <span class='ocr_line' id='line_1_48' title="bbox 339 4924 1086 5003; baseline 0.005 -20"><span class='ocrx_word' id='word_1_244' title='bbox 339 4924 456 4999; x_wconf 75' lang='lat' dir='ltr'>octavi,</span> <span class='ocrx_word' id='word_1_245' title='bbox 480 4931 542 4985; x_wconf 85' lang='lat' dir='ltr'>tam</span> <span class='ocrx_word' id='word_1_246' title='bbox 563 4925 662 5001; x_wconf 91' lang='lat' dir='ltr'>quoad</span> <span class='ocrx_word' id='word_1_247' title='bbox 682 4924 772 4986; x_wconf 88' lang='lat' dir='ltr'>boras</span> <span class='ocrx_word' id='word_1_248' title='bbox 794 4925 969 5000; x_wconf 89' lang='lat' dir='ltr'>canonicas,</span> <span class='ocrx_word' id='word_1_249' title='bbox 993 4941 1086 5003; x_wconf 87' lang='lat' dir='ltr'>quam</span> 
     </span>
     <span class='ocr_line' id='line_1_49' title="bbox 337 5016 1086 5094; baseline 0.004 -17"><span class='ocrx_word' id='word_1_250' title='bbox 337 5017 436 5094; x_wconf 86' lang='lat' dir='ltr'>quoad</span> <span class='ocrx_word' id='word_1_251' title='bbox 458 5016 579 5078; x_wconf 83' lang='lat' dir='ltr'>Missam</span> <span class='ocrx_word' id='word_1_252' title='bbox 600 5017 730 5078; x_wconf 89' lang='lat' dir='ltr'>recitare</span> <span class='ocrx_word' id='word_1_253' title='bbox 747 5024 776 5079; x_wconf 92' lang='lat' dir='ltr'>et</span> <span class='ocrx_word' id='word_1_254' title='bbox 792 5017 949 5080; x_wconf 89' lang='lat' dir='ltr'>celebrare</span> <span class='ocrx_word' id='word_1_255' title='bbox 964 5018 1086 5080; x_wconf 89' lang='lat' dir='ltr'>valeant</span> 
     </span>
     <span class='ocr_line' id='line_1_50' title="bbox 338 5110 519 5188; baseline -0.011 -17"><span class='ocrx_word' id='word_1_256' title='bbox 338 5125 370 5171; x_wconf 86' lang='lat' dir='ltr'>ac</span> <span class='ocrx_word' id='word_1_257' title='bbox 391 5110 519 5188; x_wconf 91' lang='lat' dir='ltr'>possint.</span> 
     </span>
    </p>

    <p class='ocr_par' dir='ltr' id='par_1_8' title="bbox 336 5203 1089 6031">
     <span class='ocr_line' id='line_1_51' title="bbox 378 5203 1088 5283; baseline 0.004 -18"><span class='ocrx_word' id='word_1_258' title='bbox 378 5204 397 5277; x_wconf 90' lang='lat'>5</span> <span class='ocrx_word' id='word_1_259' title='bbox 418 5203 448 5265; x_wconf 82' lang='grc'>9.</span> <span class='ocrx_word' id='word_1_260' title='bbox 472 5205 681 5268; x_wconf 86' lang='lat' dir='ltr'>Decernentes</span> <span class='ocrx_word' id='word_1_261' title='bbox 693 5203 813 5266; x_wconf 92' lang='lat' dir='ltr'>easdem</span> <span class='ocrx_word' id='word_1_262' title='bbox 830 5211 1005 5283; x_wconf 88' lang='lat' dir='ltr'>praesentes</span> <span class='ocrx_word' id='word_1_263' title='bbox 1020 5206 1088 5268; x_wconf 90' lang='lat' dir='ltr'>lite-</span> 
     </span>
     <span class='ocr_line' id='line_1_52' title="bbox 339 5297 1087 5376; baseline 0.004 -18"><span class='ocrx_word' id='word_1_264' title='bbox 339 5313 386 5358; x_wconf 90' lang='lat' dir='ltr'>ras</span> <span class='ocrx_word' id='word_1_265' title='bbox 401 5305 432 5357; x_wconf 89' lang='lat' dir='ltr'>et</span> <span class='ocrx_word' id='word_1_266' title='bbox 447 5297 479 5359; x_wconf 92' lang='lat' dir='ltr'>in</span> <span class='ocrx_word' id='word_1_267' title='bbox 496 5298 539 5359; x_wconf 91' lang='lat' dir='ltr'>eis</span> <span class='ocrx_word' id='word_1_268' title='bbox 558 5305 703 5360; x_wconf 88' lang='lat' dir='ltr'>contenta</span> <span class='ocrx_word' id='word_1_269' title='bbox 725 5315 940 5376; x_wconf 85' lang='lat' dir='ltr'>quaecumque</span> <span class='ocrx_word' id='word_1_270' title='bbox 964 5314 1087 5376; x_wconf 89' lang='lat' dir='ltr'>semper</span> 
     </span>
     <span class='ocr_line' id='line_1_53' title="bbox 340 5389 1085 5466; baseline 0.007 -16"><span class='ocrx_word' id='word_1_271' title='bbox 340 5389 441 5465; x_wconf 88' lang='lat' dir='ltr'>firma,</span> <span class='ocrx_word' id='word_1_272' title='bbox 465 5390 564 5452; x_wconf 89' lang='lat' dir='ltr'>valida</span> <span class='ocrx_word' id='word_1_273' title='bbox 586 5400 618 5453; x_wconf 90' lang='grc'>01</span> <span class='ocrx_word' id='word_1_274' title='bbox 639 5391 769 5454; x_wconf 83' lang='lat' dir='ltr'>efficacia</span> <span class='ocrx_word' id='word_1_275' title='bbox 799 5392 932 5453; x_wconf 77' lang='lat' dir='ltr'>existere</span> <span class='ocrx_word' id='word_1_276' title='bbox 954 5399 985 5454; x_wconf 90' lang='lat' dir='ltr'>et</span> <span class='ocrx_word' id='word_1_277' title='bbox 1009 5391 1085 5466; x_wconf 90' lang='lat' dir='ltr'>lore,</span> 
     </span>
     <span class='ocr_line' id='line_1_54' title="bbox 339 5485 1087 5564; baseline 0.005 -20"><span class='ocrx_word' id='word_1_278' title='bbox 339 5499 471 5562; x_wconf 88' lang='lat' dir='ltr'>suosque</span> <span class='ocrx_word' id='word_1_279' title='bbox 494 5485 646 5564; x_wconf 90' lang='lat' dir='ltr'>plenarios</span> <span class='ocrx_word' id='word_1_280' title='bbox 664 5492 697 5547; x_wconf 88' lang='lat' dir='ltr'>et</span> <span class='ocrx_word' id='word_1_281' title='bbox 718 5487 856 5562; x_wconf 89' lang='lat' dir='ltr'>integros</span> <span class='ocrx_word' id='word_1_282' title='bbox 877 5485 1003 5548; x_wconf 80' lang='lat' dir='ltr'>effectus</span> <span class='ocrx_word' id='word_1_283' title='bbox 1024 5504 1087 5548; x_wconf 86' lang='lat' dir='ltr'>sor·</span> 
     </span>
     <span class='ocr_line' id='line_1_55' title="bbox 336 5577 1087 5658; baseline 0.007 -21"><span class='ocrx_word' id='word_1_284' title='bbox 336 5577 393 5638; x_wconf 88' lang='lat' dir='ltr'>tiri</span> <span class='ocrx_word' id='word_1_285' title='bbox 414 5586 445 5639; x_wconf 87' lang='lat' dir='ltr'>et</span> <span class='ocrx_word' id='word_1_286' title='bbox 469 5578 622 5654; x_wconf 87' lang='lat' dir='ltr'>obtinere,</span> <span class='ocrx_word' id='word_1_287' title='bbox 646 5578 774 5654; x_wconf 79' lang='lat' dir='ltr'>stillis,</span> <span class='ocrx_word' id='word_1_288' title='bbox 801 5580 836 5640; x_wconf 88' lang='lat' dir='ltr'>ad</span> <span class='ocrx_word' id='word_1_289' title='bbox 868 5595 944 5657; x_wconf 91' lang='lat' dir='ltr'>quos</span> <span class='ocrx_word' id='word_1_290' title='bbox 971 5587 1087 5658; x_wconf 90' lang='lat' dir='ltr'>spectat</span> 
     </span>
     <span class='ocr_line' id='line_1_56' title="bbox 341 5672 1085 5750; baseline -0.001 -18"><span class='ocrx_word' id='word_1_291' title='bbox 341 5676 372 5732; x_wconf 91' lang='lat' dir='ltr'>et</span> <span class='ocrx_word' id='word_1_292' title='bbox 393 5687 449 5748; x_wconf 91' lang='lat' dir='ltr'>pro</span> <span class='ocrx_word' id='word_1_293' title='bbox 477 5677 616 5750; x_wconf 91' lang='lat' dir='ltr'>tempore</span> <span class='ocrx_word' id='word_1_294' title='bbox 643 5673 903 5750; x_wconf 88' lang='lat' dir='ltr'>quandocumque</span> <span class='ocrx_word' id='word_1_295' title='bbox 926 5672 1085 5750; x_wconf 88' lang='lat' dir='ltr'>spectabit,</span> 
     </span>
     <span class='ocr_line' id='line_1_57' title="bbox 341 5764 1089 5843; baseline 0 -18"><span class='ocrx_word' id='word_1_296' title='bbox 341 5764 373 5826; x_wconf 90' lang='lat' dir='ltr'>in</span> <span class='ocrx_word' id='word_1_297' title='bbox 396 5765 542 5826; x_wconf 88' lang='lat' dir='ltr'>omnibus</span> <span class='ocrx_word' id='word_1_298' title='bbox 564 5772 593 5826; x_wconf 91' lang='grc'>01</span> <span class='ocrx_word' id='word_1_299' title='bbox 620 5765 798 5843; x_wconf 87' lang='lat' dir='ltr'>peremnia</span> <span class='ocrx_word' id='word_1_300' title='bbox 820 5764 999 5842; x_wconf 86' lang='lat' dir='ltr'>plenissime</span> <span class='ocrx_word' id='word_1_301' title='bbox 1025 5764 1089 5826; x_wconf 90' lang='lat' dir='ltr'>sul-</span> 
     </span>
     <span class='ocr_line' id='line_1_58' title="bbox 340 5857 1087 5936; baseline 0 -18"><span class='ocrx_word' id='word_1_302' title='bbox 340 5857 463 5934; x_wconf 87' lang='lat' dir='ltr'>tragari,</span> <span class='ocrx_word' id='word_1_303' title='bbox 485 5857 591 5936; x_wconf 90' lang='lat' dir='ltr'>sieque</span> <span class='ocrx_word' id='word_1_304' title='bbox 612 5863 642 5919; x_wconf 89' lang='grc'>01</span> <span class='ocrx_word' id='word_1_305' title='bbox 664 5873 728 5919; x_wconf 91' lang='lat' dir='ltr'>non</span> <span class='ocrx_word' id='word_1_306' title='bbox 752 5858 841 5920; x_wconf 88' lang='lat' dir='ltr'>aliter</span> <span class='ocrx_word' id='word_1_307' title='bbox 863 5857 895 5918; x_wconf 95' lang='lat' dir='ltr'>in</span> <span class='ocrx_word' id='word_1_308' title='bbox 915 5859 1087 5936; x_wconf 89' lang='lat' dir='ltr'>praemissis</span> 
     </span>
     <span class='ocr_line' id='line_1_59' title="bbox 341 5951 1087 6031; baseline 0.003 -20"><span class='ocrx_word' id='word_1_309' title='bbox 341 5967 395 6031; x_wconf 93' lang='lat' dir='ltr'>per</span> <span class='ocrx_word' id='word_1_310' title='bbox 417 5961 629 6029; x_wconf 89' lang='lat' dir='ltr'>quoscumque</span> <span class='ocrx_word' id='word_1_311' title='bbox 655 5951 769 6013; x_wconf 90' lang='lat' dir='ltr'>iudices</span> <span class='ocrx_word' id='word_1_312' title='bbox 795 5951 963 6014; x_wconf 87' lang='lat' dir='ltr'>ordinarios</span> <span class='ocrx_word' id='word_1_313' title='bbox 984 5959 1016 6012; x_wconf 90' lang='lat' dir='ltr'>et</span> <span class='ocrx_word' id='word_1_314' title='bbox 1037 5951 1087 6013; x_wconf 91' lang='lat' dir='ltr'>de·</span> 
     </span>
    </p>
   </div>
   <div class='ocr_carea' id='block_1_4' title="bbox 448 6101 1054 6168">
    <p class='ocr_par' dir='ltr' id='par_1_9' title="bbox 448 6101 1054 6168">
     <span class='ocr_line' id='line_1_60' title="bbox 448 6101 1054 6168; baseline -0.002 -18"><span class='ocrx_word' id='word_1_315' title='bbox 448 6104 499 6150; x_wconf 83' lang='lat' dir='ltr'>tur.</span> <span class='ocrx_word' id='word_1_316' title='bbox 517 6103 586 6150; x_wconf 74' lang='lat' dir='ltr'>dont.</span> <span class='ocrx_word' id='word_1_317' title='bbox 602 6101 633 6150; x_wconf 83' lang='lat' dir='ltr'>de</span> <span class='ocrx_word' id='word_1_318' title='bbox 649 6103 722 6168; x_wconf 83' lang='lat' dir='ltr'>Prop.</span> <span class='ocrx_word' id='word_1_319' title='bbox 738 6102 799 6149; x_wconf 78' lang='lat' dir='ltr'>Fide</span> <span class='ocrx_word' id='word_1_320' title='bbox 813 6103 896 6150; x_wconf 81' lang='lat' dir='ltr'>Partis</span> <span class='ocrx_word' id='word_1_321' title='bbox 909 6105 928 6152; x_wconf 91' lang='lat'>1.</span> <span class='ocrx_word' id='word_1_322' title='bbox 943 6102 996 6152; x_wconf 85' lang='lat' dir='ltr'>Vol.</span> <span class='ocrx_word' id='word_1_323' title='bbox 1011 6105 1054 6156; x_wconf 89' lang='lat' dir='ltr'>lll.</span> 
     </span>
    </p>
   </div>
   <div class='ocr_carea' id='block_1_5' title="bbox 1133 713 1893 6019">
    <p class='ocr_par' dir='ltr' id='par_1_10' title="bbox 1133 713 1884 1812">
     <span class='ocr_line' id='line_1_61' title="bbox 1134 713 1882 794; baseline -0.003 -17"><span class='ocrx_word' id='word_1_324' title='bbox 1134 715 1268 794; x_wconf 88' lang='lat' dir='ltr'>legatos,</span> <span class='ocrx_word' id='word_1_325' title='bbox 1292 717 1386 777; x_wconf 92' lang='lat' dir='ltr'>etiam</span> <span class='ocrx_word' id='word_1_326' title='bbox 1414 729 1575 778; x_wconf 90' lang='lat' dir='ltr'>causarum</span> <span class='ocrx_word' id='word_1_327' title='bbox 1600 713 1702 792; x_wconf 90' lang='lat' dir='ltr'>palatii</span> <span class='ocrx_word' id='word_1_328' title='bbox 1724 713 1882 792; x_wconf 87' lang='lat' dir='ltr'>apostolici</span> 
     </span>
     <span class='ocr_line' id='line_1_62' title="bbox 1134 807 1881 886; baseline -0.001 -16"><span class='ocrx_word' id='word_1_329' title='bbox 1134 811 1300 886; x_wconf 89' lang='lat' dir='ltr'>auditores,</span> <span class='ocrx_word' id='word_1_330' title='bbox 1314 809 1344 872; x_wconf 89' lang='lat' dir='ltr'>S.</span> <span class='ocrx_word' id='word_1_331' title='bbox 1358 810 1393 871; x_wconf 89' lang='lat' dir='ltr'>R.</span> <span class='ocrx_word' id='word_1_332' title='bbox 1409 810 1443 871; x_wconf 81' lang='grc' dir='ltr'>Ε.</span> <span class='ocrx_word' id='word_1_333' title='bbox 1459 808 1636 872; x_wconf 77' lang='lat' dir='ltr'>cardinales</span> <span class='ocrx_word' id='word_1_334' title='bbox 1653 817 1683 870; x_wconf 92' lang='lat' dir='ltr'>et</span> <span class='ocrx_word' id='word_1_335' title='bbox 1699 807 1881 870; x_wconf 87' lang='lat' dir='ltr'>eorumdem</span> 
     </span>
     <span class='ocr_line' id='line_1_63' title="bbox 1135 902 1880 980; baseline -0.007 -13"><span class='ocrx_word' id='word_1_336' title='bbox 1135 904 1344 967; x_wconf 85' lang='lat' dir='ltr'>Cardinalinm</span> <span class='ocrx_word' id='word_1_337' title='bbox 1368 902 1778 980; x_wconf 82' lang='lat' dir='ltr'>congregationes,necnon</span> <span class='ocrx_word' id='word_1_338' title='bbox 1802 903 1880 980; x_wconf 77' lang='lat' dir='ltr'>Apo·</span> 
     </span>
     <span class='ocr_line' id='line_1_64' title="bbox 1133 995 1883 1074; baseline -0.003 -16"><span class='ocrx_word' id='word_1_339' title='bbox 1133 998 1257 1060; x_wconf 89' lang='lat' dir='ltr'>stolicae</span> <span class='ocrx_word' id='word_1_340' title='bbox 1285 998 1370 1060; x_wconf 90' lang='lat' dir='ltr'>Sedis</span> <span class='ocrx_word' id='word_1_341' title='bbox 1398 997 1542 1070; x_wconf 90' lang='lat' dir='ltr'>Nuntios,</span> <span class='ocrx_word' id='word_1_342' title='bbox 1567 1003 1597 1058; x_wconf 93' lang='lat' dir='ltr'>et</span> <span class='ocrx_word' id='word_1_343' title='bbox 1624 996 1697 1058; x_wconf 92' lang='lat' dir='ltr'>alios</span> <span class='ocrx_word' id='word_1_344' title='bbox 1728 995 1883 1074; x_wconf 91' lang='lat' dir='ltr'>quoslibet</span> 
     </span>
     <span class='ocr_line' id='line_1_65' title="bbox 1134 1088 1884 1170; baseline -0.005 -16"><span class='ocrx_word' id='word_1_345' title='bbox 1134 1107 1329 1170; x_wconf 89' lang='lat' dir='ltr'>quacumque</span> <span class='ocrx_word' id='word_1_346' title='bbox 1360 1091 1541 1152; x_wconf 87' lang='lat' dir='ltr'>auctoritate</span> <span class='ocrx_word' id='word_1_347' title='bbox 1567 1096 1597 1150; x_wconf 91' lang='lat' dir='ltr'>et</span> <span class='ocrx_word' id='word_1_348' title='bbox 1625 1095 1776 1168; x_wconf 89' lang='lat' dir='ltr'>potestate</span> <span class='ocrx_word' id='word_1_349' title='bbox 1812 1088 1884 1150; x_wconf 88' lang='lat' dir='ltr'>tun-</span> 
     </span>
     <span class='ocr_line' id='line_1_66' title="bbox 1135 1184 1882 1262; baseline 0.003 -16"><span class='ocrx_word' id='word_1_350' title='bbox 1135 1192 1243 1262; x_wconf 89' lang='lat' dir='ltr'>gentes</span> <span class='ocrx_word' id='word_1_351' title='bbox 1265 1195 1295 1246; x_wconf 87' lang='lat' dir='ltr'>et</span> <span class='ocrx_word' id='word_1_352' title='bbox 1318 1184 1490 1256; x_wconf 82' lang='lat' dir='ltr'>iuncturos,</span> <span class='ocrx_word' id='word_1_353' title='bbox 1513 1185 1633 1246; x_wconf 84' lang='lat' dir='ltr'>sublata</span> <span class='ocrx_word' id='word_1_354' title='bbox 1655 1184 1699 1246; x_wconf 92' lang='lat' dir='ltr'>eis</span> <span class='ocrx_word' id='word_1_355' title='bbox 1721 1192 1751 1246; x_wconf 90' lang='lat' dir='ltr'>et</span> <span class='ocrx_word' id='word_1_356' title='bbox 1773 1201 1882 1248; x_wconf 90' lang='lat' dir='ltr'>eorum</span> 
     </span>
     <span class='ocr_line' id='line_1_67' title="bbox 1134 1278 1883 1357; baseline 0 -17"><span class='ocrx_word' id='word_1_357' title='bbox 1134 1279 1259 1342; x_wconf 90' lang='lat' dir='ltr'>cuilibet</span> <span class='ocrx_word' id='word_1_358' title='bbox 1276 1279 1383 1357; x_wconf 86' lang='lat' dir='ltr'>quavis</span> <span class='ocrx_word' id='word_1_359' title='bbox 1405 1278 1494 1339; x_wconf 90' lang='lat' dir='ltr'>aliter</span> <span class='ocrx_word' id='word_1_360' title='bbox 1517 1278 1671 1339; x_wconf 90' lang='lat' dir='ltr'>indicandi</span> <span class='ocrx_word' id='word_1_361' title='bbox 1686 1285 1716 1339; x_wconf 94' lang='grc'>01</span> <span class='ocrx_word' id='word_1_362' title='bbox 1731 1278 1883 1356; x_wconf 92' lang='lat' dir='ltr'>interpre-</span> 
     </span>
     <span class='ocr_line' id='line_1_68' title="bbox 1136 1373 1883 1448; baseline 0.001 -13"><span class='ocrx_word' id='word_1_363' title='bbox 1136 1375 1218 1436; x_wconf 92' lang='lat' dir='ltr'>tandi</span> <span class='ocrx_word' id='word_1_364' title='bbox 1243 1373 1394 1435; x_wconf 71' lang='lat' dir='ltr'>&#39;laenitate</span> <span class='ocrx_word' id='word_1_365' title='bbox 1419 1381 1450 1434; x_wconf 87' lang='lat' dir='ltr'>et</span> <span class='ocrx_word' id='word_1_366' title='bbox 1476 1374 1675 1448; x_wconf 89' lang='lat' dir='ltr'>auctoritate,</span> <span class='ocrx_word' id='word_1_367' title='bbox 1700 1374 1825 1438; x_wconf 88' lang='lat' dir='ltr'>iudicari</span> <span class='ocrx_word' id='word_1_368' title='bbox 1853 1382 1883 1436; x_wconf 92' lang='grc'>01</span> 
     </span>
     <span class='ocr_line' id='line_1_69' title="bbox 1135 1467 1884 1542; baseline 0.005 -14"><span class='ocrx_word' id='word_1_369' title='bbox 1135 1467 1259 1528; x_wconf 83' lang='lat' dir='ltr'>definiri</span> <span class='ocrx_word' id='word_1_370' title='bbox 1281 1467 1451 1541; x_wconf 88' lang='lat' dir='ltr'>debere,ac</span> <span class='ocrx_word' id='word_1_371' title='bbox 1473 1468 1599 1530; x_wconf 89' lang='lat' dir='ltr'>irritum</span> <span class='ocrx_word' id='word_1_372' title='bbox 1614 1477 1644 1530; x_wconf 88' lang='lat' dir='ltr'>et</span> <span class='ocrx_word' id='word_1_373' title='bbox 1667 1469 1769 1542; x_wconf 90' lang='lat' dir='ltr'>inane,</span> <span class='ocrx_word' id='word_1_374' title='bbox 1791 1471 1815 1530; x_wconf 87' lang='lat' dir='ltr'>si</span> <span class='ocrx_word' id='word_1_375' title='bbox 1837 1488 1884 1532; x_wconf 91' lang='lat' dir='ltr'>se-</span> 
     </span>
     <span class='ocr_line' id='line_1_70' title="bbox 1134 1561 1883 1640; baseline 0.007 -20"><span class='ocrx_word' id='word_1_376' title='bbox 1134 1577 1187 1620; x_wconf 91' lang='lat' dir='ltr'>cus</span> <span class='ocrx_word' id='word_1_377' title='bbox 1214 1561 1377 1640; x_wconf 91' lang='lat' dir='ltr'>superbis</span> <span class='ocrx_word' id='word_1_378' title='bbox 1399 1582 1415 1625; x_wconf 94' lang='lat' dir='ltr'>a</span> <span class='ocrx_word' id='word_1_379' title='bbox 1441 1579 1597 1640; x_wconf 91' lang='lat' dir='ltr'>quoquam</span> <span class='ocrx_word' id='word_1_380' title='bbox 1623 1564 1729 1640; x_wconf 90' lang='lat' dir='ltr'>quavis</span> <span class='ocrx_word' id='word_1_381' title='bbox 1752 1565 1883 1626; x_wconf 89' lang='lat' dir='ltr'>anctori-</span> 
     </span>
     <span class='ocr_line' id='line_1_71' title="bbox 1137 1655 1884 1736; baseline 0.004 -17"><span class='ocrx_word' id='word_1_382' title='bbox 1137 1663 1198 1720; x_wconf 89' lang='lat' dir='ltr'>tate</span> <span class='ocrx_word' id='word_1_383' title='bbox 1219 1659 1353 1720; x_wconf 90' lang='lat' dir='ltr'>scienter</span> <span class='ocrx_word' id='word_1_384' title='bbox 1374 1655 1425 1718; x_wconf 86' lang='lat' dir='ltr'>rel</span> <span class='ocrx_word' id='word_1_385' title='bbox 1446 1655 1628 1733; x_wconf 87' lang='lat' dir='ltr'>ignoranter</span> <span class='ocrx_word' id='word_1_386' title='bbox 1654 1659 1819 1736; x_wconf 86' lang='lat' dir='ltr'>contigerit</span> <span class='ocrx_word' id='word_1_387' title='bbox 1841 1667 1884 1722; x_wconf 88' lang='lat' dir='ltr'>at-</span> 
     </span>
     <span class='ocr_line' id='line_1_72' title="bbox 1137 1751 1260 1812; baseline -0.033 0"><span class='ocrx_word' id='word_1_388' title='bbox 1137 1751 1260 1812; x_wconf 89' lang='lat' dir='ltr'>tentari.</span> 
     </span>
    </p>

    <p class='ocr_par' dir='ltr' id='par_1_11' title="bbox 1134 1844 1887 2945">
     <span class='ocr_line' id='line_1_73' title="bbox 1174 1844 1883 1922; baseline 0.003 -16"><span class='ocrx_word' id='word_1_389' title='bbox 1174 1844 1193 1918; x_wconf 89' lang='lat'>5</span> <span class='ocrx_word' id='word_1_390' title='bbox 1218 1845 1265 1906; x_wconf 88' lang='lat' dir='ltr'>ld.</span> <span class='ocrx_word' id='word_1_391' title='bbox 1290 1844 1357 1906; x_wconf 91' lang='lat' dir='ltr'>Non</span> <span class='ocrx_word' id='word_1_392' title='bbox 1383 1844 1575 1906; x_wconf 90' lang='lat' dir='ltr'>obstantibus</span> <span class='ocrx_word' id='word_1_393' title='bbox 1600 1844 1773 1922; x_wconf 90' lang='lat' dir='ltr'>apostolicis</span> <span class='ocrx_word' id='word_1_394' title='bbox 1794 1864 1827 1908; x_wconf 93' lang='lat' dir='ltr'>ac</span> <span class='ocrx_word' id='word_1_395' title='bbox 1852 1847 1883 1908; x_wconf 91' lang='lat' dir='ltr'>in</span> 
     </span>
     <span class='ocr_line' id='line_1_74' title="bbox 1137 1937 1884 2015; baseline 0.005 -19"><span class='ocrx_word' id='word_1_396' title='bbox 1137 1937 1362 1998; x_wconf 88' lang='lat' dir='ltr'>universalibus</span> <span class='ocrx_word' id='word_1_397' title='bbox 1378 1937 1681 2015; x_wconf 85' lang='lat' dir='ltr'>provincialibusque</span> <span class='ocrx_word' id='word_1_398' title='bbox 1702 1945 1734 1998; x_wconf 89' lang='lat' dir='ltr'>et</span> <span class='ocrx_word' id='word_1_399' title='bbox 1754 1940 1884 2014; x_wconf 81' lang='lat' dir='ltr'>synoda-</span> 
     </span>
     <span class='ocr_line' id='line_1_75' title="bbox 1136 2029 1883 2110; baseline 0.007 -21"><span class='ocrx_word' id='word_1_400' title='bbox 1136 2029 1216 2091; x_wconf 90' lang='lat' dir='ltr'>libus</span> <span class='ocrx_word' id='word_1_401' title='bbox 1240 2030 1375 2092; x_wconf 90' lang='lat' dir='ltr'>eonciliis</span> <span class='ocrx_word' id='word_1_402' title='bbox 1405 2029 1493 2092; x_wconf 90' lang='lat' dir='ltr'>editis</span> <span class='ocrx_word' id='word_1_403' title='bbox 1520 2030 1716 2107; x_wconf 88' lang='lat' dir='ltr'>generalibus</span> <span class='ocrx_word' id='word_1_404' title='bbox 1745 2030 1794 2092; x_wconf 91' lang='lat' dir='ltr'>vel</span> <span class='ocrx_word' id='word_1_405' title='bbox 1816 2049 1883 2110; x_wconf 90' lang='lat' dir='ltr'>spe·</span> 
     </span>
     <span class='ocr_line' id='line_1_76' title="bbox 1135 2123 1882 2201; baseline 0.004 -17"><span class='ocrx_word' id='word_1_406' title='bbox 1135 2123 1246 2184; x_wconf 88' lang='lat' dir='ltr'>cilibus</span> <span class='ocrx_word' id='word_1_407' title='bbox 1268 2123 1542 2185; x_wconf 86' lang='lat' dir='ltr'>constitutionibus</span> <span class='ocrx_word' id='word_1_408' title='bbox 1564 2130 1594 2184; x_wconf 89' lang='lat' dir='ltr'>et</span> <span class='ocrx_word' id='word_1_409' title='bbox 1625 2124 1882 2201; x_wconf 88' lang='lat' dir='ltr'>ordinationibus,</span> 
     </span>
     <span class='ocr_line' id='line_1_77' title="bbox 1135 2215 1883 2294; baseline 0.001 -16"><span class='ocrx_word' id='word_1_410' title='bbox 1135 2225 1178 2290; x_wconf 88' lang='lat' dir='ltr'>et,</span> <span class='ocrx_word' id='word_1_411' title='bbox 1194 2223 1348 2294; x_wconf 90' lang='lat' dir='ltr'>quatenus</span> <span class='ocrx_word' id='word_1_412' title='bbox 1364 2231 1439 2294; x_wconf 91' lang='lat' dir='ltr'>opus</span> <span class='ocrx_word' id='word_1_413' title='bbox 1451 2215 1502 2290; x_wconf 90' lang='lat' dir='ltr'>sit,</span> <span class='ocrx_word' id='word_1_414' title='bbox 1514 2215 1612 2278; x_wconf 88' lang='lat' dir='ltr'>dictae</span> <span class='ocrx_word' id='word_1_415' title='bbox 1627 2216 1786 2278; x_wconf 89' lang='lat' dir='ltr'>Societatis</span> <span class='ocrx_word' id='word_1_416' title='bbox 1803 2219 1883 2292; x_wconf 90' lang='lat' dir='ltr'>lesu,</span> 
     </span>
     <span class='ocr_line' id='line_1_78' title="bbox 1134 2308 1885 2387; baseline 0.003 -18"><span class='ocrx_word' id='word_1_417' title='bbox 1134 2310 1227 2370; x_wconf 91' lang='lat' dir='ltr'>etiam</span> <span class='ocrx_word' id='word_1_418' title='bbox 1254 2309 1441 2384; x_wconf 89' lang='lat' dir='ltr'>iuramento,</span> <span class='ocrx_word' id='word_1_419' title='bbox 1465 2308 1701 2371; x_wconf 82' lang='lat' dir='ltr'>confirmatione</span> <span class='ocrx_word' id='word_1_420' title='bbox 1722 2310 1885 2387; x_wconf 82' lang='lat' dir='ltr'>apostolica</span> 
     </span>
     <span class='ocr_line' id='line_1_79' title="bbox 1138 2401 1884 2490; baseline 0.001 -27"><span class='ocrx_word' id='word_1_421' title='bbox 1138 2403 1186 2464; x_wconf 89' lang='lat' dir='ltr'>vel</span> <span class='ocrx_word' id='word_1_422' title='bbox 1208 2403 1316 2490; x_wconf 85' lang='lat' dir='ltr'>quavis</span> <span class='ocrx_word' id='word_1_423' title='bbox 1339 2402 1488 2463; x_wconf 87' lang='lat' dir='ltr'>firmitate</span> <span class='ocrx_word' id='word_1_424' title='bbox 1510 2401 1566 2463; x_wconf 87' lang='lat' dir='ltr'>alia</span> <span class='ocrx_word' id='word_1_425' title='bbox 1593 2403 1741 2464; x_wconf 92' lang='lat' dir='ltr'>roboratis</span> <span class='ocrx_word' id='word_1_426' title='bbox 1763 2405 1884 2466; x_wconf 88' lang='lat' dir='ltr'>statutis</span> 
     </span>
     <span class='ocr_line' id='line_1_80' title="bbox 1136 2495 1886 2574; baseline 0.004 -18"><span class='ocrx_word' id='word_1_427' title='bbox 1136 2503 1167 2557; x_wconf 90' lang='grc'>01</span> <span class='ocrx_word' id='word_1_428' title='bbox 1189 2495 1480 2570; x_wconf 88' lang='lat' dir='ltr'>consuetudinibus,</span> <span class='ocrx_word' id='word_1_429' title='bbox 1504 2495 1678 2572; x_wconf 88' lang='lat' dir='ltr'>privilegiis</span> <span class='ocrx_word' id='word_1_430' title='bbox 1690 2513 1825 2574; x_wconf 90' lang='lat' dir='ltr'>quoqne,</span> <span class='ocrx_word' id='word_1_431' title='bbox 1839 2497 1886 2559; x_wconf 94' lang='lat' dir='ltr'>in·</span> 
     </span>
     <span class='ocr_line' id='line_1_81' title="bbox 1135 2588 1883 2666; baseline 0.005 -18"><span class='ocrx_word' id='word_1_432' title='bbox 1135 2588 1230 2650; x_wconf 92' lang='lat' dir='ltr'>dultis</span> <span class='ocrx_word' id='word_1_433' title='bbox 1251 2594 1282 2649; x_wconf 91' lang='lat' dir='ltr'>et</span> <span class='ocrx_word' id='word_1_434' title='bbox 1304 2588 1402 2650; x_wconf 90' lang='lat' dir='ltr'>literis</span> <span class='ocrx_word' id='word_1_435' title='bbox 1431 2588 1603 2666; x_wconf 91' lang='lat' dir='ltr'>apostolicis</span> <span class='ocrx_word' id='word_1_436' title='bbox 1632 2590 1665 2649; x_wconf 93' lang='lat' dir='ltr'>in</span> <span class='ocrx_word' id='word_1_437' title='bbox 1693 2590 1883 2652; x_wconf 90' lang='lat' dir='ltr'>contrarium</span> 
     </span>
     <span class='ocr_line' id='line_1_82' title="bbox 1136 2679 1887 2760; baseline 0.003 -17"><span class='ocrx_word' id='word_1_438' title='bbox 1136 2679 1377 2760; x_wconf 88' lang='lat' dir='ltr'>praemissorum</span> <span class='ocrx_word' id='word_1_439' title='bbox 1392 2681 1625 2758; x_wconf 90' lang='lat' dir='ltr'>quomodolibet</span> <span class='ocrx_word' id='word_1_440' title='bbox 1636 2683 1799 2758; x_wconf 87' lang='lat' dir='ltr'>concessis,</span> <span class='ocrx_word' id='word_1_441' title='bbox 1812 2699 1887 2745; x_wconf 92' lang='lat' dir='ltr'>con-</span> 
     </span>
     <span class='ocr_line' id='line_1_83' title="bbox 1137 2774 1886 2854; baseline 0.003 -20"><span class='ocrx_word' id='word_1_442' title='bbox 1137 2774 1267 2835; x_wconf 83' lang='lat' dir='ltr'>firmatis</span> <span class='ocrx_word' id='word_1_443' title='bbox 1288 2780 1318 2834; x_wconf 92' lang='lat' dir='ltr'>et</span> <span class='ocrx_word' id='word_1_444' title='bbox 1334 2774 1502 2849; x_wconf 84' lang='lat' dir='ltr'>innovatis,</span> <span class='ocrx_word' id='word_1_445' title='bbox 1519 2775 1709 2854; x_wconf 90' lang='lat' dir='ltr'>caeterisque</span> <span class='ocrx_word' id='word_1_446' title='bbox 1723 2775 1886 2837; x_wconf 91' lang='lat' dir='ltr'>contrariis</span> 
     </span>
     <span class='ocr_line' id='line_1_84' title="bbox 1136 2866 1396 2945; baseline -0.008 -17"><span class='ocrx_word' id='word_1_447' title='bbox 1136 2866 1396 2945; x_wconf 89' lang='lat' dir='ltr'>quibuscumque.</span> 
     </span>
    </p>

    <p class='ocr_par' dir='ltr' id='par_1_12' title="bbox 1136 2959 1888 3866">
     <span class='ocr_line' id='line_1_85' title="bbox 1175 2959 1886 3037; baseline 0.007 -17"><span class='ocrx_word' id='word_1_448' title='bbox 1175 2959 1264 3034; x_wconf 87' lang='lat' dir='ltr'>5ll.</span> <span class='ocrx_word' id='word_1_449' title='bbox 1300 2959 1453 3023; x_wconf 82' lang='lat' dir='ltr'>Volumus</span> <span class='ocrx_word' id='word_1_450' title='bbox 1483 2968 1606 3037; x_wconf 88' lang='lat' dir='ltr'>antem,</span> <span class='ocrx_word' id='word_1_451' title='bbox 1640 2969 1674 3022; x_wconf 89' lang='lat' dir='ltr'>ut</span> <span class='ocrx_word' id='word_1_452' title='bbox 1705 2961 1886 3025; x_wconf 89' lang='lat' dir='ltr'>earumdem</span> 
     </span>
     <span class='ocr_line' id='line_1_86' title="bbox 1136 3052 1885 3134; baseline 0.005 -20"><span class='ocrx_word' id='word_1_453' title='bbox 1136 3053 1348 3131; x_wconf 85' lang='lat' dir='ltr'>praesentium</span> <span class='ocrx_word' id='word_1_454' title='bbox 1371 3052 1531 3116; x_wconf 88' lang='lat' dir='ltr'>literarum</span> <span class='ocrx_word' id='word_1_455' title='bbox 1555 3055 1757 3134; x_wconf 87' lang='lat' dir='ltr'>transumptis</span> <span class='ocrx_word' id='word_1_456' title='bbox 1778 3071 1832 3118; x_wconf 92' lang='lat' dir='ltr'>seu</span> <span class='ocrx_word' id='word_1_457' title='bbox 1856 3073 1885 3117; x_wconf 90' lang='lat' dir='ltr'>e·</span> 
     </span>
     <span class='ocr_line' id='line_1_87' title="bbox 1138 3145 1884 3226; baseline 0.004 -19"><span class='ocrx_word' id='word_1_458' title='bbox 1138 3145 1268 3225; x_wconf 77' lang='lat' dir='ltr'>semplis</span> <span class='ocrx_word' id='word_1_459' title='bbox 1298 3147 1392 3208; x_wconf 88' lang='lat' dir='ltr'>etiam</span> <span class='ocrx_word' id='word_1_460' title='bbox 1423 3147 1597 3226; x_wconf 91' lang='lat' dir='ltr'>impressis,</span> <span class='ocrx_word' id='word_1_461' title='bbox 1626 3164 1721 3210; x_wconf 90' lang='lat' dir='ltr'>manu</span> <span class='ocrx_word' id='word_1_462' title='bbox 1755 3149 1884 3211; x_wconf 91' lang='lat' dir='ltr'>alicuius</span> 
     </span>
     <span class='ocr_line' id='line_1_88' title="bbox 1138 3243 1888 3326; baseline 0.005 -21"><span class='ocrx_word' id='word_1_463' title='bbox 1138 3243 1250 3305; x_wconf 91' lang='lat' dir='ltr'>notarii</span> <span class='ocrx_word' id='word_1_464' title='bbox 1273 3245 1387 3322; x_wconf 89' lang='lat' dir='ltr'>publici</span> <span class='ocrx_word' id='word_1_465' title='bbox 1408 3245 1599 3323; x_wconf 90' lang='lat' dir='ltr'>subscriptis,</span> <span class='ocrx_word' id='word_1_466' title='bbox 1616 3253 1647 3306; x_wconf 91' lang='grc'>01</span> <span class='ocrx_word' id='word_1_467' title='bbox 1661 3245 1764 3322; x_wconf 89' lang='lat' dir='ltr'>sigillo</span> <span class='ocrx_word' id='word_1_468' title='bbox 1785 3263 1888 3326; x_wconf 89' lang='lat' dir='ltr'>perso-</span> 
     </span>
     <span class='ocr_line' id='line_1_89' title="bbox 1138 3337 1885 3416; baseline 0.005 -19"><span class='ocrx_word' id='word_1_469' title='bbox 1138 3353 1197 3398; x_wconf 92' lang='lat' dir='ltr'>nae</span> <span class='ocrx_word' id='word_1_470' title='bbox 1218 3337 1249 3398; x_wconf 91' lang='lat' dir='ltr'>in</span> <span class='ocrx_word' id='word_1_471' title='bbox 1274 3337 1426 3414; x_wconf 90' lang='lat' dir='ltr'>dignitate</span> <span class='ocrx_word' id='word_1_472' title='bbox 1451 3337 1650 3400; x_wconf 76' lang='lat' dir='ltr'>ecclesiastici</span> <span class='ocrx_word' id='word_1_473' title='bbox 1682 3341 1885 3416; x_wconf 90' lang='lat' dir='ltr'>constitutae,</span> 
     </span>
     <span class='ocr_line' id='line_1_90' title="bbox 1138 3431 1887 3509; baseline 0.008 -19"><span class='ocrx_word' id='word_1_474' title='bbox 1138 3431 1188 3492; x_wconf 82' lang='lat' dir='ltr'>vel</span> <span class='ocrx_word' id='word_1_475' title='bbox 1200 3446 1296 3493; x_wconf 91' lang='lat' dir='ltr'>manu</span> <span class='ocrx_word' id='word_1_476' title='bbox 1311 3436 1341 3492; x_wconf 88' lang='lat' dir='ltr'>et</span> <span class='ocrx_word' id='word_1_477' title='bbox 1356 3431 1459 3508; x_wconf 88' lang='lat' dir='ltr'>sigillo</span> <span class='ocrx_word' id='word_1_478' title='bbox 1481 3431 1610 3495; x_wconf 86' lang='lat' dir='ltr'>alicuius</span> <span class='ocrx_word' id='word_1_479' title='bbox 1631 3434 1799 3509; x_wconf 90' lang='lat' dir='ltr'>superioris</span> <span class='ocrx_word' id='word_1_480' title='bbox 1814 3435 1887 3496; x_wconf 93' lang='lat' dir='ltr'>mis-</span> 
     </span>
     <span class='ocr_line' id='line_1_91' title="bbox 1138 3523 1885 3606; baseline 0.008 -23"><span class='ocrx_word' id='word_1_481' title='bbox 1138 3523 1263 3586; x_wconf 89' lang='lat' dir='ltr'>sionum</span> <span class='ocrx_word' id='word_1_482' title='bbox 1286 3523 1505 3602; x_wconf 88' lang='lat' dir='ltr'>praelatarum,</span> <span class='ocrx_word' id='word_1_483' title='bbox 1522 3525 1664 3600; x_wconf 91' lang='lat' dir='ltr'>munitis,</span> <span class='ocrx_word' id='word_1_484' title='bbox 1679 3527 1785 3588; x_wconf 91' lang='lat' dir='ltr'>eadem</span> <span class='ocrx_word' id='word_1_485' title='bbox 1800 3543 1885 3606; x_wconf 90' lang='lat' dir='ltr'>pror·</span> 
     </span>
     <span class='ocr_line' id='line_1_92' title="bbox 1138 3617 1885 3699; baseline 0.005 -20"><span class='ocrx_word' id='word_1_486' title='bbox 1138 3635 1189 3680; x_wconf 91' lang='lat' dir='ltr'>sus</span> <span class='ocrx_word' id='word_1_487' title='bbox 1202 3619 1276 3680; x_wconf 90' lang='lat' dir='ltr'>tides</span> <span class='ocrx_word' id='word_1_488' title='bbox 1289 3618 1320 3678; x_wconf 90' lang='lat' dir='ltr'>in</span> <span class='ocrx_word' id='word_1_489' title='bbox 1332 3618 1445 3680; x_wconf 90' lang='lat' dir='ltr'>iudicio</span> <span class='ocrx_word' id='word_1_490' title='bbox 1457 3627 1487 3679; x_wconf 92' lang='lat' dir='ltr'>et</span> <span class='ocrx_word' id='word_1_491' title='bbox 1500 3625 1585 3679; x_wconf 80' lang='lat' dir='ltr'>entra</span> <span class='ocrx_word' id='word_1_492' title='bbox 1600 3617 1792 3695; x_wconf 88' lang='lat' dir='ltr'>adhibeatur,</span> <span class='ocrx_word' id='word_1_493' title='bbox 1806 3637 1885 3699; x_wconf 86' lang='lat' dir='ltr'>quae</span> 
     </span>
     <span class='ocr_line' id='line_1_93' title="bbox 1139 3710 1886 3788; baseline 0.007 -17"><span class='ocrx_word' id='word_1_494' title='bbox 1139 3710 1211 3788; x_wconf 88' lang='lat' dir='ltr'>ipsis</span> <span class='ocrx_word' id='word_1_495' title='bbox 1239 3711 1450 3788; x_wconf 87' lang='lat' dir='ltr'>praesentibus</span> <span class='ocrx_word' id='word_1_496' title='bbox 1481 3711 1698 3788; x_wconf 86' lang='lat' dir='ltr'>adhiberetur,</span> <span class='ocrx_word' id='word_1_497' title='bbox 1728 3713 1753 3774; x_wconf 93' lang='lat' dir='ltr'>si</span> <span class='ocrx_word' id='word_1_498' title='bbox 1781 3711 1886 3776; x_wconf 88' lang='lat' dir='ltr'>lorent</span> 
     </span>
     <span class='ocr_line' id='line_1_94' title="bbox 1139 3803 1536 3866; baseline -0.003 -1"><span class='ocrx_word' id='word_1_499' title='bbox 1139 3803 1292 3865; x_wconf 82' lang='lat' dir='ltr'>exhibitae</span> <span class='ocrx_word' id='word_1_500' title='bbox 1314 3803 1363 3866; x_wconf 89' lang='lat' dir='ltr'>vel</span> <span class='ocrx_word' id='word_1_501' title='bbox 1386 3811 1536 3865; x_wconf 85' lang='lat' dir='ltr'>ostensae.</span> 
     </span>
    </p>

    <p class='ocr_par' dir='ltr' id='par_1_13' title="bbox 1140 3897 1889 4522">
     <span class='ocr_line' id='line_1_95' title="bbox 1179 3897 1884 3974; baseline 0.003 -14"><span class='ocrx_word' id='word_1_502' title='bbox 1179 3899 1336 3960; x_wconf 77' lang='lat' dir='ltr'>Futurum</span> <span class='ocrx_word' id='word_1_503' title='bbox 1357 3903 1461 3959; x_wconf 87' lang='lat' dir='ltr'>autem</span> <span class='ocrx_word' id='word_1_504' title='bbox 1485 3897 1516 3958; x_wconf 95' lang='lat' dir='ltr'>in</span> <span class='ocrx_word' id='word_1_505' title='bbox 1538 3897 1670 3960; x_wconf 88' lang='lat' dir='ltr'>Domino</span> <span class='ocrx_word' id='word_1_506' title='bbox 1688 3899 1884 3974; x_wconf 84' lang='lat' dir='ltr'>confidimns,</span> 
     </span>
     <span class='ocr_line' id='line_1_96' title="bbox 1140 3989 1887 4070; baseline 0.003 -18"><span class='ocrx_word' id='word_1_507' title='bbox 1140 3999 1175 4052; x_wconf 92' lang='lat' dir='ltr'>nt</span> <span class='ocrx_word' id='word_1_508' title='bbox 1196 3991 1253 4053; x_wconf 90' lang='lat' dir='ltr'>sub</span> <span class='ocrx_word' id='word_1_509' title='bbox 1275 3991 1318 4053; x_wconf 92' lang='lat' dir='ltr'>tui</span> <span class='ocrx_word' id='word_1_510' title='bbox 1349 3989 1491 4052; x_wconf 89' lang='lat' dir='ltr'>moderni</span> <span class='ocrx_word' id='word_1_511' title='bbox 1513 4000 1544 4052; x_wconf 88' lang='lat' dir='ltr'>et</span> <span class='ocrx_word' id='word_1_512' title='bbox 1565 4006 1620 4070; x_wconf 92' lang='lat' dir='ltr'>pro</span> <span class='ocrx_word' id='word_1_513' title='bbox 1647 3999 1786 4070; x_wconf 91' lang='lat' dir='ltr'>tempore</span> <span class='ocrx_word' id='word_1_514' title='bbox 1808 3993 1887 4054; x_wconf 81' lang='lat' dir='ltr'>exis·</span> 
     </span>
     <span class='ocr_line' id='line_1_97' title="bbox 1141 4083 1887 4162; baseline 0.007 -18"><span class='ocrx_word' id='word_1_515' title='bbox 1141 4084 1235 4146; x_wconf 89' lang='lat' dir='ltr'>tentis</span> <span class='ocrx_word' id='word_1_516' title='bbox 1260 4083 1427 4162; x_wconf 89' lang='lat' dir='ltr'>Praepositi</span> <span class='ocrx_word' id='word_1_517' title='bbox 1448 4083 1606 4146; x_wconf 87' lang='lat' dir='ltr'>Generalis</span> <span class='ocrx_word' id='word_1_518' title='bbox 1634 4084 1793 4148; x_wconf 88' lang='lat' dir='ltr'>Societatis</span> <span class='ocrx_word' id='word_1_519' title='bbox 1818 4086 1887 4149; x_wconf 90' lang='lat' dir='ltr'>lesu</span> 
     </span>
     <span class='ocr_line' id='line_1_98' title="bbox 1140 4177 1889 4256; baseline 0.003 -17"><span class='ocrx_word' id='word_1_520' title='bbox 1140 4177 1282 4255; x_wconf 90' lang='lat' dir='ltr'>auspiciis</span> <span class='ocrx_word' id='word_1_521' title='bbox 1303 4195 1337 4238; x_wconf 89' lang='lat' dir='ltr'>ac</span> <span class='ocrx_word' id='word_1_522' title='bbox 1357 4177 1513 4254; x_wconf 87' lang='lat' dir='ltr'>regimine</span> <span class='ocrx_word' id='word_1_523' title='bbox 1537 4178 1720 4256; x_wconf 88' lang='lat' dir='ltr'>apostolicae</span> <span class='ocrx_word' id='word_1_524' title='bbox 1745 4179 1889 4256; x_wconf 90' lang='lat' dir='ltr'>benigni-</span> 
     </span>
     <span class='ocr_line' id='line_1_99' title="bbox 1142 4271 1887 4335; baseline -0.001 0"><span class='ocrx_word' id='word_1_525' title='bbox 1142 4273 1209 4335; x_wconf 88' lang='lat' dir='ltr'>tatis</span> <span class='ocrx_word' id='word_1_526' title='bbox 1242 4271 1361 4333; x_wconf 86' lang='lat' dir='ltr'>indulta</span> <span class='ocrx_word' id='word_1_527' title='bbox 1390 4271 1569 4332; x_wconf 89' lang='lat' dir='ltr'>huiusmodi</span> <span class='ocrx_word' id='word_1_528' title='bbox 1596 4273 1633 4334; x_wconf 89' lang='lat' dir='ltr'>ad</span> <span class='ocrx_word' id='word_1_529' title='bbox 1662 4273 1811 4333; x_wconf 88' lang='lat' dir='ltr'>maiorem</span> <span class='ocrx_word' id='word_1_530' title='bbox 1834 4274 1887 4334; x_wconf 87' lang='lat' dir='ltr'>Dei</span> 
     </span>
     <span class='ocr_line' id='line_1_100' title="bbox 1141 4364 1887 4443; baseline 0 -16"><span class='ocrx_word' id='word_1_531' title='bbox 1141 4365 1272 4443; x_wconf 86' lang='lat' dir='ltr'>gloriam</span> <span class='ocrx_word' id='word_1_532' title='bbox 1302 4370 1332 4425; x_wconf 88' lang='lat' dir='ltr'>et</span> <span class='ocrx_word' id='word_1_533' title='bbox 1358 4368 1515 4426; x_wconf 88' lang='lat' dir='ltr'>aeternam</span> <span class='ocrx_word' id='word_1_534' title='bbox 1547 4364 1722 4426; x_wconf 86' lang='lat' dir='ltr'>animarum</span> <span class='ocrx_word' id='word_1_535' title='bbox 1754 4365 1887 4428; x_wconf 86' lang='lat' dir='ltr'>salntem</span> 
     </span>
     <span class='ocr_line' id='line_1_101' title="bbox 1140 4461 1260 4522; baseline -0.05 0"><span class='ocrx_word' id='word_1_536' title='bbox 1140 4461 1260 4522; x_wconf 89' lang='lat' dir='ltr'>cedant.</span> 
     </span>
    </p>

    <p class='ocr_par' dir='ltr' id='par_1_14' title="bbox 1141 4551 1891 5662">
     <span class='ocr_line' id='line_1_102' title="bbox 1181 4551 1887 4632; baseline 0.001 -19"><span class='ocrx_word' id='word_1_537' title='bbox 1181 4553 1199 4626; x_wconf 88' lang='lat'>5</span> <span class='ocrx_word' id='word_1_538' title='bbox 1222 4552 1268 4614; x_wconf 73' lang='lat'>12.</span> <span class='ocrx_word' id='word_1_539' title='bbox 1293 4551 1435 4628; x_wconf 88' lang='lat' dir='ltr'>Denique</span> <span class='ocrx_word' id='word_1_540' title='bbox 1460 4551 1599 4613; x_wconf 82' lang='lat' dir='ltr'>caelestis</span> <span class='ocrx_word' id='word_1_541' title='bbox 1624 4551 1765 4629; x_wconf 88' lang='lat' dir='ltr'>praesidii</span> <span class='ocrx_word' id='word_1_542' title='bbox 1786 4553 1887 4632; x_wconf 90' lang='lat' dir='ltr'>auspi-</span> 
     </span>
     <span class='ocr_line' id='line_1_103' title="bbox 1141 4649 1884 4728; baseline -0.001 -15"><span class='ocrx_word' id='word_1_543' title='bbox 1141 4668 1208 4714; x_wconf 87' lang='lat' dir='ltr'>cem</span> <span class='ocrx_word' id='word_1_544' title='bbox 1233 4651 1298 4726; x_wconf 90' lang='lat' dir='ltr'>tibi,</span> <span class='ocrx_word' id='word_1_545' title='bbox 1321 4650 1432 4712; x_wconf 89' lang='lat' dir='ltr'>dilecte</span> <span class='ocrx_word' id='word_1_546' title='bbox 1453 4649 1509 4724; x_wconf 87' lang='lat' dir='ltr'>tili,</span> <span class='ocrx_word' id='word_1_547' title='bbox 1533 4649 1589 4726; x_wconf 91' lang='lat' dir='ltr'>ipsi</span> <span class='ocrx_word' id='word_1_548' title='bbox 1612 4649 1721 4710; x_wconf 87' lang='lat' dir='ltr'>Garolo</span> <span class='ocrx_word' id='word_1_549' title='bbox 1743 4665 1884 4728; x_wconf 89' lang='lat' dir='ltr'>procura·</span> 
     </span>
     <span class='ocr_line' id='line_1_104' title="bbox 1143 4742 1888 4822; baseline -0.001 -16"><span class='ocrx_word' id='word_1_550' title='bbox 1143 4745 1213 4820; x_wconf 91' lang='lat' dir='ltr'>tori,</span> <span class='ocrx_word' id='word_1_551' title='bbox 1225 4743 1399 4822; x_wconf 90' lang='lat' dir='ltr'>ceterisque</span> <span class='ocrx_word' id='word_1_552' title='bbox 1413 4742 1625 4821; x_wconf 90' lang='lat' dir='ltr'>superioribus</span> <span class='ocrx_word' id='word_1_553' title='bbox 1640 4750 1670 4804; x_wconf 91' lang='lat' dir='ltr'>et</span> <span class='ocrx_word' id='word_1_554' title='bbox 1685 4743 1888 4805; x_wconf 89' lang='lat' dir='ltr'>missionariis</span> 
     </span>
     <span class='ocr_line' id='line_1_105' title="bbox 1141 4836 1888 4917; baseline -0.003 -17"><span class='ocrx_word' id='word_1_555' title='bbox 1141 4838 1329 4917; x_wconf 89' lang='lat' dir='ltr'>saepedictae</span> <span class='ocrx_word' id='word_1_556' title='bbox 1341 4836 1680 4915; x_wconf 85' lang='lat' dir='ltr'>provinciaeQuitensis</span> <span class='ocrx_word' id='word_1_557' title='bbox 1691 4836 1888 4914; x_wconf 88' lang='lat' dir='ltr'>apostolicam</span> 
     </span>
     <span class='ocr_line' id='line_1_106' title="bbox 1143 4929 1890 5010; baseline -0.005 -16"><span class='ocrx_word' id='word_1_558' title='bbox 1143 4931 1406 5006; x_wconf 90' lang='lat' dir='ltr'>benedictionem,</span> <span class='ocrx_word' id='word_1_559' title='bbox 1423 4947 1516 5008; x_wconf 91' lang='lat' dir='ltr'>quam</span> <span class='ocrx_word' id='word_1_560' title='bbox 1528 4947 1600 4992; x_wconf 92' lang='lat' dir='ltr'>cum</span> <span class='ocrx_word' id='word_1_561' title='bbox 1615 4929 1764 5010; x_wconf 89' lang='lat' dir='ltr'>plenariis</span> <span class='ocrx_word' id='word_1_562' title='bbox 1785 4930 1890 4993; x_wconf 91' lang='lat' dir='ltr'>indul-</span> 
     </span>
     <span class='ocr_line' id='line_1_107' title="bbox 1143 5024 1890 5102; baseline 0 -16"><span class='ocrx_word' id='word_1_563' title='bbox 1143 5025 1268 5102; x_wconf 89' lang='lat' dir='ltr'>gentiis,</span> <span class='ocrx_word' id='word_1_564' title='bbox 1292 5031 1486 5102; x_wconf 87' lang='lat' dir='ltr'>peccatorum</span> <span class='ocrx_word' id='word_1_565' title='bbox 1508 5024 1754 5100; x_wconf 89' lang='lat' dir='ltr'>remissionibus,</span> <span class='ocrx_word' id='word_1_566' title='bbox 1777 5040 1890 5102; x_wconf 88' lang='lat' dir='ltr'>poena-</span> 
     </span>
     <span class='ocr_line' id='line_1_108' title="bbox 1143 5117 1890 5202; baseline -0.003 -22"><span class='ocrx_word' id='word_1_567' title='bbox 1143 5133 1277 5196; x_wconf 90' lang='lat' dir='ltr'>rumque</span> <span class='ocrx_word' id='word_1_568' title='bbox 1299 5117 1538 5202; x_wconf 81' lang='lat' dir='ltr'>relartationibus¹</span> <span class='ocrx_word' id='word_1_569' title='bbox 1553 5119 1751 5180; x_wconf 88' lang='lat' dir='ltr'>coniunctam</span> <span class='ocrx_word' id='word_1_570' title='bbox 1766 5119 1803 5180; x_wconf 90' lang='lat' dir='ltr'>ab</span> <span class='ocrx_word' id='word_1_571' title='bbox 1819 5119 1890 5197; x_wconf 92' lang='lat' dir='ltr'>ipsis</span> 
     </span>
     <span class='ocr_line' id='line_1_109' title="bbox 1143 5209 1890 5288; baseline 0.003 -17"><span class='ocrx_word' id='word_1_572' title='bbox 1143 5211 1302 5272; x_wconf 79' lang='lat' dir='ltr'>dumtaxat</span> <span class='ocrx_word' id='word_1_573' title='bbox 1334 5209 1547 5288; x_wconf 89' lang='lat' dir='ltr'>superioribus</span> <span class='ocrx_word' id='word_1_574' title='bbox 1579 5211 1764 5272; x_wconf 90' lang='lat' dir='ltr'>missionum</span> <span class='ocrx_word' id='word_1_575' title='bbox 1793 5212 1890 5274; x_wconf 90' lang='lat' dir='ltr'>semel</span> 
     </span>
     <span class='ocr_line' id='line_1_110' title="bbox 1144 5301 1888 5390; baseline -0.004 -22"><span class='ocrx_word' id='word_1_576' title='bbox 1144 5301 1405 5368; x_wconf 86' lang='lat' dir='ltr'>Cbristisrdelibus</span> <span class='ocrx_word' id='word_1_577' title='bbox 1420 5302 1544 5364; x_wconf 90' lang='lat' dir='ltr'>illarum</span> <span class='ocrx_word' id='word_1_578' title='bbox 1560 5303 1705 5390; x_wconf 84' lang='lat' dir='ltr'>partium¹</span> <span class='ocrx_word' id='word_1_579' title='bbox 1719 5305 1751 5366; x_wconf 95' lang='lat' dir='ltr'>in</span> <span class='ocrx_word' id='word_1_580' title='bbox 1774 5319 1888 5379; x_wconf 86' lang='grc'><strong>11110111,</strong></span> 
     </span>
     <span class='ocr_line' id='line_1_111' title="bbox 1143 5395 1889 5471; baseline -0.001 -13"><span class='ocrx_word' id='word_1_581' title='bbox 1143 5399 1176 5458; x_wconf 91' lang='lat' dir='ltr'>in</span> <span class='ocrx_word' id='word_1_582' title='bbox 1198 5396 1328 5457; x_wconf 87' lang='lat' dir='ltr'>diversis</span> <span class='ocrx_word' id='word_1_583' title='bbox 1353 5395 1423 5457; x_wconf 90' lang='lat' dir='ltr'>licet</span> <span class='ocrx_word' id='word_1_584' title='bbox 1445 5395 1534 5471; x_wconf 91' lang='lat' dir='ltr'>locis,</span> <span class='ocrx_word' id='word_1_585' title='bbox 1557 5397 1815 5460; x_wconf 86' lang='lat' dir='ltr'>convenientibus</span> <span class='ocrx_word' id='word_1_586' title='bbox 1837 5413 1889 5459; x_wconf 93' lang='lat' dir='ltr'>no·</span> 
     </span>
     <span class='ocr_line' id='line_1_112' title="bbox 1142 5487 1891 5567; baseline -0.001 -15"><span class='ocrx_word' id='word_1_587' title='bbox 1142 5499 1207 5552; x_wconf 88' lang='lat' dir='ltr'>stro</span> <span class='ocrx_word' id='word_1_588' title='bbox 1226 5489 1357 5552; x_wconf 90' lang='lat' dir='ltr'>nomine</span> <span class='ocrx_word' id='word_1_589' title='bbox 1372 5487 1495 5565; x_wconf 85' lang='lat' dir='ltr'>elargiri</span> <span class='ocrx_word' id='word_1_590' title='bbox 1518 5489 1674 5564; x_wconf 91' lang='lat' dir='ltr'>volumus,</span> <span class='ocrx_word' id='word_1_591' title='bbox 1692 5499 1891 5567; x_wconf 90' lang='lat' dir='ltr'>peramanter</span> 
     </span>
     <span class='ocr_line' id='line_1_113' title="bbox 1144 5584 1354 5662; baseline -0.005 -17"><span class='ocrx_word' id='word_1_592' title='bbox 1144 5584 1354 5662; x_wconf 89' lang='lat' dir='ltr'>impertimur.</span> 
     </span>
    </p>

    <p class='ocr_par' dir='ltr' id='par_1_15' title="bbox 1142 5675 1893 6019">
     <span class='ocr_line' id='line_1_114' title="bbox 1183 5675 1892 5755; baseline 0 -18"><span class='ocrx_word' id='word_1_593' title='bbox 1183 5678 1294 5738; x_wconf 89' lang='lat' dir='ltr'>Datum</span> <span class='ocrx_word' id='word_1_594' title='bbox 1323 5675 1449 5751; x_wconf 86' lang='lat' dir='ltr'>Romae,</span> <span class='ocrx_word' id='word_1_595' title='bbox 1479 5677 1556 5755; x_wconf 91' lang='lat' dir='ltr'>apud</span> <span class='ocrx_word' id='word_1_596' title='bbox 1586 5677 1617 5739; x_wconf 90' lang='lat' dir='ltr'>S.</span> <span class='ocrx_word' id='word_1_597' title='bbox 1644 5677 1771 5738; x_wconf 84' lang='lat' dir='ltr'>Mariam</span> <span class='ocrx_word' id='word_1_598' title='bbox 1800 5676 1892 5739; x_wconf 84' lang='grc'><strong>11110-</strong></span> 
     </span>
     <span class='ocr_line' id='line_1_115' title="bbox 1143 5769 1893 5847; baseline 0 -16"><span class='ocrx_word' id='word_1_599' title='bbox 1143 5785 1222 5844; x_wconf 90' lang='lat' dir='ltr'>rem,</span> <span class='ocrx_word' id='word_1_600' title='bbox 1245 5770 1303 5831; x_wconf 88' lang='lat' dir='ltr'>sub</span> <span class='ocrx_word' id='word_1_601' title='bbox 1327 5770 1444 5832; x_wconf 86' lang='lat' dir='ltr'>annulo</span> <span class='ocrx_word' id='word_1_602' title='bbox 1472 5770 1646 5847; x_wconf 88' lang='lat' dir='ltr'>Piscatoris,</span> <span class='ocrx_word' id='word_1_603' title='bbox 1674 5769 1724 5832; x_wconf 92' lang='lat' dir='ltr'>die</span> <span class='ocrx_word' id='word_1_604' title='bbox 1749 5787 1817 5831; x_wconf 87' lang='lat' dir='ltr'>vm.</span> <span class='ocrx_word' id='word_1_605' title='bbox 1845 5786 1893 5831; x_wconf 89' lang='lat' dir='ltr'>se-</span> 
     </span>
     <span class='ocr_line' id='line_1_116' title="bbox 1142 5863 1891 5944; baseline 0.004 -20"><span class='ocrx_word' id='word_1_606' title='bbox 1142 5865 1293 5942; x_wconf 89' lang='lat' dir='ltr'>ptembris</span> <span class='ocrx_word' id='word_1_607' title='bbox 1320 5879 1463 5941; x_wconf 76' lang='lat' dir='ltr'>nancta,</span> <span class='ocrx_word' id='word_1_608' title='bbox 1491 5865 1688 5944; x_wconf 85' lang='lat' dir='ltr'>pontificatus</span> <span class='ocrx_word' id='word_1_609' title='bbox 1714 5863 1812 5927; x_wconf 88' lang='lat' dir='ltr'>nostri</span> <span class='ocrx_word' id='word_1_610' title='bbox 1838 5879 1891 5927; x_wconf 90' lang='lat' dir='ltr'>an·</span> 
     </span>
     <span class='ocr_line' id='line_1_117' title="bbox 1144 5973 1265 6019; baseline -0.008 0"><span class='ocrx_word' id='word_1_611' title='bbox 1144 5973 1265 6019; x_wconf 81' lang='lat' dir='ltr'>nonu.</span> 
     </span>
    </p>
   </div>
   <div class='ocr_carea' id='block_1_6' title="bbox 1760 6109 1786 6154">
    <p class='ocr_par' dir='ltr' id='par_1_16' title="bbox 1760 6109 1786 6154">
     <span class='ocr_line' id='line_1_118' title="bbox 1760 6109 1786 6154; baseline 0.077 -2"><span class='ocrx_word' id='word_1_612' title='bbox 1760 6109 1786 6154; x_wconf 74' lang='lat' dir='ltr'>att</span> 
     </span>
    </p>
   </div>
   <div class='ocr_carea' id='block_1_7' title="bbox 0 0 2446 6980">
    <p class='ocr_par' dir='ltr' id='par_1_17' title="bbox 0 0 2446 6980">
     <span class='ocr_line' id='line_1_119' title="bbox 0 0 2446 6980; baseline 0 0"><span class='ocrx_word' id='word_1_613' title='bbox 0 0 2446 6980; x_wconf 95' lang='lat' dir='ltr'> </span> 
     </span>
    </p>
   </div>
   <div class='ocr_carea' id='block_1_8' title="bbox 1804 577 2099 642">
    <p class='ocr_par' dir='ltr' id='par_1_18' title="bbox 1804 577 2099 642">
     <span class='ocr_line' id='line_1_120' title="bbox 1804 577 2099 642; baseline -0.02 -3"><span class='ocrx_word' id='word_1_614' title='bbox 1804 577 1862 642; x_wconf 64' lang='grc'><strong>[165</strong></span> <span class='ocrx_word' id='word_1_615' title='bbox 1913 585 1965 636; x_wconf 83' lang='lat' dir='ltr'>An.</span> <span class='ocrx_word' id='word_1_616' title='bbox 1980 582 2011 635; x_wconf 82' lang='grc'>(1.</span> <span class='ocrx_word' id='word_1_617' title='bbox 2033 582 2099 634; x_wconf 76' lang='grc'><strong>1751</strong></span> 
     </span>
    </p>
   </div>
  </div>
 </body>
</html>
