4838 6982
342 537 531 592 Δη.0.ΠΜ

341 679 450 722 Examen
466 683 490 723 et
501 688 542 734 ap·

329 731 475 786 probatloS
483 735 543 776 con-

580 541 639 604 570

600 679 620 754 ἓ
640 681 669 742 2
693 681 924 744 Praeinsertum
947 696 1020 741 vero
1036 682 1172 746 officium
1187 701 1220 746 ac
1234 686 1306 746 mis·

1085 559 1148 604 ibn
1175 559 1263 603 Post
1290 559 1328 604 tat:
1350 557 1377 603 Ρ
1404 561 1430 604 E.
1457 561 1537 604 PARS
1561 561 1579 603 l.

1360 680 1492 742 Romani
1524 679 1660 742 rubricas
1686 683 1798 744 sanctis
1829 683 1966 761 patronis
1993 682 2109 760 princi·

328 740 423 884 {regas
444 785 484 831 ss.
501 785 541 830 aa
560 791 623 836 sam
645 774 820 836 huiusmodi
843 774 877 834 ad
902 776 1183 852 congregationem
1211 795 1305 840 vene·
1360 773 1477 850 palibus
1505 781 1536 835 et
1562 776 1787 852 protectoribus
1818 785 2016 854 competunt3
2048 793 2107 840 nec

346 3773 417 3817 Nora
431 3772 533 3818 Poulill·

319 3825 531 3882 cisconllrmatio,

319 3883 344 3924 et
359 3889 426 3924 nova
440 3861 532 3944 gratia-

319 3942 377 3978 rum
394 3933 530 3979 concessio.

559 870 701 933 rabilium
729 869 861 933 fratrum
890 876 1067 934 nostrorum
1098 871 1225 936 Sanctae
1246 873 1305 934 llo-

559 980 666 1026 manae
688 963 839 1025 Ecclesiae
860 963 1068 1026 cardinalium
1085 966 1178 1027 sacris
1193 965 1304 1050 ritibus

558 1057 761 1135 praepositam
792 1057 970 1118 remisimus
1000 1060 1034 1120 ad
1058 1059 1164 1132 tinem,
1196 1067 1230 1120 ut
1258 1077 1305 1120 ac-

558 1157 662 1212 curate
694 1153 926 1230 expenxlcren13
963 1153 1043 1230 quod
1074 1169 1145 1214 curn
1176 1153 1302 1230 praesti-

558 1253 625 1309 tum
647 1245 765 1320 luisset,
781 1247 937 1308 emanavit
951 1248 1110 1309 decretum
1128 1247 1244 1308 tenoris
1258 1262 1304 1308 se·

557 1339 696 1417 quentis:

577 1527 832 1591 Mastanabale
857 1528 948 1606 regui
973 1527 1075 1589 Noooc
1097 1527 1280 1604 llispcnicc.

596 1713 812 1778 Seuerissimus
834 1715 977 1776 domiuus
997 1722 1105 1776 noster
1119 1713 1302 1777 Benedictus

556 1807 631 1886 Papa
653 1806 732 1869 lllV.
757 1807 791 1867 ad
809 1808 1058 1870 satisfacientium
1075 1806 1192 1885 pietati,
1209 1807 1300 1884 quam

555 1901 656 1962 clerus
677 1908 709 1962 et
729 1901 860 1978 populus
874 1900 1034 1974 llexicani,
1051 1901 1116 1962 sive
1132 1899 1236 1960 Novae
1251 1899 1301 1961 lli-

554 1992 689 2070 spaniae,
705 2009 777 2070 erga
794 1993 827 2054 B.
846 1993 1009 2070 Virginem
1032 1995 1156 2058 blaciam
1179 2011 1300 2057 nuncu-

554 2093 616 2163 pat.
639 2087 676 2148 de
699 2084 887 2164 Gocdclapc
914 2089 1075 2150 Patronem
1097 2087 1300 2168 principalem

555 2177 693 2242 eiusdem
725 2180 811 2256 regni
843 2181 1017 2257 profitetur,
1040 2195 1183 2244 annuens
1205 2181 1302 2259 preci-

554 2272 610 2334 bus
632 2274 966 2335 reverendissimorum
987 2274 1214 2353 drcbiepisccpi
1240 2273 1301 2336 lle·

553 2366 655 2428 xicani
687 2375 717 2430 ct
746 2367 885 2445 Episcopi
917 2366 1143 2430 llicboacanen.
1174 2383 1228 2445 per
1249 2366 1300 2428 Pa·

554 2467 634 2521 trem
649 2459 846 2521 Franciscum
862 2460 962 2538 Lopez
978 2461 1137 2523 societatis
1151 2461 1215 2522 lesu
1230 2459 1300 2520 Pro·

553 2561 729 2616 curatorem
761 2554 939 2632 provinciae
972 2555 1119 2617 llexican.
1154 2556 1185 2617 in
1218 2555 1300 2616 Urbe

553 2647 739 2708 existentem
761 2649 943 2709 eorumdem
966 2647 1095 2710 nominc
1116 2648 1172 2708 sibi
1194 2663 1299 2726 porre-

552 2740 620 2814 ctis,
643 2741 885 2819 suprascriptum
918 2741 1054 2804 cilicium
1086 2741 1247 2820 proprium
1268 2749 1299 2804 et

552 2833 678 2894 missam
699 2831 894 2895 recitantium
909 2841 941 2895 et
955 2834 1127 2912 respective
1142 2834 1299 2896 celebran-

552 2927 622 2988 dam
644 2927 693 2988 die
714 2926 891 2988 duodecima
907 2927 1078 2990 decembris
1092 2929 1149 2990 sub
1164 2928 1228 2989 ritu
1244 2929 1298 2990 du·

552 3019 625 3098 plici
646 3020 764 3098 primae
784 3020 884 3081 classis
905 3035 977 3082 cum
992 3028 1107 3093 octava,
1124 3021 1160 3082 ad
1176 3021 1236 3082 mei
1252 3037 1298 3081 se·

552 3113 675 3175 auctarii
696 3113 880 3174 relationem
903 3113 1037 3190 bonigne
1060 3114 1248 3192 approbavit.

594 3219 648 3280 Die
669 3235 756 3280 xxxv.
780 3219 883 3298 aprilis
905 3235 1055 3280 noccurv.

652 3357 687 3420 b.
709 3358 742 3419 E.
767 3356 856 3419 Card.
880 3355 1090 3418 Tanaunrnus
1110 3355 1295 3418 Praefectus.

574 3493 650 3554 Loco
664 3490 812 3571 †aipilli.

613 3627 652 3688 Μ.
675 3625 861 3692 naretuseus
883 3626 948 3690 Sac.
972 3625 1033 3687 Eit.
1057 3625 1156 3702 Cong.
1181 3625 1295 3690 Secret.

591 3776 610 3850 ἓ
625 3775 654 3836 3.
667 3773 751 3836 llos·
744 3781 860 3852 utaque,
873 3772 999 3835 attentis
1012 3772 1047 3833 iis
1062 3773 1205 3834 omnibus
1221 3791 1297 3852 quae

551 3868 583 3929 in
612 3867 740 3947 supplici
766 3867 958 3946 praeinserto
986 3865 1091 3927 libello
1118 3872 1148 3927 et
1174 3866 1298 3929 decreto

550 3962 765 4035 continentur,
788 3968 880 4038 atque
901 3959 995 4021 etiam
1024 3959 1135 4022 intimo
1157 3977 1190 4022 ac
1212 3960 1294 4022 uliab

550 4055 671 4133 pietatis
691 4055 804 4128 studio,
827 4067 931 4114 amore
952 4069 986 4114 ac
1008 4053 1087 4128 zelo,
1106 4069 1166 4130 qno
1182 4051 1216 4112 ad
1233 4053 1296 4116 cul·

551 4155 618 4209 tum
649 4147 946 4223 venerationemque
981 4161 1053 4222 erga
1086 4145 1296 4208 beatissimam

550 4240 712 4318 Virginem
734 4240 787 4300 bei
813 4239 1003 4302 Genitricem
1034 4239 1159 4301 llariam
1181 4239 1296 4316 ubique

549 4335 692 4410 gentium
720 4331 959 4412 propagandam,
981 4331 1173 4393 excitandam
1204 4339 1296 4410 atque

548 4423 1296 4501 confirmandamlerimur,supplicationibushu·

549 4519 680 4581 iusmodi
702 4517 854 4591 inclinati,
878 4517 1010 4594 primum
1035 4516 1160 4595 quidem
1180 4519 1215 4579 ad
1232 4533 1294 4578 ma-

548 4613 646 4674 iorem
661 4606 891 4689 omnipotentis
906 4609 959 4670 Dei
975 4609 1117 4685 gloriam,
1134 4609 1294 4690 divinique

548 4706 648 4768 cultus
676 4709 893 4780 augmentum,
925 4702 1128 4780 eiusdemque
1157 4703 1294 4782 Virginis

547 4799 657 4861 blaciae
686 4797 821 4872 laudem,
852 4797 1034 4858 auctoritate
1061 4798 1224 4875 apostolica
1253 4809 1295 4860 te·

548 4908 623 4954 nore
648 4891 859 4970 praesentium
889 4889 1074 4951 electionem
1103 4891 1198 4968 ipsius
1220 4892 1295 4955 San·

547 4985 699 5048 ctissimae
722 4982 859 5060 Virginis
890 4982 1000 5044 llariae
1021 4983 1078 5046 sub
1100 4983 1294 5048 invocatione

547 5079 584 5140 dc
613 5076 810 5153 Gaacdnlopc,
846 5076 932 5138 cuius
964 5073 1053 5138 Sacra
1086 5077 1208 5154 Effigies
1239 5096 1293 5141 scu

546 5171 650 5248 lmago
671 5171 704 5232 in
727 5168 1029 5246 magnificentissima
1055 5169 1179 5231 ecclesia
1201 5170 1294 5232 colle-

546 5265 627 5342 giata
656 5271 686 5325 et
714 5262 877 5341 parochiali
909 5267 996 5323 extra
1029 5278 1134 5323 muros
1161 5263 1293 5325 civitatis

545 5359 720 5421 blexicanac
748 5356 843 5434 posita
876 5353 1000 5429 colitur,
1031 5355 1062 5416 in
1091 5355 1293 5434 principalem

546 5455 639 5516 totius
667 5449 771 5512 Novae
798 5448 958 5526 llispaniae
980 5455 1141 5526 patronam
1167 5457 1198 5510 ct
1224 5465 1292 5528 pro-

546 5546 704 5607 tectricem
728 5541 947 5604 communibus
973 5548 1040 5603 tum
1065 5542 1290 5604 venerabilium

545 5637 677 5699 fratrum
698 5637 792 5714 ipsius
814 5635 904 5712 regni
924 5635 1120 5708 Antistitum,
1140 5635 1215 5696 cleri
1229 5652 1292 5696 sae·

544 5731 656 5793 calaris
678 5737 708 5791 et
729 5727 890 5805 regularis,
913 5733 944 5789 et
966 5727 1153 5804 populorum
1168 5727 1292 5790 illarum

544 5825 680 5902 partium
701 5823 855 5898 sullragiis
877 5821 999 5897 lactem,
1015 5837 1087 5883 cum
1103 5821 1246 5884 omnibus
1261 5831 1292 5884 ct

544 5917 676 5997 singulis
697 5915 930 5996 praerogativis,
953 5931 1031 5994 quae
1047 5914 1131 5976 iuxta
1146 5915 1291 5978 breviarii

1360 882 1422 928 non
1445 868 1673 944 praeinsertum
1695 870 1831 932 odicium
1852 879 1883 932 et
1896 870 2019 932 missam
2034 886 2106 934 cum

1358 968 1463 1022 octava
1485 965 1688 1040 approbamus
1709 973 1739 1026 et
1761 965 1992 1038 confirmamus,
2015 971 2107 1043 atque

1359 1055 1499 1116 eamdem
1515 1056 1568 1117 Dei
1579 1057 1771 1120 Genitricem
1787 1058 1910 1120 llariam
1926 1057 1962 1118 de
1979 1057 2106 1122 Gauda-

1359 1146 1431 1224 lape
1462 1157 1683 1229 nuncupatam,
1706 1154 1751 1216 uti
1780 1153 1981 1232 principalem
2003 1153 2105 1217 Novae

1359 1243 1518 1320 llispuniae
1533 1255 1694 1322 patronam
1710 1255 1740 1310 ct
1756 1248 1974 1326 protectricem
1990 1249 2105 1312 baben·

1358 1337 1439 1412 dam,
1463 1338 1665 1402 invocandam
1686 1347 1717 1403 et
1738 1342 1898 1404 colendam
1920 1359 1985 1404 esse
1999 1343 2105 1404 statui·

1359 1447 1438 1505 mus,
1451 1431 1639 1494 declaramus
1654 1441 1747 1512 atque
1763 1435 1914 1497 iubemus.
1933 1435 2103 1509 Praeterea,

1358 1530 1391 1585 ut
1414 1524 1444 1586 in
1467 1533 1626 1603 posterum
1651 1527 1800 1588 solemnis
1829 1535 1931 1589 tantae
1959 1535 2105 1605 patronae

1356 1633 1389 1676 ac
1401 1619 1592 1693 protectricis
1608 1621 1758 1682 memoria
1775 1621 1894 1694 maiori,
1907 1637 1997 1698 uuam
2015 1627 2104 1683 antea

1356 1709 1580 1786 celebrabatur,
1592 1711 2007 1789 pietateacdebitislaudum
2019 1729 2103 1791 prae·

1356 1802 1454 1864 coniis
1469 1805 1634 1882 quotannis
1650 1805 1812 1880 recolatur,
1826 1805 1983 1880 volumus,
1996 1813 2026 1868 ct
2039 1821 2103 1866 om-

1357 1897 1447 1958 nibus
1469 1898 1631 1978 utriusque
1652 1916 1743 1961 sextus
1764 1900 2033 1973 christifidelibus,
2050 1903 2102 1980 qui

1355 1991 1389 2052 ad
1413 1992 1501 2052 horas
1522 1993 1683 2055 canonicas
1706 2001 1865 2067 tenentur,
1878 1994 2059 2056 auctoritate
2073 2003 2103 2057 ct

1355 2089 1463 2146 tenore
1490 2085 1614 2163 paribus
1643 2086 1844 2162 indulgemus
1865 2094 1957 2164 atque
1981 2087 2103 2149 manda·

1355 2193 1434 2251 mus,
1460 2187 1492 2240 ut
1514 2194 1616 2240 annua
1639 2179 1734 2256 ipsius
1752 2179 1948 2242 Beatissimae
1964 2180 2103 2256 Virginis

1354 2271 1465 2334 llariae
1487 2271 1524 2332 de
1547 2272 1737 2350 Gnodulopc
1758 2271 1833 2334 leste
1854 2272 1904 2336 die
1925 2272 2101 2336 duodecima

1353 2365 1524 2426 decembris
1547 2365 1577 2426 in
1601 2374 1787 2444 perpetuum
1817 2367 1875 2429 sub
1897 2367 1960 2430 ritu
1989 2368 2101 2446 duplici

1353 2462 1470 2540 primae
1492 2461 1594 2524 classis
1615 2478 1686 2523 cum
1702 2467 1805 2523 octava
1821 2470 1995 2539 peragatur,
2009 2471 2100 2541 atque

1353 2556 1580 2632 praeinsertum
1612 2554 1748 2616 officium
1770 2571 1803 2616 ac
1832 2555 1922 2617 naissa
1951 2555 2101 2618 recitetur

1352 2655 1382 2708 et
1404 2648 1589 2710 celebretur.
1615 2649 1784 2722 Praeterea,
1801 2665 1872 2712 cum
1889 2649 2028 2712 iniuncta
2047 2664 2102 2710 no-

1353 2741 1397 2802 bis
1419 2741 1600 2819 apostolicae
1622 2742 1783 2803 servitutis
1805 2743 1883 2805 ratio
1905 2741 2050 2820 postulet,
2069 2750 2101 2803 ut

1352 2835 1532 2896 caelestium
1564 2851 1733 2898 munerum
1766 2838 1936 2910 thesauros,
1966 2851 2101 2914 quorum

1352 2927 1611 3004 dispensationem
1626 2928 1828 2991 imbecillitati
1842 2937 1964 2990 nostrae
1976 2927 2100 2990 credere

1352 3020 1496 3096 dignatus
1524 3030 1569 3084 est
1591 3022 1779 3097 ditissimus,
1810 3023 1900 3084 alacri
1930 3024 2101 3102 libentique

1352 3115 1456 3176 animo
1479 3114 1612 3178 buleliter
1633 3131 1808 3192 erogamus,
1832 3133 1903 3179 cum
1925 3119 2048 3180 eosdem
2064 3120 2100 3181 ad

1353 3208 1450 3284 magis
1471 3209 1642 3285 aagendam
1673 3209 1930 3272 Christisrdelium
1953 3211 2099 3288 pietatem

1353 3317 1424 3378 erga
1446 3303 1586 3363 eamdem
1609 3303 1660 3364 Dei
1683 3303 1872 3366 Genitricem
1892 3319 2016 3382 semper
2030 3304 2099 3366 Vir-

1353 3394 1459 3472 ginem
1482 3395 1605 3457 llariam
1629 3395 1869 3471 immaculatam,
1888 3406 1919 3458 et
1934 3413 2100 3475 procuran-

1352 3489 1423 3549 dam
1453 3488 1628 3550 animarum
1659 3488 1790 3551 salutem
1821 3489 2005 3552 confidimus
2033 3491 2100 3554 lore

1352 3584 1545 3661 prolaturos:
1570 3585 1644 3646 hinc
1658 3593 1715 3660 cst,
1732 3586 1813 3663 quod
1828 3601 1884 3647 nos
1906 3586 2051 3648 omnibus
2068 3593 2099 3650 et

1351 3678 1482 3756 singulis
1496 3679 1661 3756 utriusque
1675 3696 1765 3741 sexus
1777 3679 2037 3744 Christilidelibus
2048 3699 2100 3743 ve·

1352 3789 1385 3834 re
1399 3772 1631 3850 poenitentibus
1646 3779 1676 3833 et
1689 3772 1846 3847 confessis,
1863 3789 1896 3835 ac
1910 3789 1990 3835 sacra
2008 3776 2099 3838 Com-

1353 3866 1504 3927 munione
1525 3865 1659 3939 reiectis,
1682 3865 1734 3943 qni
1750 3867 1890 3927 eamdem
1906 3866 2098 3943 collegiatam

1351 3969 1383 4023 et
1395 3959 1597 4038 parochialem
1615 3959 1772 4022 ecclesiam
1787 3959 1896 4022 Beatac
1909 3960 2018 4022 blaciae
2031 3960 2098 4022 Vir-

1351 4054 1432 4130 ginis
1454 4053 1490 4114 do
1515 4051 1703 4130 Guodulapc
1724 4067 1818 4130 panope
1840 4058 1871 4113 et
1891 4060 1977 4114 entra
1992 4054 2098 4115 civita·

1353 4155 1415 4209 tem
1437 4145 1556 4220 llexici,
1573 4146 1605 4208 in
1621 4144 1784 4208 duodecim
1805 4146 1878 4206 anni
1901 4145 2020 4220 diebus,
2043 4163 2098 4225 per

1350 4239 1547 4303 Ordinarium
1570 4239 1809 4314 designandis,a
1831 4239 1939 4316 primis
1961 4241 2097 4318 vesperis

1351 4349 1448 4410 usque
1469 4333 1505 4393 ad
1526 4347 1667 4394 occassum
1690 4331 1761 4394 solis
1776 4333 2023 4410 uniuscuiusque
2038 4333 2097 4396 diei

1351 4425 1538 4495 huiusmodi,
1559 4423 1692 4501 singulis
1713 4426 1802 4486 annis
1823 4424 1934 4488 devote
1956 4426 2098 4488 visitave-

1351 4519 1424 4593 rint,
1448 4526 1479 4580 et
1501 4518 1541 4578 ibi
1565 4533 1619 4596 pro
1647 4517 1887 4579 christianorum
1920 4519 2096 4597 principum

1348 4611 1521 4685 concordia,
1552 4611 1714 4672 haeresum
1740 4610 1947 4688 extirpatione
1969 4619 1999 4674 et
2021 4610 2095 4675 San·

1348 4713 1414 4768 ctae
1441 4705 1545 4768 llatris
1578 4703 1726 4764 Ecclesiae
1756 4704 1942 4767 exaltatione
1971 4706 2032 4782 pias
2059 4706 2095 4766 ad

1350 4801 1447 4860 [lenm
1469 4814 1575 4878 preces
1596 4795 1776 4871 elinderint,
1794 4797 1825 4858 iu
1840 4797 1971 4874 singulis
1987 4799 2095 4862 iisdem

1348 4893 1465 4964 dicbus,
1488 4890 1600 4967 quibus
1622 4890 1650 4952 id
1673 4889 1807 4965 egerint,
1838 4888 2010 4967 plenariam
2031 4907 2094 4950 om-

1348 4985 1436 5045 nium
1459 4990 1654 5061 peccatorum
1677 4997 1806 5044 suorum
1823 4982 2049 5059 indulgentiam
2065 4992 2095 5046 et

1348 5077 1565 5138 remissionem
1581 5075 1822 5136 misericorditer
1833 5075 1865 5136 in
1879 5077 2010 5138 [lomina
2024 5093 2095 5140 con-

1347 5170 1494 5232 cedimus
1524 5169 1653 5247 lnsnper
1686 5169 1793 5230 iisdem
1821 5169 2093 5246 Christilxdelibus,

2140 546 2191 592 An.
2206 544 2236 594 C.
2262 539 2343 592 1751

1347 5263 1440 5324 etiam
1471 5278 1545 5323 vere
1577 5261 1810 5340 poenitentibus
1831 5268 1862 5323 et
1883 5261 2040 5338 coralcssis,
2062 5281 2096 5326 ac
2155 5277 2157 5284 ¹

1346 5371 1426 5416 sacra
1443 5355 1674 5417 Communione
1687 5353 1819 5428 relectis,
1837 5355 1995 5417 ecclesiam
2009 5371 2095 5434 prae-

1348 5449 1440 5510 latam
1462 5449 1494 5510 in
1517 5449 1584 5509 aliis
1615 5447 1776 5510 duodecim
1806 5449 1880 5510 anni
1912 5449 2019 5510 diebus
2040 5463 2095 5528 per

1346 5539 1491 5603 cumdem
1523 5540 1721 5602 ordinarium
1753 5541 1861 5602 itidem
1892 5541 2093 5618 destinandis,

1348 5643 1493 5712 utsupra
1515 5633 1714 5696 visitantibus
1735 5639 1766 5694 et
1788 5633 1959 5708 orantibus,
1975 5630 2093 5714 septem

1346 5743 1442 5789 anuos
1464 5733 1495 5788 et
1517 5726 1648 5788 totidem
1670 5727 1898 5804 quadragenam
1919 5727 1951 5790 in
1967 5728 2094 5807 reliquis

1348 5836 1418 5882 vero
1443 5817 1520 5881 anni
1544 5817 1670 5891 diebus,
1698 5819 1807 5882 iisdem
1836 5819 2094 5883 christifidelibus

1344 5913 1801 5991 contritis,saepememoratam
1810 5911 2092 5977 Ecclesiamitidem
