4764 6972
333 534 385 589 An.
400 536 430 588 0.
452 534 521 586 1744
575 534 630 596 154

552 668 789 745 inauguratione
810 665 927 728 servari
955 663 1128 727 consuevit.
1159 664 1200 726 Ea
1222 679 1297 724 vero

552 763 587 824 ad
610 760 810 823 undecimum
833 757 970 821 eiusdem
999 757 1113 818 mensis
1135 757 1229 830 diern,
1253 755 1297 816 di·

552 855 625 916 vino
647 853 768 914 1116116
783 851 932 926 Numine,
950 851 1062 912 indicta
1085 849 1154 910 tuit.
1173 849 1295 912 Sacram

551 955 654 1010 autem
678 945 762 1007 illam
790 944 1000 1018 functionem,
1027 960 1086 1022 qua
1114 943 1223 1004 maiori
1245 959 1295 1021 op

552 1031 681 1101 tandum
702 1045 782 1100 esset
805 1054 877 1116 pace
898 1054 933 1098 ac
954 1036 1197 1115 tranquillitate,
1220 1037 1297 1097 circo

552 1138 659 1194 horam
681 1133 741 1195 diei
768 1133 948 1210 septimam,
972 1131 1003 1191 in
1035 1132 1140 1192 eadem
1172 1129 1297 1192 ecelesia

552 1224 718 1298 inchoavit,
736 1223 926 1302 perfecitque
947 1223 1175 1284 illustrissimus
1196 1239 1229 1284 ae
1250 1239 1297 1282 16-

552 1318 795 1380 verendissimus
827 1318 972 1378 dominus
1005 1315 1105 1390 Elias,
1136 1333 1198 1377 una
1226 1331 1296 1376 cum

552 1411 679 1488 reliquis
712 1409 929 1472 illustrissimis
964 1426 997 1470 ae
1032 1409 1298 1470 reverendissimis

552 1503 795 1581 Archiepiscopis
817 1510 847 1564 et
869 1503 1035 1582 Episcopis
1055 1503 1108 1580 qui
1131 1509 1165 1564 ut
1186 1501 1298 1564 horum

553 1599 696 1660 omnium
729 1597 893 1658 indubium
926 1598 1035 1657 darent
1067 1596 1297 1662 testimonium,

553 1689 766 1767 praesentibus
794 1689 892 1750 literis
921 1689 1034 1766 scripto
1060 1687 1299 1764 chirographum

554 1784 777 1862 propriumque
791 1782 928 1858 sigillum
946 1795 1124 1858 apposuere.
1138 1780 1299 1840 -Datum

555 1877 587 1938 in
600 1877 700 1938 Arissa
723 1875 772 1936 die
784 1891 841 1937 xn.
855 1873 999 1946 octobris,
1015 1888 1096 1934 anno
1118 1887 1297 1934 unecxtnr.

554 2002 592 2015 -
608 1967 834 2046 Archiepiscopi
857 1975 888 2027 et
900 1966 1041 2043 Episcopi
1053 1997 1090 2010 -
1104 1963 1182 2026 Elias
1203 1965 1300 2026 Areae

554 2095 592 2108 -
606 2060 765 2138 Philippus
790 2059 913 2137 Lystrae
926 2091 958 2102 -
974 2055 1148 2136 Stephanus
1162 2056 1248 2118 Botri
1262 2089 1300 2102 -

555 2153 676 2217 Gabriel
698 2152 892 2213 Ptolemaidis
909 2187 943 2195 -
958 2151 1095 2227 lgnatius
1117 2149 1240 2228 Tyri-
1256 2150 1301 2210 lo-

555 2263 653 2309 annes
665 2245 768 2323 Beryti
784 2277 821 2290 -
836 2243 961 2308 hliohael
978 2243 1123 2305 Paneadis
1142 2276 1175 2286 -
1192 2241 1300 2303 Tobias

557 2338 709 2420 Neapolis.

577 2541 732 2588 nntst'onn
746 2540 857 2586 ennom
872 2539 1105 2586 PATRIARCHAE
1120 2539 1163 2583 Ab
1179 2507 1275 2585 8111111.

597 2731 615 2772 a
636 2709 836 2774 Sanctissimo
851 2726 884 2770 ac
900 2708 1078 2769 Beatissimo
1099 2707 1230 2769 Patriae
1246 2707 1302 2768 Do·

557 2805 643 2864 mino
660 2811 764 2864 nostro
779 2801 945 2864 Benedieto
961 2799 1142 2863 11111011.
1158 2801 1301 2873 Maximo,

559 2897 672 2960 Christi
694 2895 817 2957 Domini
844 2893 976 2968 Vicario,
1000 2902 1030 2954 et
1057 2893 1139 2954 Petri
1166 2891 1303 2970 Apostoli

557 2990 723 3052 successori
741 3021 774 3031 -
793 2987 991 3050 sanctissime
1013 2987 1102 3048 Pater
1117 3019 1155 3032 -
1172 2987 1237 3062 Ego
1258 2983 1303 3046 Si-

559 3098 633 3144 mon
649 3081 758 3143 Petrus
774 3080 920 3154 Evodius,
937 3079 1011 3140 olim
1027 3080 1163 3142 Damasei
1178 3079 1303 3141 Archio-

558 3175 716 3253 piscopos,
745 3189 830 3236 uune
860 3187 934 3232 1610
963 3173 1161 3234 miseratione
1190 3174 1244 3234 Dei
1273 3181 1304 3236 et

559 3267 738 3332 Sanetitatis
765 3274 834 3327 tuae
862 3265 1012 3326 beneficio
1040 3265 1213 3327 Patriarcha
1242 3265 1303 3328 An-

560 3359 738 3434 tiochenus,
772 3357 859 3419 tlexis
892 3358 1022 3436 genibus
1057 3361 1092 3422 ad
1124 3359 1305 3436 purissimos

559 3459 629 3516 tuos
659 3453 766 3530 pedes,
794 3451 945 3513 submisse
971 3467 1003 3512 ae
1029 3459 1210 3513 reverenter
1237 3468 1306 3529 pro

559 3546 696 3621 volutus,
719 3543 909 3606 Beatitudini
933 3551 1002 3604 tuae
1033 3559 1165 3622 expono,
1188 3555 1305 3621 aposto-

560 3639 632 3700 licas
655 3653 705 3699 me
728 3636 829 3698 literas
851 3636 1014 3714 accepisse,
1030 3637 1141 3716 quibus
1157 3638 1234 3698 mihi
1256 3639 1306 3700 de·

561 3731 724 3804 mandasti,
748 3737 782 3790 ut
803 3728 1037 3807 patriarchalem
1057 3730 1190 3792 nationis
1211 3729 1305 3791 Maro-

561 3824 699 3886 nitarum
711 3821 894 3897 dignitatem
909 3822 1107 3900 susciperem.
1132 3822 1196 3884 Tua
1212 3823 1307 3899 igitur

561 3917 657 3995 ipsius
689 3915 786 3991 gratia
812 3921 841 3975 et
873 3914 903 3975 in
933 3915 1117 3993 obsequium
1148 3915 1307 3993 apostolici

562 4007 696 4070 mandati
725 4007 785 4082 tui,
819 4007 848 4068 id
875 4023 991 4068 munus
1019 4008 1154 4085 suscepi,
1185 4007 1305 4068 tametsi

491 4137 494 4146 .
562 4101 641 4163 nihil
662 4115 729 4162 esse
751 4099 781 4160 in
804 4114 854 4160 me
880 4114 1111 4175 cognoscerem,
1134 4115 1228 4179 quare
1249 4100 1308 4160 hoe

561 4195 639 4274 mihi
661 4193 847 4254 beneficium
867 4190 1055 4267 conferatur,
1071 4200 1123 4253 aut
1145 4209 1206 4270 quo
1220 4201 1308 4271 pacto

562 4287 701 4348 humeris
724 4285 800 4346 meis
828 4300 907 4345 onus
930 4285 1009 4345 istud
1036 4295 1157 4364 portare
1184 4301 1305 4365 queam.

562 4377 763 4442 venerabiles
784 4386 887 4458 autem
903 4369 1014 4437 fratres
1027 4379 1087 4437 mei
1098 4379 1308 4456 Arehiepiseo-

563 4473 594 4552 pi
615 4481 645 4534 et
674 4470 813 4549 Episcopi
835 4486 899 4532 non
932 4470 1022 4530 modo
1044 4487 1108 4532 non
1134 4482 1208 4533 suut
1230 4471 1308 4532 mihi

563 4563 716 4637 reluctati,
739 4567 790 4626 sed
810 4580 932 4625 surnma
956 4564 1055 4641 potius
1077 4581 1309 4627 1111616161-

564 4657 605 4718 tia
617 4664 647 4716 et
658 4655 805 4734 obsequio
822 4657 1047 4718 subiectionem
1060 4666 1090 4718 61
1102 4657 1308 4720 obedientiam

564 4764 675 4810 eorum
690 4751 949 4812 reverendissimo
961 4749 1042 4810 Patri
1057 4749 1162 4812 Iacobo
1175 4753 1212 4812 de
1228 4751 1310 4812 Luca

565 4841 740 4904 Sanctitatis
768 4849 836 4901 tuae
870 4841 1010 4917 ablegato
1041 4843 1221 4905 exhibuere.
1251 4845 1309 4906 tiro

564 4935 681 5012 itaque,
705 4949 890 5012 quaesoque,
907 4951 961 5012 pro
992 4943 1042 4995 tua
1064 4934 1115 4996 illa
1138 4937 1191 4997 tibi
1220 4937 1309 4998 insita

565 5042 638 5103 erga
660 5041 767 5086 omnes
789 5025 980 5101 benignitate
1003 5025 1163 5102 singulari,
1188 5037 1222 5089 ut
1244 5043 1310 5089 coe-

565 5120 643 5182 leste
668 5119 745 5180 mihi
775 5119 926 5178 auxilium
955 5121 1096 5197 precibus
1122 5122 1220 5182 tuisa
1249 5122 1310 5184 Deo

565 5211 723 5290 implores,
740 5213 826 5273 euius
848 5211 880 5270 in
905 5213 993 5272 161116
1019 5213 1101 5274 11066
1122 5214 1216 5289 geris:
1241 5231 1310 5276 sum

566 5305 685 5367 etenim
708 5303 913 5382 undequaque
942 5303 1164 5367 calamitatibus
1191 5324 1224 5369 ae
1245 5323 1312 5369 me·

568 5397 662 5460 1661116
689 5399 923 5476 circumseptus.
947 5429 985 5444 -
1007 5399 1102 5460 Porro
1131 5411 1309 5463 nostrarum

566 5494 645 5570 apud
668 5489 811 5556 Sanctam
832 5491 1037 5568 Apostolieam
1065 5493 1235 5555 Romanam
1259 5494 1311 5556 Se-

568 5584 640 5646 dem
660 5599 820 5646 causarum
842 5594 1074 5663 procuratorem
1095 5587 1256 5666 deputavi,
1279 5605 1311 5650 ac

568 5678 698 5758 praeleei
729 5680 764 5741 ll.
784 5679 816 5740 P.
841 5679 874 5739 n.
903 5680 1067 5758 losephum
1095 5680 1311 5758 Assemanum,

569 5773 675 5834 virum
696 5774 727 5833 in
750 5773 881 5835 Ecclesia
903 5774 957 5834 1161
979 5772 1156 5836 celebritate
1178 5777 1312 5835 nominis

570 5865 705 5942 clarum,
728 5868 781 5944 qui
801 5866 934 5928 Pallium
949 5866 1191 5928 confirmationis
1207 5883 1223 5926 a
1238 5867 1312 5930 San-

1072 546 1135 590 tun.
1162 543 1251 590 PONT.
1277 545 1317 589 DE
1339 546 1368 590 Ρ.
1393 547 1421 592 F.
1445 547 1528 592 PARS
1550 548 1570 591 1.

1354 665 1459 726 etitate
1493 673 1542 726 tua
1574 665 1704 743 supplex
1736 665 1864 726 nomine
1894 681 1963 726 meo
1993 673 2097 743 petat,

1354 758 1513 834 impetret,
1536 767 1627 836 atque
1648 758 1786 836 recipiat.
1814 758 1911 832 Quam
1933 759 2009 820 mihi
2032 773 2098 834 gra·

1356 851 1429 912 tiam
1452 852 1484 912 in
1506 851 1677 929 apostolicis
1700 851 1799 914 literis
1821 867 1875 930 pro
1904 852 1967 914 Tua
1992 860 2021 912 te
2042 850 2098 913 hu·

1355 943 1503 1004 manitate
1518 958 1582 1004 non
1597 942 1824 1018 denegaturum
1846 945 2033 1020 significasti.
2048 945 2101 1006 Ei-

1355 1037 1425 1096 dem
1441 1051 1515 1095 vero
1530 1035 1720 1112 procuratori
1737 1044 1808 1097 ante
1823 1038 1928 1098 omnia
1942 1039 2097 1113 mandavi,

1356 1136 1389 1189 ut
1410 1127 1544 1189 debitam
1568 1127 1727 1191 Sanctitati
1754 1137 1824 1190 tuae
1853 1137 1883 1190 61
1911 1130 2099 1207 Apostolieae

1355 1219 1451 1292 Sedi,¹
1476 1235 1555 1295 quae
1581 1219 1767 1280 orthodoxae
1795 1219 1866 1280 fidei
1888 1229 1974 1299 petra
2002 1229 2100 1283 estet

1355 1309 1606 1385 tundamentum,
1629 1311 1696 1372 sine
1718 1328 1779 1389 quo
1800 1313 1881 1375 salus
1902 1321 2025 1375 aeterna
2047 1313 2100 1375 ob-

1355 1405 1446 1465 tineri
1460 1405 1579 1482 nequit,
1589 1404 1797 1466 obedientiam
1809 1405 1939 1467 omnino
1954 1414 2097 1484 praestet3

1355 1502 1386 1557 61
1407 1498 1554 1575 quoniam
1577 1496 1654 1557 mihi
1681 1496 1786 1574 procul
1808 1499 1923 1574 agenti,
1946 1509 2099 1577 quantum

1355 1589 1470 1650 vellem
1491 1598 1522 1650 61
1544 1597 1684 1667 optarem
1706 1589 1748 1650 las
1764 1607 1827 1653 non
1844 1598 1901 1665 est,
1918 1593 1981 1670 ipse
1997 1610 2101 1655 coram

1355 1683 1504 1743 maximas
1535 1683 1722 1744 Beatitudini
1751 1685 1834 1745 Tuae
1860 1686 1972 1761 gratias
1997 1687 2100 1747 verbis

1355 1776 1588 1837 accuratissimis
1608 1784 1688 1852 agat,
1705 1779 1741 1838 de
1758 1777 1867 1839 collato
1883 1779 1958 1840 mihi
1974 1781 2101 1858 patriar-

1356 1868 1448 1931 chalis
1469 1867 1627 1944 dignitatis
1657 1869 1822 1946 beneficio,
1851 1872 1951 1949 deque
1972 1874 2101 1950 acceptis

1357 1962 1539 2024 muneribus
1571 1962 1732 2036 omnibus,
1762 1980 1839 2040 quae
1860 1966 1895 2025 ad
1917 1963 2016 2026 bonae
2036 1981 2101 2027 me·

1358 2055 1474 2115 moriae
1495 2056 1757 2139 praedecessorem
1786 2071 1891 2117 meum
1914 2072 1930 2117 a
1953 2065 1982 2120 te
2003 2066 2102 2120 trans-

1358 2147 1448 2207 missa
1459 2146 1594 2222 fuerant,
1606 2164 1747 2226 quaeque
1758 2163 1813 2226 per
1824 2149 1998 2225 ablegatum
2012 2161 2101 2213 tuum

1356 2247 1430 2299 sunt
1452 2240 1527 2300 mihi
1550 2241 1669 2302 tradita.
1694 2241 1747 2302 1116
1767 2256 1840 2302 sane
1863 2242 1950 2303 donis
1971 2243 2103 2305 incredi-

1357 2331 1451 2394 dilem
1473 2333 1576 2394 Tuum
1598 2349 1670 2409 erga
1692 2349 1742 2394 me
1763 2350 1918 2409 amorem,
1941 2353 1974 2398 ae
1994 2337 2102 2412 singu·

1356 2424 1451 2486 larem
1476 2425 1719 2500 humanitatem,
1743 2433 1777 2488 ut
1799 2426 1932 2488 libenter
1957 2444 2100 2505 agnosco,

1358 2518 1396 2580 ita
1417 2519 1520 2580 studio
1541 2518 1638 2580 colam
1651 2520 1900 2598 sempiterno-
1916 2521 1999 2582 Idem
2020 2522 2102 2584 able·

1358 2617 1445 2687 gatus
1467 2619 1540 2674 tuus
1561 2613 1704 2673 recitavit
1722 2613 1799 2674 mihi
1821 2621 1852 2674 et
1873 2615 2102 2678 venerabilibus

1358 2701 1503 2765 fratribus
1526 2705 1602 2764 meis
1631 2704 1873 2783 Archiepiscopis
1896 2713 1926 2767 61
1948 2707 2102 2785 Episcopis

1358 2795 1429 2856 alias
1441 2797 1619 2874 apostolicas
1633 2797 1747 2871 literas,
1760 2798 1871 2876 quibus
1883 2808 2019 2860 nostram
2031 2817 2103 2878 syn-

1359 2891 1452 2949 odum
1481 2889 1632 2950 11110116
1653 2889 1771 2952 Libano
1793 2907 1894 2969 nuper
1918 2893 2104 2954 celebratam

1360 2981 1509 3043 Sanctitas
1537 2992 1586 3042 tua
1613 2983 1800 3044 confirmare
1829 2983 1953 3060 dignata
1975 2994 2031 3046 est.
2046 2986 2104 3048 116-

1361 3073 1441 3151 liqua
1463 3085 1655 3152 praeteream
1677 3075 1798 3137 decreta
1820 3078 1855 3138 ad
1876 3093 1942 3138 eam
1959 3095 2026 3140 rem
2038 3096 2105 3158 spe-

1359 3167 1491 3241 etantia,
1513 3183 1591 3246 quae
1618 3177 1684 3246 post
1712 3169 1926 3231 confirmatam
1954 3173 2106 3249 synodum

1360 3263 1438 3323 edita
1460 3262 1561 3324 luere.
1586 3261 1665 3324 Haec
1686 3279 1779 3341 porro
1800 3265 1915 3336 omnia,
1938 3281 1998 3343 qua
2019 3267 2106 3329 decet

1360 3355 1456 3415 animi
1476 3355 1693 3431 submissione,
1710 3367 1742 3417 et
1760 3359 1939 3437 excepimus
1954 3367 1986 3420 et
2001 3361 2107 3436 proba·

1361 3449 1480 3522 vimus,
1505 3463 1625 3524 nosque
1647 3452 1753 3510 eadem
1775 3453 1809 3512 ad
1833 3451 1952 3512 exitum
1979 3451 2106 3528 perduo-

1363 3548 1446 3602 turos
1473 3541 1709 3618 spopondimus:
1738 3543 1818 3620 quod
1851 3543 2023 3622 apostolicis
2046 3545 2105 3606 tuis

1361 3633 1423 3695 1160
1444 3635 1574 3712 acceptis
1603 3635 1758 3712 gratisque
1780 3637 1921 3713 precibus
1947 3636 2019 3698 lreti
2039 3654 2108 3716 spe-

1362 3741 1527 3786 ramur.-
1544 3725 1720 3805 Antequam
1742 3739 1845 3791 autem
1874 3731 2106 3806 patriarchalem

1362 3819 1547 3894 dignitatem
1570 3821 1700 3893 inirem,
1733 3821 1918 3883 orthodoxae
1945 3822 2017 3884 fidei
2039 3839 2108 3900 pro-

1362 3911 1529 3973 fessionem
1544 3929 1576 3974 ac
1591 3913 1803 3976 iuramentum
1820 3914 1975 3976 fidelitatis
1989 3916 2028 3977 de
2043 3933 2107 3978 mo·

1363 4021 1396 4066 re
1426 4006 1650 4083 praescriptum
1683 4008 1772 4068 emisi
1802 4023 1906 4068 coram
1936 4010 2107 4072 venerabili

1363 4097 1457 4159 tratre
1480 4113 1549 4159 meo
1572 4099 1637 4160 Elia
1652 4098 1770 4161 'hlasebi
1795 4101 2031 4179 Archiepiscopo
2051 4103 2109 4164 Ar·

1363 4191 1447 4251 censi
1479 4199 1509 4251 61
1541 4205 1644 4252 coram
1677 4191 1840 4268 apostolico
1871 4191 2009 4268 ablegato
2041 4202 2106 4270 tuo,

1364 4298 1458 4361 quern
1478 4284 1635 4344 commissi
1651 4283 1708 4345 sibi
1723 4286 1863 4346 muneris
1885 4295 1985 4363 partes
2001 4303 2108 4349 omnes

1364 4377 1545 4453 prudenter,
1568 4375 1754 4452 diligenter,
1777 4386 1978 4455 accurateque
2000 4379 2108 4458 imple-

1365 4468 1444 4529 visse
1474 4477 1634 4531 testamur.
1651 4502 1688 4515 -
1703 4471 1832 4532 ltbsecro
1859 4471 1975 4548 itaque,
2002 4482 2037 4534 ut
2058 4489 2109 4536 me

1365 4559 1397 4621 in
1421 4569 1547 4624 tuorum
1567 4578 1729 4624 servorum
1745 4579 1914 4625 numerum
1935 4565 2045 4626 amodo
2059 4566 2109 4627 ad-

1364 4655 1492 4715 scribas:
1516 4664 1589 4716 sunt
1612 4656 1743 4717 enimet
1765 4656 1821 4717 alia
1844 4659 1993 4734 quaedam
2015 4675 2109 4735 nege·

1366 4748 1418 4821 tia,
1435 4763 1513 4824 quae
1527 4749 1562 4810 ad
1580 4765 1627 4810 me
1640 4752 1717 4812 etad
1734 4758 1871 4812 nostram
1893 4753 2109 4816 antiochenam

1364 4843 1469 4902 sedem
1491 4845 1660 4919 pertinent,
1683 4858 1824 4920 quaeque
1845 4844 1983 4905 laudatus
2004 4855 2110 4908 noster

1365 4946 1546 5011 procurator
1568 4935 1727 4998 sanctitati
1751 4945 1821 4997 tuae
1836 4945 1882 4998 est
1902 4939 2108 5015 expositurus.

1366 5027 1397 5086 ld
1425 5043 1538 5104 quaeso
1569 5031 1686 5104 gratiae
1714 5030 1790 5090 mihi
1816 5030 1958 5091 novellae
1988 5030 2111 5109 plantae

1368 5129 1437 5182 tuae
1469 5127 1617 5195 concede,
1641 5131 1675 5183 ut
1696 5140 1769 5200 quas
1796 5123 1849 5184 ille
1881 5123 2008 5185 nomine
2041 5135 2111 5186 meo

1366 5214 1515 5290 porriget,
1539 5230 1579 5276 ne
1609 5215 1746 5293 patiaris,
1776 5231 1830 5293 pro
1859 5223 1909 5277 tua
1936 5218 2049 5278 eximia
2078 5235 2112 5280 ae

1367 5307 1552 5368 universum
1579 5317 1731 5370 terrarum
1753 5309 1860 5370 orbem
1887 5310 2111 5388 complectente

1369 5400 1573 5476 benignitate,
1597 5403 1698 5463 irritas
1720 5419 1785 5464 esse
1807 5411 1837 5464 et
1859 5403 1967 5466 inanes
1993 5419 2108 5482 preces.

1368 5525 1405 5539 -
1421 5495 1517 5571 lpsius
1539 5510 1614 5556 vero
1643 5498 1846 5574 procuratoris
1869 5499 1930 5559 mei
1957 5501 2112 5560 rationem

1368 5588 1481 5649 habere
1501 5589 1591 5650 velis.
1626 5589 1705 5652 Sunt
1733 5593 1817 5652 enim
1840 5606 1950 5668 magna
1973 5591 2057 5654 illius
2079 5594 2110 5654 in

1368 5681 1574 5760 Apostolieam
1603 5681 1713 5744 Sedem
1748 5685 1876 5760 merita,
1905 5701 1961 5746 nec
1993 5687 2115 5747 minora

1369 5791 1440 5851 erga
1463 5776 1686 5837 Antiochenam
1710 5777 1876 5838 Ecclesiam
1903 5786 2040 5840 nostram
2062 5780 2111 5840 be-

1372 5873 1488 5934 1611016.
1522 5871 1584 5934 Nos
1616 5880 1721 5936 autem
1752 5887 1816 5932 non
1847 5870 1946 5949 legit,
1974 5872 2113 5935 extitisse

2131 503 2238 582 110.
2261 528 2331 582 1744
