4828 6990
370 555 423 610 An.
439 560 469 612 O.
491 555 560 610 1747

398 873 446 920 sed
463 875 488 920 tn
505 883 571 920 nova

358 926 413 1028 Ιοῖο
420 927 519 1004 gratioe
530 927 571 973 ab·

358 992 386 1027 so
399 987 442 1028 ute
453 985 568 1027 uetitum.

611 555 670 620 362
1112 571 1177 618 ruri.
1202 572 1291 618 nonr.
1318 569 1357 614 ne
1379 570 1409 614 r.
1434 569 1461 614 r.
1487 572 1567 617 rans
1590 573 1610 616 1.

590 693 722 774 repudii,
745 709 841 772 quem
862 693 980 771 Moyses
1001 691 1195 770 permiserat,
1211 706 1338 767 respon·

591 789 646 862 dit,
670 795 705 849 ut
725 787 843 863 legitur
871 787 903 849 in
929 783 1092 862 evangelio
1124 784 1201 863 apud
1229 783 1334 846 llatth.

591 898 615 941 c.
641 881 697 951 19,
720 888 751 941 et
776 881 855 958 apud
882 879 973 940 Marc.
1003 893 1070 954 cop.
1098 878 1154 950 10;
1180 877 1337 952 Quoniam

590 975 708 1052 Moyses
729 973 771 1036 cd
792 971 955 1036 duritiem
977 971 1080 1033 cordis
1102 972 1202 1032 vestri
1223 971 1337 1047 permi-

588 1067 633 1128 sit
651 1065 738 1129 cobis
755 1065 919 1128 dimittere
936 1061 1257 1135 sarreptanam
1275 1063 1339 1124 iui-

590 1160 635 1220 tio
657 1163 766 1222 eutem
788 1175 851 1220 nou
878 1159 947 1238 fuit
969 1160 1033 1219 sic:
1062 1157 1131 1218 dico
1157 1161 1267 1218 eutem
1288 1173 1338 1217 oo-

589 1249 650 1324 bis,
682 1252 758 1330 quio
789 1251 978 1329 quicumque
1010 1249 1174 1312 dimiserit
1203 1264 1337 1311 umorem

588 1361 691 1416 suunt,
724 1345 789 1406 uisi
822 1343 857 1408 ob
887 1344 1150 1424 fornicationem,
1184 1350 1213 1404 ct
1236 1342 1338 1404 oliam

1392 689 1548 767 amplecti,
1570 698 1623 753 aut
1644 692 1726 753 intra
1749 690 1932 765 terminum,
1948 705 2003 750 seu
2025 696 2153 764 tempo·

1394 783 1435 845 ris
1455 783 1588 860 spatium
1621 785 1792 862 praelixam
1817 784 1849 846 in
1879 781 2150 860 interpellatione,

1393 891 1471 953 quae
1493 876 1538 937 illi
1554 876 1630 938 iacta
1644 885 1701 950 est,
1718 877 1843 939 nullum
1859 889 2043 955 responsum
2056 888 2153 952 prae-

1393 968 1454 1031 bet.
1479 969 1539 1030 hlii
1560 986 1635 1032 vero
1658 977 1769 1047 putant
1794 969 2029 1032 matrimonium
2052 965 2151 1039 solvi,

1393 1063 1514 1140 quando
1536 1079 1703 1125 conversus
1724 1063 1806 1124 aliud
1837 1061 2075 1125 matrimonium
2100 1075 2153 1122 ce-

1394 1156 1491 1218 lebrat
1512 1172 1582 1218 oum
1598 1156 1780 1218 christiana:
1798 1172 1877 1234 quae
1891 1155 1997 1233 opinio
2012 1155 2044 1215 in
2059 1169 2154 1232 prae-

1393 1248 1473 1310 senti
1494 1249 1692 1311 communior
1705 1259 1752 1310 est
1768 1249 1850 1311 inter
1864 1249 2037 1324 theologos,
2052 1255 2085 1310 et
2102 1262 2152 1306 ea·

1394 1342 1498 1403 nonici
1520 1341 1597 1403 iuris
1619 1343 1746 1420 peritos,
1763 1349 1795 1403 et
1810 1342 1842 1402 in
1858 1343 1945 1420 prani
1961 1355 2029 1402 eam
2043 1339 2153 1417 sequi·

589 1437 737 1509 durarit,
760 1437 967 1510 moectotur,·
985 1427 1085 1514 etqui
1103 1435 1265 1497 dimissum
1281 1434 1338 1496 du·
1396 1440 1445 1495 tur
1461 1437 1660 1511 congregatio
1677 1434 1808 1497 Sanctae
1823 1435 1980 1496 Romanae
1992 1433 2153 1496 Ecclesiae

589 1531 699 1602 uerit,
732 1530 931 1594 moechetur.
968 1531 1215 1608 sermonemque
1245 1544 1339 1589 suum
1365 1520 1367 1607 l
1394 1527 1606 1590 cardinalium
1633 1530 1830 1590 decretorum
1857 1527 1989 1590 Concilii
2018 1527 2153 1589 'triden-

589 1622 630 1684 ita
652 1624 816 1686 conclusit:
845 1623 932 1698 Quod
953 1640 1026 1703 erqo
1049 1623 1133 1684 Deus
1149 1622 1335 1692 coniunxit,
1365 1614 1367 1711 j
1394 1619 1451 1680 tini
1473 1620 1692 1697 interpretum.
1717 1621 1759 1682 lie
1780 1621 1936 1683 solutione
1955 1630 2060 1681 autem
2076 1619 2153 1680 vin-

590 1715 678 1776 bonio
695 1733 757 1778 uon
772 1724 908 1793 separet.
926 1717 971 1777 En
986 1716 1033 1778 bis
1048 1724 1152 1777 autem
1169 1713 1272 1776 verbis
1285 1729 1339 1791 per

589 1811 762 1888 legitimam
783 1811 1037 1890 consequentiam
1061 1807 1202 1870 inierunt
1223 1806 1338 1869 theolo-

590 1905 632 1980 gi,
657 1903 953 1981 inpraesentiarum
985 1918 1048 1964 non
1081 1902 1214 1980 amplius
1245 1900 1339 1961 licere

590 1996 730 2057 hebraeis
752 1996 889 2075 proprias
911 2013 1023 2058 uxores
1044 1996 1340 2073 repudiatumque

1394 1710 1456 1775 culi
1478 1712 1728 1788 matrimonialis,
1758 1730 1812 1791 pro
1839 1728 1876 1774 eo
1904 1714 1985 1790 quod
2008 1713 2153 1790 pertinet

1393 1806 1428 1864 ad
1452 1820 1595 1879 uxorem,
1619 1821 1698 1883 quae
1720 1807 1752 1868 iu
1769 1806 1909 1868 hebraica
1923 1805 2153 1884 superstitione

1393 1906 1581 1976 perseverat,
1604 1897 1700 1978 aliqui
1721 1907 1860 1971 censent,
1878 1901 1958 1978 quod
1976 1913 2009 1959 ea
2025 1899 2057 1958 in
2073 1912 2151 1974 poe-

1394 2007 1467 2053 nam
1488 2007 1562 2053 suae
1583 1991 1731 2068 perfidiae
1760 2007 1886 2069 semper
1907 1992 2022 2067 illigata
2046 2005 2154 2051 rema-

589 2103 644 2166 per
660 2088 802 2151 libellum
819 2088 950 2166 repudii,
968 2089 1159 2150 matrimonii
1175 2086 1338 2148 vinculum
1394 2093 1478 2158 neat,
1492 2101 1594 2163 neque
1609 2083 1691 2148 aliud
1707 2085 1942 2147 matrimonium
1958 2089 2152 2146 contrahere

589 2180 722 2259 amplius
753 2181 889 2255 dissolvi,
912 2183 1050 2259 eoquod
1082 2183 1168 2243 lesus
1197 2180 1338 2243 Christos
1365 2211 1367 2307 4
1393 2177 1504 2252 valeat,
1537 2178 1635 2240 donec
1656 2187 1687 2240 et
1708 2195 1871 2256 quousque
1903 2178 2032 2239 maritus
2064 2176 2151 2238 chri-

591 2273 666 2336 illud
688 2273 723 2334 ad
745 2291 836 2336 suum
860 2274 1053 2352 primaevum
1074 2281 1190 2336 statum
1205 2271 1336 2348 redegit,
1394 2271 1513 2332 stianns
1535 2271 1632 2333 tactus
1648 2273 1743 2334 vivit:
1761 2272 1812 2332 alii
1828 2288 1902 2332 vero
1917 2278 2039 2348 putant,
2056 2268 2151 2331 nullo

590 2383 704 2446 nempe
718 2369 753 2430 ad
770 2352 1085 2442 indissolubilitatem,
1099 2383 1161 2428 non
1175 2366 1243 2442 lege
1259 2381 1338 2427 nova
1365 2365 1367 2445 l
1395 2364 1484 2425 modo
1506 2381 1573 2426 eam
1596 2366 1834 2428 matrimonium
1863 2366 2017 2428 celebrare
2045 2383 2149 2444 posse,

590 2463 723 2534 condita,
745 2463 799 2524 sed
814 2462 974 2523 dumtaxat
987 2461 1106 2524 sublata
1123 2461 1221 2522 veteri
1238 2458 1339 2522 indul·
1365 2448 1368 2543 i
1393 2467 1418 2526 si
1439 2467 1569 2527 maritus
1600 2481 1769 2526 conversus
1801 2480 1863 2527 non
1892 2463 1991 2524 adhuc
2013 2463 2048 2522 ad
2072 2461 2150 2520 alias

591 2557 706 2632 gentis,
728 2572 783 2616 seu
815 2555 1041 2633 dispensatione
1062 2570 1155 2632 super
1187 2555 1339 2631 praedicta
1366 2590 1368 2643 q
1395 2560 1519 2636 nuptias
1541 2559 1715 2620 transierit:
1739 2557 1792 2620 ubi
1808 2573 1882 2618 vero
1897 2571 2065 2618 conversus
2082 2570 2150 2614 ma·

591 2649 861 2712 indissolubilitate
882 2666 1034 2712 concessa.
1057 2651 1140 2725 Quae
1160 2665 1231 2713 cum
1252 2649 1291 2710 ita
1306 2663 1339 2710 se
1396 2651 1582 2712 trimoninm
1609 2651 1751 2723 iniverit,
1775 2649 1914 2730 permitti
1942 2649 2055 2710 debere
2076 2663 2149 2708 mu-

589 2743 733 2818 haheant,
756 2744 875 2805 etiamsi
897 2744 1063 2821 repudium
1086 2742 1237 2806 toleretur
1256 2741 1339 2803 inter
1366 2718 1368 2825 i
1394 2743 1475 2819 lieri,
1498 2751 1532 2805 ut
1554 2744 1637 2806 idem
1669 2743 1769 2806 iacere
1800 2743 1905 2820 possit,
1929 2741 2000 2819 quia
2030 2741 2150 2802 solutio

536 2884 537 2887 ,
589 2834 738 2896 hebraeos
759 2836 918 2910 coniuges,
941 2835 994 2912 qui
1017 2835 1106 2897 ambo
1122 2836 1154 2896 in
1170 2835 1277 2896 eadem
1293 2833 1339 2892 in-
1366 2828 1368 2939 ζ
1395 2837 1585 2898 matrimonii
1608 2836 1811 2914 privilegium
1833 2845 1879 2897 est
1901 2849 2082 2897 concessum
2104 2833 2150 2894 ia-

591 2929 673 2989 daica
696 2928 821 3007 pertidia
843 2936 1040 3006 permanent,
1057 2937 1142 2990 certe
1157 2927 1230 2990 terri
1246 2944 1279 2988 ac
1295 2933 1340 2988 to·
1366 2959 1368 2995 r
1395 2945 1468 2990 vore
1490 2929 1675 2990 christianae
1703 2930 1787 3003 tldei,
1810 2945 1904 3007 quam
1926 2927 1960 2990 ad
1984 2929 2149 2990 Christum

591 3021 683 3083 lerari
715 3021 800 3084 nullo
832 3024 923 3083 modo
949 3022 1051 3097 debet,
1074 3030 1109 3083 ut
1131 3021 1281 3082 hebraeus
1303 3023 1338 3082 ad
1366 3002 1368 3075 i
1394 3037 1563 3083 conversus
1584 3023 1801 3101 amplectitur3
1825 3029 1856 3084 et
1877 3022 1944 3083 ideo
1964 3029 2050 3083 recto
2064 3020 2150 3082 affir-

592 3113 685 3176 hdem
708 3129 886 3189 conversus,
909 3123 939 3176 et
959 3103 1044 3176 saor'o
1060 3113 1242 3191 baptismate
1256 3111 1340 3175 ablu·
1366 3119 1368 3195 l
1395 3115 1473 3175 nrari
1495 3129 1592 3192 posse,
1615 3115 1721 3176 datum
1744 3131 1809 3176 esse
1832 3116 1960 3189 directe,
1984 3121 2013 3174 et
2030 3129 2085 3191 per
2099 3129 2147 3188 se,

593 3219 653 3283 tue,
677 3209 820 3271 libellum
851 3209 970 3284 repudii
1003 3209 1105 3282 uxori,
1128 3225 1207 3285 quae
1233 3209 1264 3268 in
1288 3209 1342 3268 he·
1367 3250 1369 3327 ἱ
1397 3206 1490 3281 fideli,
1514 3209 1664 3269 indirecte
1685 3225 1772 3283 vero,
1795 3216 1826 3269 et
1847 3224 1903 3285 per
1921 3207 2059 3269 accidens
2076 3207 2148 3267 inii-

593 3303 689 3364 braica
713 3302 880 3380 pervicacia
903 3311 1057 3377 remanet,
1074 3302 1192 3364 ludaico
1207 3317 1340 3364 moreae
1395 3299 1466 3360 deli.
1489 3300 1547 3361 Sed
1576 3301 1725 3379 quidquid
1747 3302 1787 3362 sit
1808 3303 1846 3362 de
1873 3300 2051 3362 huiusmodi
2072 3315 2148 3362 con·
2178 3319 2366 3373 discoquantur

592 3397 668 3472 ritu,
691 3397 848 3458 concedat.
1367 3356 1369 3397 Ι

376 3501 440 3546 nine
455 3499 573 3563 ponuren
631 3488 850 3564 Quamobrem,
867 3495 902 3550 ut
925 3489 956 3550 in
979 3496 1138 3566 posterum
1165 3489 1267 3550 omnia
1290 3488 1339 3548 do·
1367 3490 1370 3504 '
1397 3486 1501 3547 nonici
1523 3487 1711 3564 professores
1733 3488 1961 3564 disceptantem
1978 3489 2016 3548 de
2031 3487 2148 3565 quihus

359 3551 656 3655 listleburna
678 3582 797 3656 ordine,
820 3589 850 3644 et
872 3582 1015 3644 laudabili
1038 3582 1143 3656 modo,
1166 3599 1199 3644 ao
1221 3583 1340 3643 ratione
1367 3548 1369 3615 ἵ
1397 3581 1475 3642 nihil
1497 3597 1554 3642 nos
1575 3581 1707 3643 delinire
1730 3583 1932 3655 intendimus,
1954 3582 2093 3658 singulas
2112 3581 2149 3642 il·

359 3659 574 3762 leitfffigffiffiiffgj
593 3677 686 3751 liant;
707 3675 851 3736 volumus
865 3691 899 3736 ac
913 3675 1122 3748 decernimus,
1141 3684 1174 3736 ut
1190 3676 1340 3736 hebraeus
1368 3660 1369 3715 l
1396 3673 1499 3736 lorum
1516 3677 1691 3735 sententias
1714 3692 1749 3736 eo
1773 3675 1849 3748 loco,
1871 3692 1933 3752 quo
1954 3681 2028 3736 sunt
2051 3674 2147 3736 relin-

359 3771 471 3816 drasam.
592 3769 627 3829 ad
651 3769 743 3834 hdem
775 3783 954 3841 conversus,
976 3768 1002 3828 si
1026 3784 1156 3828 uxorem
1178 3768 1339 3831 hebraeam
1368 3792 1370 3847 q
1395 3775 1545 3843 quentes;
1561 3784 1632 3829 com
1649 3778 1754 3830 nostra
1769 3785 1869 3843 mens,
1886 3776 1916 3830 et
1932 3767 2076 3830 volontas
2092 3785 2149 3829 ne·

593 3863 693 3936 habet,
706 3876 774 3921 eam
790 3877 876 3921 more
891 3861 981 3921 solito
994 3861 1183 3938 interpellet,
1196 3877 1234 3922 an
1247 3863 1340 3923 etiam
1367 3882 1369 3951 q
1396 3877 1551 3939 quaquam
1571 3863 1611 3924 sit
1632 3862 1747 3939 aliquid
1771 3877 1854 3923 nunc
1876 3863 2009 3924 delinire
2028 3863 2066 3923 de
2083 3879 2147 3923 ma-

591 3956 653 4033 ipsa
676 3953 816 4016 converti
839 3961 869 4014 et
890 3953 1063 4014 cohabitare
1083 3954 1158 4016 velit
1180 3955 1248 4015 sine
1269 3971 1341 4014 con·
1367 4000 1370 4085 l
1396 3954 1557 4028 trimonio,
1580 3957 1699 4033 quoda
1722 3956 1856 4017 muliere
1878 3955 2008 4017 hebraea
2024 3963 2149 4017 contra·

590 4047 720 4110 tumelia
742 4045 908 4110 creatoris:
933 4054 1087 4108 renuente
1109 4055 1215 4108 autem
1231 4047 1340 4109 mulie·
1396 4047 1493 4120 hitur,
1516 4055 1715 4126 posteaquam
1742 4048 1825 4108 nolle
1846 4065 1879 4108 se
1904 4049 2089 4110 christianae
2112 4049 2147 4109 ir·

1367 3409 1369 3486 q
1396 3393 1566 3467 troversiis,
1583 3409 1661 3470 qnae
1684 3395 1765 3455 inter
1788 3395 1946 3470 theologos
1961 3399 1991 3454 et
2007 3393 2084 3454 iuris
2100 3411 2148 3455 ca·
2168 3372 2357 3471 fssgisssssffifflfihiss

591 4156 637 4213 re,
651 4139 786 4201 liberum
800 4139 827 4198 ei
843 4137 904 4198 erit
919 4138 999 4200 aliud
1017 4139 1253 4201 matrimonium
1268 4157 1340 4202 con·
1367 4106 1369 4175 ⁴
1396 4141 1443 4200 dei
1466 4155 1583 4201 nomen
1606 4142 1676 4202 dare
1708 4141 1892 4202 declaravit:
1916 4143 1967 4202 sed
1990 4142 2019 4202 id
2041 4143 2147 4204 solum
2179 4111 2366 4204 senseramus-r

590 4237 726 4306 trahere,
749 4233 833 4292 iuxta
859 4231 952 4292 verba
985 4232 1065 4292 beati
1086 4234 1222 4310 Apostoli
1255 4234 1338 4296 Pauli
1367 4232 1370 4319 1
1396 4241 1483 4294 motu
1507 4233 1642 4311 proprio,
1665 4250 1703 4294 ex
1731 4245 1812 4296 certa
1838 4235 1965 4296 scientia
1993 4244 2024 4296 et
2046 4237 2146 4315 plem-

358 4326 626 4427 tttuu1¹0t0t¹¹¹¹r¹riu
648 4326 740 4402 epist.
766 4327 784 4385 1
808 4324 850 4386 od
874 4323 1019 4386 Corinth.
1045 4341 1113 4402 cop.
1138 4327 1173 4386 7.·
1202 4326 1339 4400 Quodsi
1397 4327 1505 4388 tudine
1537 4327 1694 4404 potestatis
1723 4335 1831 4388 tenore
1861 4330 2070 4406 praesentium
2093 4347 2147 4392 vo-

358 4393 479 4498 r⁰riffii⁸a¹
512 4392 571 4481 iiii
591 4418 729 4498 infidelis
752 4418 896 4490 discedit,
923 4417 1073 4487 discedot,
1099 4435 1162 4480 nou
1177 4420 1262 4482 euim
1276 4437 1341 4480 ser·
1396 4419 1500 4481 lomus
1521 4427 1553 4480 et
1574 4421 1778 4496 intendimus,
1801 4440 1834 4484 ac
1852 4423 2005 4497 iuhemus,
2024 4433 2057 4486 ut
2072 4441 2146 4486 cum

358 4489 507 4535 ⁰¹¹¹¹⁵n³¹¹²
590 4513 692 4574 rituti
714 4509 879 4573 subiectus
901 4515 947 4572 est
970 4511 1086 4590 frater,
1111 4519 1170 4573 out
1192 4529 1283 4573 soror
1305 4514 1340 4575 iu
1368 4554 1370 4607 q
1395 4513 1506 4590 aliquis
1528 4513 1734 4574 hebraeorum
1756 4516 1957 4577 eluistianam
1980 4519 2146 4580 veritatem

591 4604 786 4677 hctaasnaodi,
823 4602 857 4664 in
885 4620 962 4681 poce
992 4609 1100 4666 autem
1131 4606 1256 4667 cococit
1284 4623 1340 4670 uos
1368 4620 1369 4630 ¹
1396 4605 1555 4683 amplexus
1587 4605 1693 4682 tuerit,
1717 4625 1780 4669 non
1812 4611 2077 4686 praetermittatur
2099 4613 2146 4673 in-

592 4698 685 4759 lisus.
710 4699 750 4759 Ut
772 4697 851 4758 hene
866 4699 927 4758 iam
942 4707 1015 4758 ante
1029 4699 1249 4762 animadvertit
1264 4700 1337 4761 clar.
1367 4656 1370 4749 i
1396 4698 1569 4775 terpellatio
1592 4699 1717 4760 mulieri
1741 4716 1827 4761 more
1849 4699 1973 4779 recepto
1994 4702 2145 4778 iacienda,

591 4807 652 4852 me.
681 4792 898 4867 praedecessor
930 4799 1036 4852 noster
1067 4791 1266 4854 innocentius
1289 4794 1336 4855 lll.
1367 4754 1370 4837 l
1396 4789 1544 4864 anteiit,
1568 4807 1624 4852 nec
1646 4808 1698 4865 ne,
1720 4809 1753 4853 se
1774 4793 1809 4854 ad
1834 4795 1994 4856 Christum
2015 4813 2146 4857 conver-

591 4883 622 4942 in
644 4900 699 4944 sna
721 4883 877 4955 decretali,
900 4899 979 4961 quae
1008 4885 1128 4962 insipit:
1157 4884 1281 4958 Quorcto
1304 4886 1340 4948 de
1367 4862 1369 4935 i
1397 4891 1472 4956 tere,
1496 4884 1664 4944 dummodo
1685 4893 1787 4947 tamen
1803 4901 1841 4946 en
1856 4887 1955 4965 aliqua
1973 4891 2060 4963 gravi
2075 4906 2147 4950 cau·

591 4975 752 5037 divortiis.
1368 4994 1369 5037 l
1395 4991 1437 5049 sa,
1461 4975 1511 5036 vel
1533 4993 1549 5036 a
1571 4975 1669 5050 nobis,
1686 4977 1736 5038 vel
1751 4995 1767 5037 a
1783 4978 1930 5040 Romanis
1945 4981 2146 5044 Pontificibus

391 5085 571 5150 netraeorogo-
629 5069 793 5144 Quaeritur
815 5084 830 5127 a
854 5069 1005 5143 theologis
1032 5077 1062 5130 et
1090 5072 1231 5132 canonici
1262 5073 1340 5134 iaris
1367 5074 1369 5147 t
1394 5069 1622 5130 successoribus
1640 5071 1766 5145 nostris,
1783 5089 1846 5132 non
1861 5086 2024 5136 censeatur
2039 5075 2146 5136 huius·

358 5144 571 5248 ss'ffqu‘fflfflssss
591 5179 627 5222 eo
642 5161 801 5234 consultis,
815 5163 939 5238 quando
953 5162 1091 5223 solvatur
1103 5165 1340 5228 matrimonium
1367 5208 1369 5247 ,
1397 5162 1478 5221 modi
1502 5161 1711 5238 interpellatio
1734 5166 1915 5240 omittenda,
1932 5175 1967 5228 ut
1989 5169 2094 5230 videre
2110 5169 2146 5230 li·

358 5245 473 5291 ⁵⁰¹i³¹¹¹l
488 5247 571 5291 maara·
590 5263 783 5318 contractum
806 5256 843 5316 ab
866 5255 995 5316 hebraeo
1017 5270 1088 5318 cum
1102 5257 1245 5334 hebraea,
1262 5275 1341 5337 quae
1367 5252 1369 5298 ἕ
1396 5262 1443 5315 cet
1465 5255 1498 5314 in
1521 5264 1624 5316 nostra
1657 5258 1897 5318 constitutione:
1922 5260 1959 5321 ln
1980 5277 2143 5339 supremo,
2212 5284 2228 5305 ·

359 5299 571 5344 moniomintlde-

358 5351 571 5416 spumosisque.
590 5366 623 5411 se
643 5357 827 5411 convertere
856 5357 991 5423 recusat;
1014 5359 1045 5410 et
1067 5351 1189 5427 qnando
1210 5368 1340 5413 conver·
1367 5332 1369 5431 i
1396 5351 1462 5410 data
1484 5351 1534 5412 die
1549 5365 1612 5410 xvi.
1632 5351 1761 5411 ianuarii
1779 5366 1860 5412 anno
1876 5368 2049 5427 nocerem,
2066 5371 2146 5432 (quae

358 5417 641 5514 ib⁰n¹¹tir¹q¹ii¹u⁰s¹.⁰⁸⁰sus
674 5458 793 5504 novum
827 5444 1065 5504 matrimonium
1101 5460 1172 5504 cnm
1208 5445 1340 5506 rnuliere
1367 5434 1369 5532 ξ
1396 5453 1440 5503 est
1463 5459 1560 5505 enan.
1580 5443 1615 5503 iu
1638 5445 1750 5506 tonui
1768 5429 2146 5524 nostriBollarii3immo

590 5535 767 5609 christiana,
791 5544 820 5597 et
849 5535 971 5614 (paratitlo
1004 5537 1155 5598 hebraeus
1187 5555 1257 5600 cnm
1287 5539 1340 5600 he·
1367 5533 1369 5633 f
1396 5553 1539 5614 expresse
1561 5547 1713 5612 vetamus,
1736 5540 1949 5616 prohibemus,
1966 5557 1999 5602 ac
2017 5543 2146 5603 interdi-

590 5629 676 5690 braea
699 5630 882 5691 contrahere
911 5630 1015 5706 possit.
1047 5630 1131 5705 Quod
1154 5631 1188 5692 ad
1211 5648 1340 5693 conver·
1367 5636 1369 5649 '
1395 5631 1505 5704 cimus,
1519 5646 1559 5690 ne
1573 5633 1716 5692 conversi
1731 5627 1842 5708 qu'ovis
1859 5640 2010 5711 tempore,
2023 5636 2055 5694 et
2069 5650 2146 5712 qno-

536 5725 539 5730 '
589 5738 659 5782 sum
690 5723 814 5796 attinet,
847 5724 973 5800 qnidam
1003 5725 1126 5798 volunt,
1156 5727 1340 5801 praecedens
1367 5672 1369 5767 b
1397 5725 1442 5781 vis
1471 5723 1578 5797 modo,
1607 5724 1672 5784 sive
1700 5724 1733 5785 in
1763 5726 1943 5786 iudaeorum
1975 5729 2143 5803 domicilio,

590 5816 829 5876 matrimonium
844 5815 968 5876 dissolvi
983 5820 1082 5894 quoad
1097 5817 1270 5894 vinculum,
1281 5828 1340 5881 sta·
1366 5786 1369 5889 i
1395 5830 1509 5892 nempe
1532 5815 1656 5890 Gbetto,
1683 5817 1839 5879 rabbinico
1862 5819 1936 5894 ritu,
1958 5821 2023 5880 sive
2046 5831 2145 5897 extra,

591 5907 648 5968 tim
669 5923 701 5968 ac
722 5907 856 5970 infidelis
888 5911 995 5973 renuit
1016 5912 1110 5974 tidem
1141 5913 1341 5976 christianam
1366 5892 1369 5975 l
1395 5933 1498 5979 coram
1520 5919 1641 5980 notario
1663 5926 1694 5980 et
1710 5917 1839 5980 testibus
1854 5917 2042 5994 christianis,
2059 5917 2147 5980 libel·

2124 4237 2129 4248 ·
2166 4213 2223 4268 tuit,
2241 4217 2348 4266 utsupra
2365 4191 2366 4244 l
