4798 6978
355 523 544 598 1111111
594 535 653 603 708

613 673 772 738 lniiciebat
786 673 967 752 scrupulum
983 672 1049 735 aliis
1063 669 1267 735 consideratio
1284 669 1319 731 il·
1372 671 1436 734 cuti
1457 688 1579 749 sumus,
1602 673 1639 736 ad
1660 672 1824 736 materiam
1844 673 1947 753 potius
1967 687 2058 752 quam
2080 676 2114 739 ad

573 772 613 848 la,
629 785 670 832 ne
691 767 817 844 scilicet,
840 767 1038 830 clandestinis
1058 765 1211 844 coniugiis
1231 765 1320 828 abro-
1372 763 1555 844 petitionem
1583 768 1768 846 spectantia,
1798 767 1959 846 epistolam
1980 778 2115 834 nostram

574 865 663 943 gatis,
686 863 722 925 iis
743 877 868 940 nempe,
901 876 979 940 quae
1010 860 1078 922 siue
1098 861 1230 938 parocho
1258 859 1319 922 viri
1373 874 1409 921 eo
1431 875 1503 922 curn
1523 875 1671 939 responso
1691 861 1916 936 concludimus,
1938 863 2031 940 quod,
2052 878 2115 927 non

572 951 1230 1020 1111111111111111111111-1111111111·
1246 970 1318 1014 eoa·
1373 954 1547 1030 materiam,
1562 954 1616 1017 sed
1630 954 1721 1016 aliam
1742 954 1927 1033 petitionem
1950 963 2034 1018 tuam
2049 973 2116 1036 per-

574 1055 703 1114 tractas
731 1049 899 1111 irritaret
930 1047 1038 1110 anites
1067 1063 1131 1109 esre
1162 1047 1317 1120 decernit,
1373 1046 1478 1126 tingit.
1503 1048 1581 1111 Gum
1603 1047 1703 1124 igitur
1723 1048 1784 1109 tuis
1806 1049 1840 1110 in
1865 1047 1964 1111 literis
1984 1051 2116 1112 mentio·

571 1148 670 1222 prom
701 1159 751 1203 eas
778 1143 814 1204 in
844 1138 1009 1219 praesenti
1036 1140 1161 1204 decreta
1189 1139 1316 1214 irritor,
1373 1157 1447 1204 nem
1467 1141 1558 1204 facias
1580 1141 1619 1204 de
1640 1141 1783 1205 facultate
1812 1142 2035 1220 praedecessori
2064 1149 2117 1206 tuo

572 1237 656 1318 facit
677 1233 893 1306 1111111111,
915 1241 990 1297 sunt
1010 1233 1104 1296 verba
1120 1233 1251 1298 Consilii
1267 1267 1316 1311 -,
1373 1235 1407 1297 ad
1430 1236 1619 1299 decennium
1640 1235 1767 1311 tributa,
1794 1236 1981 1300 concedendi
2003 1253 2116 1316 nempe

573 1337 673 1410 posset
695 1330 724 1392 id
740 1345 920 1408 exasperare
936 1329 1073 1406 graviter
1087 1328 1317 1392 haereticorum
1372 1330 1503 1392 oratoria
1525 1330 1642 1406 privata
1665 1329 1776 1392 debitis
1797 1345 1869 1392 cum
1890 1330 2028 1406 cautelis,
2050 1347 2118 1410 spe-

571 1426 850 1502 animos,quornm
866 1422 1062 1484 matrimonia
1081 1421 1214 1487 fuissent
1231 1423 1318 1486 nulla
1372 1429 1453 1485 ctato
1474 1421 1618 1486 videlicet
1645 1422 1704 1485 loci
1725 1424 1835 1486 decore
1862 1431 1892 1486 et
1913 1439 2115 1503 personarum

571 1527 602 1582 et
612 1524 840 1597 cousequenter
851 1515 1013 1593 illegitima
1027 1516 1158 1592 soboles,
1171 1517 1318 1595 quoniam
1373 1515 1498 1590 merito,
1511 1521 1604 1596 atque
1618 1516 1747 1580 insimul
1759 1516 1894 1596 postules
1905 1516 2047 1580 camdem
2061 1519 2117 1582 tibi

570 1629 673 1676 coram
697 1610 845 1675 catholico
872 1609 1005 1688 parocho
1026 1627 1059 1672 ac
1080 1610 1161 1673 binis
1187 1610 1317 1674 testibus
1372 1609 1550 1674 facultatem
1582 1610 1704 1688 largiri,
1727 1610 1873 1673 lubenter
1892 1611 2062 1674 annuimus
2082 1613 2117 1674 ad

570 1721 734 1787 nunquam
755 1703 906 1766 celebrata
926 1702 1070 1766 fuissent.
1094 1702 1317 1780 1111111111-
1372 1719 1469 1767 annos
1490 1705 1609 1780 decem,
1631 1719 1668 1766 eo
1688 1719 1815 1783 prorsus
1835 1706 1940 1781 modo,
1955 1721 2017 1783 quo
2033 1706 2122 1769 illam

570 1803 633 1868 cilii
665 1799 805 1865 Patribus
830 1798 988 1876 sapienter
1010 1797 1044 1860 in
1069 1800 1157 1860 hunc
1187 1797 1317 1860 modum
1372 1799 1598 1878 praedecessori
1618 1806 1673 1861 tuo
1694 1798 1810 1862 fuimus
1831 1797 1992 1878 impartiti.
2016 1803 2119 1880 Atque

569 1894 776 1960 statuentibus
801 1891 983 1954 ‹Decernit
1013 1891 1163 1968 insuper,
1197 1895 1236 1952 nt
1258 1890 1316 1953 ba·
1371 1894 1489 1956 interea
1520 1893 1749 1956 fraternitatem
1784 1901 1870 1956 tuam
1907 1895 2119 1959 amantissime

1096 553 1163 599 ltttf.
1185 550 1277 598 PON'l'·
1300 549 1341 596 DE
1362 549 1392 596 Ρ.
1415 549 1552 600 anans
1573 551 1595 597 l.

570 1989 710 2054 farnandi
725 1989 887 2050 decretam
905 1988 942 2050 ia
957 2002 1149 2066 anaqaaqac
1161 1985 1316 2064 parocbia

568 2101 665 2148 raam
687 2082 786 2146 robur
805 2089 875 2161 post
900 2081 1041 2161 triptota
1056 2081 1123 2143 dica
1139 2077 1252 2144 babere
1267 2081 1316 2142 ia-

570 2179 683 2257 cipiat,
706 2195 727 2241 a
749 2175 799 2238 die
818 2175 945 2253 primae
963 2171 1196 2253 publicationis
1216 2175 1252 2236 in
1267 2190 1317 2237 ea-

569 2273 637 2336 dem
663 2269 817 2349 parocbia
844 2269 963 2350 factae,
989 2268 1205 2331 numerandos
1219 2285 1249 2342 a,
1276 2267 1315 2328 si-

568 2365 633 2430 cuti
653 2363 800 2428 credibile
815 2379 879 2424 non
894 2369 971 2436 erat,
986 2361 1147 2424 decretum
1163 2362 1313 2425 eiusmodi

568 2461 605 2523 ab
626 2459 698 2537 ipsis
719 2456 999 2536 promulgandum,
1021 2455 1093 2518 inde
1114 2457 1312 2534 sequebatur,

568 2551 648 2633 quod
680 2565 790 2614 eorum
814 2549 1014 2612 matrimonia
1044 2549 1112 2612 sine
1141 2550 1314 2628 praesentia

567 2645 692 2726 parochi
721 2651 754 2706 et
781 2641 916 2705 duorum
950 2642 1076 2704 testium
1104 2642 1197 2718 facta,
1227 2643 1313 2706 irrita

568 2753 731 2817 nunquam
758 2737 817 2802 dici
838 2737 1030 2815 potuissent:
1055 2744 1090 2799 ut
1114 2737 1315 2816 prosequitur

569 2832 738 2898 Cardinalis
758 2831 964 2894 Pallaviciuus
980 2831 1045 2892 loco
1060 2831 1175 2904 citato,
1193 2845 1261 2909 cap.
1278 2833 1310 2891 8.

607 2927 745 2991 Tandem
760 2942 832 2988 cum
845 2925 1091 3002 praevideretur,
1104 2923 1191 2986 facile
1206 2926 1313 3004 depcr-

567 3024 667 3087 ditum
689 3021 729 3082 iri
754 3019 966 3099 probationes,
989 3017 1073 3080 unde
1098 3025 1254 3080 constaret
1275 3021 1313 3082 de

566 3114 816 3196 promulgatione
838 3111 1012 3174 Tridentini
1038 3111 1157 3174 Decreti
1184 3111 1215 3173 in
1237 3129 1313 3190 qua-

566 3211 642 3272 libet
662 3208 816 3288 paroecia,
840 3213 932 3284 atque
953 3205 1067 3268 exinde
1094 3206 1227 3268 orituras
1248 3205 1312 3283 ple-

565 3317 700 3382 rumque
721 3299 882 3364 dubitandi
904 3315 1018 3374 causas,
1035 3313 1113 3362 num
1134 3299 1312 3362 executioni

565 3397 744 3460 demandata
759 3392 868 3456 fuisset
879 3393 1064 3471 praescripta
1075 3392 1246 3454 conciliaris
1261 3393 1313 3455 de-

564 3489 640 3553 creti
660 3485 882 3568 promulgatio,
905 3499 1045 3564 numque
1065 3492 1225 3564 propterea
1247 3486 1312 3547 vim

563 3601 651 3648 suam
663 3580 951 3655 obtineredeberet,
964 3579 1151 3657 approbante
1162 3580 1311 3644 Pontificc

563 3679 715 3752 blaximo,
749 3675 902 3738 sancitum
934 3673 993 3736 fuit
1019 3691 1035 3734 a
1062 3674 1312 3752 congregatione

564 3771 706 3845 concilii,
722 3771 757 3831 ad
774 3769 914 3831 eamdem
930 3767 1214 3846 promulgationem
1229 3785 1313 3832 com-

563 3864 762 3947 probandam,
781 3863 922 3926 sufficere
943 3862 1122 3924 diuturnam
1145 3863 1311 3927 observan-

563 3961 637 4022 tiam
659 3959 798 4022 eiusdem
818 3955 988 4032 concilieris
1003 3955 1130 4031 decreti,
1146 3958 1234 4020 cuius
1255 3977 1311 4040 pu·

562 4055 684 4118 11111111
705 4051 866 4114 inducitur
877 4065 914 4110 ex
926 4050 1133 4113 diuturnitate
1149 4055 1308 4131 temporis,

563 4163 623 4228 quo
646 4145 843 4208 matrimonia
865 4144 897 4204 in
920 4142 1068 4220 paroeciis
1096 4160 1198 4206 coram
1222 4161 1309 4224 paro-

562 4241 621 4304 cho
641 4257 675 4304 ac
695 4235 816 4302 duobus
837 4235 967 4300 testibus
988 4237 1139 4300 celebrata
1161 4239 1305 4303 fuerunt:

563 4343 598 4398 ut
619 4334 725 4396 videre
747 4337 793 4394 est
815 4331 846 4394 in
873 4329 1051 4392 Trioarien.
1069 4347 1157 4394 xxvr.
1175 4341 1310 4412 septem-

563 4427 626 4490 bris
647 4443 764 4499 uncrr.,
781 4420 835 4486 lib.
854 4425 897 4484 10
917 4423 1137 4497 Decretoram,
1150 4442 1228 4504 quae
1244 4429 1308 4490 exi·

561 4527 649 4584 stunt
665 4521 696 4582 in
710 4517 876 4581 secretario
898 4517 1039 4581 ciusdem
1049 4518 1308 4598 congregationis

561 4629 633 4694 paq.
656 4611 710 4685 4⁷,
732 4613 817 4675 etin
839 4613 969 4690 quadam
985 4610 1138 4676 Paioniae
1158 4627 1228 4677 xrxr.
1252 4631 1307 4677 no·

561 4707 698 4770 vembris
719 4719 937 4780 nncxxxv111.,
954 4702 1008 4768 tib.
1034 4706 1076 4767 19
1099 4703 1308 4770 Decretoram

561 4800 753 4872 eorumdem,
769 4815 842 4878 pap.
860 4797 938 4870 117,
954 4806 1046 4878 atque
1061 4815 1118 4862 nos
1133 4800 1189 4879 ipsi
1204 4801 1308 4865 obser-

561 4894 705 4956 vavimus
727 4891 759 4954 in
780 4905 872 4970 opere
893 4899 999 4954 nostro
1021 4891 1308 4970 1118111οά1111-

561 5003 687 5058 11111,
699 4985 885 5048 novissimae
895 4985 1050 5061 editionis,
1060 4983 1115 5048 tib.
1128 4985 1178 5061 12,
1194 4989 1305 5066 1115,

560 5097 651 5144 nam.
674 5081 707 5141 6.

600 5175 748 5237 Fatemur
769 5179 884 5249 autem,
899 5180 1053 5252 postrema
1068 5173 1152 5249 haec,
1169 5189 1248 5253 quae
1259 5190 1306 5238 re·

559 5269 694 5346 spiciunt
706 5267 865 5330 decretum
876 5268 1024 5345 abrogans
1036 5267 1222 5331 claudestina
1233 5285 1306 5332 con-

561 5361 657 5439 iugia,
679 5361 843 5423 materiam
862 5361 1001 5439 quidem,
1013 5377 1076 5424 non
1091 5362 1134 5424 sic
1148 5377 1223 5424 vero
1237 5378 1307 5440 pro·

560 5455 692 5534 positam
722 5455 935 5533 quaestionem
966 5455 1131 5532 attingere.
1165 5453 1304 5532 Verum,

560 5563 633 5612 cum
656 5549 687 5610 in
709 5547 837 5628 epistola
858 5555 910 5611 tna
930 5563 1086 5611 summam
1110 5548 1306 5627 diligentiam

1370 1987 1622 2067 complectentes,
1645 1987 1701 2049 tibt
1725 2003 1758 2050 ac
1779 1987 1927 2049 universo
1949 1988 2038 2066 gregi
2059 1989 2119 2052 sol·

1370 2071 1611 2144 licitadinituae
1625 2080 1802 2143 concredito
1816 2080 2011 2158 apostolicam
2024 2081 2119 2145 benc·

1370 2172 1539 2236 dictionem
1559 2174 1597 2235 de
1618 2172 1815 2251 plenitudine
1835 2173 1934 2236 cordis
1953 2174 2117 2251 largimur.

1411 2267 1522 2329 Datum
1547 2266 1677 2342 Rornae,
1703 2265 1785 2344 apud
1810 2265 1841 2328 S.
1868 2267 1995 2330 Mariam
2025 2268 2120 2332 11111-

1368 2374 1448 2434 rem,
1470 2359 1529 2422 sub
1548 2359 1665 2422 annulo
1691 2359 1810 2436 Piscat,
1840 2360 1889 2424 die
1917 2377 1986 2423 xxx.
2012 2363 2118 2426 martii

1368 2453 1886 2533 1111111111.1111111111111111
1914 2471 1998 2518 anno
2022 2472 2116 2518 xvnr.

1632 2667 1848 2734 buchardii
1866 2686 1870 2691 ’

1527 2823 1772 2896 senioratus
1800 2828 1860 2897 ΡΡ.
1882 2827 1954 2897 ΧΝ.

1407 3021 1488 3084 Cum
1519 3020 1705 3082 venerabilis
1735 3021 1831 3082 frater
1860 3021 2116 3102 Archiepiscopus

1366 3114 1488 3178 Goanus
1504 3115 1708 3193 apostolatum
1728 3123 1871 3178 nostrum
1885 3115 2115 3179 consulendum

1366 3209 1520 3270 censuerit
1532 3223 1626 3286 super
1636 3206 1820 3286 quibusdam
1835 3209 1935 3273 dubiis
1946 3211 2116 3287 respicien-

1366 3302 1447 3364 tibus
1462 3301 1651 3364 validitatem
1669 3303 1954 3386 matrimoniorum,
1967 3319 2047 3383 quae
2062 3305 2116 3366 ali·

1366 3395 1519 3474 quandua
1540 3394 1682 3457 fidelibus
1704 3393 1788 3456 illius
1808 3396 1939 3458 civitatis
1960 3405 2013 3460 aut
2030 3399 2115 3462 dioe-

1365 3489 1441 3550 cesis
1470 3488 1611 3552 oriundis
1637 3488 1867 3552 contrahuntur
1897 3496 1984 3552 extra
2017 3493 2115 3570 ipsius

1365 3581 1585 3645 iurisdictionis
1613 3582 1708 3657 fines,
1738 3597 1801 3646 non
1827 3590 1946 3646 servata
1976 3583 2115 3648 formae

1364 3692 1449 3738 sacro
1470 3675 1653 3739 Tridentino
1675 3676 1814 3739 Concilio
1832 3683 1956 3753 statuta,
1972 3685 2116 3757 propter·

1364 3785 1400 3831 ea
1430 3769 1511 3848 quod
1546 3771 1686 3856 eiusdem
1717 3769 1847 3833 concilii
1878 3771 2043 3835 Decretum
2077 3773 2115 3835 de

1365 3862 1604 3942 deformatione
1635 3861 1841 3926 Matrimonii
1865 3863 2004 3931 infilius
2029 3865 2115 3931 dioe-

1364 3957 1440 4018 cesis
1455 3955 1598 4018 fluitimis
1612 3971 1786 4033 numquam
1801 3956 2036 4035 promulgatum
2052 3961 2113 4023 rite

1362 4049 1474 4126 fuerit;
1497 4063 1554 4110 uos
1575 4049 1701 4127 quidem
1722 4047 1758 4110 ad
1774 4050 1927 4127 proposita
1948 4051 2040 4116 dubia
2056 4069 2114 4132 per

1363 4143 1526 4222 epistolam
1547 4147 1686 4204 nostram
1699 4141 1802 4204 eidem
1818 4143 2053 4226 hrchiepiscopo
2068 4149 2112 4210 di·

1363 4244 1479 4300 rectam
1500 4237 1652 4315 prolixius
1673 4236 1861 4315 respondere
1883 4253 1945 4300 uon
1961 4240 2113 4305 detrecta-

1361 4331 1482 4407 vimus3
1505 4343 1637 4408 eamque
1657 4329 1690 4392 in
1711 4343 1792 4404 rem,
1807 4331 1891 4393 inter
1911 4331 1981 4408 alia,
1997 4335 2111 4400 11111-

1362 4439 1432 4486 mus
1443 4423 1624 4487 auctoritate
1634 4423 1839 4500 quarumdam
1848 4423 2011 4489 literarum
2026 4427 2107 4493 felia.

1360 4533 1424 4582 rec.
1441 4516 1680 4598 praedecessoris
1702 4516 1799 4579 nostri
1814 4517 1930 4580 Urbani
1945 4519 2001 4580 PP.
2016 4519 2108 4599 1111,

1361 4626 1440 4690 quae
1467 4625 1540 4673 eum
1569 4625 1585 4670 a
1612 4609 1740 4689 privatis
1766 4608 1964 4688 scriptoribus
1994 4614 2110 4678 relatae

1362 4707 1522 4768 dumtaxat
1537 4704 1693 4782 legantur,
1706 4703 1758 4765 sed
1774 4719 1877 4783 neque
1890 4709 2109 4772 communibus

1363 4796 1505 4860 Bullariis
1526 4797 1677 4860 hactenus
1691 4796 1836 4872 insertae,
1847 4813 1905 4862 nac
1925 4799 2109 4864 1111111111-

1362 4890 1395 4953 ni
1416 4891 1534 4952 ratione
1556 4891 1728 4970 publicatae
1752 4891 1960 4969 reperiantur,
1982 4910 2041 4957 nos
2061 4913 2109 4958 ea·

1361 4983 1505 5046 rumdem
1526 4993 1686 5060 tenorem,
1709 4999 1781 5046 cum
1808 4986 1995 5049 authenticis
2016 4988 2109 5052 huius

1362 5074 1553 5154 apostolicae
1565 5077 1651 5141 Sedis
1664 5077 1795 5155 regestis
1811 5076 1971 5156 collatum,
1986 5081 2109 5145 subiici·

1362 5179 1443 5245 mut,
1466 5169 1519 5248 qui
1539 5171 1609 5234 talis
1630 5179 1687 5246 cst,
1703 5169 1866 5234 videlicet:

1566 5343 1713 5409 Urbanas
1734 5345 1800 5410 PP.
1826 5347 1905 5414 VIII.

1481 5466 1522 5530 ad
1544 5469 1694 5547 satarum
1716 5469 1765 5532 rei
1786 5469 1985 5534 memoriam.
2042 5481 2046 5488 ·

560 5641 826 5722 perspexerimus,
849 5641 1006 5718 ingratum
1027 5641 1212 5706 fraternitati
1233 5649 1307 5705 tuae
1402 5641 1556 5721 «Expuui
1586 5642 1676 5706 nobis
1703 5643 1775 5707 fecit
1801 5643 1988 5708 venerabilis
2013 5644 2107 5708 frater

560 5735 744 5814 neutiquam
772 5733 838 5796 fore
866 5733 1005 5796 arbitrati
1030 5751 1156 5813 sumus,
1183 5735 1210 5798 si
1231 5735 1306 5799 haec
1363 5735 1616 5816 llrchiepiscopus
1648 5737 1852 5814 coloniensis,
1870 5741 1978 5816 quod,
2004 5738 2105 5802 habito

560 5828 665 5890 omnia
686 5828 782 5890 oculis
803 5826 864 5889 tuis
883 5826 1044 5890 enucleate
1062 5827 1304 5892 subiicerentur.
1361 5843 1463 5910 nuper
1484 5843 1539 5909 per
1560 5831 1690 5892 eumad
1711 5829 1905 5893 venerabiles
1925 5831 2035 5894 iratres
2052 5847 2106 5893 uo-

560 5920 646 5997 Quod
666 5921 693 5982 si
714 5920 867 5985 nonnulla
891 5920 987 6000 capita
1016 5920 1176 6000 hucusque
1202 5937 1307 6002 prose-
1360 5921 1873 5999 1111181111.(111111111111111
1894 5924 2026 5988 Concilii
2040 5925 2105 5988 'fri-
