4856 6984
86 1378 121 1424 sid
134 1377 150 1420 si
166 1375 189 1418 in
203 1373 262 1416 alie·

78 1431 262 1478 nadomorerera

77 1493 153 1530 utamur
179 1483 262 1523 traxe-

77 1541 123 1584 rint.
137 1535 204 1576 etism
221 1532 263 1574 ho·

76 1589 131 1652 spitii
148 1591 169 1630 et
192 1586 263 1630 itine-

77 1655 102 1689 ris
117 1650 191 1684 rausa.
211 1647 264 1692 pios-

77 1701 131 1742 suut.

910 590 1104 634 euhemerus
1128 588 1190 635 xlv.

276 709 343 773 alio
363 725 558 787 qnocnrnpne
588 709 705 781 titulo,
729 709 796 771 nlla
817 709 906 770 inodo
929 709 1024 771 licere
1050 707 1054 739 ¹

1081 709 1144 770 crit
1167 711 1284 772 erectio
1313 711 1433 774 altaris
1455 713 1496 776 ad
1518 712 1662 793 effectam
1684 712 1827 790 proedic-

277 811 371 866 entra
401 802 530 864 domurn
557 803 709 881 propriae
738 801 963 874 habitationis,
989 803 1024 864 in
1051 825 1054 843 «
1083 808 1134 862 tae
1155 801 1397 876 celebrationis,
1421 823 1484 867 noso
1506 824 1595 868 secus
1623 823 1661 868 oc
1682 807 1718 869 in
1740 806 1828 868 dooto

278 893 422 958 donibus
444 895 550 966 laicis,
567 895 665 958 etiarn
682 895 717 958 in
732 895 864 973 propria
879 893 1023 964 dioecesi,
1051 856 1054 958 1
1081 897 1231 972 propriae
1253 898 1440 962 ordinariae
1461 897 1686 962 habitationis.

278 988 359 1065 pasod
371 989 493 1067 sortitos
505 988 708 1068 intelligitur
720 989 755 1048 in
766 987 886 1058 allecta,
897 987 1025 1048 etiarnsi

279 1080 455 1143 dioecesani
478 1097 647 1142 consensus
661 1079 881 1151 adhiberetur,
904 1080 1027 1156 eripere
1052 1108 1055 1122 ·

280 1174 397 1246 altore,
415 1171 520 1250 ibique
534 1178 779 1236 sacrosanctum
796 1175 912 1234 missac
926 1173 1026 1234 sacri·

280 1267 388 1344 finitam
409 1263 577 1338 celebrare,
600 1267 666 1328 siue
688 1266 841 1332 celebrari
863 1267 979 1346 socero.

320 1360 389 1435 57.
414 1358 516 1435 Magni
538 1360 631 1422 huius
661 1359 819 1422 Pantilicis
846 1358 945 1422 menti
976 1358 1027 1420 ille

281 1454 497 1518 tantummodo
525 1451 596 1513 sinis
618 1452 650 1513 in
673 1452 731 1514 hoc
759 1451 934 1530 propositus
956 1451 1026 1525 lixit,

283 1556 317 1610 ut
338 1548 450 1608 abusus
467 1546 665 1619 tollerentur,
682 1561 856 1624 numquam
874 1552 1028 1608 autemut

282 1647 366 1704 recto
387 1640 543 1718 privilegii
567 1639 637 1700 usui
658 1639 826 1716 quidquam
853 1639 1028 1700 detrahere-

283 1741 353 1810 tur;
376 1733 498 1810 etquis
524 1731 618 1794 relata
639 1732 732 1793 uerba
761 1730 957 1809 prohibitiva,
981 1735 1029 1788 ut·

283 1832 355 1904 pote
384 1825 479 1886 nimis
510 1824 610 1903 ampla
632 1831 662 1886 et
684 1823 867 1899 effraenata,
897 1821 1029 1900 cuipiam

283 1919 431 1998 praebere
452 1934 557 1980 ansam
587 1925 730 1996 poterant
752 1917 937 1989 affirmandi,
967 1930 1030 1976 non

284 2012 378 2072 licere
399 2009 556 2088 Episcopis
577 2011 623 2072 uti
646 2009 811 2089 privilegio
836 2008 940 2070 altaris
961 2022 1031 2085 por-

286 2104 390 2179 tatilis,
407 2111 472 2165 tum
496 2119 569 2165 cum
588 2102 636 2164 rel
654 2101 816 2164 dioecesim
839 2101 966 2163 visitant
981 2098 1031 2160 vel

251 2207 252 2212 ’
285 2195 494 2268 herbacium,
518 2203 571 2256 aut
596 2196 652 2256 3113
675 2195 754 2256 iusta
776 2196 813 2256 de
835 2209 922 2256 causa
944 2201 1030 2255 extra

285 2289 485 2352 residentiam
507 2297 592 2363 sunt,
609 2297 701 2367 atque
717 2290 748 2350 in
765 2288 912 2350 laicorum
935 2286 1031 2350 domi-

288 2384 343 2444 bus
365 2389 544 2459 morantur,
567 2383 652 2444 illato
674 2384 712 2445 de
726 2381 905 2444 huiusmodi
921 2397 955 2442 re
969 2395 1032 2440 ser-

287 2492 380 2538 mone
402 2476 435 2536 in
465 2475 778 2552 congregationibus,
801 2491 879 2552 quae
904 2474 962 2535 sub
983 2474 1031 2534 lu·

288 2571 431 2632 nocentis
452 2569 545 2643 11111,
567 2569 747 2630 immediato
763 2567 933 2631 Clementis
952 2567 1032 2628 eius·

288 2663 358 2724 dem
378 2678 571 2736 successore,
603 2662 703 2723 habita
726 2661 871 2736 luerunt,
899 2675 1031 2738 quarum

288 2769 342 2815 nos
365 2762 439 2816 tunc
460 2755 492 2816 in
513 2755 686 2816 minoribus
708 2755 888 2826 existentes,
905 2769 920 2810 a
935 2767 1034 2812 secre-

290 2847 326 2908 tis
353 2846 485 2921 luimus,
517 2856 729 2926 opportunum
752 2847 833 2908 laetu
862 2845 1032 2908 iiidicatum

288 2948 345 3008 est,
367 2947 402 3000 ut
423 2957 468 3014 ea,
486 2955 578 3018 quam
600 2956 673 3000 mox
693 2938 887 3013 subiicimus,
903 2935 1034 2998 declara·

288 3034 330 3093 tio
352 3033 452 3107 steret,
475 3049 553 3110 quae
568 3041 671 3110 postea
693 3032 808 3092 inserta
824 3030 883 3092 luit
905 3030 938 3090 in
953 3030 1035 3090 eius-

289 3123 358 3185 dem
380 3123 553 3187 innocentii
575 3124 687 3186 litteris
703 3121 941 3201 incipientibus:
955 3122 1035 3198 Apo·

288 3216 396 3277 stadici
418 3217 609 3288 rninistcrii,
626 3233 702 3295 quas
724 3217 803 3278 idem
820 3215 964 3285 Pontifex
978 3230 1034 3291 pro

289 3310 504 3371 constituendo
525 3311 559 3371 in
581 3310 799 3387 Hispaniarum
817 3309 933 3386 Regnis
954 3309 1034 3368 bono

267 3402 489 3466 ‚ecclsiastioae
511 3402 691 3480 disciplinae
709 3393 863 3480 tegimine
884 3401 1033 3476 condidit,

289 3512 426 3574 quasque
447 3496 540 3558 etiam
560 3496 699 3559 eiusdem
710 3511 867 3558 successor
889 3494 1035 3556 Benedic-

291 3597 339 3652 tus
360 3588 440 3651 11111.
465 3590 500 3649 in
521 3591 627 3669 [oraton
657 3590 812 3667 specifica,
837 3589 1035 3651 confirmarit

290 3689 332 3758 et,
355 3691 389 3744 ut
411 3683 444 3744 in
462 3683 608 3744 omnibus
623 3682 696 3743 locis
717 3699 772 3760 pro
788 3684 894 3760 regula
909 3701 943 3744 ac
964 3699 1036 3744 nor-

290 3793 338 3837 ma
360 3776 538 3850 haberetur,
562 3776 594 3837 in
623 3775 799 3854 Appendice
826 3777 956 3840 Concilii
977 3775 1036 3840 Ro-

290 3870 374 3932 mani
394 3888 410 3930 a
431 3885 465 3932 se
485 3868 630 3931 celebrati
647 3870 747 3933 uoluit
770 3871 915 3947 insertas3
938 3871 1035 3948 ipsam

292 3980 366 4026 sero
387 3962 625 4024 declarationem
649 3963 730 4024 inter
751 3964 888 4024 eiusdem
905 3963 1035 4025 concilii

291 4059 411 4120 decreta
434 4055 541 4118 retulit
569 4055 630 4117 Tit.
656 4055 716 4117 XV.
737 4057 812 4132 Cap.
836 4057 894 4118 lll.
918 4057 951 4118 in
974 4072 1036 4134 quo

292 4151 415 4229 quidem
438 4149 577 4212 Concilio
599 4165 653 4210 nos
675 4165 799 4228 quoque
820 4152 855 4211 ad
876 4162 1035 4212 sacrorum

292 4242 757 4319 Canonuminterpretationem
769 4242 896 4304 adhibiti
908 4242 1033 4304 luimus.

292 4333 510 4397 declarationis
532 4333 624 4396 verba
647 4350 702 4395 nos
724 4336 817 4396 etiam
838 4336 888 4398 hic
902 4335 1037 4398 libenter

291 4427 491 4506 apponimus:
526 4424 748 4499 declaramus,
782 4430 879 4505 qnod,
906 4443 979 4490 caan
1001 4429 1037 4489 in

290 4519 455 4600 proedicto
476 4517 622 4592 Decreta,
653 4520 690 4582 de
719 4520 888 4584 Clementis
911 4521 961 4584 Xl.
986 4521 1038 4583 de-

291 4622 375 4676 creto
405 4629 508 4674 sermo
539 4621 600 4689 est,
622 4616 813 4686 stotnotnr,
847 4630 911 4676 non
942 4616 1037 4677 licere

294 4706 458 4784 Episcopis
479 4713 575 4768 eastra
597 4706 725 4768 doniam
737 4708 888 4784 propriae
909 4707 1037 4770 habita-

192 4872 194 4876 ,
294 4799 403 4872 tionis,
428 4799 463 4862 in
485 4797 630 4862 dornibns
652 4800 746 4862 laicis
769 4801 889 4879 eripere
917 4799 1037 4872 altore,

293 4891 398 4970 ibipnc
418 4899 662 4955 sacrosanctum
688 4893 804 4956 Missae
833 4894 1037 4973 Sacrificium

294 4983 467 5056 celebrare,
496 4984 562 5046 sive
589 4983 745 5047 celebrari
771 4988 895 5066 saccom
926 4985 1039 5048 lonins-

293 5077 380 5140 snodi
399 5073 577 5156 probibitio
606 5077 816 5157 intelligendo
847 5095 911 5139 soon
935 5079 980 5138 sit
1004 5079 1039 5140 de

294 5169 451 5242 domibus,
468 5170 566 5234 otton
584 5169 690 5244 laicis,
707 5173 743 5232 in
757 5169 872 5248 pnibns
888 5172 951 5249 ipsi
964 5171 1039 5248 llpi·

293 5265 378 5342 scopi
401 5265 676 5344 portantesdona
697 5265 900 5328 visitationis
921 5266 968 5327 ecl
984 5267 1041 5328 iti-

294 5358 394 5428 neris,
411 5357 549 5434 bospitio
565 5357 790 5435 accipiantur:
811 5365 849 5420 nt
871 5373 927 5418 rtet
942 5359 1039 5422 etiarn

295 5450 421 5527 qnando
450 5451 600 5529 Episcopi
622 5449 807 5514 iriensibus
829 5469 849 5514 a
871 5454 943 5513 iare
970 5469 1040 5529 pcr-

294 5543 413 5615 ntissis,
435 5546 482 5610 nel
506 5545 541 5605 dc
569 5543 701 5622 speciali
725 5545 814 5608 Sedis
842 5545 1040 5622 apostoticae

295 5633 441 5708 licentia,
464 5633 607 5698 absentes
628 5655 649 5699 a
671 5638 759 5700 dono
785 5639 936 5716 propriae
958 5639 1040 5700 ordi·

295 5730 410 5793 neriae
439 5727 672 5802 habitationis,
698 5747 820 5794 morant
850 5730 969 5794 idcirco
991 5732 1040 5809 s·

296 5824 387 5886 ciant
408 5823 444 5884 in
464 5823 573 5889 aliena
589 5824 678 5892 dono
697 5840 755 5902 per
776 5825 903 5886 modunl
924 5823 1040 5887 similis

296 5909 534 5996 dubitationis,
549 5914 599 5978 his
621 5916 705 5978 enirn
732 5915 859 5979 casibus
882 5917 977 5980 licito
998 5914 1040 5976 iis

1122 990 1141 1064 ὃ
1162 987 1192 1049 8.
1216 989 1375 1068 Optimum
1392 991 1472 1056 iactu
1494 991 1698 1056 iudicavimus
1719 992 1751 1054 in
1774 1007 1827 1054 en·
1848 989 2059 1098 mmssfflssffifi

1083 1081 1194 1158 cyclica
1215 1085 1271 1144 hac
1292 1084 1418 1162 epistola
1441 1092 1543 1146 nostra
1566 1099 1721 1162 exponere
1741 1085 1828 1148 vobis
1847 1107 1915 1143 usus.

1083 1173 1169 1248 haec,
1192 1191 1270 1252 quae
1291 1177 1327 1238 ad
1349 1176 1557 1240 fraternitates
1579 1185 1695 1240 vestras
1716 1178 1828 1255 praeci·

1084 1284 1144 1346 pue
1175 1270 1350 1346 pertinent,
1382 1270 1534 1336 hirnirum
1560 1279 1715 1348 quantum
1743 1272 1830 1336 uobis

1084 1377 1263 1424 concessum
1287 1371 1332 1424 est
1354 1363 1452 1440 quoad
1473 1363 1581 1426 sacella
1597 1380 1653 1426 seu
1667 1365 1829 1443 cappellae,

1085 1470 1163 1530 quae
1185 1453 1217 1515 in
1239 1453 1461 1532 episcopalibus
1477 1456 1595 1532 palatiis
1610 1456 1722 1518 restris
1743 1465 1829 1533 suut3

1085 1553 1237 1624 quantum
1261 1546 1336 1608 item
1360 1548 1446 1610 vobis
1468 1549 1500 1608 in
1523 1548 1632 1610 alienis
1646 1548 1787 1611 domibus
1802 1558 1833 1612 et

1086 1645 1173 1700 extra
1196 1650 1331 1701 vestram
1346 1642 1509 1704 dioecesim
1532 1643 1631 1704 lacere
1645 1643 1833 1720 permissum

1087 1738 1144 1806 est,
1156 1749 1259 1794 causas
1281 1733 1375 1796 etiam
1396 1734 1632 1796 concessionum
1654 1752 1687 1796 ao
1708 1735 1832 1812 privile-

1087 1823 1212 1899 giorum
1244 1825 1465 1901 indicavimus,
1495 1842 1618 1889 necnon
1650 1827 1833 1890 eorumdem

1087 1916 1200 1978 ahttsus
1231 1927 1325 1995 atque
1354 1919 1507 1980 abusuum
1539 1919 1763 1998 prohibitiones
1782 1935 1834 1999 ap·

1087 2011 1265 2086 posuimus,
1290 2019 1357 2074 tum
1374 2020 1409 2073 ut
1430 2027 1484 2073 vos
1506 2011 1674 2074 discrimen
1690 2028 1833 2090 agnosca-

1088 2103 1126 2182 tis
1147 2105 1228 2180 quod
1252 2103 1416 2166 intercedit
1438 2105 1522 2166 inter
1550 2106 1698 2184 cappellae
1719 2107 1833 2184 episco-

1088 2195 1203 2276 palium
1232 2197 1356 2258 aedium
1378 2207 1571 2271 vestrarum,
1594 2215 1649 2276 per
1675 2216 1749 2277 quas
1771 2216 1833 2261 non

1088 2289 1194 2352 minus
1214 2289 1367 2367 spirituali
1390 2291 1591 2352 consolationi
1621 2298 1650 2353 et
1673 2294 1834 2367 commodo

1088 2389 1296 2459 vestroquam
1319 2383 1479 2458 dignitatis
1502 2391 1622 2445 vestrae
1642 2385 1744 2446 decori
1767 2401 1835 2462 pro·

1089 2476 1226 2550 videtur,
1241 2483 1273 2536 et
1290 2476 1405 2554 privata
1421 2477 1552 2536 oratoria
1576 2477 1607 2536 in
1629 2477 1771 2540 domibus
1783 2479 1835 2540 lai·

1089 2583 1214 2642 corum,
1245 2568 1312 2629 sire
1344 2568 1426 2630 intra
1457 2570 1524 2630 sive
1554 2579 1640 2631 extra
1672 2572 1836 2634 dioecesim

1090 2667 1240 2736 vestram,
1270 2661 1302 2722 in
1329 2662 1441 2738 quibus
1466 2662 1633 2741 aliquando
1662 2663 1836 2742 vohis,p1·o

1089 2753 1253 2830 praecipuo
1275 2754 1337 2815 sine
1353 2754 1527 2818 huiusmodi
1551 2757 1706 2818 commodi
1720 2765 1751 2820 et
1765 2773 1838 2819 con-

1090 2843 1247 2926 solationis
1264 2852 1395 2920 vestrae,
1412 2846 1575 2924 privilegio
1591 2848 1693 2909 altaris
1714 2850 1839 2926 erigen-

1090 2936 1132 3009 ui,
1155 2952 1188 2998 ac
1209 2937 1385 3000 celebrandi
1402 2939 1452 2998 vel
1468 2937 1616 3001 celebrari
1631 2939 1774 3017 faciendi,
1792 2944 1837 3005 uti

1093 3027 1181 3106 lieet3
1205 3035 1274 3091 tum
1295 3046 1371 3090 uero
1391 3031 1497 3105 etiam,
1521 3047 1561 3093 ne
1582 3031 1673 3108 torte,
1696 3051 1767 3095 cum
1783 3051 1837 3096 vos

1091 3130 1198 3183 contra
1219 3123 1331 3184 abusus
1353 3109 1548 3201 privatorum
1575 3127 1782 3189 oratoriorum
1805 3130 1836 3190 in

1092 3214 1236 3276 domibus
1257 3215 1405 3278 laicorum
1434 3216 1599 3292 inuigilare
1621 3219 1768 3295 debeatis,
1791 3239 1838 3282 re-

1092 3308 1268 3383 dargutioni
1290 3309 1334 3370 illi
1363 3309 1489 3370 obnoxii
1509 3310 1588 3386 sitis,
1607 3313 1699 3390 quod,
1722 3312 1837 3376 alienos

1093 3402 1124 3462 in
1146 3401 1278 3464 aliorum
1301 3404 1393 3464 atomo
1415 3401 1552 3465 delectus
1574 3406 1647 3466 dum
1670 3407 1836 3484 corrigitis,

1091 3493 1220 3556 interim
1252 3502 1372 3583 vestrae
1402 3496 1485 3558 domi
1522 3505 1615 3576 atque
1651 3499 1682 3560 in
1715 3502 1838 3579 propria

1092 3587 1203 3663 agendi
1234 3587 1356 3650 ratione
1386 3605 1527 3650 excessus
1553 3591 1731 3654 adhibeatis.
1755 3593 1838 3655 ideo·

1092 3696 1152 3758 que
1172 3682 1207 3742 ad
1237 3681 1431 3757 privatorum
1462 3683 1672 3746 oratoriorum
1704 3689 1839 3766 proposi-

1095 3780 1172 3846 tum,
1192 3789 1270 3852 quae
1292 3773 1325 3834 in
1347 3775 1488 3837 domibus
1502 3775 1652 3839 laicorum
1667 3787 1754 3855 sunt,
1771 3795 1839 3856 gra-

1093 3867 1168 3927 dum
1189 3865 1348 3940 iacientes,
1370 3865 1470 3944 aliqua
1492 3868 1737 3944 praemittemus.

1132 3957 1199 4032 ge.
1231 3959 1372 4020 Primum
1401 3960 1526 4036 quidem
1554 3967 1617 4037 est,
1645 3963 1836 4040 privatorum
1898 3987 1931 4029 oo
1952 3987 2070 4033 oratoriis

1093 4051 1300 4113 oratoriorum
1317 4052 1348 4114 in
1364 4053 1452 4114 [lictis
1467 4054 1609 4116 domibus
1628 4071 1720 4117 usum
1735 4058 1772 4119 ab
1786 4076 1838 4121 an·

1094 4144 1179 4223 tiquo
1203 4153 1343 4223 tempore
1358 4145 1564 4224 repetendum
1580 4163 1660 4225 esse;
1684 4166 1839 4214 cumcon-
1859 4155 1923 4188 ”¹¹¹¹-

1092 4245 1163 4312 stet,
1186 4237 1346 4314 Apostolos
1371 4254 1453 4300 sacra
1483 4240 1628 4316 mysteria
1656 4243 1784 4319 privatis
1805 4245 1837 4306 in

1093 4329 1234 4392 domibus
1249 4329 1428 4406 celebrasse,
1450 4347 1586 4410 eumque
1600 4349 1718 4396 morem
1738 4351 1840 4414 perse·

1093 4422 1257 4484 cationum
1280 4431 1418 4501 tempore
1438 4435 1598 4486 seruatum
1613 4426 1717 4504 luisse,
1732 4445 1840 4507 quem·

1094 4515 1261 4577 admodum
1292 4516 1488 4580 Christianus
1509 4515 1614 4595 Lupus
1637 4519 1671 4579 in
1696 4523 1765 4583 snis
1787 4540 1839 4584 no·

1096 4609 1138 4669 tis
1151 4607 1193 4670 nd
1208 4608 1352 4670 Ganoncs
1370 4607 1540 4672 Trallanos
1552 4613 1688 4689 apposite
1707 4615 1842 4676 animad-

1094 4702 1200 4770 uertit.
1225 4700 1367 4763 Alterum
1388 4710 1504 4777 autem,
1521 4704 1638 4781 privata
1660 4709 1792 4770 oratoria
1809 4709 1839 4770 in

1094 4794 1236 4856 domibus
1264 4794 1430 4870 laicorum,
1459 4797 1721 4876 subsequentibus
1745 4802 1839 4864 etiam

1094 4887 1234 4962 saeculis,
1251 4885 1356 4964 tuisse,
1369 4903 1441 4949 cum
1457 4891 1686 4966 persecutiones
1702 4894 1761 4954 iam
1779 4911 1842 4957 ces-

1094 4988 1228 5055 sassent,
1251 4995 1323 5041 cum
1346 4981 1376 5040 in
1404 4980 1651 5046 Sacramentorto
1673 4985 1839 5063 Gallicano,

1095 5074 1177 5150 quod
1205 5071 1399 5134 blabillonius
1430 5078 1504 5133 tona.
1529 5075 1554 5136 l.
1578 5073 1702 5141 Musaei
1731 5080 1841 5142 ltalioi

1096 5167 1279 5242 impressum
1302 5166 1411 5241 edidit,
1442 5166 1579 5231 dottocto
1603 5169 1740 5246 legatur,
1764 5189 1843 5251 quae

1096 5257 1251 5320 recitanda
1266 5266 1333 5320 erat
1354 5259 1388 5320 in
1411 5260 1500 5320 missa
1518 5277 1596 5338 quae
1617 5262 1792 5326 celebratur
1807 5267 1843 5326 in

1097 5349 1184 5413 dorno
1206 5349 1401 5425 coroddam
1429 5367 1486 5414 nec
1507 5357 1542 5415 ad
1572 5355 1749 5418 huiusmodi
1775 5359 1844 5436 qui·

1096 5445 1167 5506 dem
1188 5453 1380 5524 assumptum
1412 5445 1488 5506 aliae
1517 5447 1665 5509 deliciunt
1691 5449 1844 5527 probatio-

1097 5552 1163 5614 nes,
1187 5554 1262 5615 quas
1290 5553 1346 5598 nos
1368 5538 1400 5598 in
1427 5538 1570 5600 Tractatu
1600 5549 1706 5602 nostro
1728 5541 1766 5604 dc
1787 5545 1843 5608 Sa·

1097 5630 1217 5707 orificio
1240 5630 1355 5694 Missae
1375 5636 1451 5692 scct.
1469 5633 1492 5693 l.
1510 5632 1529 5706 ἓ
1545 5631 1588 5690 10
1601 5649 1674 5695 oum
1696 5651 1769 5697 cura
1783 5639 1844 5700 aol-

1097 5723 1194 5800 ligere
1216 5724 1404 5785 studuimus.
1436 5724 1577 5786 Tertium
1603 5741 1696 5803 porro
1725 5737 1783 5806 est,
1807 5731 1845 5794 de

1099 5817 1239 5880 tollendis
1267 5815 1446 5894 huiusmodi
1478 5818 1619 5879 oratoriis
1650 5820 1779 5896 privatis
1810 5823 1842 5884 in

1097 5911 1238 5974 domibus
1259 5908 1426 5988 laieorum,
1448 5926 1503 5973 seu
1524 5912 1625 5992 potius
1646 5911 1843 5982 facultatibus

1741 573 1806 637 'agg
1857 567 1910 618 An.
1925 569 1955 620 c.
1977 566 2044 620 1751

1859 4039 1963 4093 privatis
1982 4039 2008 4084 in
2028 4041 2071 4085 do·

1858 4091 1954 4138 mibus
1982 4091 2070 4139 laico-
