4838 6982
336 529 391 585 An.
405 531 436 583 G.
457 529 526 584 1755
573 527 633 592 616

554 665 665 744 coepit,
689 663 898 742 nonnullique
917 679 955 724 ex
976 661 1110 735 Graecis,
1133 658 1185 738 qui
1207 657 1300 720 sobis·

554 758 739 820 maticorum
755 772 875 820 errores
890 756 1033 830 aversati,
1045 753 1300 816 communionem

554 867 628 914 cnm
649 851 757 912 Latina
771 847 905 912 Ecclesia
926 854 1138 921 servaverant,
1155 845 1299 908 Venutius

555 962 589 1007 se
610 944 824 1017 contulerunt,
848 943 951 1022 ibique
974 955 1125 1004 mansere.
1149 939 1245 1015 Quam
1267 938 1298 1000 in

556 1038 667 1102 urbem
702 1053 773 1098 cum
807 1036 941 1100 Isidorus
974 1033 1143 1098 cardinalis
1174 1031 1300 1094 natione

556 1147 682 1208 graecus
713 1130 922 1208 pervenisset,
952 1127 1065 1190 detulit
1087 1127 1124 1190 ad
1150 1125 1299 1188 Senatum

556 1225 689 1287 Romani
699 1223 854 1286 Pontificis
866 1221 1027 1296 desideria,
1041 1227 1076 1282 ut
1088 1217 1300 1282 huiuscemodi

556 1319 657 1397 graeci
685 1319 765 1381 ritus
792 1312 1154 1391 bominibustemplnm
1178 1309 1301 1389 aliquod

555 1413 775 1489 assignaretur,
791 1411 822 1472 in
845 1425 906 1488 quo
927 1407 1103 1472 iunctiones
1124 1419 1301 1467 11111111-

555 1511 674 1568 cerent.
707 1505 844 1566 Excitata
875 1508 999 1564 senatus
1028 1500 1123 1578 pietas
1153 1497 1301 1577 profugae

555 1600 643 1677 genti
660 1597 818 1660 eeclesiam
835 1596 868 1660 S.
884 1594 975 1658 Blasii
990 1592 1152 1666 concessit,
1169 1590 1221 1654 ubi
1236 1607 1302 1669 spa-

556 1694 600 1755 tio
611 1692 751 1771 plurium
764 1704 919 1752 annornm
930 1687 1036 1750 Graeci
1051 1686 1177 1764 quidem
1189 1683 1222 1745 in
1238 1699 1302 1745 cer·

557 1795 589 1849 to
610 1783 749 1848 eiusdem
771 1781 918 1845 ecclesiae
942 1781 1052 1843 sacello
1079 1779 1183 1841 divina
1205 1777 1302 1840 officia

557 1881 621 1942 ritu
643 1894 763 1954 graeco,
786 1878 818 1939 in
846 1875 974 1953 reliquis
1001 1889 1075 1937 vero
1096 1871 1225 1947 sacellis,
1248 1871 1303 1934 La·

558 1973 616 2036 tini
637 1974 699 2034 ritu
728 1971 824 2032 latino
845 1973 1050 2047 peregerunt,
1079 1967 1170 2030 sicuti
1191 1965 1304 2028 Flami·

558 2068 628 2129 nius
649 2063 811 2128 Cornelius
839 2062 971 2141 scriptor
999 2061 1073 2123 11111
1102 2061 1239 2122 nominis
1260 2069 1304 2122 te·

556 2167 656 2222 statur
677 2159 708 2220 in
732 2155 846 2219 Decad.
873 2157 915 2216 14
939 2155 1127 2216 Venetorum
1150 2154 1303 2216 Ecclesia-

558 2269 643 2325 ranr,
665 2249 789 2329 pesa.
816 2249 940 2313 Gemini
963 2249 1011 2310 ita
1034 2247 1180 2325 coloritus
1203 2246 1303 2328 officia

557 2361 613 2424 per
633 2343 757 2422 aliquot
772 2359 874 2406 annos
888 2343 923 2404 in
938 2359 1005 2404 naa
1020 2341 1161 2411 ecelesia,
1180 2339 1253 2402 licet
1269 2339 1305 2401 in

560 2438 694 2502 dirersis
723 2437 848 2501 sacellis
874 2440 1005 2512 peracta
1037 2435 1190 2514 fuerant:
1223 2434 1304 2512 quod

558 2549 594 2596 eo
617 2548 715 2610 usque
736 2530 881 2606 obtinuit,
899 2531 996 2592 donec
1013 2538 1103 2590 aucto
1117 2527 1305 2590 Graecorum

559 2643 704 2701 numero,
721 2625 893 2703 praedictae
914 2621 1059 2684 ecclesiae
1082 2621 1112 2683 S.
1133 2621 1234 2696 Blasii,
1249 2619 1306 2682 Le-

559 2721 633 2784 tinis
653 2718 838 2796 Graecisque
865 2715 1025 2780 communi
1051 2714 1132 2776 aliud
1159 2715 1305 2789 subroga-

559 2821 628 2876 tum
649 2811 708 2874 luit
730 2810 901 2887 templum,
925 2808 1005 2886 quod
1027 2807 1214 2869 Graecorum
1236 2821 1305 2886 pro-

559 2907 663 2988 prium
685 2912 764 2966 esset
784 2920 818 2965 ac
838 2901 1041 2982 privativum.

348 3013 377 3056 11
390 3010 541 3073 norinorum
598 3001 617 3076 5
638 2998 687 3062 36.
712 2999 789 3061 llaec
811 3000 846 3060 ad
869 2997 996 3058 Graecos
1018 2993 1166 3072 pertinet,
1182 2995 1236 3072 qni
1257 3011 1305 3056 ce·

328 3063 377 3163 {¹13}
390 3063 542 3180 1111ιὲ111ῐέθῇ
560 3092 708 3158 lebraturi
737 3091 769 3153 in
800 3089 909 3152 latinas
936 3088 1076 3152 ecclesias
1097 3089 1302 3167 recipiantur.

328 3169 543 3280 ᾖξ’ξξὲξξᾶᾞζ
561 3187 691 3262 Verum,
714 3191 749 3248 ut
770 3201 806 3246 eo
828 3182 938 3246 clarius
967 3179 1156 3257 ostendatur,
1187 3182 1305 3243 nnllam

330 3279 398 3325 ruat
561 3279 675 3345 exinde
692 3279 780 3357 sequi
801 3277 880 3338 ritus
896 3273 1140 3353 permixtionem,
1152 3273 1189 3336 ab
1204 3273 1307 3336 Eccle-

559 3374 621 3436 siae
643 3373 763 3450 legibus
792 3369 1005 3449 proscriptam,
1035 3383 1098 3430 non
1119 3367 1171 3429 abs
1191 3384 1226 3430 re
1247 3369 1307 3430 erit

560 3468 653 3530 verba
675 3467 774 3528 lacere
794 3465 832 3528 de
852 3462 969 3527 Latinis
990 3461 1306 3541 1111111111111-

563 3561 715 3625 crificium
737 3559 843 3623 Missae
870 3557 1064 3618 offerendum
1086 3563 1116 3618 et
1137 3554 1243 3617 diuina
1263 3555 1307 3617 oi-

561 3656 628 3718 licia
658 3653 859 3735 persolvenda
887 3653 920 3712 in
941 3650 1128 3712 Graecorum
1159 3651 1305 3725 ecclesiis,

561 3767 599 3812 ex
621 3750 699 3812 iusta
727 3746 827 3825 aliqua
849 3761 948 3820 cansa,
971 3743 1192 3806 admittuntur.
1221 3743 1306 3819 Quod

561 3842 688 3922 quidem
711 3855 774 3902 non
797 3837 888 3900 modo
909 3835 1096 3915 propositam
1118 3837 1306 3898 sententiam

561 3933 767 4007 confirmabit,
791 3925 958 3994 sedetiam
981 3930 1152 4009 plurimum
1169 3927 1308 3992 conteret

560 4031 597 4092 ad
624 4025 918 4099 demonstrandum,
946 4038 1039 4102 quam
1068 4023 1237 4084 necessaria
1268 4022 1308 4085 sit

562 4130 670 4184 mutua
692 4122 776 4182 inter
797 4119 972 4194 catholicos,
989 4116 1060 4178 licet
1081 4117 1195 4178 diversi
1217 4118 1306 4191 ritus,

561 4218 739 4279 animorum
760 4213 938 4277 coniunctio
959 4230 992 4275 ac
1016 4213 1244 4276 benevolentia.
1272 4212 1306 4273 ln

562 4310 669 4372 Russia
691 4309 765 4372 Alba
786 4307 923 4371 Rutireni
944 4307 1097 4382 catholici,
1113 4324 1190 4388 qnos
1204 4307 1309 4369 unitos

562 4411 684 4477 vocant,
697 4403 801 4481 plures
817 4402 931 4464 babent
945 4401 1098 4476 ecclesias,
1110 4419 1219 4482 pancas
1234 4417 1309 4463 uero

563 4499 678 4571 Latini,
696 4505 726 4557 et
741 4495 822 4574 quod
845 4497 942 4573 magis
964 4505 1022 4571 est,
1045 4498 1138 4575 longe
1160 4499 1309 4561 dissitasa

562 4592 647 4670 pagis
663 4590 857 4664 Latinorum,
874 4591 927 4668 qui
949 4590 1032 4652 inter
1055 4592 1217 4654 Rutlrenos
1240 4609 1309 4655 ver-

562 4692 681 4746 santur.
705 4684 805 4748 Latini
829 4686 1011 4765 quandoque
1031 4687 1147 4750 diutius
1161 4688 1309 4750 sacrificio

564 4779 675 4841 latinae
695 4778 801 4841 Missae
815 4780 970 4853 carebant,
989 4795 1025 4841 eo
1040 4781 1120 4858 quod
1136 4783 1200 4843 suis
1215 4797 1309 4858 nego-

563 4876 618 4937 ciis
638 4873 774 4948 deteuti,
802 4874 972 4952 nequibant
1001 4883 1063 4936 tam
1090 4875 1221 4951 longam
1249 4875 1309 4937 iter

563 4969 700 5047 aggredi,
723 4977 759 5032 ut
783 4969 817 5030 ad
841 4967 949 5030 latinas
976 4969 1116 5030 ecclesias
1137 4987 1170 5031 se
1191 4969 1310 5032 conier-

564 5071 652 5126 rent:
677 5079 781 5142 neque
810 5062 898 5126 latini
926 5063 1096 5142 presbyteri
1118 5063 1205 5125 iacile
1227 5071 1309 5143 pote·

564 5166 635 5221 rant
656 5159 691 5220 ad
720 5171 830 5235 paucas
857 5157 923 5218 illas
945 5156 1128 5220 Latinorum
1144 5157 1308 5233 ecclesias,

564 5267 643 5332 quae
665 5252 696 5312 in
718 5249 824 5312 Roscia
839 5251 913 5312 Alba
929 5252 1141 5329 reperiuntur,
1154 5253 1308 5328 accedere,

565 5353 600 5407 ut
621 5344 742 5406 Missam
764 5344 968 5419 celebrarent,
984 5356 1144 5423 propterea
1166 5345 1248 5424 qnod
1263 5363 1312 5408 ec-

565 5438 674 5500 clesiae
703 5439 785 5516 ipsae
812 5438 849 5499 ab
876 5437 1002 5500 illorum
1033 5437 1188 5500 domicilio
1217 5440 1310 5516 nimis

565 5531 658 5608 longo
675 5530 839 5592 intervallo
860 5530 1112 5606 seiungerentur.
1137 5531 1253 5611 ltaque,
1270 5548 1311 5594 ne

565 5625 667 5687 Latini
689 5625 776 5687 llissa
804 5624 900 5685 latino
930 5625 992 5686 ritu
1014 5623 1164 5687 celebrata
1192 5626 1310 5687 tamdiu

565 5725 718 5794 carerent,
749 5733 850 5782 unum
870 5718 948 5780 illud
969 5727 1141 5796 supererat,
1167 5727 1201 5780 ut
1224 5719 1310 5782 latini

566 5813 748 5887 sacerdotes,
771 5813 804 5872 in
826 5811 1009 5872 Latinorum
1034 5813 1244 5887 commodum,
1270 5813 1310 5875 la-

568 5905 646 5966 tinas
667 5905 774 5970 missas
796 5905 827 5967 in
850 5904 993 5968 rutbenis
1017 5904 1150 5966 ecclesiis
1176 5906 1310 5970 celebra·

1079 541 1143 587 tun.
1166 539 1258 585 ΡΟΝΤ.
1281 538 1321 584 ba
1343 539 1371 583 P.
1396 538 1425 584 F.
1449 540 1531 588 PARS
1553 540 1575 585 1.

2130 511 2182 570 An.
2195 515 2224 570 0.
2243 517 2301 572 tata

1356 663 1437 718 rent.
1462 657 1580 722 Verum
1601 658 1658 720 lrac
1679 657 1741 734 ipsa
1764 657 1796 720 in
1812 671 1859 732 re,
1872 670 1905 718 ea
1921 652 2101 718 occurrebat

1356 751 1529 826 difficultas,
1546 753 1627 832 quod
1642 750 1748 814 altaria
1759 749 1946 813 Graecorum
1961 763 2045 812 sacro
2058 748 2100 809 11-

1356 844 1425 922 pide
1446 853 1582 920 careant,
1604 860 1676 908 cum
1698 843 1755 920 ipsi
1769 843 1928 906 celebrent
1941 858 2034 922 snper
2048 859 2101 905 an-

1357 938 1521 1014 timensiis,
1533 956 1611 1017 quae
1621 947 1695 1002 sunt
1709 937 1803 1000 lintea
1819 937 1967 1016 quaedam
1979 937 2016 997 ab
2031 936 2103 1015 Epi-

1355 1049 1446 1112 scopo
1466 1039 1654 1114 conseorata,
1677 1047 1811 1112 quornm
1833 1030 1955 1108 angulis
1970 1030 2102 1114 ,Sancto-

1357 1142 1428 1188 rum
1460 1125 1610 1204 reliquiae
1641 1125 1866 1202 includuntur;
1898 1125 2102 1202 quamobrem

1357 1219 1444 1282 latini
1475 1220 1648 1282 sacerdotes
1681 1235 1802 1281 sacrum
1834 1217 1967 1298 lapidem
1994 1232 2103 1281 secum

1357 1311 1478 1375 delerre
1499 1311 1700 1388 cogebantur,
1717 1312 1798 1374 haud
1813 1311 1875 1374 levi
1891 1311 2106 1374 intercedente

1358 1406 1554 1468 incommodo
1585 1422 1618 1466 ac
1649 1405 1843 1481 discrimine,
1876 1421 1915 1466 ne
1937 1406 1969 1468 in
1992 1405 2105 1467 itinere

1358 1498 1566 1576 frangeretur.
1591 1499 1644 1560 liis
1659 1499 1805 1561 omnibus
1820 1499 2024 1561 incommodis
2038 1505 2105 1561 tan·

1358 1595 1428 1656 dam
1461 1603 1670 1671 opportunum
1702 1592 1894 1667 remedium,
1930 1591 2105 1669 opitulante

1358 1687 1433 1762 1111,
1456 1687 1621 1749 inuentum
1649 1685 1885 1763 adhibitumque
1907 1685 1982 1748 luit:
2009 1686 2104 1763 siqui·

1359 1780 1441 1856 dem,
1457 1780 1723 1842 consentientibus
1744 1780 1839 1841 etiam
1853 1779 1926 1857 ipsis
1941 1779 2104 1855 liutbenis,

1361 1874 1519 1937 indultum
1535 1873 1593 1934 init
1609 1873 1711 1934 latinis
1727 1872 1926 1950 presbyteris,
1938 1880 1973 1934 ut
1984 1871 2106 1934 Missam

1360 1969 1455 2030 latino
1482 1967 1546 2028 ritu
1573 1965 1765 2029 celebrarent
1789 1965 1822 2026 in
1848 1965 1991 2027 ratlaenis
2010 1966 2105 2028 eccle-

1360 2063 1412 2124 siis
1440 2067 1471 2124 et
1499 2077 1592 2138 super
1617 2060 1746 2124 illorum
1774 2059 1982 2121 antimensiis:
2014 2057 2106 2136 idque

1360 2172 1396 2218 eo
1418 2155 1467 2216 vel
1490 2153 1662 2233 expeditius
1685 2153 1787 2214 visum
1808 2159 1865 2228 est,
1882 2150 1963 2232 quod
1978 2152 2105 2214 rutbeni

1360 2250 1542 2320 sacerdotes,
1564 2248 1742 2310 accedentes
1770 2249 1955 2326 quandoque
1982 2247 2016 2308 ad
2040 2245 2106 2308 lati·

1361 2361 1415 2405 nas
1436 2342 1577 2406 ecclesias
1599 2341 1721 2402 Missam
1744 2338 1820 2402 inibi
1840 2339 2036 2416 celebraturi,
2055 2355 2105 2401 sn·

1361 2453 1415 2516 per
1436 2437 1550 2499 nostris
1564 2435 1656 2496 sacris
1676 2432 1824 2512 lapidibus
1838 2433 2024 2494 sacrificinm
2035 2447 2108 2494 con-

1362 2531 1516 2594 ficiebant.
1540 2528 1571 2592 ld
1593 2543 1686 2591 omne
1708 2526 1849 2604 cognosci
1864 2519 1963 2603 potest
1984 2541 2021 2586 ex
2034 2541 2106 2588 con-

1361 2625 1525 2686 stitutione
1535 2629 1655 2684 nostra:
1670 2620 1820 2698 Imposito
1831 2616 1933 2690 nobis,
1945 2634 2024 2697 quae
2035 2635 2107 2696 qua-

1361 2716 1533 2793 dragesima
1555 2715 1645 2777 tertia
1666 2722 1712 2775 est
1727 2711 1853 2776 Bullarii
1869 2713 1972 2776 nostri
1984 2719 2059 2774 tom.
2076 2712 2105 2774 3.

1401 2812 1419 2886 §
1441 2809 1490 2871 37.
1514 2807 1709 2871 Praeclarum
1730 2806 1846 2884 pariter
1860 2813 1906 2867 est
1920 2805 1955 2865 ad
1971 2821 2039 2869 rem
2053 2821 2109 2868 no
2139 2824 2327 2884 1111111111

1361 2911 1457 2966 stram
1479 2903 1520 2977 id,
1542 2902 1622 2980 quod
1650 2916 1720 2962 mox
1751 2899 1958 2964 subiiciemus.
1991 2899 2107 2962 [lisere-
2125 2873 2329 2985 flifflffl‘gss.

1362 3007 1435 3079 pant
1457 2999 1539 3060 inter
1558 3013 1591 3060 se
1611 2995 1724 3058 eruditi
1748 2995 1818 3070 riri,
1835 2995 1972 3056 extiterit
1993 3011 2044 3068 ne,
2060 2995 2107 3055 iu·
2125 2981 2330 3082 iffissafflffi

1364 3107 1414 3157 xta
1435 3102 1577 3156 veterem
1605 3089 1813 3170 disciplinam,
1837 3089 1869 3151 in
1896 3088 2030 3150 Basilicis
2052 3069 2331 3150 111-1110611ῑή11

2126 3141 2329 3188 1111111111-
2399 3168 2400 3192 1

1362 3189 1472 3252 clesiae
1497 3184 1696 3250 Occidentalis
1719 3198 1833 3258 unum,
1856 3198 1895 3244 an
1919 3182 2007 3259 plura
2034 3182 2108 3244 alta·
2127 3195 2233 3243 reunia.

1362 3283 1418 3344 ria.
1443 3281 1582 3346 Primam
1603 3276 1727 3354 quidem
1750 3276 1880 3338 allirmat
1899 3274 2105 3338 Sebelestrat.

1362 3381 1449 3454 part.
1475 3377 1492 3436 1
1514 3375 1622 3436 Actor.
1638 3369 1798 3432 Ecclesiae
1812 3369 1989 3434 orientalis
2002 3385 2069 3448 cap.
2086 3371 2109 3431 2

1363 3471 1398 3533 de
1421 3469 1519 3534 Misso
1540 3467 1672 3545 priuato
1694 3463 1729 3526 ia
1750 3463 1892 3528 Ecclesia
1907 3466 2040 3537 Latina,
2055 3467 2108 3528 sed

1363 3571 1468 3626 contra
1492 3559 1660 3624 Cardinalis
1681 3559 1764 3620 Bona
1786 3575 1894 3622 rernm
1911 3558 2105 3640 lptnrqiccr.

1364 3653 1418 3718 lib.
1444 3656 1472 3729 1,
1499 3669 1567 3732 cap.
1585 3650 1743 3724 1111111.
1770 3654 1804 3723 3,
1828 3653 1955 3715 innixus
1977 3654 2109 3717 auctori·

1364 3757 1426 3812 tate
1447 3747 1610 3822 Waliridii,
1633 3745 1755 3823 11114,
1777 3743 1865 3824 plura
1887 3745 1993 3808 altaria
2015 3745 2109 3808 inisse

1363 3845 1397 3905 in
1419 3843 1556 3905 Romana
1579 3829 1707 3904 'Basilica
1737 3841 1767 3904 S.
1792 3841 1874 3904 Petri
1905 3840 2106 3904 demonstrat.

1364 3936 1531 4010 Verum,si
1552 3933 1589 3996 de
1611 3934 1734 4012 templis
1755 3943 1847 4011 atque
1862 3933 1992 3996 basilicis
2007 3935 2109 3997 orien-

1365 4032 1476 4095 talibus
1498 4037 1529 4092 et
1549 4029 1666 4106 graecis
1695 4043 1798 4090 sermo
1824 4033 1880 4104 sit,
1911 4028 2110 4106 perspicuam

1364 4125 1499 4197 videtur,
1515 4122 1639 4187 nonnisi
1662 4137 1761 4185 unum
1782 4122 1878 4186 altare
1899 4123 1930 4184 in
1946 4123 2017 4200 ipsis
2031 4122 2110 4183 exti-

1366 4221 1448 4295 tisse,
1471 4226 1563 4297 atque
1584 4233 1668 4279 nnnc
1691 4217 1783 4277 etiam
1805 4215 1953 4294 temporis
1974 4215 2110 4294 plerum·

1365 4329 1426 4392 qne
1448 4313 1591 4385 existere,
1615 4310 1659 4372 uti
1682 4309 1841 4386 colligitur
1862 4325 1899 4370 ex
1929 4309 2038 4370 lineari
2060 4309 2110 4370 de-

1365 4406 1533 4486 scriptione
1553 4402 1732 4464 hninsmodi
1754 4402 1941 4480 templorum
1956 4417 2049 4480 quam
2063 4401 2110 4464 lla

1367 4499 1502 4575 cangius
1534 4497 1568 4559 in
1597 4495 1875 4572 Constantinopoli
1907 4494 2108 4566 cbristiano,

1365 4591 1554 4667 Beveregius
1575 4589 1608 4652 in
1635 4589 1717 4652 notis
1739 4588 1780 4650 ad
1811 4587 1990 4651 Pandantes
2018 4604 2110 4650 cano-

1366 4699 1455 4755 nnrn,
1480 4692 1510 4746 et
1530 4683 1658 4746 Goarius
1680 4681 1714 4742 in
1730 4681 1961 4762 Encboloqinm
1978 4684 2110 4745 Graeco-

1366 4794 1440 4840 111
1462 4777 1646 4838 1111111111.
1678 4776 1822 4853 Cumque
1843 4776 1874 4836 in
1898 4775 2013 4854 templo
2035 4773 2109 4838 San-

1366 4872 1407 4936 cti
1428 4867 1695 4947 Ι1111111111,111111
1717 4868 1868 4930 1111111
1889 4868 2010 4931 Graecis
2031 4869 2110 4931 obti-

1367 4972 1471 5037 netur,
1488 4963 1577 5043 plura
1599 4969 1740 5024 extarent
1762 4961 1879 5036 altaria,
1902 4960 1965 5024 Leo
1980 4961 2111 5024 Allatins

1368 5059 1399 5120 in
1425 5057 1551 5136 epistola
1577 5057 1613 5118 ad
1640 5057 1788 5118 loannem
1814 5055 1972 5117 Morinum
1999 5057 2110 5133 scripta

1366 5152 1403 5213 de
1426 5151 1551 5229 templis
1575 5153 1768 5214 Graecorum
1797 5148 2011 5210 recentiorum
2033 5151 2111 5210 n.2

1367 5261 1502 5308 asserere
1525 5261 1588 5306 non
1610 5242 1773 5317 dubitavit,
1790 5243 1821 5304 in
1845 5242 1995 5322 praedicta
2017 5241 2112 5306 eccle-

1366 5341 1410 5402 sia
1430 5340 1508 5404 nihil
1532 5354 1657 5417 graecae
1680 5338 1797 5398 turmae
1819 5335 1967 5415 reperiri,
1991 5345 2112 5414 praeter

1369 5441 1474 5508 nana,
1498 5437 1576 5499 idest
1598 5431 1825 5510 sepimentum,
1843 5431 1922 5509 quod
1943 5445 2027 5490 aram
2049 5445 2113 5491 ma-

1368 5532 1463 5591 iorem
1479 5529 1634 5608 areliquis
1655 5525 1944 5603 ecclesiaepartibus
1965 5525 2109 5586 secernit.

1367 5623 1412 5684 Ad
1434 5620 1510 5684 illud
1538 5627 1644 5682 autem
1671 5619 1783 5692 altare,
1806 5619 1841 5679 ad
1863 5618 1944 5695 quud
1973 5613 2112 5679 sacerdos

1367 5718 1489 5779 Missam
1516 5713 1698 5787 celebravit,
1731 5713 1841 5790 nequit
1869 5710 1946 5773 alius
1974 5714 2112 5773 sacerdos

1365 5811 1475 5871 eodem
1496 5807 1546 5868 die
1566 5807 1680 5868 iterum
1696 5805 2001 5867 llissuesacridcium
2022 5803 2111 5864 otier-

1365 5920 1410 5965 11.
1434 5903 1477 5965 Ile
1498 5902 1552 5964 trac
1567 5900 1758 5962 Graecorum
1776 5897 1936 5977 disciplina
1956 5896 2049 5958 uerba
2070 5894 2111 5955 ia-
