4764 6972
333 541 387 598 An.
401 544 431 598 0.
453 543 521 598 1748
571 543 611 606 98

550 681 706 756 ctionem,
735 679 801 742 6166
828 679 1069 758 postulationem
1096 679 1294 758 praedictam,

550 790 607 852 per
637 773 757 836 obitum
779 772 852 835 dicti
884 771 1002 850 losephi
1030 771 1130 846 Petri,
1159 770 1294 844 uacabat,

550 867 643 930 modo
665 881 788 941 vacare3
818 865 1006 944 nullumque
1033 864 1081 926 ius
1109 870 1140 926 et
1167 864 1296 926 auctori·

551 967 646 1022 tatem
668 975 724 1038 per
749 958 934 1020 electionem
962 958 1029 1020 6166
1056 957 1296 1034 postulationem

551 1052 738 1114 antedictam
760 1052 886 1130 utrique
907 1058 1073 1130 praetenso
1094 1051 1208 1123 electo,
1231 1050 1296 1110 6166

551 1146 714 1224 postulato,
738 1145 924 1222 acquisitum
938 1145 1004 1206 6166
1018 1144 1196 1222 acquisitam
1219 1157 1295 1217 esse,

552 1247 583 1300 et
603 1237 681 1314 lore,
703 1255 736 1301 ac
758 1238 883 1301 irritum
904 1245 935 1300 et
956 1240 1094 1312 inanem,
1117 1237 1297 1315 nulliusque

552 1331 670 1392 roboris
695 1348 729 1393 ac
756 1331 908 1394 momenti
935 1347 1166 1410 quemcumque
1195 1339 1296 1392 actum

348 1433 470 1482 arontam
485 1435 533 1482 suo
552 1439 607 1502 per
629 1424 708 1502 ipsos
729 1431 906 1503 praetensos
932 1424 1044 1487 electos
1064 1431 1096 1486 et
1117 1422 1297 1502 postulatos,

321 1493 534 1588 Efess¹h¹⁵an⁰¹1⁰>52¹r¹fi
552 1518 617 1578 sive
632 1517 748 1580 factum
765 1525 818 1579 aut
835 1516 1022 1590 laciendum,
1036 1517 1298 1595 quemadmodum

321 1596 533 1652 arenarusguoer-
552 1612 646 1674 etiam
661 1611 794 1674 alterum
808 1627 916 1674 eorum
933 1612 966 1673 16
981 1611 1017 1672 116
1033 1611 1176 1672 omnibus
1191 1617 1222 1671 et
1236 1610 1298 1670 sin·

321 1651 365 1696 nlo
373 1651 531 1707 satagerent.

553 1705 632 1782 gulis
647 1705 683 1766 ad
704 1704 938 1790 patriarchalem
959 1709 1142 1781 potestatem
1154 1709 1184 1763 et
1195 1709 1299 1764 aucto·

552 1801 674 1859 ritatem
696 1798 904 1876 spectantibus
932 1812 998 1858 sese
1026 1798 1170 1872 ingerere
1198 1803 1229 1858 et
1251 1795 1298 1856 in-

552 1891 729 1953 tromittere
744 1891 922 1964 audentem,
937 1891 1005 1978 ipso
1019 1889 1098 1952 lacto
1111 1889 1218 1968 poenis
1234 1905 1299 1949 om-

552 1984 644 2047 nibus
665 1991 772 2045 contra
800 2000 863 2046 non
886 1991 1028 2062 parentes
1055 1982 1207 2044 mandatis
1229 1998 1298 2060 apo-

551 2075 668 2138 stolicis
689 2092 744 2154 per
764 2093 865 2138 sacros
886 2091 1017 2138 canones
1038 2076 1177 2150 inllictis,
1200 2083 1231 2137 66
1253 2075 1300 2137 16-

553 2170 723 2247 dignationi
745 2178 867 2232 nostrae
888 2169 1058 2232 obnoxium
1079 2186 1145 2232 esse
1166 2186 1200 2231 ac
1221 2169 1297 2243 lore,

554 2279 667 2342 easque
688 2264 849 2326 incurrere
870 2270 902 2324 et
923 2263 1085 2325 incursum
1104 2278 1181 2336 esse,
1199 2269 1297 2336 motu,

553 2357 692 2432 scientia,
717 2356 947 2432 deliberatione,
970 2363 1001 2418 66
1021 2356 1179 2435 potestatis
1200 2356 1300 2435 pleni·

556 2451 666 2513 tudine
688 2449 810 2529 paribus
832 2449 1040 2520 decernimus,
1069 2448 1246 2522 statuimus,
1270 2456 1300 2510 et

362 2554 535 2600 provisionem
555 2543 754 2618 declaramus;
768 2543 925 2622 ipsiusque
936 2541 1146 2621 patriarchalis
1157 2541 1301 2604 ecclesiae

323 2608 446 2654 Ecclesiae
460 2607 537 2654 Patri·

323 2661 431 2708 coenans
446 2661 495 2706 sibi
512 2665 536 2708 66
555 2636 769 2700 Antiochenae
790 2637 1011 2698 Maronitarum
1031 2637 1081 2710 ita,
1099 2643 1133 2697 ut
1155 2635 1301 2714 praemit-

324 2715 380 2760 Sedl
408 2716 537 2771 Apostoli·-

323 2779 367 2814 θᾶθ
381 2775 500 2816 reservat.

367 3023 507 3072 clausulae.

557 2732 645 2805 titur,
673 2730 822 2804 vacantis,
852 2729 1047 2792 collationem
1077 2729 1301 2808 provisionem-

556 2840 629 2902 que,
658 2825 917 2902 quandocumque
945 2823 1136 2897 laciendam,
1160 2822 1249 2883 nobis
1270 2829 1302 2883 et

555 2918 745 2997 Apostolicae
766 2917 837 2980 Sedi
858 2917 1030 2995 praedictae
1054 2931 1260 2978 reservamus.

594 3014 613 3088 5
634 3013 662 3074 3.
681 3013 887 3074 Decernentes
901 3012 1022 3074 easdem
1042 3017 1219 3089 praesentes
1233 3009 1301 3071 lite-

555 3123 614 3181 ras,
631 3114 662 3168 et
682 3106 715 3166 in
730 3105 773 3166 eis
795 3110 940 3167 contenta
961 3119 1186 3182 quaecumque,
1208 3103 1300 3164 etiam

554 3215 664 3275 exeo,
686 3200 766 3277 quod
789 3199 979 3276 quicumque
1003 3198 1035 3259 in
1057 3197 1232 3276 praemissis
1255 3196 1301 3258 ius

554 3293 605 3356 661
626 3294 776 3355 interesse
798 3290 945 3352 habentes
966 3307 1020 3353 seu
1044 3291 1157 3352 habere
1172 3305 1301 3374 quomo·

554 3386 670 3448 dolibet
691 3383 947 3464 praetendentes,
972 3384 1031 3445 illis
1053 3400 1117 3445 non
1137 3399 1301 3445 consense-

555 3481 631 3555 rint,
654 3495 711 3542 nec
732 3481 768 3541 ad
790 3495 825 3540 ea
845 3478 956 3553 vocati,
979 3477 1063 3539 citati
1079 3485 1110 3538 et
1125 3477 1232 3552 auditi,
1249 3492 1301 3538 ne·

556 3591 618 3654 que
639 3591 758 3650 causae,
781 3580 908 3652 propter
928 3587 1003 3651 quas
1024 3579 1201 3650 praesentes
1221 3587 1301 3633 ema-

556 3674 683 3742 narunt,
714 3667 906 3730 sufficienter
927 3664 1091 3740 adductae,
1114 3665 1300 3738 6661666666,

555 3768 586 3824 66
607 3762 788 3824 iustihcatae
809 3758 939 3832 luerint,
962 3766 1015 3820 aut
1030 3775 1068 3819 ex
1083 3758 1140 3820 alia
1154 3773 1302 3836 quacum·

555 3871 616 3934 que
637 3853 840 3933 quantumvis
862 3853 951 3926 iusta,
965 3851 1115 3928 legitima,
1131 3858 1162 3913 et
1177 3851 1303 3930 privile-

556 3951 636 4026 giata
656 3965 762 4023 causa,
791 3947 909 4020 colore,
938 3953 1115 4024 praetextu,
1136 3953 1168 4006 et
1190 3946 1300 4024 capite,

556 4043 649 4104 etiam
670 4043 702 4103 in
724 4055 852 4120 corpore
874 4039 949 4102 iuris
964 4039 1078 4114 clauso,
1095 4040 1189 4100 etiam
1212 4054 1300 4100 enor-

556 4137 628 4211 mis,
649 4134 885 4197 enormissimae
899 4141 931 4195 et
948 4134 1049 4196 totalis
1071 4133 1224 4207 laesionis,
1237 4132 1301 4194 ullo

556 4245 706 4308 umquam
727 4235 868 4306 tempore
890 4230 927 4290 de
941 4227 1161 4306 subreptionis,
1178 4226 1229 4287 661
1250 4226 1303 4287 oh·

557 4324 717 4402 reptionis,
734 4328 786 4384 aut
807 4297 965 4384 nullitatis'
974 4322 1062 4397 vitio,
1078 4337 1132 4383 seu
1154 4320 1302 4382 intentio·

558 4417 606 4479 nis
627 4423 761 4490 nostrae,
784 4422 837 4477 aut
858 4415 1009 4476 interesse
1031 4413 1212 4476 habentium
1232 4429 1303 4474 con-

556 4527 677 4586 sensus,
699 4509 799 4570 aliove
821 4506 960 4586 quolibet
980 4507 1075 4568 etiam
1103 4507 1303 4584 quantumvis

557 4618 671 4680 magno
682 4609 713 4664 et
726 4600 930 4675 substantiali,
947 4617 980 4662 ac
995 4600 1160 4677 incogitata
1174 4600 1304 4661 661666-

558 4697 713 4776 cogitabili
728 4697 985 4774 individuamque
1007 4695 1239 4772 expressionem
1254 4709 1302 4754 re-

559 4793 704 4870 quirente
719 4790 839 4853 delectu
855 4789 968 4864 notari,
985 4788 1173 4866 impugnari,
1190 4786 1303 4848 inirin-

560 4886 603 4963 gi,
620 4885 790 4958 retractari,
806 4885 839 4944 16
862 4883 910 4945 166
932 4883 983 4944 661
997 4881 1241 4944 controuersiam
1256 4899 1305 4943 re-

560 4980 674 5053 vocari,
687 4979 785 5040 autad
799 4977 948 5038 terminos
964 4977 1040 5038 iuris
1052 4976 1166 5050 reduci,
1183 4992 1237 5038 seu
1253 4978 1303 5038 ad·

562 5089 671 5134 versus
693 5071 759 5131 illas
788 5070 969 5148 aperitionis
997 5069 1074 5143 oris,
1098 5069 1304 5130 restitutionis

560 5165 592 5228 16
615 5167 786 5242 integrum,
816 5165 939 5226 aliudve
970 5164 1187 5242 quodcumque
1216 5161 1301 5237 iuris,

540 5259 642 5348 ‚lacti
664 5259 715 5321 661
736 5258 852 5335 gratiae
874 5258 1047 5319 remedium
1069 5257 1229 5331 intentari,
1253 5256 1304 5317 vel

559 5353 732 5433 impetrari,
755 5360 808 5414 aut
829 5353 1002 5429 impetrato,
1017 5366 1072 5411 seu
1087 5349 1182 5410 etiam
1203 5357 1302 5424 motu,

560 5449 688 5510 scientia
710 5455 740 5508 et
767 5447 926 5525 potestatis
957 5444 1151 5522 plenitudine
1180 5442 1304 5521 paribus

560 5558 716 5616 concesso,
739 5541 790 5602 661
821 5548 981 5610 emanata,
1003 5539 1181 5616 quempiam
1204 5537 1236 5597 in
1258 5536 1305 5598 iu·

561 5635 640 5698 dicio
671 5635 722 5697 vel
750 5641 837 5696 extra
865 5633 941 5695 iilud
970 5633 1033 5706 uti,
1064 5647 1119 5694 seu
1144 5632 1305 5692 66166666

561 5731 728 5793 ullomodo
744 5745 845 5808 posse3
858 5727 911 5788 sed
926 5727 1004 5805 ipsas
1016 5733 1191 5805 praesentes
1204 5723 1306 5784 literas

560 5840 683 5903 semper
697 5825 812 5898 sirmas,
821 5822 933 5884 validas
945 5829 975 5882 et
986 5820 1122 5881 eihcaces
1132 5818 1266 5879 existere
1277 5823 1308 5878 66

561 5915 639 5998 1666,
654 5933 788 5996 suosque
808 5916 961 5993 plenarios
982 5922 1012 5975 et
1027 5913 1167 5990 integras
1182 5910 1307 5973 61166666

1070 561 1134 606 ibn.
1158 560 1248 606 holla.
1274 560 1314 604 DE
1335 561 1364 604 P·
1389 560 1417 606 1³.
1444 561 1525 606 PARS
1548 561 1568 605 1.

1353 677 1457 739 6666161
1479 685 1509 740 66
1531 678 1685 752 obtinere,
1701 693 1734 738 ac
1749 676 1821 751 illis,
1837 677 1871 739 ad
1888 691 1964 754 quos
1984 682 2098 754 spectat

1354 775 1384 832 et
1406 787 1461 850 pro
1490 779 1629 850 ternpore
1654 770 1911 849 quandocumque
1939 767 2097 846 spectabit,

1354 865 1386 926 in
1402 864 1546 928 omnibus
1561 872 1592 926 et
1606 881 1662 944 per
1677 863 1780 926 omnia
1794 862 1974 942 plenissime
1991 862 2100 923 salira·

1354 958 1430 1034 gari,
1444 965 1476 1020 et
1498 958 1534 1019 ab
1555 960 1598 1020 eis
1620 958 1792 1036 respective
1813 954 2034 1018 inviolabiliter
2048 956 2101 1016 ob-

1354 1052 1490 1112 seruari:
1513 1051 1618 1129 sicque
1639 1057 1670 1113 66
1690 1066 1753 1114 666
1776 1049 1876 1124 611666,
1901 1049 1931 1110 16
1955 1049 2100 1127 praemis-

1353 1145 1394 1206 sis
1414 1161 1471 1224 per
1495 1160 1707 1223 quoscumque
1728 1143 1855 1217 iudices,
1878 1143 2048 1205 ordinarios
2069 1149 2100 1204 et

1354 1238 1519 1314 delegatos,
1538 1239 1632 1300 etiam
1654 1254 1814 1300 causarum
1836 1236 1940 1315 palatii
1961 1235 2102 1315 apostoli-

1355 1333 1381 1393 ci
1403 1333 1567 1407 auditores,
1592 1331 1706 1393 aliosve
1727 1331 1881 1409 quoslibet
1905 1345 2103 1409 quacumque

1355 1425 1598 1503 praeeminentia
1624 1432 1656 1487 et
1682 1432 1832 1503 potestate
1863 1423 2048 1499 iungentes,
2070 1431 2101 1485 et

1355 1516 1529 1593 iuncturos,
1559 1518 1676 1580 sublata
1704 1519 1747 1580 eis
1779 1525 1809 1580 et
1837 1533 1947 1580 666666
1975 1516 2102 1579 cuilibet

1355 1611 1443 1674 aliter
1473 1611 1625 1674 iudicandi
1648 1622 1679 1674 66
1708 1609 1876 1674 definiendi
1905 1609 2050 1672 lacultate
2070 1614 2101 1670 et

1355 1706 1548 1780 auctoritate,
1577 1706 1703 1769 iudicari
1724 1713 1755 1766 et
1776 1703 1897 1768 definiri
1922 1703 2046 1777 debere,
2069 1717 2102 1762 ac

2129 535 2230 588 1160.
2253 539 2315 592 1743

1356 1799 1481 1860 irritum
1492 1804 1523 1860 et
1534 1799 1626 1860 inane
1648 1796 1797 1876 quidquid
1814 1813 1902 1859 secus
1916 1811 2008 1874 super
2019 1795 2067 1856 his
2086 1811 2101 1855 a
2136 1821 2140 1828 -

1355 1908 1552 1971 quocumque
1572 1892 1679 1970 quavis
1701 1891 1882 1953 auctoritate
1902 1889 2037 1951 scienter
2052 1886 2101 1949 661

1356 1985 1536 2061 ignoranter
1561 1985 1728 2062 contigerit
1751 1983 1907 2046 attentari.

1395 2080 1414 2154 5
1434 2079 1463 2139 b.
1486 2077 1555 2140 Non
1574 2077 1766 2140 obstantibus
1782 2085 1884 2139 nostra
1899 2082 1931 2138 et
1946 2073 2103 2138 cancella-

1356 2173 1419 2234 riae
1430 2171 1619 2250 Apostolicae
1633 2171 1741 2247 regula
1753 2169 1791 2232 de
1806 2171 1874 2232 iure
1885 2168 2023 2248 quaesito
2038 2182 2101 2228 non

1356 2266 1504 2340 tollendo,
1527 2283 1561 2328 ac
1575 2265 1746 2344 apostolicis
1768 2271 1799 2326 et
1821 2263 1853 2326 in
1875 2260 2103 2325 universalibus

1356 2359 1659 2438 provincialibusque
1684 2367 1715 2421 et
1743 2357 1939 2436 synodalibus
1967 2353 2104 2418 conciliis

1357 2452 1445 2514 editis
1467 2451 1665 2528 generalibus
1687 2450 1737 2512 vel
1759 2449 1939 2528 specialibus
1955 2447 2104 2511 constitu·

1358 2545 1494 2608 tionibus
1517 2552 1548 2607 et
1570 2543 1837 2618 ordinationibus,
1860 2558 1982 2604 necnon
2008 2541 2105 2602 dictae

1357 2638 1567 2718 patriarchalis
1580 2637 1725 2700 ecclesiae
1734 2638 1828 2698 etiam
1838 2637 2023 2709 iuramento,
2033 2649 2104 2696 con-

1358 2733 1534 2794 firmatione
1555 2731 1729 2810 apostolici,
1747 2730 1809 2805 661,
1828 2729 1936 2808 quavis
1957 2727 2103 2791 firmitate

1358 2826 1414 2887 allai
1435 2825 1597 2898 roboratis,
1620 2825 1743 2887 statutis
1764 2831 1794 2884 66
1815 2820 2103 2894 consuetudinibus,

1358 2918 1529 2998 privilegiis
1543 2933 1679 2995 quoque,
1699 2916 1829 2980 indultis
1851 2924 1882 2978 et
1902 2914 2014 2978 litteris
2035 2929 2106 2992 apo-

1357 3012 1473 3074 stolicis
1494 3012 1527 3073 in
1549 3015 1740 3072 contrarium
1764 3009 2004 3089 praemissorum
2029 3021 2104 3085 quo-

1359 3105 1526 3168 modolibet
1558 3104 1720 3178 concessis,
1750 3102 1939 3166 confirmatis
1961 3100 2104 3162 661666-

1359 3201 1446 3262 vatis.
1469 3198 1585 3274 Quibus
1607 3197 1752 3260 omnibus
1773 3205 1803 3260 et
1817 3195 1960 3272 singulis,
1977 3194 2100 3255 illorum

1358 3301 1481 3355 tenores
1512 3289 1725 3370 praesentibus
1753 3305 1808 3369 pro
1838 3288 1932 3367 plene
1960 3295 1991 3348 et
2018 3285 2104 3348 suill-

1358 3387 1477 3450 cienter
1502 3385 1653 3464 expressis
1673 3400 1706 3445 aa
1727 3384 1765 3444 de
1786 3382 1881 3443 verbo
1909 3380 1944 3442 ad
1971 3379 2102 3441 uerbum

1359 3480 1483 3542 insertis
1503 3479 1664 3552 1661666666,
1687 3475 1747 3537 11116
1768 3475 1840 3536 alias
1862 3475 1894 3536 in
1915 3490 1971 3535 suo
1992 3473 2103 3534 robore

1358 3572 1587 3652 permansuris,
1614 3573 1649 3633 ad
1677 3571 1917 3648 praemissorum
1944 3565 2101 3640 ellectum,

1358 3667 1414 3728 hac
1435 3667 1503 3728 6166
1524 3667 1698 3737 dumtaxat,
1721 3661 1895 3742 specialiter
1913 3668 1945 3723 et
1958 3675 2103 3739 expresse

1359 3761 1560 3836 derogamus,
1593 3757 1765 3835 ceterisque
1796 3754 1956 3817 contrariis
1977 3753 2103 3832 quihus-

1358 3869 1504 3931 cumque.

2144 2092 2325 2148 nerogationes

1398 3949 1417 4023 5
1437 3947 1467 4008 d.
1489 3945 1641 4008 Volumus
1656 3951 1760 4006 autem
1775 3949 1810 4005 ut
1824 3941 2003 4003 earumdem
2018 3953 2104 4019 prae·
2155 3959 2333 4018 rmnsumpro-

1357 4043 1496 4105 sentium
1518 4040 1681 4102 literarum
1702 4035 1915 4113 transumptis,
1931 4050 1984 4096 seu
2001 4049 2104 4095 exem·

1358 4136 1427 4215 plis,
1443 4135 1537 4196 etiam
1553 4131 1722 4210 impressis,
1738 4145 1832 4190 manu
1848 4127 1978 4189 alicuius
1992 4126 2103 4188 notarii

1358 4229 1472 4308 publici
1501 4227 1696 4304 subscriptis,
1727 4231 1758 4286 et
1779 4222 1880 4298 sigillo
1902 4236 2051 4301 personae
2072 4220 2103 4282 in

1359 4321 1560 4384 ecclesiastica
1582 4319 1733 4395 dignitate
1753 4315 1939 4378 constitutae
1960 4313 2104 4386 munitis,

1359 4417 1465 4478 eadem
1494 4429 1619 4492 prorsus
1648 4412 1723 4473 fides
1752 4411 1784 4472 in
1814 4407 1927 4471 iudicio
1955 4414 1987 4469 et
2019 4413 2104 4468 extra

1359 4508 1555 4581 adhibeatur,
1585 4521 1663 4583 quae
1691 4504 1891 4566 adhiberetur
1919 4501 1992 4579 ipsis
2020 4515 2105 4577 prae·

1358 4599 1508 4673 sentibus,
1532 4599 1557 4658 si
1579 4596 1682 4659 forent
1704 4595 1858 4658 exhibitae
1883 4592 1933 4654 661
1954 4599 2103 4652 ostensae.

1399 4692 1511 4754 ilatum
1539 4689 1663 4764 Romae,
1694 4689 1774 4765 apud
1803 4686 1833 4749 S.
1865 4685 1990 4747 11661666
2011 4683 2103 4746 11616-

1359 4801 1437 4860 rem,
1451 4785 1510 4847 sub
1529 4782 1646 4845 annulo
1663 4780 1833 4855 Piscatoris,
1850 4780 1899 4842 die
1913 4795 1982 4839 xux.
2001 4776 2105 4838 martii

1360 4894 1553 4953 6666666666,
1574 4874 1771 4954 pontificatus
1786 4873 1884 4934 nostri
1897 4887 1979 4934 anno
1994 4887 2042 4932 111.

1668 5345 1805 5412 XXXlll.

1363 5537 1518 5600 Simonem
1538 5533 1725 5616 (Eacaceia)
1746 5530 2026 5609 Archicpiscopam
2045 5527 2108 5590 Do·

1401 5621 2107 5702 massonamauctoritateapostolicacoasti·

1403 5723 1470 5786 tait
1492 5721 1722 5786 Potriarcham
1745 5716 1959 5784 Maracitana:
1976 5715 2004 5777 ci
2017 5732 2110 5794 prac-

1402 5815 1529 5889 scribit,
1551 5813 1686 5878 adiectis
1708 5811 1872 5894 formulis,
1894 5809 2109 5891 6661666666-

1403 5909 1522 5972 sloaem
1543 5913 1574 5971 ct
1597 5909 1818 5972 iuramentum
1839 5901 2020 5986 fidelitatis,
2036 5919 2110 5981 qao·

2123 4013 2324 4057 rumauctortlas
