4798 6978
358 529 412 585 ni.
427 535 457 586 o.
479 535 547 586 iasa
598 536 659 600 690

381 679 506 726 indicant.
528 682 560 727 oo
618 670 687 745 gb.
711 671 846 735 Celebris
867 681 913 736 est
934 676 1093 740 decietalis
1113 679 1323 757 praedecesso·

347 735 559 834 gingritifflfffl‘
579 763 620 824 ris
642 765 739 828 nostri
761 767 907 832 Bonilacii
930 771 1026 848 Papae
1047 771 1121 836 viti.
1136 771 1170 832 iu
1186 771 1325 859 capilo:

578 857 739 936 gradatio,
765 860 800 922 de
820 863 1164 940 perniciossisimum
1186 867 1260 928 liaeo
1281 867 1322 928 le-

579 959 713 1026 guntur:
740 951 924 1034 Superque
947 956 1007 1022 tibi
1030 959 1144 1022 taliter
1159 959 1322 1038 respoude-

578 1060 661 1117 mus,
688 1049 768 1124 quod
789 1047 926 1113 cerbatis
949 1051 1136 1132 depredatio
1157 1069 1214 1114 seu
1236 1053 1323 1131 depo·

578 1138 655 1200 sitio
670 1137 709 1203 ab
725 1140 893 1206 ordinibus
909 1143 956 1205 uel
968 1143 1120 1225 gradibus
1132 1145 1323 1210 ecciesiasti-

579 1235 634 1306 cis,
653 1241 699 1296 est
714 1255 733 1298 a
748 1239 877 1315 proprio
894 1239 1058 1318 Episcopo,
1076 1237 1139 1302 sibi
1153 1240 1324 1304 assistente

579 1327 614 1388 in
637 1329 867 1409 degradatione
877 1333 1068 1396 clericorum
1084 1335 1119 1396 iri
1134 1333 1237 1396 sacris
1252 1350 1324 1394 con-

578 1422 774 1485 stitutorum
789 1424 965 1490 Ordinibus
987 1433 1073 1488 certo
1095 1427 1323 1506 Episcoporum

579 1530 711 1578 numero
747 1519 876 1596 definito
912 1518 1106 1594 canonibus,
1145 1520 1293 1602 iaciendo
1309 1541 1323 1592 ,-

579 1625 770 1689 quamquam
800 1615 927 1692 proprii
964 1612 1112 1692 Episcopi
1142 1615 1319 1688 sententio,

579 1703 648 1763 sine
678 1705 820 1767 aliorum
857 1707 1085 1786 Episcoporurn
1115 1705 1320 1786 praesentia,

578 1797 718 1877 sufficiat
740 1799 776 1860 in
798 1799 1025 1880 depredatione
1046 1817 1166 1873 eorum,
1189 1801 1244 1878 qui
1265 1801 1325 1862 mi·

579 1907 670 1952 nores
692 1893 867 1956 dumtacot
889 1895 1016 1958 ordines
1039 1898 1236 1973 receperunt.

348 1977 561 2087 degsrfflfigffl}
618 1985 637 2060 ἓ
657 1985 686 2048 6.
711 1985 806 2048 Notae
827 1997 902 2051 sunt
923 1991 1015 2051 etiam
1041 1989 1214 2051 sanctiones
1235 2003 1325 2048 cano·

348 2084 560 2186 {pgmgrffiecffigtd
580 2095 668 2155 num,
692 2097 767 2158 quos
789 2083 900 2146 indicat
923 2083 1021 2160 glossa
1042 2083 1198 2156 canonica,
1217 2083 1320 2143 incit.

348 2192 477 2247 permissa.
580 2190 649 2253 cap.
674 2173 879 2254 Deprudatio,
905 2177 940 2237 iu
963 2174 1064 2238 corbis
1082 2173 1265 2238 Cononibus
1289 2174 1324 2235 de

579 2268 699 2345 poenis,
732 2269 769 2330 iu
800 2275 899 2341 sento,
933 2271 1048 2350 quique
1079 2270 1234 2332 deliniunt
1266 2285 1324 2330 nii·

580 2375 705 2423 merum
721 2362 954 2441 Episcopoium,
975 2363 1026 2441 qui
1043 2363 1183 2424 assistere
1198 2360 1323 2436 debent,

581 2455 634 2517 ulii
662 2456 893 2535 pronuncianda
921 2457 961 2518 sit
990 2455 1167 2532 degradatio
1193 2453 1325 2516 verbalis

581 2547 728 2611 adversus
748 2546 895 2611 clericum
918 2550 949 2610 in
972 2549 1139 2610 maioribus
1164 2547 1325 2610 ordinibus

581 2643 797 2705 constitutum.

375 2739 560 2785 assessorum
621 2737 640 2811 5
662 2737 690 2798 7.
714 2735 776 2797 Nec
797 2753 983 2818 quemquam
999 2737 1094 2801 latere
1115 2745 1227 2815 potest,
1243 2733 1324 2813 quod

348 2791 444 2838 verbali
471 2792 588 2891 depre-⁸
827 2833 857 2844 ,,
939 2835 944 2846 ,
1029 2834 1034 2845 ,
1304 2831 1309 2841 .

350 2846 402 2892 aar.
430 2857 482 2902 quo
518 2856 562 2891 uie
582 2849 614 2894 in
636 2847 718 2892 sacro
741 2831 878 2896 Concilio
894 2832 1078 2896 Tridentino
1099 2839 1252 2894 statutum
1267 2830 1325 2892 luit

350 2899 477 2946 truantur.
583 2925 661 2988 Sese.
687 2926 772 2989 xiii.
798 2943 865 3005 cap.
883 2927 905 2986 4
925 2926 962 2988 de
984 2928 1128 3006 reform..
1151 2925 1203 2987 ulii
1226 2941 1324 3001 quum

580 3022 833 3084 animadversum
854 3022 972 3097 luisset,
985 3039 1049 3085 non
1065 3022 1106 3084 ita
1122 3021 1208 3084 lacile
1231 3021 1263 3082 in
1277 3036 1326 3082 oo·

581 3116 779 3178 currentibus
790 3117 1046 3194 degradationem
1063 3117 1180 3180 casibus
1194 3115 1325 3194 reperiri

581 3225 668 3288 posse
690 3225 858 3272 numerum
882 3211 1104 3290 Episcoporum
1125 3208 1326 3296 acanonibus

582 3305 778 3382 requisitum,
795 3303 922 3367 lacultas
938 3306 973 3366 llt
988 3305 1144 3384 Episcopis
1159 3303 1325 3386 proceden-

581 3397 610 3459 di
634 3399 727 3460 etiam
749 3398 862 3476 absque
890 3397 968 3475 illis3
998 3399 1140 3461 adhibitis
1163 3404 1266 3459 tamen
1287 3397 1327 3457 si-

581 3490 674 3568 bique
696 3505 729 3552 ea
751 3491 783 3552 iii
807 3507 839 3552 re
860 3491 1073 3554 assistentibus
1095 3490 1223 3554 totidem
1238 3490 1326 3551 abba-

582 3583 675 3660 tibus,
693 3585 865 3647 incivitate
886 3593 938 3648 aiit
960 3585 1090 3649 dioecesi
1106 3585 1324 3659 residentibus

580 3683 673 3756 atque
693 3695 751 3740 usu
773 3677 882 3740 mitrae
904 3687 935 3741 et
955 3678 1054 3742 baculi
1076 3695 1114 3741 eii
1137 3677 1326 3756 spostolicae

582 3771 668 3834 Sedis
690 3773 809 3835 indulto
830 3776 991 3848 decoratis,
1014 3775 1076 3849 rel,
1091 3775 1116 3836 si
1139 3773 1169 3835 hi
1192 3789 1255 3834 non
1276 3773 1327 3834 ad·

580 3865 654 3942 sint,
685 3866 751 3928 aliis
777 3869 919 3945 personis
941 3869 972 3930 iii
995 3868 1196 3930 ecclesiastica
1225 3867 1327 3944 digni·

580 3967 643 4022 tate
664 3961 849 4037 constitutis,
872 3969 991 4024 matura
1014 3969 1112 4024 aetate
1126 3971 1157 4022 et
1172 3977 1325 4024 sacrarum

581 4052 687 4129 legum
709 4055 836 4117 scientia
858 4057 1084 4133 spectabilibus.

620 4147 640 4220 ἓ
661 4148 689 4210 B.
713 4149 866 4224 Quoniam
882 4167 966 4225 vero,
983 4152 1067 4214 iuxta
1083 4162 1223 4214 veterem
1238 4151 1328 4213 disci-

580 4240 708 4320 plinam,
725 4243 865 4305 verbales
887 4244 1119 4321 degradationes
1141 4245 1327 4322 perageban-

583 4342 634 4398 tur
663 4335 695 4397 in
725 4323 856 4414 Synodis
887 4338 1139 4416 provincialibus,
1162 4346 1193 4401 et
1220 4338 1250 4400 iii
1281 4337 1328 4402 his

581 4429 707 4507 quidem
728 4431 844 4506 singuli
859 4433 1000 4511 Episcopi
1022 4448 1115 4495 suum
1131 4432 1328 4512 prolerebant

580 4523 780 4600 suffragium
803 4541 901 4603 quum
923 4541 1006 4588 nunc
1030 4527 1182 4606 Episcopi,
1205 4525 1255 4588 vel
1276 4527 1327 4588 alii

581 4615 775 4678 ecclesiastici
793 4617 863 4692 viri,
880 4621 918 4680 de
935 4620 1048 4697 quibus
1062 4621 1208 4693 diximus,
1225 4620 1327 4684 locuni

583 4717 692 4786 gerant
713 4711 839 4772 Patrum
862 4713 893 4774 iii
916 4713 1061 4776 Conciliis
1086 4713 1329 4777 Prouincialibus

582 4803 798 4879 assidentium,
814 4803 901 4867 lacile
915 4806 1115 4888 intelligitur,
1132 4808 1164 4869 in
1180 4809 1235 4870 lios
1250 4808 1329 4870 deri·

583 4905 690 4960 ratum
712 4915 777 4959 esse
798 4899 847 4960 ius
872 4899 990 4962 lerendi
1011 4901 1148 4978 snllragii
1170 4902 1202 4964 in
1224 4904 1330 4980 degra-

583 4991 758 5054 dationibus
784 4993 971 5069 verbalibus,
993 4996 1029 5057 ad
1051 5010 1141 5072 quas,
1165 4996 1210 5058 uti
1235 5013 1328 5057 asses-

583 5101 679 5160 sores,
692 5085 881 5164 inritantur;
900 5087 1161 5166 quemadmodum
1173 5089 1263 5168 plene
1279 5091 1329 5152 de·

585 5189 794 5244 monstratum
809 5199 824 5242 a
840 5182 929 5244 nobis
943 5183 1002 5245 luit
1018 5183 1048 5245 in
1065 5192 1172 5246 nostro
1187 5186 1329 5248 'tractatu

585 5272 630 5334 Ec
643 5275 718 5351 Spu.
734 5275 842 5349 dioec,
857 5274 911 5338 lib.
927 5277 960 5348 9,
974 5293 999 5336 c.
1013 5281 1046 5350 d,
1065 5296 1096 5340 u.
1109 5277 1132 5336 4
1146 5278 1262 5340 noviss.
1281 5279 1327 5341 od.

382 5369 411 5412 ¹¹¹
427 5366 488 5412 ΜΗ
506 5377 568 5464 lgm·
626 5370 646 5444 ἓ
666 5370 694 5432 9.
717 5368 882 5433 verbalem
910 5371 1160 5447 degradationem
1189 5373 1331 5450 sequitur

373 5421 568 5538 ”besiawiiqib
587 5463 761 5539 degradatio
782 5463 889 5538 realis,
913 5465 1001 5526 cuins
1028 5466 1226 5542 exequendae
1252 5467 1331 5528 ratio

354 5526 569 5639 fissagississffm‘*
587 5557 731 5618 distincte
750 5557 970 5634 praescribitur
983 5559 1016 5620 in
1032 5558 1200 5621 Pontificali
1222 5559 1331 5621 Roma·

588 5667 639 5712 no.
664 5651 702 5712 Et
725 5651 756 5713 in
773 5651 827 5713 hac
842 5651 935 5714 etiam
950 5653 1083 5715 Ecclesia
1094 5655 1225 5716 minime
1240 5655 1331 5716 ornit-

587 5745 624 5806 tit
646 5745 802 5823 perspicua
829 5745 966 5808 lenitatis
993 5754 1025 5808 et
1049 5747 1170 5826 pietatis
1191 5763 1264 5809 suae
1285 5764 1331 5808 ar-

587 5845 735 5915 gumenta
757 5839 913 5916 praebere.
930 5839 1068 5915 Etenim,
1088 5841 1267 5919 priusquam
1281 5841 1332 5903 de·

587 5930 750 6008 gradatum
765 5931 863 6004 tradat
884 5933 1047 5996 saecularis
1061 5935 1164 5997 curiae
1174 5935 1330 6012 ministro,

1098 561 1162 606 ltili.
1187 561 1276 605 PONT·
1300 561 1341 606 DE
1363 562 1391 606 P·
1415 561 1444 607 E·
1470 563 1552 608 PARS
1575 563 1595 607 i.

2154 549 2203 601 An.
2216 553 2242 602 0.
2260 556 2312 610 litii

1380 695 1435 757 pro
1446 695 1482 742 eo
1495 680 1658 743 efficaciter
1671 681 1864 760 deprecatur,
1877 699 1917 746 ne
1932 699 2029 762 poena
2044 701 2127 748 mor-

1381 772 1419 834 tis
1447 780 1499 834 aut
1529 773 1733 838 mutilationis
1765 777 1991 852 membrorum,
2023 778 2127 840 eidem

1379 866 1559 944 infligatur:
1583 866 1716 930 bomine
1737 869 1851 942 ludes,
1877 869 1970 932 verba
1990 879 2066 932 sunt
2087 870 2129 934 ci-

1381 960 1433 1022 tati
1456 961 1658 1038 pontillcelis,
1688 978 1837 1042 rogamus
1856 979 1917 1024 *uos
1947 964 2128 1026 cumomni

1379 1051 1510 1132 affectu,
1527 1070 1587 1132 quo
1607 1070 1788 1133 possumus,
1803 1063 1841 1119 ut
1856 1073 1963 1120 amore
1980 1056 2047 1130 Dei,
2064 1059 2130 1136 pie·

1382 1148 1470 1228 tutis¹
1482 1153 1514 1209 et
1535 1149 1778 1212 misericordior
1799 1151 1941 1222 intuitu,
1958 1157 1988 1213 et
2004 1159 2130 1214 nostro·

1381 1257 1454 1302 rum
1477 1241 1664 1304 interventu
1685 1245 1915 1321 precaminum,
1947 1246 2129 1324 miserrimo

1380 1333 1457 1396 liuic
1479 1333 1607 1396 nulium
1628 1338 1742 1399 mortis
1764 1337 1812 1398 uel
1833 1339 2057 1402 mutilationis
2079 1355 2130 1416 pe·

1381 1427 1524 1490 ciculum
1547 1429 1710 1510 inferatis.
1735 1431 1894 1511 Multoque
1915 1441 1987 1496 ante
2002 1433 2130 1496 Pontifi-

1380 1520 1452 1583 calis
1473 1522 1604 1584 Romani
1626 1523 1896 1601 compilationem,
1921 1527 2054 1604 idipsum
2077 1543 2131 1588 eir·

1382 1632 1520 1696 pressum
1546 1617 1663 1694 legitur
1685 1618 1716 1679 in
1752 1620 1827 1695 Gap.
1853 1619 2023 1689 Nouimus,
2046 1617 2130 1696 quod

1381 1717 1427 1772 est
1450 1711 1622 1774 innocentii
1644 1711 1691 1775 lll.
1722 1711 1768 1773 De
1796 1709 1918 1774 verbor.
1949 1711 2128 1791 significat.

1382 1804 1439 1866 ibi:
1464 1805 1527 1866 Pro
1548 1822 1608 1884 quo
1631 1812 1748 1877 tamen,
1771 1821 1874 1868 sermo
1895 1812 1941 1867 est
1962 1806 2000 1867 de
2020 1806 2132 1880 degra-

1381 1899 1451 1962 dato
1472 1899 1619 1962 saeculari
1645 1900 1747 1963 curiae
1776 1901 1942 1974 tradendo,
1972 1898 2060 1962 debet
2083 1892 2144 1960 ec-'

1382 1993 1478 2057 cleric
1494 1993 1663 2075 efficaciter
1678 1993 1883 2064 intercedere,
1899 1994 1977 2074 apud
1994 1993 2132 2054 iudicem

1381 2087 1506 2162 laicum,
1524 2091 1573 2160 ut,
1592 2087 1678 2148 citro
1693 2087 1808 2147 mortis
1828 2085 2022 2163 periculum,
2039 2085 2132 2147 circu

1382 2196 1453 2242 eum
1474 2181 1635 2242 sententia
1657 2178 1850 2240 moderetur.
1875 2177 1982 2242 Videri
2004 2193 2132 2257 quoque

1381 2279 1480 2352 potest
1501 2272 1655 2334 Alteserra
1677 2271 1719 2335 od
1740 2273 1796 2334 cit.
1817 2273 1890 2350 Cup.
1910 2272 2077 2354 Nouimus,
2096 2272 2133 2334 de

1381 2363 1465 2428 oerb.
1488 2366 1602 2448 siguis.
1618 2365 1670 2428 iibi
1686 2365 1789 2444 plures
1804 2366 1922 2443 colligit
1937 2375 2061 2445 patrum
2077 2383 2132 2428 au-

1381 2459 1537 2520 ctoritates
1558 2467 1767 2537 congruentes
1789 2460 1836 2534 iis,
1853 2476 1932 2538 quae
1954 2461 1986 2522 in
2008 2459 2132 2539 praein-

1381 2552 1478 2614 dicata
1499 2551 1645 2614 decretali
1666 2559 1859 2616 statuuntur.

1422 2644 1510 2720 §lb
1535 2647 1579 2708 dd
1612 2646 1860 2709 confirmandum
1886 2655 1991 2710 antem
2012 2662 2131 2708 assum·
2171 2663 2318 2726 iqomspiin

1382 2745 1470 2818 ptum
1493 2745 1647 2814 nostrum,
1671 2739 1708 2800 de
1729 2755 1852 2801 sunimo
1873 2739 1994 2818 pietatis
2014 2740 2130 2814 studio,
2149 2721 2321 2826 {3¹52ssssss

1381 2848 1443 2911 quo
1458 2833 1591 2895 Ecclesia
1613 2833 1707 2894 etiam
1728 2832 1772 2894 nil
1798 2833 1856 2896 tale
1877 2834 2005 2896 meritos
2025 2850 2133 2912 prose-
2150 2823 2321 2924 {fficium

1382 2927 1501 3005 quitur,
1525 2928 1668 3006 viamque
1689 2928 1746 3006 ipsi
1769 2928 1976 2990 intercludere
2004 2929 2131 3004 nititur,

1383 3037 1424 3083 ne
1446 3021 1555 3082 mortis
1581 3035 1713 3098 poenam
1735 3037 1790 3100 per
1818 3022 1927 3084 delicta
1954 3023 2130 3098 incurrant,

1382 3114 1525 3188 dicimus,
1548 3113 1764 3193 antiquissima
1787 3115 1981 3192 providentia
2002 3123 2132 3178 cautum

1383 3205 1488 3281 luisse,
1505 3215 1550 3282 ut,
1566 3207 1619 3286 qni
1635 3223 1652 3268 e
1666 3209 1788 3286 propria
1810 3207 1843 3268 iii
1864 3207 1997 3270 alienam
2012 3209 2133 3272 dioece-

1382 3301 1441 3362 sim
1465 3301 1703 3378 transgreditur,
1721 3301 1779 3362 nisi
1802 3300 1895 3363 luerit
1917 3302 1950 3364 in
1968 3303 2023 3364 liac
2038 3303 2133 3381 plene

1382 3395 1535 3470 cognitus,
1552 3409 1658 3456 secum
1679 3392 1758 3455 ierat
1779 3393 1933 3457 Ordinarii
1947 3395 1994 3456 sui
2013 3396 2132 3472 literas,
2221 3451 2223 3456 .

1383 3487 1493 3565 quibus
1509 3486 1585 3548 fides
1600 3487 1664 3561 liat,
1676 3503 1750 3548 eum
1765 3503 1830 3549 esse
1844 3487 2047 3564 sacerdotem,
2059 3489 2134 3551 nul-

1383 3579 1487 3658 loque,
1499 3579 1580 3659 quod
1602 3579 1728 3656 sciatur,
1742 3581 1890 3644 canonico
1905 3581 2132 3661 impedimento

1383 3677 1563 3750 detentum,
1591 3676 1758 3754 quominus
1778 3693 1861 3738 sacra
1883 3677 2029 3754 mysteria
2051 3677 2133 3739 cele-

1382 3770 1472 3832 brare
1493 3777 1596 3849 queat.
1621 3770 1683 3832 lani
1707 3771 1735 3832 id
1758 3772 1919 3834 decretum
1944 3773 2074 3836 habetur
2097 3774 2130 3836 in

1382 3879 1464 3926 saera
1496 3863 1739 3926 chalcedonensi
1772 3864 1913 3942 Synod03
1948 3867 2000 3928 ubi
2030 3883 2130 3944 quuin
2177 3883 2323 3929 providisti-
2364 3877 2365 3930 ζ

1384 3957 1585 4020 interdictum
1619 3956 1741 4033 legatur
1768 3957 1880 4022 clerico
1908 3965 2001 4037 atque
2023 3960 2130 4021 lectori
2150 3938 2200 4037 3ξῖ
2221 3937 2323 4046 ξθμῗζῇἳξξ

1384 4067 1401 4112 e
1421 4066 1475 4113 sua
1497 4052 1529 4113 iii
1545 4050 1636 4112 aliam
1651 4051 1815 4112 dioecesim
1830 4053 2048 4130 commigrare,
2064 4069 2130 4116 non
2150 4045 2324 4152 {inffiffiffii

1385 4145 1592 4223 praecinentis
1607 4146 1786 4207 memoratis
1801 4146 1909 4222 literis,
1926 4161 2001 4224 quas
2016 4146 2132 4208 disces-

1384 4255 1439 4300 sus
1461 4237 1661 4317 appellamus,
1685 4255 1700 4298 a
1722 4239 1845 4317 proprio
1868 4239 2027 4318 Episcopo,
2050 4239 2133 4303 laco-

1386 4335 1442 4396 bus
1473 4333 1614 4396 Guiaoius
1650 4333 1765 4411 aliique
1799 4341 1866 4411 post
1895 4349 1968 4394 eum
1997 4334 2131 4396 accurati

1384 4427 1549 4504 scriptores
1580 4433 1792 4501 monuerunt,
1824 4441 1896 4490 cum
1923 4441 1996 4488 sera
2027 4433 2132 4487 teitus

1385 4521 1519 4583 lectione
1548 4535 1816 4598 nonsscongruere
1844 4521 1975 4582 verbum
2004 4521 2130 4593 lectori,

1385 4616 1438 4678 sed
1461 4615 1587 4694 ipuoto;
1609 4616 1870 4695 quemadmodum
1885 4624 1915 4676 et
1930 4615 1986 4692 ipsi
2008 4616 2132 4677 adnota-

1386 4709 1487 4770 vimus
1503 4709 1538 4770 in
1553 4713 1664 4773 nostra
1680 4711 1891 4774 institutione
1904 4712 1957 4784 34,
1976 4710 2131 4774 editionis

1387 4803 1521 4876 latinae,
1538 4807 1557 4880 ἓ
1574 4806 1602 4864 1.
1626 4805 1710 4880 Quod
1726 4806 1751 4867 si
1767 4806 1935 4868 vetustiora
1952 4807 2046 4869 etiam
2061 4823 2131 4886 pro·

1386 4899 1501 4978 positae
1523 4899 1699 4976 disciplinae
1716 4900 1865 4978 principia
1886 4901 2074 4978 investigare
2096 4901 2131 4962 li-

1388 4993 1466 5066 beat,
1488 4992 1606 5055 consuli
1630 5000 1758 5072 possunt
1779 5009 1923 5068 canones,
1939 4996 1992 5074 qui
2014 5004 2133 5074 aposto-

1387 5087 1437 5151 lici
1452 5095 1613 5162 vocantur,
1625 5087 1705 5164 apud
1722 5088 1910 5151 cotelerium
1936 5089 1969 5150 in
1994 5089 2131 5152 editione

1387 5183 1525 5246 Patrum
1536 5183 1800 5258 Apostolicorum,
1821 5183 1902 5244 Tam.
1922 5185 1950 5256 1,
1966 5182 2020 5250 iib.
2034 5187 2069 5254 8,
2086 5183 2133 5244 in-

1388 5287 1435 5340 ter
1456 5294 1532 5356 quos
1553 5278 1638 5339 adest
1659 5279 1772 5341 Canon.
1786 5278 1862 5342 iiiii.
1881 5279 1922 5339 ita
1943 5277 2128 5340 decernens:

1390 5371 1517 5448 Siquis
1545 5370 1699 5444 clericus,
1722 5379 1781 5434 out
1811 5371 1929 5443 laicus,
1952 5389 1971 5434 o
1993 5387 2131 5432 commu·
2161 5376 2323 5444 rqiqsiioiiei-

1388 5468 1482 5528 niune
1511 5481 1693 5542 suspensus,
1722 5463 1769 5524 vel
1799 5463 2057 5534 communicans,
2090 5463 2131 5526 ud
2149 5439 2318 5534 affatuum

1388 5561 1488 5624 oliam
1507 5565 1655 5639 properet
1677 5561 1854 5633 ciuitatem,
1877 5567 1907 5622 et
1928 5561 2132 5638 suscipiatur

1388 5658 1517 5732 praeter
1547 5653 1825 5716 commendatitias
1857 5653 1986 5725 literas,
2020 5653 2131 5730 etqui

1387 5753 1595 5825 susceperuut
1617 5753 1647 5808 et
1669 5747 1724 5824 qui
1745 5753 1911 5824 susceptus
1928 5753 1974 5808 est
1996 5761 2132 5807 commu·

1388 5842 1482 5902 nioue
1490 5842 1678 5918 priventur:
1691 5839 1967 5902 incommunicato
1977 5855 2049 5900 cero
2059 5854 2133 5917 pro-

1388 5935 1515 5998 tutetur
1535 5933 1606 6012 ipse
1627 5933 1797 6009 correptio,
1815 5939 1977 6011 tamquam
1999 5933 2034 5995 in
2047 5948 2132 5994 men·
