4820 6980
161 3192 238 3243 Quae
255 3191 342 3236 aucam

118 3253 242 3304 canere
267 3242 343 3298 licet,

120 3299 160 3340 rte
178 3296 343 3343 modulanda

120 3353 199 3404 sunt,
224 3355 255 3395 ut
278 3353 343 3396 recte

121 3405 344 3458 percussumque

993 528 1192 586 annumeras
1212 539 1276 586 xxv.

362 654 419 731 vit,
442 648 523 733 qnod
544 659 590 715 est
614 673 702 718 num.
723 656 768 720 76
791 657 827 719 16
851 658 920 720 eius
944 655 1105 720 Bullario.

363 749 398 810 ln
420 765 456 811 eo
477 754 594 824 antem,
617 750 722 812 offusis
743 751 899 812 uariarum
923 750 1107 826 interpreta-

363 843 483 905 tionum
504 843 641 906 tenebris
663 844 787 922 penitus
808 844 962 924 dispulsis,
979 859 1048 906 rem
1064 851 1108 906 to·

363 943 424 996 tam
438 937 580 1014 aperiens
601 953 635 1000 ac
655 937 824 1012 declarans,
847 938 1020 1012 generatim
1035 954 1108 1015 qua-

362 1045 569 1108 rumcumque
589 1031 816 1092 cantilenarum
841 1046 896 1093 seu
916 1037 1108 1092 motetorum

361 1131 486 1186 cautum
497 1124 666 1203 probibuit:
677 1125 710 1185 in
721 1139 876 1186 sacrarum
888 1131 993 1185 autem
1005 1123 1108 1183 missa·

363 1235 434 1282 rum
449 1218 640 1281 solemnibus
659 1217 853 1282 solummodo
871 1218 1012 1296 permisit
1026 1217 1109 1280 ultra

361 1321 489 1376 cantum
509 1313 631 1377 Gloriae
651 1319 683 1374 et
704 1311 855 1390 Symboli,
871 1318 905 1373 ut
925 1309 994 1372 cani
1009 1317 1109 1386 posset

362 1409 521 1483 introitus,
544 1405 694 1470 Graduale
709 1414 740 1468 et
754 1404 972 1480 Odertorium3
997 1404 1028 1464 iu
1050 1401 1110 1466 116-

361 1502 457 1579 speris
471 1516 558 1575 uero,
575 1500 661 1562 nulla
683 1499 855 1561 mutatione
870 1500 964 1561 etiam
979 1497 1108 1560 minima

363 1595 449 1670 tacta,
461 1594 663 1672 antiphonae,
676 1610 755 1672 quae
765 1593 855 1655 initio
869 1593 1020 1670 cuiusque
1033 1590 1109 1669 psal-

362 1687 417 1762 mi,
440 1687 490 1749 661
512 1689 545 1748 16
568 1687 709 1749 61661166
731 1685 888 1748 dicuntur.
911 1686 1041 1762 insuper
1056 1698 1110 1743 vo-

362 1780 420 1843 luit
442 1788 473 1843 et
494 1779 601 1854 iussit,
626 1788 660 1842 ut
682 1787 821 1842 cantores
848 1778 958 1840 musici
979 1775 1108 1838 omnino

361 1873 464 1949 legem
485 1873 573 1935 chori
592 1879 811 1950 sequerentur,
825 1880 856 1933 et
877 1887 948 1934 cum
971 1886 1007 1932 eo
1022 1885 1106 1948 pror-

361 1982 412 2028 sus
423 1965 639 2038 conuenirent,
653 1973 684 2026 et
695 1966 956 2044 quemadmodum
970 1963 1002 2023 in
1014 1961 1108 2023 choro

361 2059 405 2121 las
426 2055 492 2121 uon
511 2066 557 2120 est
572 2059 688 2135 aliquid
710 2059 821 2120 addere
842 2057 942 2119 otllcio
965 2056 1015 2118 vel
1036 2054 1109 2117 mis-

360 2169 422 2228 sae,
439 2153 479 2214 ita
502 2153 593 2214 etiam
617 2151 743 2214 musicis
761 2149 862 2213 noluit
884 2149 911 2210 id
935 2149 1061 2222 liceret;
1078 2157 1108 2210 et

362 2247 440 2309 iliud
462 2248 621 2308 dumtaxat
648 2245 811 2318 concessit,
835 2251 868 2305 ut
890 2259 927 2304 ex
954 2241 1054 2302 otllcio
1078 2249 1108 2301 61

361 2341 465 2413 missa,
481 2355 558 2419 quae
574 2340 607 2401 in
622 2338 820 2400 solemnitate
842 2334 1034 2398 sanctissimi
1056 2334 1108 2396 Sa·

361 2434 513 2496 crementi
536 2431 680 2511 Gnrporis
702 2431 825 2494 Domini
847 2429 995 2492 celebrari
1016 2426 1106 2498 solet,

361 2527 513 2589 nimirum
541 2541 586 2587 ex⁴
606 2526 731 2604 hymnis
759 2522 790 2585 S.
821 2524 969 2598 Thomae,
998 2524 1049 2585 vel
1069 2539 1109 2584 ex

360 2620 539 2698 antiphonis
560 2619 690 2696 aliisque
710 2618 815 2680 relatis
836 2618 868 2680 in
891 2617 1047 2678 Breviario
1069 2632 1108 2676 ex

360 2713 473 2776 11166611
494 2713 644 2786 Romano,
668 2727 795 2773 carmen
815 2710 937 2788 aliquod
966 2727 1020 2772 sen
1043 2724 1108 2770 mo-

361 2813 475 2881 16166,
498 2805 583 2868 nulla
606 2805 775 2867 verborum
796 2805 964 2878 varietate,
986 2803 1107 2865 desumi

361 2911 392 2964 et
413 2901 529 2964 cantari
558 2908 661 2979 posset
682 2901 717 2962 ad
740 2897 880 2962 fidelium
907 2897 1108 2960 devotionem

361 2996 567 3068 excitandam,
582 2993 659 3055 dum
673 3009 756 3054 sacra
771 2991 875 3054 Hostia
890 2992 1042 3066 elevatur,
1058 2990 1107 3053 uel

361 3087 483 3167 publice
504 3085 679 3150 veneranda
698 3092 729 3148 61
743 3084 869 3148 colenda
891 3084 1065 3146 exhibetur.

401 3181 470 3258 59.
495 3183 576 3258 Lege
597 3189 702 3243 autem
731 3177 941 3242 ecclesiasticis
966 3180 1108 3241 cantiun-

362 3276 449 3351 culis,
471 3293 526 3338 seu
548 3275 713 3337 modulatis
741 3275 942 3347 carminibus,
965 3284 1017 3337 aut
1043 3289 1108 3335 mo-

362 3372 434 3433 16116
449 3371 558 3450 posita,
575 3369 683 3446 negari
699 3369 821 3448 nequit,
837 3383 900 3429 non
918 3385 1025 3446 parum
1041 3385 1107 3431 mo-

122 3456 252 3510 prensam
267 3457 344 3514 ports
363 3465 461 3528 menti
483 3463 519 3525 ad
540 3463 747 3526 removendos
767 3463 804 3523 ab
819 3462 954 3524 ecclesiis
977 3462 1107 3524 theatra·

122 3509 342 3557 simumioveant.

363 3561 406 3622 les
428 3565 535 3621 cantus
566 3556 695 3619 allatum
720 3571 803 3628 esse,
825 3554 879 3616 sed
909 3570 1033 3617 necesse
1060 3561 1107 3616 661

362 3651 464 3725 lateri,
486 3651 522 3711 ad
544 3650 639 3710 tinem
666 3649 858 3727 propositum
879 3649 1107 3724 assequendum

362 3746 391 3808 id
414 3759 477 3808 uon
499 3742 651 3806 subicere.
676 3741 757 3803 Fieri
780 3742 865 3802 enim
887 3748 986 3820 potest
1008 3750 1038 3802 et
1060 3741 1107 3802 ni-

361 3838 420 3900 mis
440 3837 534 3899 etiam
562 3851 626 3898 nnn
650 3833 717 3895 sine
744 3841 851 3895 nostro
876 3833 1049 3908 doloresit,
1072 3841 1107 3897 ut

361 3940 470 3995 cantus
484 3929 616 4001 Gloriae,
630 3927 781 4006 symboli,
799 3928 959 4001 introitus
975 3926 1108 3990 Gradus·

363 4027 412 4100 lis,
428 4022 583 4088 Gllertorii
598 4029 630 4084 61
644 4028 836 4082 caeterorum
858 4021 1013 4093 omnium,
1029 4037 1107 4099 quae

362 4119 420 4181 rite
441 4135 475 4181 ac
496 4116 533 4177 de
554 4129 643 4176 more
666 4114 699 4175 16
721 4112 819 4175 1116616
840 4120 871 4174 61
895 4113 1048 4191 vesperis,
1072 4123 1107 4176 ut

360 4230 452 4293 supra
473 4211 591 4275 dictum
613 4218 669 4284 est,
692 4209 808 4271 cantari
828 4209 940 4282 solent,
963 4208 1105 4269 theatrali

362 4322 459 4380 more,
483 4313 514 4368 et
534 4303 674 4366 scaenico
695 4301 826 4378 strepitu
849 4309 1023 4380 peragatur.
1047 4300 1108 4362 bla-

361 4416 441 4477 gnus
463 4399 630 4477 Episcopus
644 4394 817 4456 Guilelmus
831 4393 990 4456 Lindanns
1007 4394 1038 4456 in
1053 4411 1106 4456 sna

360 4491 504 4570 Panoplia
516 4489 712 4566 Evangelica,
726 4485 780 4550 tio.
794 4490 828 4558 4,
847 4504 915 4566 cop.
929 4489 987 4558 78,
1003 4488 1106 4550 cantui

361 4586 478 4649 musico
507 4585 540 4646 in
569 4581 703 4645 ecclesiis
729 4597 793 4644 non
823 4579 1021 4658 adversatum
1054 4579 1105 4642 sed

360 4680 538 4758 frequentes
559 4676 758 4755 repetitiones
773 4681 805 4736 et
820 4691 931 4737 vocum
954 4674 1106 4737 contusio·

361 4788 416 4834 nes
438 4770 602 4849 improbat,
626 4769 842 4847 proponitque,
859 4776 894 4830 nt
916 4769 948 4830 in
971 4768 1106 4830 ecclesiis

361 4883 394 4928 ea
410 4865 526 4927 musica
547 4861 739 4936 adhibeatur,
755 4877 834 4938 quae
848 4868 1053 4923 consentanea
1067 4862 1107 4923 sit

361 4959 465 5033 rebus,
481 4972 560 5035 quae
573 4962 740 5017 canuntur.
767 4954 965 5032 Quarnqnom
981 4969 1045 5014 non
1059 4969 1107 5014 me

362 5057 482 5137 166161,
501 5053 688 5132 quibusdam
708 5050 865 5110 musicam
887 5063 959 5108 cum
975 5047 1106 5125 seponis

362 5156 392 5210 61
410 5147 544 5210 musicis
558 5147 680 5208 rectius
694 5144 797 5206 uideri
813 5142 1024 5212 retinendam,
1038 5143 1107 5220 qui·

362 5241 419 5305 hus
434 5242 576 5318 equidem
591 5237 785 5316 perlibenter
806 5238 978 5305 assentiar,
995 5237 1023 5298 si
1038 5251 1106 5298 una

360 5352 418 5417 pro
441 5336 503 5396 isto
525 5350 645 5413 ponere,
663 5332 744 5410 quod
765 5345 851 5390 utana
872 5330 993 5406 passim
1014 5330 1108 5391 eccle-

360 5435 426 5495 sias
450 5437 596 5507 occupat,
612 5426 705 5490 eliud
727 5424 970 5493 introducatur,
989 5430 1018 5485 61
1033 5439 1106 5502 pra·

361 5527 434 5587 eius
445 5531 475 5586 et
489 5520 582 5585 rebus
593 5521 671 5597 ipsis
684 5519 934 5586 convenientius,
946 5523 977 5578 et
988 5517 1016 5576 si
1030 5531 1104 5586 nen,

362 5625 401 5681 ut
423 5623 557 5698 oportet,
581 5613 970 5692 praecessorumque
992 5611 1106 5672 666161

361 5711 515 5780 vicinius,
543 5709 657 5771 saitem
684 5705 792 5778 rebus,
816 5723 897 5786 quoe
924 5712 1103 5774 canuntur,

361 5805 471 5884 aplius
494 5812 590 5882 atque
619 5800 900 5864 accommodatius.
932 5797 1106 5860 brexettius

361 5901 394 5962 in
414 5913 470 5960 suo
492 5911 583 5974 opere
609 5893 800 5957 bethoricas
828 5892 970 5954 coelestis
992 5888 1047 5953 tib.
1073 5890 1102 5958 t,

1164 671 1232 734 cop.
1249 657 1281 724 5,
1300 663 1473 744 opportune
1495 659 1530 720 ad
1553 673 1618 721 rem
1636 665 1774 721 nostram
1794 657 1837 718 ita
1859 673 1910 719 ex-

1163 749 1288 812 clamat:
1312 749 1372 812 1116
1393 766 1469 829 pace
1490 756 1598 814 oestro
1626 752 1780 822 dicresim,
1803 767 1819 811 o
1841 765 1910 812 mu·

1163 843 1235 915 sici,
1259 860 1346 904 nuuc
1369 843 1494 922 templis
1515 843 1671 908 cantandi
1693 842 1911 924 9666661661-

1164 941 1268 998 natur
1288 952 1416 1008 nonum,
1438 939 1492 1000 scd
1513 937 1712 1012 scordiscos,
1733 939 1909 1010 concisum,

1163 1029 1387 1102 saltatorium,
1413 1037 1443 1092 et
1464 1047 1582 1109 porum
1609 1035 1750 1114 prosecta
1782 1031 1911 1111 religio-

1163 1137 1249 1193 sum,
1275 1120 1403 1184 theatro
1423 1130 1485 1186 661
1507 1123 1628 1188 choreis
1655 1126 1907 1196 coneeuientius,

1164 1229 1260 1291 quam
1289 1215 1413 1293 templo.
1445 1218 1630 1298 Artificium
1658 1219 1854 1296 quaerimus,
1880 1222 1911 1277 61

1164 1306 1327 1381 perdimus
1347 1309 1492 1386 priscum
1512 1311 1666 1388 precandi
1691 1329 1728 1373 ac
1753 1309 1910 1373 contundi

1163 1399 1322 1462 studium.
1350 1402 1546 1468 curiositati
1568 1406 1777 1476 consulimus,
1794 1404 1847 1466 sed
1862 1421 1910 1464 re-

1163 1507 1239 1556 vera
1256 1495 1446 1573 negligimus
1461 1497 1624 1574 pietatem.
1652 1498 1736 1573 Quid
1758 1498 1842 1560 cuim
1857 1515 1910 1560 no-

1163 1584 1247 1647 vitia
1269 1585 1345 1648 haec
1366 1593 1396 1649 61
1420 1590 1608 1666 tripudians
1630 1591 1786 1654 cantandi
1809 1592 1909 1662 ratio,

1164 1678 1229 1739 uisi
1251 1679 1409 1743 comoedia
1432 1688 1487 1753 661,
1507 1683 1541 1744 in
1565 1699 1627 1760 quo
1649 1688 1910 1756 666166666161

1163 1781 1287 1836 actores
1309 1781 1397 1846 6661,
1413 1792 1548 1854 quorum
1569 1779 1658 1840 modo
1680 1796 1766 1842 unns
1787 1780 1907 1856 prodit,

1163 1868 1253 1929 modo
1268 1867 1341 1938 duo,
1356 1870 1445 1933 modo
1459 1871 1558 1934 simul
1573 1873 1732 1951 prodeunt
1748 1887 1865 1944 66666,
1880 1881 1910 1935 61

1163 1962 1339 2025 modulatis
1354 1961 1482 2026 necibus
1498 1964 1740 2044 colloquuntur,
1757 1983 1831 2028 mom
1854 1967 1912 2026 ite-

1164 2071 1238 2116 rum
1253 2073 1339 2118 uuus
1356 2058 1647 2135 triumphantemne,
1665 2061 1801 2122 caederis
1824 2059 1911 2122 brevi

1163 2151 1338 2210 secuturis.
1361 2151 1478 2214 Recens
1493 2154 1626 2230 scriptor
1640 2152 1825 2216 Benedictus
1842 2154 1911 2216 Hie-

1163 2257 1312 2319 ronymus
1333 2242 1452 2320 neijoo,
1475 2245 1620 2322 Magister
1644 2245 1803 2309 Generalis
1825 2247 1910 2310 Ordi-

1164 2334 1211 2394 nis
1231 2335 1263 2398 S.
1281 2335 1440 2398 Benedicti
1463 2338 1495 2401 in
1518 2338 1681 2417 Hispaniis,
1698 2340 1730 2401 in
1745 2356 1801 2400 suo
1824 2341 1910 2403 then-

1165 2435 1215 2490 tro
1232 2431 1347 2492 critico
1362 2430 1553 2502 universali,
1569 2448 1662 2492 serm.
1685 2433 1738 2504 14,
1755 2433 1864 2510 peritia
1879 2444 1911 2496 61

1162 2522 1290 2584 66166116
1313 2529 1458 2584 notarum
1485 2525 1674 2588 musicarum
1704 2529 1841 2602 iunixus,
1865 2546 1916 2592 ra·-

1164 2616 1281 2678 tionem
1303 2618 1429 2691 indicat,
1450 2633 1510 2696 qua
1541 2619 1640 2695 redigi
1670 2631 1794 2700 possent
1815 2624 1911 2685 mnsi·

1163 2725 1215 2770 cae
1236 2710 1436 2773 ecclesiarum
1458 2714 1493 2774 ad
1516 2728 1588 2774 eum
1616 2714 1746 2777 modum
1767 2725 1798 2778 et
1819 2717 1910 2778 ratio-

1164 2817 1249 2877 nem,
1266 2819 1344 2882 quae
1365 2805 1397 2866 16
1412 2805 1558 2869 omnibus
1579 2808 1704 2884 penitus
1725 2815 1804 2870 esset
1828 2811 1911 2873 thea-

1165 2902 1286 2958 trorum
1308 2898 1432 2962 musicis
1454 2901 1656 2963 concentihus
1680 2901 1847 2965 dissimilis.
1871 2905 1911 2967 nt

1163 3007 1239 3052 vero
1269 2991 1356 3054 nobis
1378 2993 1452 3054 satis
1473 2994 1551 3068 erit,
1584 3009 1655 3072 prae
1676 2995 1773 3057 oculis
1797 2999 1910 3060 habitis

1162 3100 1321 3148 sacrorum
1344 3084 1553 3150 Conciliorum
1576 3087 1707 3164 regulis,
1724 3100 1755 3152 et
1770 3092 1910 3167 probato-

1164 3197 1235 3242 rum
1245 3181 1433 3258 scriptorum
1446 3181 1623 3256 sententiis,
1636 3180 1712 3244 illud
1728 3184 1909 3262 admonere,

1163 3275 1243 3353 quod
1260 3274 1285 3334 si
1300 3274 1436 3336 musicus
1460 3274 1653 3338 theatrorum
1676 3285 1784 3339 cantus
1806 3278 1909 3342 11616-

1162 3369 1316 3443 stituitnr,
1333 3376 1378 3444 ut,
1394 3367 1657 3446 quemadmodum
1672 3370 1760 3432 nobis
1776 3371 1909 3436 relatum

1162 3473 1221 3538 est,
1244 3461 1377 3542 populus
1407 3469 1561 3540 spectator
1582 3469 1612 3524 61
1643 3464 1766 3526 auditor
1787 3464 1910 3527 harmo-

1163 3557 1240 3618 nicis
1255 3555 1381 3634 quidem
1395 3555 1558 3618 cantorum
1580 3555 1842 3621 modulationibus
1857 3559 1910 3622 ob·

1164 3650 1313 3723 lectetur,
1342 3648 1472 3709 artittcio
1500 3649 1635 3741 musicae
1664 3650 1738 3712 artis
1766 3652 1907 3729 gaudeat,

1163 3745 1366 3821 numerisque
1397 3743 1523 3806 musicis
1552 3743 1742 3818 delectetur,
1776 3747 1908 3811 melodia

1162 3847 1193 3900 61
1217 3839 1367 3900 suavitate
1388 3853 1500 3898 vocum
1521 3836 1661 3911 truatur,
1688 3839 1780 3901 uerba
1805 3851 1909 3904 autem

1162 3932 1349 4010 plerumque
1370 3946 1432 3992 non
1456 3937 1538 3992 recte
1560 3930 1724 4008 percipiat:
1748 3931 1909 3996 diversum

1163 4026 1270 4102 utique
1300 4031 1331 4084 et
1353 4023 1541 4084 contrarium
1565 4024 1694 4087 omnino
1716 4024 1748 4086 in
1770 4026 1909 4088 ecclesia-

1161 4119 1238 4179 stico
1260 4125 1351 4178 cantu
1376 4116 1493 4176 servari
1515 4115 1617 4190 debet,
1640 4117 1672 4178 in
1695 4133 1755 4195 qno
1777 4117 1852 4182 illud
1877 4121 1908 4184 in

1162 4210 1269 4289 primis
1297 4208 1470 4271 curandum
1499 4217 1556 4283 661,
1591 4217 1624 4271 ut
1650 4210 1742 4271 verba
1775 4211 1910 4289 periente

1161 4307 1314 4386 planeque
1329 4303 1556 4380 intelligantur.
1581 4302 1656 4365 Nam
1673 4319 1745 4365 cum
1767 4305 1798 4366 16
1813 4306 1909 4369 66616-

1161 4402 1213 4462 6116
1235 4405 1402 4462 concentus
1417 4398 1554 4460 musicus
1576 4405 1717 4476 receptus
1738 4398 1777 4459 611
1797 4398 1910 4461 aderi-

1162 4493 1276 4572 gendas
1286 4494 1452 4555 bominum
1467 4501 1588 4554 mentes
1604 4492 1634 4554 in
1649 4493 1758 4568 Deum,
1772 4501 1806 4556 nt
1821 4495 1908 4556 docet

1162 4589 1193 4654 S.
1218 4588 1351 4650 lsidorus
1378 4585 1433 4648 tib.
1458 4590 1489 4655 1,
1513 4585 1550 4648 dc
1573 4585 1658 4648 Eccl.
1684 4583 1748 4664 eff„
1780 4603 1849 4664 cop.
1873 4589 1906 4660 5,

1161 4681 1361 4744 Psalterium
1383 4679 1502 4740 idcirco
1524 4695 1597 4740 cum
1618 4679 1755 4742 melodia
1777 4681 1909 4743 cautile-

1162 4789 1279 4838 nornm
1294 4774 1447 4835 suavium
1465 4770 1504 4836 ab
1520 4773 1650 4834 ecclesia
1665 4773 1904 4852 frequentetur,

1162 4883 1220 4944 quo
1243 4864 1378 4943 facilius
1393 4863 1496 4924 animi
1511 4863 1551 4926 ad
1566 4865 1840 4940 compunctionem
1855 4865 1908 4940 lle-

1162 4964 1308 5028 6166166,
1332 4955 1360 5016 id
1385 4964 1469 5020 certe
1494 4956 1626 5020 obtineri
1648 4955 1772 5020 ditllcile
1794 4964 1906 5035 potest,

1160 5053 1186 5114 si
1209 5053 1300 5114 verba
1316 5067 1381 5113 non
1396 5049 1571 5112 audiantur.
1596 5050 1629 5111 16
1643 5050 1781 5113 Concilio
1802 5052 1908 5114 Game-

1162 5145 1282 5208 racensi
1296 5162 1348 5207 an.
1368 5158 1498 5216 enixu,
1521 5142 1573 5204 111.
1588 5144 1621 5212 6,
1638 5157 1706 5218 cap.
1722 5143 1754 5210 4,
1773 5153 1846 5204 tom.
1864 5148 1908 5206 10

1162 5237 1282 5300 collect.
1306 5235 1418 5304 ilerd,
1441 5253 1512 5315 pap.
1537 5237 1904 5300 56666666666661;

1164 5331 1333 5394 Caeterum
1355 5345 1434 5406 quae
1456 5330 1492 5390 in
1514 5329 1608 5391 choro
1637 5331 1712 5392 caui
1734 5329 1844 5394 debent
1866 5331 1908 5394 nd

1162 5423 1424 5492 instructionem,
1447 5439 1482 5483 cn
1505 5427 1670 5484 canantur
1694 5439 1774 5491 noce,
1798 5431 1836 5484 ut
1859 5424 1909 5486 in-

1163 5515 1359 5594 telligantur
1370 5521 1482 5576 mente.
1497 5515 1535 5574 Et
1548 5515 1579 5575 in
1594 5514 1731 5577 Concilio
1744 5515 1909 5578 Colonien-

1160 5610 1197 5683 si,
1220 5607 1301 5686 quod
1331 5615 1557 5684 congregatum
1579 5615 1624 5669 est
1646 5622 1723 5668 ann.
1749 5623 1907 5670 nnxxxvr.

1162 5717 1229 5778 cop.
1250 5703 1304 5770 12,
1323 5701 1376 5763 tit.
1395 5701 1431 5762 de
1446 5701 1522 5779 opta.
1539 5701 1635 5778 prin,
1654 5698 1724 5760 talia
1746 5700 1906 5776 leguntur:

1160 5796 1228 5858 lem
1250 5803 1279 5855 et
1302 5792 1385 5856 illud
1408 5809 1470 5854 uon
1494 5799 1577 5854 recte
1598 5793 1634 5872 fit
1658 5793 1692 5854 in
1718 5792 1909 5870 quibusdam

1164 5887 1384 5958 deciesdeni
1407 5883 1442 5948 oh
1464 5891 1637 5948 casatorum
1659 5892 1690 5947 ct
1712 5902 1908 5966 aspanorum

1833 517 1891 582 itti
1941 522 2129 578 nn.c.1ras
