4856 6984
340 625 393 679 An.
408 627 438 680 (1.
460 625 526 679 1751
577 623 636 687 452

560 763 629 822 tum
651 761 879 832 controversia,
898 759 1002 822 amica
1025 776 1062 824 ac
1083 760 1239 838 utrinque
1254 773 1303 821 ae-

559 869 616 931 quo
637 853 749 916 decora
771 853 824 915 oia
845 853 975 930 penitus
997 870 1035 916 ac
1056 851 1217 916 radicitus
1240 857 1302 914 ter·

557 946 712 1008 minetur.

600 1039 696 1114 Quem
718 1041 753 1102 in
774 1039 877 1120 finem,
902 1039 943 1102 od
965 1055 1042 1118 opus
1069 1045 1135 1102 tam
1156 1038 1304 1102 salutare

559 1133 770 1196 tractandam
801 1151 838 1196 ac
865 1132 1093 1213 peraqendum,
1119 1149 1214 1195 sacra
1236 1147 1304 1194 cae·

558 1242 651 1290 sarea
681 1228 831 1308 reqiaque
861 1227 1049 1305 Runqariae
1080 1223 1304 1287 et·Bohemioe

558 1321 712 1382 maiestas
733 1321 841 1381 uirum
859 1319 1123 1382 illustrissimum
1144 1335 1182 1380 oo
1203 1317 1303 1380 cacel-

561 1413 778 1476 lentissimum
813 1415 977 1476 dominum
1014 1412 1185 1492 Corqicium
1215 1412 1303 1474 sacri

559 1507 697 1570 Romani
714 1508 842 1585 imperii
858 1508 1004 1569 comitem
1019 1503 1058 1569 ob
1078 1505 1189 1586 lllseld,
1207 1521 1303 1567 suum

557 1600 784 1663 consiliarium
813 1601 927 1663 Status
954 1600 1114 1663 actualem
1138 1599 1302 1672 intimum,

557 1707 613 1753 uec
643 1709 705 1754 non
734 1693 831 1756 aulae
861 1700 891 1755 et
916 1693 1030 1756 Status
1059 1691 1300 1763 cancellarium,

558 1803 743 1864 supremum
778 1787 972 1864 supellectili
1008 1793 1178 1865 arqcnteoc
1212 1785 1303 1864 requi

559 1878 728 1941 Bohemiae
750 1879 1007 1941 lraercditarium
1022 1879 1234 1956 praetectum,
1251 1877 1303 1938 do-

558 1972 682 2033 minum
704 1973 932 2048 dpnastiarum
955 1973 1137 2040 Rastoscoa,
1158 1969 1301 2042 Prodliz,

560 2063 778 2126 Ottoslaooitz
800 2072 830 2126 et
853 2064 986 2126 Zultsch
1012 2070 1070 2126 etc.
1094 2064 1188 2128 aurei
1213 2063 1302 2124 eolle-

557 2155 604 2217 ris
626 2159 773 2234 equitem.

598 2249 808 2314 Serenissima
848 2267 920 2312 cero
959 2251 1072 2314 Veneta
1113 2249 1302 2328 Respublica

555 2358 653 2403 suum
689 2343 724 2404 in
759 2343 837 2407 aula
872 2361 1020 2406 caesarea
1056 2351 1303 2406 contmorantem

558 2441 717 2498 oratorem
744 2435 949 2500 ordinarium
983 2435 1243 2498 illustrissimum
1272 2443 1302 2498 et

557 2530 860 2592 eacellerrtissimum
889 2527 1022 2592 nobilem
1052 2530 1216 2592 dominum
1240 2532 1304 2592 An-

557 2618 666 2682 dream
694 2620 832 2683 Teanum
848 2622 984 2699 equitem
1006 2629 1065 2684 etc.
1088 2621 1182 2700 plena
1198 2621 1302 2702 facul·

558 2715 625 2774 tute
645 2714 865 2788 municerint,·
888 2715 960 2793 qui,
991 2715 1118 2778 collatis
1139 2716 1232 2792 prius
1255 2717 1302 2777 in·

558 2811 606 2867 ter
626 2823 659 2868 se
679 2806 858 2886 colloquiis,
875 2809 912 2870 dc
925 2806 1130 2888 sequentibus
1146 2808 1303 2870 conditio-

556 2897 652 2962 nibus
673 2910 900 2964 conuenerunt.

595 2993 674 3056 Aac.
699 2996 720 3058 1.
747 2995 847 3060 Sacro
876 3015 1024 3061 caesarea
1057 2998 1205 3077 reqiaque
1236 3013 1302 3061 ma·

557 3086 654 3149 iestas
678 3095 746 3151 tum
768 3089 950 3153 Sanctitoti
975 3090 1068 3163 Suae,
1087 3091 1302 3154 tumserenis·

555 3181 655 3244 simae
680 3182 810 3246 Venetae
836 3182 1052 3261 Reipublicae,
1076 3185 1234 3261 optionem
1256 3200 1303 3244 re-

557 3275 688 3353 linquit,
714 3294 791 3339 num
814 3275 880 3338 loco
895 3275 1040 3340 abolendi
1061 3293 1195 3356 prorsus
1205 3277 1305 3356 Aqui-

557 3370 683 3434 leiensis
703 3373 970 3450 patriarchatus,
1003 3375 1066 3438 duo
1088 3377 1299 3454 episcopatus,

555 3473 615 3527 aut
637 3466 943 3546 archiepiscopatus,
966 3486 1052 3531 unus
1073 3486 1112 3532 ea
1127 3478 1220 3546 parte
1243 3473 1302 3533 lm-

554 3562 648 3638 perii,
670 3568 702 3623 et
723 3563 808 3625 altar
822 3581 862 3626 ear
877 3567 970 3640 purte
992 3563 1155 3624 ditionum
1175 3567 1301 3644 praes·

557 3662 609 3720 tae
630 3655 835 3735 Reipublicae
856 3655 1074 3730 subditarum,
1094 3657 1231 3720 institui
1253 3675 1300 3719 vo·

556 3748 638 3822 lint;
664 3767 799 3828 quorum
826 3751 951 3828 primus
982 3751 1185 3823 Goritiensis,
1215 3751 1301 3813 alter

560 3840 722 3903 litinensis
745 3841 779 3902 in
800 3849 963 3920 posterum
986 3839 1251 3921 nuncupabitur,·
1266 3858 1301 3903 ea

556 3939 662 3995 tamen
682 3934 742 3998 sub
764 3936 956 4008 coroditione,
988 3947 1026 4001 ut
1048 3937 1136 4003 inter
1163 3942 1300 4003 eamdem

557 4033 586 4088 et
608 4028 845 4091 serenissimam
874 4031 1020 4098 Venetam
1048 4031 1297 4110 Rempublioam,

555 4120 657 4196 quoad
679 4120 762 4184 hanc
785 4139 897 4186 novam
919 4125 1161 4188 institutionem
1184 4133 1214 4189 et
1237 4146 1302 4190 ere·

555 4212 698 4286 ctionem,
722 4217 866 4296 perfecta
894 4217 1075 4294 aequalitas
1104 4217 1297 4294 observetur,

553 4311 586 4369 et
612 4311 745 4386 retorque
766 4325 823 4370 seu
853 4309 1027 4388 Episcopus
1048 4329 1103 4374 seu
1135 4312 1301 4392 Arcbiepi-

553 4414 665 4475 scapus
695 4400 806 4462 iisdem
835 4415 967 4476 prorsus
993 4403 1133 4482 pandect
1158 4405 1300 4485 faculta-

555 4491 652 4555 tibus.

594 4588 673 4648 Aur.
697 4585 732 4648 11.
765 4587 809 4650 Νε
841 4585 974 4650 dubium
1005 4590 1110 4652 ullam
1140 4607 1301 4668 superesse

554 4687 659 4757 queat,
673 4678 817 4757 quidsub
833 4680 1011 4744 omnimoda
1023 4683 1235 4759 Aquileiensis
1245 4700 1300 4762 pa·

555 4771 761 4834 triarchatus
772 4770 958 4846 abolitione,
972 4774 1070 4836 incrta
1082 4783 1219 4837 mentem
1230 4793 1301 4838 con·

555 4864 758 4927 trabentium
780 4867 938 4943 partium,
956 4868 1087 4945 praevio
1103 4865 1301 4931 sanctitatis

554 4957 638 5020 Suae
660 4959 864 5036 inidipsum
888 4975 1052 5034 consensu,
1079 4959 1301 5042 intelliqatnr;

553 5050 701 5112 disertim
724 5051 811 5113 iuter
826 5053 946 5114 easdem
962 5059 1152 5114 concentum
1168 5058 1224 5126 est,
1241 5051 1300 5116 snb

554 5142 613 5208 hac
633 5143 703 5220 ipsa
724 5143 983 5206 denominatione
999 5161 1062 5206 nan
1079 5145 1182 5207 solum
1199 5147 1301 5224 ipsius

551 5236 800 5314 patriarchatus
829 5234 1050 5311 abolitionem,
1074 5237 1127 5300 sed
1149 5244 1180 5299 et
1202 5237 1302 5302 aboli-

554 5330 671 5391 tionem
694 5329 768 5392 inde
789 5329 1046 5406 dependentium,
1071 5330 1175 5404 tituli,
1195 5330 1301 5410 diqni-

554 5427 674 5493 toturn,
697 5421 951 5484 carranicatnum
966 5428 996 5483 et
1009 5419 1230 5502 beneficiorum
1252 5425 1301 5484 in-

553 5514 657 5592 telliqi
680 5512 798 5586 debere,
823 5514 871 5577 ita
901 5514 1040 5592 quidem,
1066 5523 1104 5577 ut
1130 5514 1243 5577 nullus
1265 5516 1300 5579 in

550 5614 713 5684 posterum
734 5621 790 5668 seu
805 5608 992 5678 canonicas,
1008 5623 1064 5668 seu
1079 5625 1209 5670 anneaa
1225 5625 1300 5686 qua·

553 5699 626 5762 dam
648 5698 856 5778 Aquileiensi,
875 5717 936 5780 qua
951 5699 1182 5778 patriarchali,
1208 5701 1300 5761 eccle-

551 5793 620 5854 siae
641 5791 804 5870 diqnitate
829 5791 1010 5871 praeditus,
1036 5809 1067 5853 se
1093 5793 1189 5855 talem
1218 5811 1300 5855 nun·

553 5900 673 5961 euporo
694 5885 826 5955 audeat,
848 5885 902 5946 sed
924 5886 979 5963 qui
1001 5901 1040 5946 ea
1061 5889 1154 5963 parte
1170 5885 1300 5963 imperii

552 5983 640 6049 sunt,
667 5977 872 6051 Goritienses,
889 5983 920 6039 et
935 5977 992 6055 qni
1006 5994 1046 6039 ea
1060 5985 1154 6055 parte
1172 5979 1300 6044 Venetae

1081 642 1144 687 tua.
1169 640 1259 685 Pons.
1283 639 1323 684 DE
1346 641 1373 684 Ρ.
1400 641 1427 685 F.
1453 643 1533 686 PARS
1556 643 1576 686 1.

1359 757 1565 838 Reipublicae
1586 766 1675 833 sunt,
1698 758 1862 823 litinenses
1885 763 1920 824 in
1940 769 2103 842 posterum

1359 856 1601 931 nuncupentur.

1399 948 1478 1008 Ans.
1502 946 1550 1008 lll.
1575 946 1676 1011 Sacra
1698 963 1846 1012 caesarea
1868 950 2017 1028 repiaque
2038 965 2105 1014 ma·

1358 1040 1456 1104 iestas
1489 1041 1659 1112 consentit,
1688 1046 1726 1102 nt
1758 1042 2031 1106 eminentissimus
2052 1045 2103 1106 do·

1358 1131 1467 1194 minus
1492 1131 1680 1196 cardinalis
1703 1133 1858 1213 belinus,
1881 1137 2038 1213 quamdiu
2058 1139 2105 1199 oi-

1358 1227 1458 1298 nerit,
1474 1242 1598 1298 eramen,
1613 1227 1749 1290 titulum
1765 1235 1795 1289 et
1811 1228 1943 1290 bonores
1955 1228 2103 1293 Patriur-

1359 1317 1435 1380 obae
1456 1320 1614 1392 retineat;
1635 1336 1667 1383 eo
1684 1326 1789 1383 tamen
1803 1328 1909 1398 pacto,
1926 1327 1964 1383 ut
1979 1338 2018 1384 ea
2034 1338 2105 1384 can-

1358 1427 1453 1472 sensu
1481 1411 1573 1473 hocce
1601 1429 1672 1484 suo,
1695 1421 1855 1492 anqustae
1880 1415 1991 1476 domus
2012 1431 2101 1486 suae,

1358 1509 1418 1566 ant
1433 1506 1520 1566 sacri
1536 1505 1672 1568 Romani
1694 1506 1825 1584 Imperii
1848 1503 1989 1578 iuribus,
2005 1515 2103 1585 prout

1358 1598 1416 1659 itia
1439 1605 1514 1660 onte
1534 1599 1712 1674 praesentis
1735 1599 1920 1662 concordiae
1944 1599 2102 1662 articulos

1358 1699 1543 1769 comparata
1560 1695 1711 1773 suerunt,
1728 1691 1855 1754 nullum
1871 1693 1918 1754 uel
1933 1694 2103 1754 minimum

1357 1785 1595 1861 praeiudicium
1626 1785 1769 1857 illatum,
1792 1801 1848 1846 nec
1876 1787 2046 1864 quicquam
2068 1787 2103 1849 in

1358 1875 1538 1940 ditionibus
1569 1880 1640 1940 suis
1673 1881 1821 1958 praetuta
1852 1879 2102 1942 eminentissimo

1358 1970 1438 2032 dom.
1465 1971 1636 2034 cardinali
1656 1987 1836 2033 eoncessum
1858 1973 1979 2032 censeri
1995 1980 2100 2050 queat.

1398 2065 1476 2128 Aur.
1503 2065 1553 2128 tv.
1578 2068 1706 2128 Mortuo
1727 2071 1835 2128 autem
1857 2066 1974 2137 eodem,
1991 2081 2103 2126 nomen

1358 2175 1478 2236 quoqne
1500 2167 1529 2222 et
1553 2158 1675 2222 titulus
1697 2157 1911 2222 Patriurobae
1934 2157 1974 2219 iis
1991 2158 2026 2219 in
2042 2165 2103 2218 ter-

1359 2253 1417 2326 ris,
1444 2268 1522 2330 quac
1547 2251 1744 2330 Aquileiensi
1771 2252 1929 2330 quondam
1957 2250 2104 2314 ecclcsiae

1357 2344 1525 2416 suberant,
1549 2363 1671 2408 cessare
1693 2349 1821 2408 omnino
1844 2345 1976 2411 debebit.

1399 2441 1476 2503 Aur.
1502 2441 1539 2503 V.
1566 2441 1666 2504 Sacra
1696 2457 1843 2504 caesarea
1868 2443 2018 2520 reqiaque
2039 2457 2103 2502 rna·

1359 2535 1457 2598 iestas
1476 2551 1535 2611 pro
1562 2551 1595 2595 se
1615 2535 1744 2613 suisque
1772 2531 1961 2598 haeredibus
1983 2542 2013 2596 et
2034 2551 2103 2596 suc-

1359 2625 1544 2699 sessoribus,
1569 2635 1599 2691 et
1620 2627 1823 2690 serenissima
1852 2629 1963 2692 Veneta
1987 2628 2104 2706 Respu-

1359 2717 1442 2784 blica
1463 2737 1528 2782 sese
1549 2737 1643 2799 quam
1664 2720 1862 2784 ualidissime
1886 2721 2014 2800 aequali
2038 2730 2104 2786 tam

1359 2829 1398 2876 eoo
1420 2831 1487 2876 urea
1510 2829 1604 2892 quom
1618 2815 1776 2877 enaltera
1796 2820 1890 2892 parte
1911 2815 2040 2876 ratione
2054 2815 2102 2878 ob-

1358 2908 1544 2987 strinqnnt,
1570 2907 1651 2985 quod
1677 2907 1779 2970 nullis
1809 2924 1952 2986 anquam
1974 2909 2103 2989 suturis

1360 2998 1564 3078 temporibus,
1584 3001 1675 3062 ultra
1696 3017 1797 3079 supra
1819 3009 2011 3064 memoratas
2034 3019 2103 3064 can·

1360 3095 1486 3157 cordiae
1501 3094 1590 3173 leqes,
1604 3095 1706 3156 multo
1721 3095 1830 3154 ntirins
1842 3097 1955 3156 contro
1968 3094 2102 3166 easdem,

1360 3189 1395 3248 in
1417 3188 1482 3260 iis,
1509 3204 1588 3264 quae
1609 3186 1843 3264 Aquileiensem
1865 3186 2023 3264 quondam
2050 3202 2103 3263 pu-

1359 3279 1580 3344 triarchotum
1596 3295 1791 3358 quocumque
1805 3280 1930 3341 demum
1944 3279 2033 3342 modo
2048 3296 2103 3341 sen

1358 3374 1477 3436 directe
1508 3389 1564 3434 seu
1592 3373 1749 3435 indirecte
1777 3378 1986 3444 concernunt,
2017 3374 2104 3450 quic-

1358 3484 1453 3546 quam
1474 3485 1494 3530 a
1517 3467 1636 3529 Sancta
1661 3467 1735 3529 Sede
1757 3465 1923 3544 pontificia
1945 3471 2099 3544 eapetere,

1358 3569 1417 3624 aut
1439 3562 1468 3621 si
1484 3559 1626 3622 oblatum
1642 3559 1758 3642 suerit,
1774 3559 1927 3636 accipere,
1943 3559 1995 3621 sed
2010 3559 2103 3620 unice

1356 3655 1536 3733 proesentis
1568 3653 1755 3717 concordiae
1786 3651 1907 3734 leqibus
1939 3658 2029 3714 stare
2055 3669 2104 3712 oc·

1358 3749 1433 3811 lint.

1398 3843 1476 3905 Aur.
1501 3841 1551 3904 vt.
1580 3841 1679 3904 Sacro
1703 3857 1850 3904 caesarea
1873 3844 2023 3922 repiaqne
2038 3857 2104 3904 ma-

1358 3937 1455 3998 iestas
1483 3951 1540 4012 pra
1561 3951 1593 3994 se
1613 3934 1743 4012 suisque
1771 3934 1959 3998 haeredibus
1980 3940 2011 3997 et
2032 3953 2102 3998 sue·

1357 4026 1547 4100 cessoribus,
1570 4044 1629 4106 quo
1650 4027 1721 4105 fieri
1738 4033 1838 4104 petest
1861 4027 2033 4090 meliorest
2048 4030 2103 4108 fir-

1356 4122 1457 4182 miore
1477 4121 1578 4192 modo,
1601 4135 1680 4197 quae
1704 4121 1767 4182 iam
1781 4120 1816 4181 in
1832 4126 2029 4183 antecessum
2044 4137 2102 4182 suo

1356 4214 1482 4275 nomine
1506 4213 1614 4275 tutius
1637 4213 1804 4274 declarata
1826 4215 1976 4292 suerunt,
2000 4213 2102 4274 denuo

1356 4305 1542 4386 carrfirmat:
1566 4321 1674 4382 nempe
1689 4305 1770 4383 quod
1792 4321 1966 4383 numquam
1988 4307 2051 4383 ipsi
2067 4309 2102 4368 in

1356 4405 1490 4460 mentem
1504 4398 1638 4470 uenerit,
1656 4395 1715 4460 sub
1731 4395 1844 4468 colore,
1857 4403 2028 4474 praeterea,
2041 4404 2102 4460 aut

1356 4508 1395 4553 ero
1418 4507 1517 4553 causa
1535 4506 1657 4562 eorum,
1674 4507 1753 4568 quae
1768 4490 1856 4553 circa
1871 4489 2102 4568 Aquileiensem

1355 4583 1621 4661 patriarchatum
1653 4581 1814 4646 ventilata
1844 4581 2007 4662 hucusque
2033 4587 2101 4665 [ue-

1357 4683 1449 4748 runt,
1472 4677 1519 4737 nel
1541 4677 1675 4740 unicam
1698 4685 1803 4738 terroe
1821 4675 1960 4754 polneam
1983 4678 2019 4739 de
2042 4683 2102 4740 ter·

1356 4769 1485 4842 ritorio,
1516 4770 1597 4848 qnod
1626 4769 1850 4832 serenissimae
1881 4771 2011 4833 l'enetae
2032 4771 2102 4834 Rei-

1355 4861 1502 4939 publicae
1524 4861 1643 4935 subest,
1659 4861 1721 4924 sibi
1735 4867 1796 4924 aut
1818 4863 1852 4924 ia
1873 4879 2021 4940 praesens
2042 4870 2102 4927 aut

1357 4956 1391 5017 in
1411 4961 1576 5033 posterum
1607 4972 1780 5037 arroqare,·
1809 4957 2029 5018 renuntiando
2055 4957 2102 5018 di·

1355 5049 1469 5110 sertim
1491 5048 1542 5120 iis,
1561 5066 1640 5126 quae
1662 5049 1737 5111 inde
1757 5049 1879 5110 desumi
1900 5055 2038 5126 possent,
2063 5050 2104 5112 ti-

1357 5143 1436 5205 tulis
1457 5148 1518 5205 aut
1539 5141 1820 5220 praetenstonibus
1841 5140 2100 5222 quibuscumque.

1396 5237 1475 5297 Aur.
1500 5233 1564 5297 vu.
1589 5235 1652 5296 Pro
1682 5235 1822 5297 tollenda
1844 5234 1931 5297 omni
1956 5235 2104 5299 dissidio-

1356 5343 1430 5389 rum
1452 5344 1543 5400 ansa,
1562 5327 1723 5399 redditus,
1740 5328 1796 5406 qui
1811 5330 1851 5392 ad
1871 5329 2103 5405 Aquileiensem

1355 5415 1518 5483 e'cclesiam
1540 5420 1696 5484 hactenus
1718 5429 1920 5498 spectarunt,
1944 5423 1993 5484 ita
2014 5439 2101 5500 sepa·

1357 5521 1484 5586 rentur,
1508 5521 1545 5574 ut
1568 5514 1624 5592 qui
1646 5531 1685 5576 eor
1709 5515 1808 5575 terris
1823 5515 2011 5577 Austriacis
2032 5530 2105 5592 pro-

2135 623 2190 678 Διι.
2205 627 2236 677 (i.
2259 625 2330 676 1751

1356 5607 1503 5680 veniunt,
1537 5607 1763 5669 constituendo
1789 5606 1905 5669 ibidem
1927 5624 2006 5670 nocio
2029 5607 2103 5683 Epi·
2133 5621 2135 5624 ·

1355 5715 1456 5777 scopo,
1480 5709 1540 5763 ant
1562 5699 1817 5777 Arcbiepiscopo,
1840 5701 1929 5777 eique
1950 5696 2103 5761 subiectis

1356 5793 1539 5867 canonicis,·
1562 5792 1613 5854 illi
1634 5793 1786 5870 namqui
1809 5808 1848 5853 eoo
1875 5793 1983 5853 Veneto
2007 5790 2102 5854 terri-

1357 5887 1440 5948 torio
1462 5891 1670 5963 promanant,
1692 5882 1838 5946 litinensi
1861 5883 2025 5962 Episcopo,
2042 5889 2102 5946 aut

1356 5978 1609 6056 Arcbiepiscopo,
1637 5985 1667 6040 et
1690 5975 1806 6040 ibidem
1834 5975 2020 6056 depentibus
2047 5973 2102 6039 Ca·
