4820 6980
972 554 1170 600 nnusnlcrtts
1190 554 1256 600 xlv.

340 678 422 744 tibus
444 671 616 753 impensius
637 675 776 738 student.
799 674 927 736 Addunt
949 676 1086 754 insuper,

342 775 473 836 arduum
492 783 564 830 sane
581 786 658 847 esse,
674 779 790 835 rectam
806 770 887 834 lerre
900 771 1086 832 sententiam

340 869 378 930 de
400 874 572 930 memorato
593 865 763 930 Clementis
784 879 887 942 opere,
910 863 992 943 qnod
1013 878 1088 926 nus-

340 975 433 1040 quam
455 959 572 1033 existit,
587 969 640 1022 aut
661 967 746 1022 certe
766 959 927 1034 integrum
949 973 1012 1018 non
1035 959 1090 1019 ba-

340 1057 444 1130 betur,
474 1060 509 1115 ut
531 1053 649 1117 calmet
671 1053 703 1114 in
732 1052 799 1115 loco
825 1051 967 1130 superius
995 1053 1088 1113 citato

341 1150 553 1212 ratiocinatur.

97 1244 269 1354 a‘gss'ffl}
282 1253 323 1343 θεει-
381 1257 472 1304 xxrx.
496 1241 611 1304 Eadem
632 1247 855 1304 tamencoutra
877 1255 928 1302 eos
943 1239 1090 1303 Clemen-

98 1349 245 1398 scrasano
275 1350 323 1397 ac-
344 1335 382 1397 tis
403 1334 513 1409 libros,
536 1334 589 1412 qui
611 1340 642 1395 et
664 1333 862 1396 Clementem
890 1340 1009 1394 norunt
1036 1349 1088 1393 au-

97 1408 176 1452 creio
191 1415 308 1452 censura.

341 1428 478 1504 tborem,
501 1436 533 1490 et
552 1427 747 1490 eruditorum
768 1432 916 1488 teruntur
944 1425 1088 1486 manibus

341 1523 388 1604 (bi
410 1539 486 1584 vero
506 1528 580 1584 sunt
602 1520 672 1582 libri
693 1518 873 1596 Pasdagogi,
893 1519 1087 1582 stromatum

341 1615 425 1691 libri,
436 1615 550 1695 aliique
565 1630 697 1678 numero
709 1614 821 1694 pauci),
834 1613 1026 1674 obiiciuntur
1042 1611 1087 1673 in-

342 1711 512 1772 commoda.
529 1711 572 1772 De
588 1709 670 1773 bisce
685 1707 829 1786 operibus
843 1705 948 1769 scribit
970 1704 1087 1766 Auber-

342 1811 392 1866 tus
419 1803 551 1865 ldlraeus
571 1803 605 1862 iu
633 1798 829 1864 Bibliotheca
858 1797 1087 1860 Ecclesiastico

343 1896 578 1976 Fabrateria.
594 1899 650 1971 37,
667 1913 741 1978 paq.
758 1898 843 1960 112.-
859 1895 895 1958 lu
910 1891 1003 1955 libris
1018 1892 1087 1954 eius

342 1991 518 2054 uauaullae
533 1992 717 2066 ¹serrteutiae
739 1994 930 2060 occurrunt,
946 2005 1024 2067 quae
1038 2001 1087 2048 er-

343 2101 447 2147 rarem
468 2085 615 2163 cupierat.
639 2085 750 2147 iliraeo
771 2083 943 2162 praeiverat
959 2097 1087 2144 venera·

342 2179 412 2242 bilis
428 2178 596 2242 Cardinalis
610 2178 829 2252 bellarminus,
842 2177 894 2258 qui
917 2173 1088 2240 Clementis

343 2288 434 2350 opera
461 2273 493 2334 lu
515 2271 722 2334 celeberrimis
743 2273 889 2332 adversus
918 2269 1087 2330 haereticos

342 2365 561 2427 controversiis
576 2364 740 2426 tractandis
755 2361 921 2439 diligenter
941 2359 1087 2438 inspexit,

342 2459 529 2536 subactaque
544 2458 657 2520 iudicio
667 2456 867 2518 examinavit.
886 2455 955 2518 Nou
971 2454 1087 2517 desuut

341 2550 397 2631 (ita
412 2550 477 2625 ille,
496 2551 531 2612 iu
547 2550 628 2614 tlara
644 2550 680 2613 tle
695 2547 915 2628 Scriptoribus
931 2546 1089 2611 Ecclesia-

341 2645 447 2725 sticis)
470 2646 505 2706 iu
526 2644 583 2706 boe
605 2645 728 2725 iusipui
752 2643 889 2707 autbare
910 2639 1088 2703 sententiae

342 2739 479 2814 aliquae,
505 2753 584 2816 quaa
611 2753 750 2798 errarem
771 2737 922 2814 sapiunt,
951 2733 1087 2812 quasia

343 2829 436 2894 libris
472 2832 593 2893 uostris
631 2829 931 2894 Controuersiarum
962 2829 1087 2890 uetari-

342 2941 413 2986 mus
435 2931 493 2986 etc.
532 2925 646 2986 Utrum
671 2931 779 2986 autem
806 2923 984 2986 sententiae
1012 2921 1088 2984 illue

343 3016 383 3080 ab
404 3014 577 3078 haereticis
598 3016 741 3079 insertae
761 3015 842 3088 siut,
858 3021 897 3078 ul
917 3014 1021 3092 aliqui
1036 3013 1089 3092 pie

343 3109 491 3181 creduut,
515 3114 576 3172 aut
603 3109 739 3172 authori
760 3125 846 3170 mure
873 3107 1014 3170 bumauu
1034 3124 1088 3169 eu-

343 3203 495 3275 cideriat,
518 3204 716 3282 iquoramus.
746 3202 812 3264 Alia
836 3202 1022 3280 scriptorum
1045 3207 1089 3262 te-

342 3297 487 3360 stimonia
515 3299 606 3360 missa
633 3296 779 3373 iacimus,
802 3313 875 3360 cum
895 3313 957 3359 non
985 3295 1088 3358 levem

344 3393 381 3454 de
399 3391 571 3454 Clementis
586 3390 729 3468 operibus
744 3391 866 3466 ingerat
880 3389 1088 3468 suspicionem

343 3498 472 3546 censura
502 3483 619 3546 decreti
646 3483 813 3558 Gelasium,
837 3482 917 3562 quod
941 3499 979 3544 ex
1011 3482 1088 3544 anti·

343 3577 491 3655 quissimo
514 3577 622 3640 Codice
643 3576 781 3640 Palatino
802 3576 1009 3639 Bibliothecae
1030 3573 1089 3637 Va·

343 3672 462 3733 ticenae
492 3687 508 3730 a
535 3672 617 3733 lusto
648 3671 820 3734 Fontauino
853 3669 1087 3748 archiepiscopo

343 3764 507 3842 ancyrano
529 3762 647 3826 editum
669 3771 716 3826 est
738 3765 774 3826 iu
794 3763 972 3842 appendice
994 3763 1089 3824 Auti-

344 3857 507 3935 quitatum
529 3854 658 3925 ilarius,
674 3872 746 3935 paq.
765 3855 845 3929 31⁷,
868 3865 897 3918 et
919 3873 996 3935 seqq.
1020 3856 1089 3934 pri·

343 3965 415 4012 mae
435 3949 597 4011 editioris.
627 3950 726 4012 Horae
747 3951 924 4024 decretum,
947 3957 982 4012 ut
1004 3965 1089 4027 prae-

342 4043 531 4117 notavimus,
553 4042 725 4105 Clementis
739 4059 829 4121 opera
850 4051 991 4106 recenset
1005 4043 1089 4103 inter

344 4137 534 4215 apocrypba3
563 4152 625 4198 non
653 4152 689 4198 eo
720 4137 845 4216 quidem
866 4137 898 4198 in
924 4153 1030 4212 sensu,
1052 4144 1089 4199 ut

344 4245 451 4301 earum
474 4230 626 4309 publicam
648 4229 808 4293 dumtaxat
829 4231 1007 4308 lectionem,
1024 4247 1087 4294 nou

344 4323 439 4385 eliam
451 4325 614 4401 privatam,
627 4325 801 4403 interdicat,
814 4327 865 4388 sed
877 4326 994 4402 verius,
1006 4327 1088 4403 quod

344 4432 435 4496 opera
457 4416 507 4478 illa
522 4418 680 4481 erroribus
700 4419 763 4480 siut
775 4435 909 4497 aspersa;
933 4435 1026 4498 quam
1042 4421 1087 4482 in-

345 4511 599 4588 terpretationem
615 4520 792 4590 sequuntur
805 4518 838 4573 et
853 4512 983 4590 probant
998 4511 1089 4590 lanat

345 4602 380 4664 de
394 4601 665 4666 Praeuotioaibus
680 4604 856 4674 cauouicis,
873 4603 928 4667 lib.
941 4607 974 4676 2,
993 4622 1018 4666 c.
1030 4607 1084 4680 48,

343 4712 433 4757 uum.
450 4699 474 4759 2
489 4697 524 4757 iu
545 4698 618 4775 fiae,
641 4696 810 4760 Cardinalis
831 4697 1037 4762 Bellarminus
1052 4700 1088 4761 de

345 4787 566 4867 Scriptoribus
596 4789 839 4864 Ecclesiasticis,
868 4791 905 4854 iu
933 4793 1089 4855 Clemente

344 4880 578 4954 Aleuaaclriao,
599 4882 726 4945 Carolus
747 4883 898 4946 liuiresne
913 4885 948 4946 iu
965 4884 1088 4948 Glossa-

344 4975 395 5036 rio
417 4991 482 5036 ver.
505 4975 706 5052 apocrypha,
724 4976 795 5053 Pagi
818 4977 854 5038 ia
875 4978 945 5041 uita
968 4977 1088 5042 Gelasii

344 5085 434 5132 auur.
456 5069 489 5140 4,
512 5083 583 5148 paq.
605 5067 683 5140 227,
703 5069 798 5147 llagri
822 5073 856 5133 iu
881 5070 1087 5134 Vocabularia

345 5162 571 5225 Ecclesiastico
592 5177 658 5224 ver.
681 5163 900 5241 Apocrppius.

126 5265 327 5319 cremensucer-
386 5271 461 5317 xxx.
484 5256 627 5333 Quisquis
647 5257 726 5318 circa
745 5258 880 5335 partium
901 5257 1012 5334 studia,
1025 5275 1088 5321 ma·

111 5325 216 5434 ἷῗέίεῗῃὲ
233 5329 327 5428 ἷὸἷῐῖῗῖ
346 5357 417 5412 turo
437 5348 550 5411 iudicio
571 5364 676 5410 secum
691 5349 856 5428 expendat,
869 5367 947 5429 quae
969 5368 984 5411 a
999 5351 1088 5414 nubis

153 5432 213 5479 oio
236 5425 327 5476 exclu-

109 5489 162 5535 den
183 5497 223 5534 us.

344 5443 506 5522 bucusque
527 5442 643 5519 prolata
663 5449 750 5518 sunt,
771 5441 908 5520 prolecto
929 5444 1017 5506 lateri
1039 5461 1088 5507 co-

345 5535 431 5613 gitur
446 5534 614 5598 Clementis
624 5534 826 5598 Alexandrini
846 5537 1019 5598 doctrinam
1033 5537 1088 5600 du·

344 5628 426 5691 biam
445 5628 555 5690 saltem
575 5636 810 5707 suspectamque
830 5645 896 5691 esse
917 5631 954 5692 de
975 5631 1090 5692 errori·

344 5721 414 5797 bus,
426 5723 538 5800 quibus
557 5721 753 5784 advertendis
769 5721 940 5786 Clementis
953 5721 1088 5785 lautores

345 5815 484 5876 animum
498 5821 655 5894 torquent,
668 5822 759 5893 alque
773 5833 788 5876 a
802 5815 895 5876 variis
905 5816 1088 5894 interpreta-

346 5909 493 5983 tionibus,
503 5908 636 5984 eliugiis,
645 5907 889 5986 exceptionibus,
900 5909 1088 5986 praesidium

449 6051 502 6108 luc.
519 6059 589 6106 Perat.
604 6057 635 6104 ds
651 6059 725 6118 Prop.
738 6056 801 6104 Eidc
815 6056 898 6105 Partis
910 6059 929 6104 1.
944 6055 999 6105 vol.
1012 6058 1055 6104 111.

1814 538 1872 605 745
1923 538 1977 592 An.
1991 539 2022 594 C.
2043 537 2114 592 1748

1144 683 1316 756 quaerunt,
1340 693 1380 739 ne
1402 677 1580 752 gravioria
1608 692 1699 757 opera
1721 676 1772 738 illa
1794 679 1892 742 intor-

1145 776 1278 847 queatur
1290 768 1456 832 sententia.
1475 768 1509 831 ln
1525 768 1582 831 boc
1595 776 1700 831 autem
1714 786 1822 834 rerum
1834 777 1893 834 sta·

1147 867 1193 934 tu,
1217 875 1310 922 nemo
1332 864 1386 942 qui
1407 863 1515 950 sapiat,
1531 864 1697 927 affirmabit
1718 864 1893 929 Clementis

1145 958 1348 1021 Alexandrini
1381 971 1499 1023 nomeu
1523 959 1735 1038 Martyrologii
1760 959 1892 1024 Romani

1146 1053 1324 1115 venerando
1336 1052 1439 1115 Codici
1452 1059 1517 1120 etse
1529 1053 1771 1116 inscribendum.
1785 1045 1892 1116 Enim-

1145 1161 1232 1222 vero,
1244 1146 1386 1224 quamvis
1396 1145 1500 1222 blagui
1514 1146 1711 1210 Constantini
1727 1161 1844 1209 nomen
1859 1146 1892 1209 in

1145 1240 1331 1304 Graecorum
1353 1240 1527 1318 idenulogiu
1548 1242 1631 1304 inter
1648 1239 1775 1304 Sanctus
1796 1241 1892 1304 luerit

1145 1335 1294 1411 relatum3
1318 1335 1461 1412 quamvis
1483 1335 1520 1398 de
1542 1335 1629 1396 cultu
1652 1334 1686 1397 iu
1708 1333 1842 1397 Ecclesia
1856 1333 1893 1397 (l

1144 1427 1269 1490 mentali
1296 1428 1342 1491 illi
1364 1427 1502 1491 exbibito
1531 1427 1617 1490 nulla
1639 1429 1815 1490 suboriatur
1837 1429 1892 1490 du·

1144 1521 1270 1599 bitati03
1294 1521 1501 1584 nibilominus
1523 1520 1823 1598 inldartyrologium
1834 1520 1893 1583 Ro·

1145 1631 1274 1680 manum
1296 1616 1399 1693 Magni
1422 1615 1616 1679 Constantini
1639 1617 1789 1678 memoria
1811 1630 1892 1677 nun·

1145 1725 1238 1788 quam
1261 1709 1407 1770 translata
1426 1716 1483 1783 est,
1500 1708 1582 1787 quud
1602 1707 1691 1772 illum
1706 1717 1758 1772 aut
1773 1707 1892 1770 haeresi

1145 1803 1248 1864 ariana
1270 1817 1446 1881 aspersum,
1480 1803 1586 1864 autin
1610 1801 1739 1864 Arianos
1760 1817 1892 1881 propen-

1144 1897 1259 1959 siorem
1288 1896 1393 1970 luisse,
1417 1895 1564 1958 nonnulli
1589 1895 1706 1959 luerint
1730 1895 1891 1974 suspicati3

1145 2007 1235 2070 quam
1259 1996 1362 2052 tamen
1393 1988 1545 2052 maculam
1567 1988 1760 2051 Bollandiani
1788 1989 1892 2050 Patres

1146 2089 1229 2147 tama
1256 2089 1289 2159 5,
1314 2083 1430 2147 mensis
1461 2084 1541 2146 maii
1564 2083 1614 2145 die
1634 2082 1694 2154 21,
1717 2090 1747 2144 et
1779 2081 1893 2143 Natalis

1144 2178 1320 2242 Alexander
1350 2185 1431 2241 tomo
1452 2178 1474 2236 4
1502 2178 1668 2240 Historiae
1691 2174 1893 2240 Ecclesiasti-

1145 2289 1211 2342 cus,
1228 2272 1356 2334 dissert.
1378 2272 1436 2343 24,
1452 2287 1468 2330 a
1484 2276 1571 2332 tanto
1585 2269 1654 2331 viro
1668 2269 1794 2330 student
1808 2281 1892 2327 amo·

1145 2367 1206 2428 liri.
1220 2365 1432 2429 Percurrenda
1449 2365 1535 2440 item,
1547 2379 1626 2442 quae
1637 2380 1653 2424 a
1664 2361 1752 2425 nobis
1764 2361 1796 2422 in
1811 2358 1891 2421 bane

1144 2475 1211 2521 rem
1233 2459 1345 2538 scripta
1365 2465 1440 2521 sunt
1461 2459 1497 2520 iu
1519 2453 1573 2518 lib.
1595 2455 1630 2526 2,
1654 2455 1690 2516 de
1713 2451 1893 2517 Caeciliae»

1146 2555 1233 2615 tioae
1265 2551 1470 2620 Sanctorum,
1494 2565 1562 2628 cap.
1581 2549 1638 2622 36,
1671 2565 1759 2608 uum.
1785 2544 1836 2618 16,
1861 2551 1893 2606 et

1145 2645 1314 2709 novissime
1329 2662 1345 2706 a
1360 2643 1532 2706 Costadono
1554 2643 1589 2703 iu
1610 2640 1680 2702 suis
1702 2639 1892 2702 obseruatio

1144 2737 1240 2801 uibus
1269 2753 1366 2814 saper
1393 2741 1528 2798 ueterem
1555 2731 1708 2797 Tabulam
1739 2733 1891 2796 Graecam

1144 2848 1233 2894 uum.
1261 2830 1313 2893 14.

1185 2941 1276 2987 xxxx.
1299 2923 1408 3003 Neque
1428 2922 1464 2983 ad
1490 2938 1557 2984 rem
1579 2921 1710 2994 iaciunt,
1739 2933 1818 2998 quae
1839 2933 1892 2995 op-
1963 2930 2031 2983 oasa
2047 2938 2124 2986 oppa.

1145 3025 1307 3099 ponuntur
1329 3017 1482 3095 exempla,
1505 3016 1637 3078 alterurn
1659 3013 1766 3077 Hilarii
1787 3009 1892 3073 breia-
1909 2985 2123 3092 ffifftffi'qffi}

1146 3114 1240 3177 tensis
1255 3109 1407 3191 Episcopi,
1423 3111 1558 3172 aiterum
1573 3107 1732 3172 vincentii
1748 3105 1891 3167 Lirinen·
1909 3099 2013 3190 ξῇξῗω
2024 3089 2124 3137 ΜΝ·

1144 3208 1196 3282 sis,
1219 3221 1353 3285 quorum
1369 3211 1514 3282 uterque,
1528 3201 1680 3264 nimirum
1695 3197 1828 3261 Hilarius
1842 3196 1892 3258 die

1144 3301 1265 3380 quinta,
1281 3296 1465 3362 Vincentius
1479 3311 1554 3358 vero
1569 3295 1618 3357 die
1633 3292 1892 3370 vigesimaquarta

1145 3395 1229 3468 maii,
1252 3393 1286 3454 in
1307 3389 1528 3469 blartyrologio
1550 3388 1689 3450 Romano
1703 3397 1892 3448 commemo·

1145 3495 1242 3561 ratur,
1265 3485 1408 3565 quamvis
1429 3497 1539 3545 sorum
1565 3478 1703 3542 doctrina
1725 3472 1893 3554 semipela-

1146 3579 1291 3657 gianismi
1306 3577 1371 3640 labe
1387 3575 1481 3639 luerit
1497 3589 1626 3652 aspersa.
1644 3570 1816 3649 Siquidem,
1834 3565 1893 3628 etsi
1996 3619 2002 3630 .

1145 3673 1228 3734 viros
1250 3671 1320 3733 illos
1348 3666 1646 3748 Semipelagianismi
1668 3677 1774 3725 errore
1796 3667 1891 3723 tactos

1145 3766 1395 3838 concederemus,
1425 3763 1508 3840 quod
1538 3768 1642 3822 tamen
1664 3756 1768 3837 plures
1799 3755 1893 3817 dene-

1146 3867 1235 3937 gant,
1267 3857 1320 3936 qui
1352 3855 1530 3918 catholicam
1562 3867 1671 3914 eorum
1702 3846 1891 3911 sententiam

1145 3951 1269 4029 egregie
1286 3957 1433 4025 tuentur,
1456 3945 1621 4009 excusandi
1642 3949 1761 4016 tamen,
1776 3937 1892 4017 siquid

1146 4043 1274 4107 bomani
1297 4043 1353 4104 bac
1375 4041 1407 4103 in
1429 4045 1516 4119 parte
1537 4037 1597 4099 illis
1622 4035 1789 4111 exciderim
1813 4047 1892 4094 uon-

1145 4139 1220 4200 dum
1236 4135 1322 4196 enim
1338 4132 1484 4197 catboiica
1499 4130 1637 4193 doctriua
1650 4141 1797 4205 supremo
1812 4125 1891 4202 dpu-

1144 4228 1268 4290 stolicae
1285 4227 1372 4291 Sedis
1393 4225 1507 4288 iudicio
1528 4224 1629 4285 luerat
1650 4220 1789 4294 delinita,
1805 4224 1840 4280 ut
1855 4217 1892 4278 iu

1146 4319 1201 4384 lib.
1223 4324 1248 4382 2
1269 4319 1372 4398 operis
1394 4319 1430 4382 de
1455 4315 1721 4386 Caaaatzattaae,
1744 4327 1812 4388 cap.
1831 4309 1889 4381 29,

1145 4415 1287 4494 pluribus
1302 4412 1536 4491 disputavimus.
1559 4397 1599 4471 dt
1620 4417 1725 4471 contra
1747 4404 1893 4470 Clemens

1143 4506 1373 4571 Alexandrinus
1402 4506 1434 4567 in
1458 4519 1493 4565 ea
1522 4502 1695 4566 Catholicae
1722 4497 1892 4575 Religionis

1145 4604 1296 4678 dogmata,
1328 4615 1407 4677 quae
1427 4596 1547 4677 pridem
1580 4601 1694 4657 statuta
1715 4593 1839 4655 luerent
1861 4597 1892 4652 et
1933 4615 1936 4623 ·

1145 4693 1333 4756 inconcussis
1349 4690 1503 4754 Ecclesiae
1517 4688 1648 4751 decretis
1670 4687 1800 4759 llrmata,
1823 4698 1893 4761 pec-

1144 4803 1225 4850 casse
1246 4785 1392 4848 creditur.
1417 4784 1497 4848 Cum
1516 4782 1611 4860 igitur
1626 4780 1718 4858 plane
1732 4774 1892 4863 dissimilia

1144 4882 1219 4956 siut,
1234 4895 1312 4959 quae
1327 4879 1544 4958 producuntur
1565 4872 1716 4950 exempla,
1732 4868 1891 4934 immerito

1144 4975 1252 5036 doctus
1282 4979 1368 5050 pater
1395 4969 1516 5032 Halloix
1539 4973 1614 5029 tuat.
1643 4969 1668 5027 2
1695 4963 1891 5042 scriptorum

1144 5065 1328 5129 illustrium
1357 5063 1516 5126 Ecclesiae
1543 5057 1731 5129 orientalis,
1756 5058 1787 5117 in
1809 5052 1891 5116 notis

1144 5158 1185 5221 ad
1205 5160 1308 5219 eitam
1334 5154 1505 5227 Pautaeui,
1530 5167 1599 5230 cap.
1617 5153 1653 5222 2,
1676 5146 1889 5227 conqueritur,
1974 5137 1980 5151 '

1144 5266 1175 5312 se
1197 5251 1402 5312 vehementer
1422 5247 1541 5321 mirari,
1557 5245 1639 5323 quod
1660 5243 1694 5304 in
1708 5239 1890 5317 martyrolo-

1144 5345 1195 5421 gio
1217 5343 1355 5404 Romano
1378 5340 1504 5403 nomina
1524 5338 1657 5400 aliorum
1672 5343 1819 5397 veterum
1840 5347 1891 5410 pa-

1145 5447 1242 5512 trum,
1264 5437 1317 5515 qui
1339 5435 1371 5497 in
1393 5433 1494 5496 varios
1515 5445 1636 5492 errores
1657 5427 1732 5507 lapsi
1753 5425 1889 5500 luerent,

1144 5529 1368 5604 describantur,
1392 5541 1508 5590 nomen
1530 5539 1605 5585 vero
1630 5519 1800 5586 Clementis
1819 5517 1892 5583 lile-

1144 5624 1290 5687 xandrini
1310 5622 1423 5685 nullibi
1445 5619 1628 5700 reperiatur.

1183 5734 1285 5781 xxxn.
1310 5715 1373 5779 Nec
1394 5715 1519 5778 maioris
1533 5710 1687 5775 momenti
1697 5715 1772 5772 sunt
1793 5715 1892 5771 caete·
1930 5722 1984 5775 ouo
2001 5721 2028 5768 tn
2043 5731 2121 5769 aaran

1144 5829 1188 5889 ra,
1211 5827 1289 5892 quae
1309 5826 1365 5889 pro
1388 5808 1551 5874 Clemente
1568 5803 1781 5868 Alexandrino
1801 5817 1890 5882 supe·
1909 5774 2123 5878 gffiffmssgssssg

1143 5907 1209 5968 rius
1231 5903 1326 5982 relata
1347 5911 1437 5979 sunt,
1459 5908 1552 5980 atque
1574 5897 1651 5961 illud
1671 5913 1745 5960 oum
1766 5896 1888 5975 primis,
1908 5886 1959 5931 ¹¹¹¹·

1758 6061 1786 6104 et
