4708 6978
874 569 1072 615 nenentcnus
1094 569 1158 616 ΧΠ.
1226 565 1241 592 ⁸

522 691 601 754 Car.
625 691 703 755 lllll.

309 881 354 943 Dc
377 879 530 944 euntibus
552 879 593 942 od
620 879 749 942 Terrena
772 877 925 941 Sanctum.

383 979 414 1036 et
437 970 645 1036 redeuntibus
667 969 842 1053 fratribus.

68 1175 222 1240 stirpenses
282 1179 413 1224 cxxxvi.
437 1161 548 1224 Nullus
574 1159 716 1224 Generali
740 1157 792 1220 vel
814 1153 989 1221 commissa-

60 1229 223 1335 „aanb'iaffl
241 1257 288 1318 rio
310 1255 440 1318 interior
461 1256 640 1334 inutraque
661 1251 775 1314 lamilia
798 1249 906 1328 quavis
921 1265 991 1310 cau·

60 1333 222 1444 ζξβὲωξὲξ
240 1366 284 1424 sa,
307 1350 400 1411 etiam
427 1347 697 1428 peregrinationis,
720 1345 828 1408 iratres
851 1342 991 1404 Hieroso·

59 1451 101 1494 sn-
241 1441 361 1520 lymam
382 1442 508 1505 mittere
529 1441 635 1521 possit,
648 1441 706 1502 suh
725 1455 823 1519 poena
845 1435 991 1516 privatio·

241 1536 291 1597 nis
312 1537 395 1599 vocis
417 1535 534 1597 activae
555 1542 585 1596 et
606 1533 754 1613 passivae.

70 1639 146 1702 aarum
158 1645 171 1680 ι
183 1645 222 1731 εξ·
281 1645 425 1690 txxxvn.
443 1627 624 1706 Superiores
635 1631 738 1686 autem
750 1621 909 1702 generales
920 1620 990 1684 nul-

59 1689 221 1793 {waimar-
240 1721 271 1783 lo
293 1721 384 1783 modo
412 1721 557 1794 mittant,
581 1718 640 1780 nisi
662 1733 811 1796 eosquos
833 1731 887 1794 per
909 1716 991 1776 iura-

240 1822 303 1876 tam
327 1813 565 1892 provincialium
587 1819 618 1874 et
640 1810 840 1874 definitorum
865 1814 989 1870 attesta-

241 1907 361 1970 tionem
383 1907 531 1970 noverlnt
545 1921 611 1967 esse
630 1902 769 1984 specialis
784 1901 944 1982 probitatis
957 1908 989 1961 et

240 2000 526 2080 irreprehensibilis
548 2001 646 2076 vitae,
669 2015 702 2060 ac
723 1998 788 2059 solo
816 1995 989 2058 devotionis

238 2097 359 2158 motivo
380 2097 492 2157 ductos
509 2095 544 2155 ad
574 2093 809 2155 inserviendum
837 2090 988 2152 sanctissi-

240 2189 301 2250 mis
323 2189 408 2263 locis,
431 2195 466 2249 ut
489 2187 602 2250 Christi
624 2186 723 2248 bonus
745 2186 820 2247 odor
834 2199 900 2245 esse
922 2198 990 2259 pos-

238 2283 301 2345 sint
318 2282 452 2345 inomni
474 2282 539 2343 loco
561 2289 592 2342 et
610 2280 644 2342 in
667 2279 752 2340 omni
775 2285 879 2354 gente,
894 2275 988 2337 etiam

240 2393 334 2456 prava
357 2384 387 2438 et
410 2391 554 2454 perversa
568 2374 706 2436 natione.

69 2483 220 2540 artaquonam
280 2487 436 2533 xxxxvrn.
465 2469 506 2531 Ut
537 2475 641 2530 autem
672 2481 781 2528 omnes
811 2463 988 2543 provinciae

62 2548 138 2584 mm·
239 2567 304 2628 sive
323 2562 563 2628 observantium
577 2563 643 2622 sive
657 2558 919 2632 llelormatorum,
937 2563 989 2618 aut

239 2658 485 2720 Recollettorum
508 2655 557 2716 vel
579 2653 848 2726 Discalceatorum,
869 2649 988 2713 facilins

239 2753 402 2832 participes
424 2753 498 2814 liant
519 2749 699 2813 coelestium
721 2746 986 2820 benedictionum,

240 2846 353 2924 quibus
376 2843 587 2923 praemiantur
609 2843 720 2904 Terrae
738 2839 867 2904 Sanctae
891 2839 990 2900 inser-

240 2938 375 3012 vientes,
392 2935 571 2999 decernitur
593 2950 657 2996 non
679 2949 744 2996 esse
765 2931 934 2994 mittendos
949 2947 987 2992 ex

241 3045 428 3108 unaquaque
450 3028 606 3107 provincia
628 3027 734 3105 plures
748 3024 878 3088 duobus.
902 3025 986 3100 Quod

240 3130 274 3185 ut
296 3122 416 3184 facilius
437 3116 595 3183 observari
616 3119 721 3198 possit,
744 3118 934 3194 iniungitur,
952 3124 987 3179 ut

240 3217 360 3292 singuli
382 3214 519 3278 ministri
547 3213 767 3292 provinciales,
791 3219 854 3273 tam
879 3211 988 3274 Obser-

242 3311 385 3372 vantium
406 3324 499 3387 quam
521 3305 783 3380 Reformatorum,
805 3304 987 3366 llecolletto·

241 3419 312 3464 rum
334 3411 365 3464 et
386 3401 642 3464 Disealceatorum
671 3400 912 3477 praedictorum,
938 3415 988 3460 su·

240 3495 415 3574 perioribus
436 3492 632 3571 generalibus
654 3493 884 3554 attestationem
907 3491 987 3555 iura-

242 3596 304 3650 tam
327 3596 358 3650 et
378 3589 583 3666 subscriptam
605 3604 620 3646 a
641 3586 857 3649 definitoribus
882 3586 990 3663 singu-

241 3683 269 3744 lo
291 3697 414 3760 quoque
447 3681 584 3743 triennio
613 3681 842 3755 transmittant,
870 3681 901 3742 in
928 3697 988 3758 qua

241 3781 439 3854 praesentent
469 3773 594 3849 fratres,
626 3775 692 3836 sive
719 3775 892 3838 sacerdotes
923 3775 989 3836 sive

240 3868 349 3943 laicos,
378 3883 505 3930 suarum
535 3867 706 3945 respective
738 3868 987 3945 provinciarum,

241 3979 319 4040 quos
346 3959 444 4038 magis
465 3961 531 4039 pios
552 3968 582 4022 et
610 3962 752 4035 devotos,
777 3960 892 4023 iulide
917 3977 988 4024 con-

240 4062 357 4117 stantes
371 4061 402 4115 et
414 4069 537 4116 morum
551 4054 703 4130 gravitate
726 4055 865 4133 probatos
881 4063 911 4116 et
926 4071 989 4118 ma-

241 4149 325 4210 xime
340 4147 375 4208 ad
389 4147 625 4208 inservtendum
647 4147 760 4208 sanctis
776 4147 848 4209 locis
863 4148 989 4212 idoneos

240 4240 329 4302 etad
352 4240 490 4302 eundum
513 4247 634 4318 paratos
656 4241 813 4302 noverint.

76 4347 138 4392 trram
150 4352 224 4448 garon·
281 4348 414 4394 cxxxix.
431 4331 704 4410 Literaepatentes
719 4333 987 4410 indeterminatae,

69 4403 225 4512 ἶῇῗιῖξᾙβῗιιῗιῗ
242 4443 298 4491 seu
321 4427 355 4487 in
377 4425 461 4498 albo,
485 4434 519 4488 ut
542 4425 636 4502 vulgo
654 4425 777 4501 dicitur,
794 4444 850 4506 pro
864 4428 989 4506 religio·

69 4507 133 4551 “⁰¹³⁵
242 4521 284 4582 sis
304 4522 341 4584 ad
361 4521 489 4582 Terram
512 4519 656 4582 Sanctam
678 4521 838 4584 mittendis
859 4524 989 4585 omnino

243 4614 460 4692 prohibentur.

71 4717 225 4812 'generosas
283 4723 335 4770 xe.
358 4709 577 4786 Quaecumque
603 4715 744 4787 patentes
775 4710 883 4771 literae
903 4725 919 4768 a
940 4726 991 4772 su·

71 4779 226 4884 arartfauffil'h'.
245 4802 416 4880 perioribus
437 4801 633 4878 generalibus
656 4803 826 4880 expeditae,
843 4819 898 4880 pro
920 4802 992 4864 mit-

72 4877 161 4922 n¹¹⁰¹¹¹³¹⁵'
245 4895 337 4958 tendo
359 4895 463 4974 aliquo
482 4895 625 4972 religioso
640 4897 676 4959 ad
692 4897 818 4958 Terram
834 4895 989 4968 Sanctam,

243 4997 410 5067 antequam
436 4989 613 5050 executioni
640 4987 886 5058 demandentur,
909 5004 990 5050 reco-

243 5082 347 5157 gnosci
370 5080 502 5143 debeant
518 5097 533 5140 a
548 5089 636 5158 patre
650 5079 832 5159 provinciali
854 5097 925 5143 cum
942 5083 1004 5166 des

244 5172 431 5247 finitoribus,
452 5180 604 5252 quatenus
626 5173 656 5234 hi
680 5173 759 5252 apud
782 5173 883 5252 ipsum
906 5174 992 5234 inve-

244 5266 387 5343 niantur;
410 5273 441 5328 et
462 5267 592 5344 insuper
607 5282 622 5326 a
638 5265 812 5328 Guardiano
834 5271 864 5326 et
879 5265 991 5329 discre-

245 5359 280 5419 tis
300 5368 490 5433 conventus,
514 5359 547 5420 in
569 5375 631 5437 quo
659 5374 779 5420 moram
806 5358 913 5420 lecerit
939 5359 992 5422 ille

244 5450 291 5512 cui
319 5465 482 5513 concessae
512 5459 604 5527 suut3
632 5458 662 5512 et
690 5457 753 5511 tam
779 5450 990 5529 provincialis,

244 5557 336 5620 quam
350 5542 541 5617 definitores,
555 5542 715 5619 guardiani
728 5550 759 5604 et
770 5543 892 5605 discreti
905 5559 992 5622 prae·

245 5635 360 5710 dicti,a
382 5641 470 5711 tergo
495 5633 647 5697 dictarum
673 5635 845 5712 patentium
869 5641 992 5699 attesta-

246 5726 361 5790 tionem
376 5742 449 5789 cum
465 5727 641 5789 iuramento
656 5726 754 5789 lacere
767 5727 893 5801 debent,
911 5726 990 5806 quod

247 5819 418 5897 religiosas,
442 5821 495 5900 qui
518 5821 673 5898 mittitur,
703 5820 843 5882 moribus
864 5826 895 5881 et
916 5837 991 5900 qua·

246 5913 382 5976 litatibus
407 5913 443 5976 iis
464 5912 621 5992 praeditus
647 5915 699 5988 sit,
723 5919 757 5975 ut
778 5915 814 5976 ad
843 5913 922 5976 hene
944 5913 989 5975 in-

1710 557 1769 620 259
1819 549 1873 603 ιιι.
1887 549 1926 603 e:
1939 551 2008 604 1746

1044 689 1247 753 serviendum
1268 691 1380 753 sanctis
1401 690 1476 754 lacis
1497 707 1590 770 capax
1610 699 1642 753 et
1660 690 1789 754 idoneus

1045 781 1219 865 reputetiar.
1243 787 1326 848 ldem
1347 785 1465 848 servari
1491 784 1669 847 decernitur
1695 783 1790 847 etiam

1046 895 1100 958 pro
1128 879 1165 940 iis
1190 879 1243 957 qui
1275 879 1538 956 ellemosynarum
1558 879 1788 968 conductores,

1046 989 1101 1035 seu
1116 981 1352 1049 transvectores
1368 972 1575 1051 appellantur,
1597 979 1628 1033 et
1649 971 1687 1033 de
1706 986 1789 1033 anno

1048 1067 1078 1128 in
1105 1081 1260 1128 annuma
1287 1065 1502 1129 commissariis
1533 1064 1790 1126 transmittuntur

1047 1158 1301 1236 Hierosolymam.
1327 1157 1536 1223 commissarii
1557 1165 1662 1220 autem
1677 1159 1790 1220 Terrae

1046 1253 1186 1326 Sanctae,
1200 1254 1233 1315 in
1248 1253 1387 1332 portibus
1409 1251 1641 1314 christianitatis
1655 1250 1791 1312 existen-

1047 1355 1103 1422 tes,
1126 1349 1250 1410 nullum
1274 1346 1383 1408 talibus
1405 1345 1562 1424 requisitis
1577 1350 1608 1405 et
1622 1344 1791 1406 attestatio·

1047 1441 1137 1503 nibus
1158 1457 1221 1503 non
1244 1442 1404 1504 munitum
1425 1440 1485 1501 iter
1506 1440 1541 1501 ad
1563 1439 1691 1501 Terram
1716 1435 1791 1498 San-

1044 1539 1124 1594 ctam
1152 1550 1278 1596 sumere
1306 1535 1482 1613 patientur,
1510 1547 1613 1610 neque
1642 1530 1789 1592 viaticum

1044 1627 1078 1688 ad
1101 1627 1158 1689 hoc
1183 1626 1478 1701 subministrabunt,
1493 1625 1552 1686 sub
1573 1639 1669 1702 poena
1689 1623 1791 1702 priva-

1045 1719 1136 1781 tionis
1158 1719 1261 1782 officii.

1083 1832 1149 1879 xer.
1173 1815 1259 1879 Nulli
1281 1815 1417 1893 religiosi
1438 1817 1473 1878 ad
1496 1816 1623 1878 Terram
1645 1810 1788 1877 Sanctam
1839 1823 1902 1869 nun
1919 1822 1951 1868 aa
1965 1825 2022 1870 aar·

1045 1911 1134 1985 ituri,
1162 1911 1257 1972 etiam
1279 1910 1300 1970 li
1326 1909 1380 1988 qui
1402 1925 1418 1969 a
1442 1908 1658 1972 commissariis
1687 1925 1788 1987 respe·
1806 1876 2023 1976 {fflmsffi‘·0ffll

1044 2004 1131 2064 attins
1153 2018 1209 2081 pro
1234 2002 1441 2080 eleemosynis
1464 2001 1537 2064 illuc
1568 2001 1787 2064 transferendis
1807 1983 2022 2093 ὓξξξῆᾞρζ

1044 2111 1115 2158 cum
1143 2095 1339 2158 facultatibus
1363 2095 1561 2174 superiorum
1593 2095 1787 2172 generalium
1806 2046 1909 2136 {mm

1045 2189 1183 2268 deputati
1204 2196 1296 2263 sunt,
1324 2189 1384 2251 iter
1415 2204 1540 2252 sumere
1565 2188 1705 2264 valeant,
1728 2190 1789 2251 uisi

1046 2281 1130 2357 prius
1161 2297 1215 2359 per
1246 2289 1366 2359 patrem
1396 2278 1645 2342 commissarium
1677 2282 1789 2343 Terrae

1045 2373 1188 2449 Sanctae,
1212 2390 1275 2435 uua
1302 2390 1373 2435 cum
1403 2373 1576 2436 Guardiano
1598 2381 1628 2436 et
1650 2374 1788 2436 discretis

1044 2472 1236 2541 conventus,
1259 2467 1427 2529 visitentur
1448 2483 1483 2527 ea
1510 2465 1630 2540 omnia,
1653 2483 1732 2545 qnae
1753 2467 1787 2528 ad

1046 2561 1171 2622 Terram
1197 2557 1339 2621 Sanctam
1361 2557 1481 2621 deferre
1507 2559 1636 2634 debean
1660 2566 1691 2621 et
1713 2566 1789 2621 atte-

1044 2651 1133 2713 static
1158 2669 1173 2712 a
1204 2652 1365 2731 praedictis
1395 2650 1531 2729 patribus
1561 2651 1786 2727 commissario,

1045 2746 1213 2821 guardiano
1225 2750 1255 2806 et
1276 2743 1414 2805 discretis
1435 2742 1604 2821 subscripta
1619 2751 1649 2804 et
1664 2743 1788 2820 religio·

1043 2837 1084 2900 sis
1106 2838 1196 2900 ituris
1217 2837 1438 2913 consignanda,
1461 2836 1659 2912 conficiatur;
1682 2835 1714 2898 in
1729 2853 1788 2916 qua

1044 2947 1078 2993 ea
1100 2931 1203 2992 omnia
1232 2945 1310 3009 quae
1331 2928 1404 2990 dicti
1430 2928 1568 3006 religiosi
1596 2929 1788 2992 transierunt

1044 3024 1230 3087 adamussim
1256 3007 1460 3095 adnolentur,
1488 3037 1561 3084 cum
1589 3023 1788 3100 expressione

1046 3118 1170 3180 numeri
1183 3131 1352 3194 capsarum,
1363 3129 1532 3193 rerumque
1545 3115 1576 3177 in
1589 3114 1703 3176 eisdem
1716 3132 1788 3178 con·

1046 3217 1214 3285 lentarum,
1235 3216 1265 3271 et
1283 3207 1424 3270 omnium
1446 3207 1578 3269 aliorum
1595 3223 1674 3287 quae
1693 3217 1790 3270 trans-

1045 3305 1167 3379 ierunt3
1200 3317 1293 3382 quam
1322 3302 1550 3364 attestationem
1577 3302 1788 3379 superioribus

1046 3397 1094 3460 vel
1116 3395 1331 3459 commissariis
1352 3401 1500 3473 portuum
1522 3401 1590 3456 tum
1616 3393 1791 3457 christiani·

1046 3494 1126 3568 tatis,
1143 3499 1210 3554 tum
1232 3491 1445 3565 orientalium,
1457 3489 1491 3550 ad
1508 3506 1585 3568 quos
1599 3490 1788 3568 appulerint,

1043 3587 1192 3648 exhibere
1204 3591 1379 3647 teneantur.
1393 3583 1582 3661 Praecipitnr
1592 3591 1695 3646 autem
1707 3601 1790 3646 com·

1044 3679 1190 3741 missariis
1212 3689 1242 3741 et
1264 3678 1439 3756 guardianis
1460 3677 1635 3757 praedictis,
1648 3678 1706 3739 sub
1720 3693 1790 3755 poe·

1045 3789 1083 3836 na
1104 3772 1285 3851 privationis
1299 3787 1430 3833 suorum
1452 3771 1636 3846 officiorum,
1650 3773 1790 3852 nequid·

1045 3884 1138 3948 qnam
1159 3867 1239 3945 quod
1263 3865 1506 3940 negotiationem
1527 3865 1623 3944 sapiat
1644 3865 1695 3927 vel
1709 3882 1792 3928 mer·

1045 3968 1195 4034 caturam,
1217 3958 1269 4021 sed
1293 3976 1326 4020 ea
1349 3964 1472 4019 tantum
1492 3974 1571 4035 quae
1593 3959 1663 4020 usui
1685 3966 1715 4020 et
1736 3975 1792 4022 ne·

1045 4053 1175 4118 cessitati
1204 4052 1336 4114 fratrum
1369 4051 1587 4113 convenientia
1614 4052 1789 4131 extiterint,

1046 4144 1204 4209 transferri
1227 4145 1417 4223 permittant.

1087 4255 1165 4301 xen.
1189 4239 1274 4312 Quod
1296 4239 1448 4300 sancitum
1470 4248 1515 4302 est
1543 4256 1599 4318 pro
1621 4240 1710 4303 ituris
1731 4241 1789 4304 lra-
1835 4245 2023 4345 rumnarcertnp-

1047 4333 1156 4407 tribus,
1179 4329 1261 4393 idem
1276 4331 1455 4394 decernitur
1470 4347 1525 4410 pro
1540 4349 1555 4393 a
1571 4334 1663 4396 Terra
1679 4333 1788 4397 Sancta
1808 4303 1857 4399 biis
1872 4309 2023 4400 Ρῖἕιιῖιῗιῖιῗ

1046 4426 1262 4500 redeuntibus;
1286 4425 1534 4504 praecipiturque
1555 4432 1623 4489 tum
1645 4445 1674 4507 p.
1695 4429 1791 4492 Gnar·
1808 4406 1864 4453 Μ’·

1046 4521 1154 4594 diano,
1176 4527 1244 4582 tum
1268 4535 1318 4597 pp.
1343 4518 1497 4595 discretis,
1520 4521 1579 4583 sub
1600 4538 1697 4600 poena
1729 4524 1791 4601 pri-

1047 4611 1179 4674 vationis
1200 4627 1330 4674 suorum
1352 4612 1535 4689 officiorum,
1558 4622 1593 4677 ut
1614 4623 1707 4678 cunta
1722 4633 1791 4679 exa-

1049 4706 1181 4777 minent,
1199 4721 1302 4784 quaea
1318 4706 1412 4767 Terra
1427 4706 1535 4770 Sancta
1548 4703 1791 4786 transferuntur,

1047 4807 1077 4862 et
1104 4799 1319 4861 inventarium
1347 4799 1437 4860 fidele
1462 4800 1498 4861 ab
1525 4817 1715 4882 unoquoque
1743 4819 1792 4866 eo·

1048 4909 1118 4955 rum
1148 4891 1358 4969 subscriptum
1379 4899 1410 4954 et
1431 4891 1519 4956 tratri
1550 4896 1694 4958 redeunti
1720 4913 1792 4959 con-

1046 4984 1244 5062 signandum,
1273 4985 1453 5063 conficiant,
1483 4987 1515 5048 in
1538 5004 1600 5066 quo
1628 4990 1731 5051 omnia
1756 4989 1793 5053 ad

1046 5077 1301 5140 christianitatem
1318 5077 1529 5141 transferenda
1544 5080 1729 5142 adamussim
1744 5081 1795 5142 ad-

1046 5176 1212 5246 notentur,
1242 5177 1276 5232 ut
1304 5185 1397 5248 supra
1424 5170 1462 5232 de
1488 5173 1636 5234 euntibus
1667 5181 1792 5236 cantum

1047 5269 1102 5324 est.

1086 5373 1178 5418 xcrn.
1202 5356 1325 5436 Siquis
1347 5357 1527 5434 religiosus,
1554 5359 1669 5438 proprii
1696 5367 1793 5424 status
1812 5362 2026 5461 ,ffffiffigssffi

1048 5451 1225 5524 immemor,
1249 5451 1397 5513 inventus
1419 5450 1512 5514 luerit
1541 5453 1721 5516 mercationi
1743 5455 1794 5516 vel
1812 5472 1988 5515 mercaturam.

1046 5541 1253 5604 saecularibus
1278 5543 1459 5606 incumbere
1481 5545 1627 5620 negotiis
1651 5553 1794 5609 teneatur

1049 5651 1075 5714 p.
1099 5634 1291 5697 Guardianus
1319 5652 1382 5698 non
1414 5636 1518 5699 solnm
1544 5637 1646 5716 ipsum
1667 5636 1702 5698 ad
1724 5653 1794 5716 pro·

1049 5727 1182 5788 vinciam
1203 5727 1308 5789 statim
1324 5729 1502 5806 remittere3
1525 5730 1577 5792 sed
1600 5729 1731 5792 ulterius
1744 5747 1796 5792 su·

1047 5819 1163 5899 periori
1184 5820 1323 5897 generali
1346 5821 1545 5898 denunciare,
1558 5829 1594 5884 nt
1615 5823 1647 5884 in
1670 5823 1795 5902 provin-

1050 5913 1094 5976 cia
1117 5913 1202 5976 iuxta
1223 5912 1326 5978 delicti
1349 5915 1533 5992 gravitatem
1554 5915 1713 5994 puniatur.
