4708 6978
860 567 1056 615 baudolenus
1079 567 1142 612 xlv.
1697 549 1754 612 283
1806 545 1860 598 An.
1875 546 1904 598 O.
1927 547 1995 599 1746

225 687 360 750 Felicem
380 687 418 749 ab
439 686 535 749 diiori
567 685 753 749 modernum
781 685 970 766 praelectum
1028 685 1147 765 busque
1168 693 1199 749 ct
1220 686 1417 766 synodalibus
1439 688 1584 753 Conciliis
1604 687 1694 750 editis
1723 701 1775 766 ge-

224 777 357 840 iratrum
379 777 538 842 Minorum
559 777 590 840 S.
619 777 771 841 Francisci
792 778 972 857 capuccino-
1028 779 1183 842 ueralibus
1207 781 1259 843 vel
1281 781 1463 860 specialibus
1486 781 1773 856 constitutionibus,

223 886 295 935 rum
316 878 567 951 nuncupatorum
587 871 723 934 eiusdem
739 871 891 934 llissionis
907 872 969 935 Tu·
1027 880 1057 935 et
1079 873 1335 950 ordinationum,
1352 891 1488 939 necnon
1504 875 1665 956 quibusvis
1681 875 1775 937 etiarn

223 965 301 1040 neti,
323 973 355 1026 et
377 964 408 1026 iu
432 965 852 1044 posterumdictaspatentes
869 964 971 1027 literas
1027 967 1214 1044 iuramento,
1248 969 1486 1032 confirmatione
1517 968 1690 1048 apostolica,
1724 969 1775 1031 vel

222 1059 254 1120 in
270 1075 434 1138 personam
448 1057 674 1136 cuiuscumque
685 1073 740 1136 pro
752 1065 893 1137 ternpore
903 1075 971 1121 suc·

221 1153 350 1215 cessoris
371 1153 404 1214 iu
426 1151 577 1232 praedicta
599 1152 790 1231 praefectura
811 1153 848 1214 ab
862 1154 970 1216 eadem

222 1247 473 1326 congregatione
501 1246 711 1309 Gardinalium
741 1246 778 1308 de
806 1261 893 1308 more
916 1246 970 1309 eli·

221 1339 314 1418 gandi
337 1341 486 1402 reiterare
507 1338 627 1412 debeas,
650 1339 683 1400 iu
710 1339 821 1418 quibus
843 1339 969 1418 quidem

219 1433 400 1514 patentibus
420 1433 518 1496 literis
540 1433 621 1496 dicto
636 1431 789 1512 praelecto
803 1431 968 1495 Pro-Vica-

220 1527 266 1588 rio
287 1526 477 1590 concedatur
507 1525 634 1588 lacultas
656 1525 761 1588 omnia
782 1531 813 1586 et
834 1524 968 1602 singula,

218 1636 300 1699 quae
311 1621 406 1683 etiam
418 1619 580 1699 specialem
594 1625 778 1698 potestatem
790 1618 967 1696 requirunt,

1027 1063 1135 1140 quavis
1166 1063 1314 1128 firmitate
1341 1063 1397 1125 alia
1419 1063 1568 1126 roboratis
1598 1062 1722 1125 statutis
1743 1067 1774 1125 et

1026 1155 1314 1233 consuetudinibus,
1331 1156 1501 1238 privilegiis
1516 1172 1650 1238 quoque,
1673 1155 1775 1219 indul·

1027 1257 1065 1318 tis
1085 1261 1117 1316 et
1135 1255 1233 1316 literis
1248 1253 1419 1332 apostolicis
1434 1253 1466 1317 iu
1481 1254 1674 1317 contrarium
1687 1267 1773 1332 prae-

1027 1352 1193 1415 missorum
1215 1348 1447 1427 quomodolibet
1474 1349 1637 1423 concessis,
1660 1347 1774 1410 consar-

1026 1445 1115 1507 matis
1137 1452 1168 1506 et
1190 1443 1356 1506 innovatis.
1372 1441 1488 1518 Quibus
1505 1441 1649 1506 omnibus
1664 1450 1696 1504 et
1710 1441 1774 1504 sin·

1026 1538 1106 1616 gulis
1128 1537 1254 1599 illorum
1271 1545 1395 1600 tenores
1411 1535 1625 1616 praesentibus
1639 1549 1694 1615 pro
1709 1535 1775 1613 ple·

1026 1647 1065 1694 ne
1087 1638 1117 1695 et
1138 1631 1328 1694 sufficienter
1345 1630 1508 1710 expressis,
1524 1645 1558 1692 ac
1573 1632 1610 1692 de
1625 1627 1720 1692 verbo
1736 1629 1771 1690 ad

219 1714 386 1776 &emendi
408 1714 522 1792 absque
543 1713 606 1774 Ulli
628 1713 672 1775 tui
695 1711 890 1774 Γθδῐΐῑῦῑῑθῦθ
912 1726 968 1774 ⁵011
995 1766 998 1843 q
1026 1727 1157 1790 verbum
1179 1725 1303 1820 inperiis
1324 1723 1484 1800 habentes,
1502 1722 1562 1785 illis
1576 1723 1649 1784 alias
1668 1722 1701 1784 in
1715 1738 1772 1785 suo

218 1807 418 1884 limitatione,
441 1807 481 1870 lid
503 1814 538 1870 ut
552 1806 634 1869 idem
649 1805 822 1885 praefectus
837 1805 969 1868 Pro-Vl·
995 1850 997 1911 Ι
1025 1819 1136 1882 robore
1160 1819 1383 1898 permansuris,
1409 1817 1444 1880 ad
1466 1817 1707 1895 praemissorum
1728 1816 1771 1880 ef.

217 1901 320 1964 iilius
341 1916 486 1963 θΧθΓθθΓθ
507 1900 606 1962 Valeat
627 1913 857 1977 quamcumque
878 1899 969 1960 iuris·
995 1922 997 1985 t
1025 1915 1141 1978 lectum
1169 1915 1224 1978 bac
1252 1913 1320 1974 vice
1351 1913 1510 1976 dumtaxat
1539 1909 1713 1991 specialiter
1740 1920 1772 1974 et

217 1994 389 2057 dictionem
406 1994 592 2056 ordinariam
607 1993 639 2054 iu
655 1993 734 2056 dicta
749 1991 893 2054 illasione
908 1993 968 2055 Tu·
994 1988 997 2063 i
1024 2027 1168 2089 expresse
1188 2011 1384 2086 derogamus,
1405 2005 1595 2085 caeterisque
1609 2009 1770 2070 contrariis

218 2089 288 2150 neti
309 2096 374 2152 tarn
396 2105 487 2168 supra
505 2085 615 2162 laicos,
638 2101 732 2165 quarn
760 2101 851 2163 supra
873 2085 967 2148 eccle·
1024 2106 1282 2185 quibuscumque,

215 2183 355 2247 siasticos
377 2189 408 2245 et
429 2181 588 2258 regulares
606 2179 830 2258 cuiuscumque
845 2179 967 2242 Ordinis
1037 2200 1175 2262 ,pamm
1204 2197 1329 2273 pinnae,
1355 2196 1435 2274 apud
1464 2195 1495 2259 s,
1526 2195 1651 2259 Marcam
1680 2197 1769 2260 Maia

217 2281 335 2344 ibidem
357 2279 516 2354 degenies,
539 2290 594 2337 ⁸0¹1
616 2273 829 2347 adveniente&
848 2279 910 2334 ‘³¹¹1
932 2272 967 2334 ¹5·
1024 2311 1102 2370 rem,
1130 2291 1189 2355 sub
1212 2289 1328 2352 annulo
1353 2289 1523 2367 Piscatoris,
1551 2287 1600 2352 die
1622 2307 1666 2352 xr.
1690 2291 1770 2353 iunii

215 2377 321 2448 beros,
344 2385 437 2450 quam
465 2369 614 2448 Gallim&
635 2373 754 2429 sellim
784 2373 889 2428 lamen
911 2365 966 2428 libi
1025 2401 1210 2460 uncoxuvr,
1232 2383 1429 2463 pontificatus
1451 2383 1550 2446 nostri
1571 2399 1654 2446 anno
1672 2400 1713 2447 vr.

215 2465 425 2546 appellatione
446 2463 480 2524 iu
499 2460 679 2523 devolutivo
696 2465 818 2522 tantum
833 2476 848 2520 a
862 2457 966 2521 decre·

217 2561 256 2622 tis
279 2567 311 2621 el
332 2554 573 2636 provisionibus,
605 2569 716 2631 quasa
738 2551 819 2613 dicto
850 2550 968 2629 praele-
992 2568 995 2596 ¹

215 2661 265 2716 cto
291 2648 489 2714 Pro-vicario
511 2647 579 2709 lieri
600 2644 784 2722 contigerit3
801 2643 833 2706 iu
848 2643 966 2706 casibus
992 2602 995 2755 1
1270 2635 1521 2646 ““““““

215 2751 337 2819 autent,
360 2745 391 2806 in
415 2743 527 2822 quibus
550 2747 583 2802 tu
605 2739 748 2818 procedas
779 2754 835 2816 pro
863 2736 964 2815 aliqua
992 2762 994 2821 p

215 2840 328 2916 gratia,
341 2836 393 2898 vel
407 2834 538 2910 indulto,
554 2833 661 2894 lavore
674 2831 804 2893 alicuius
819 2845 967 2908 personae
992 2836 994 2955 q

215 2933 247 2994 iu
273 2931 419 2994 blissione
441 2929 602 2991 Tunetana
617 2924 787 2997 existentis,
805 2938 966 3003 quascum-

215 3016 966 3119 quelir⁰lisi⁰ssss⁸lll³0f⁰⁰l⁰Psffiviffllmpsffl?
1024 3041 1162 3106 Solcmai
1194 3039 1317 3101 decreto
1346 3038 1382 3100 io
1403 3036 1473 3100 albo
1507 3038 1699 3102 Sanctorum
1722 3058 1768 3102 re·

215 3119 300 3182 dicto
321 3116 456 3194 uir-igere
480 3114 590 3177 debeas
615 3127 687 3175 cum
714 3110 861 3184 clausula,
884 3124 965 3170 veris
1061 3133 1181 3196 cemes,-
1203 3131 1327 3194 ,patuit
1349 3137 1379 3192 ep
1400 3128 1439 3193 ap
1464 3129 1610 3194 omnibus
1632 3132 1694 3195 0012·
1716 3135 1769 3196 pq.

216 3209 425 3276 existentibus
457 3208 600 3285 narratis,
628 3215 660 3268 et
687 3205 855 3268 dummodo
883 3201 965 3265 idem

215 3305 391 3387 praelectus
406 3301 628 3365 Pro-Vicarius
642 3315 706 3363 non
722 3298 829 3360 babeat
843 3312 965 3360 causam

217 3401 250 3461 in
275 3396 466 3461 contrarium
493 3410 548 3475 pro
569 3395 755 3457 executione
783 3388 965 3470 patelacien·

217 3495 291 3555 dam
312 3491 379 3568 tibi,
403 3491 452 3552 cui
475 3489 538 3566 ipse
559 3486 730 3566 praelectus
746 3483 965 3548 Pro-Vitarius

216 3595 253 3650 ut
278 3593 350 3648 tuus
369 3586 511 3648 minister
526 3594 739 3660 quoscumque
753 3585 837 3640 actus
852 3576 965 3638 ollicio·
991 3602 993 3655 ;

216 3698 268 3744 sos
290 3688 321 3742 et
346 3675 568 3741 reverentiales
596 3673 744 3735 exhibere
770 3671 898 3734 omnino
920 3675 966 3731 te·
991 3666 993 3723 l

216 3786 341 3849 neatur,
362 3772 445 3835 salva
469 3779 571 3831 tarnen
592 3781 715 3846 semper
735 3766 767 3826 in
790 3763 964 3843 praemissis
991 3744 993 3801 Ι

216 3868 400 3934 auctoritate
422 3860 681 3940 congregationis
697 3859 878 3920 eorumdem
894 3857 965 3919 Car·
991 3824 993 3917 X

216 3963 379 4028 dinaliuur.
405 3957 581 4022 blandantes
607 3960 767 4032 propterea
791 3951 822 4012 in
845 3951 964 4012 virtute
991 3922 993 4043 X

215 4077 239 4120 s.
264 4055 457 4120 obedieutiae
480 4053 511 4114 in
532 4049 677 4112 omuibus
692 4047 723 4110 et
737 4045 868 4123 singulis
883 4046 964 4106 cirri-

216 4151 401 4216 stibdelibus
428 4147 610 4211 earumdem
632 4143 806 4217 civitatum,
823 4140 964 4202 caeteris·
990 4150 992 4223 j
1059 4151 1158 4215 vinea
1173 4149 1280 4224 electa,
1298 4163 1390 4226 quam
1406 4146 1556 4225 plantavit
1569 4150 1695 4215 dextera
1709 4154 1766 4216 bo-

217 4263 277 4326 que
298 4245 334 4307 ad
355 4259 433 4322 quos
453 4247 581 4321 spectat,
605 4246 635 4300 et
655 4237 805 4316 spectabit
827 4235 859 4298 in
880 4235 964 4296 lutu·
990 4226 992 4271 l
1019 4247 1098 4309 mim
1120 4253 1177 4306 epe,
1202 4243 1258 4320 (1),

217 4355 302 4415 rum,
324 4347 360 4401 ut
382 4344 412 4398 te
434 4335 470 4398 ad
492 4335 710 4397 demandatum
732 4331 788 4394 tibi
809 4347 864 4411 per
878 4345 963 4409 prae·
1059 4340 1171 4402 patum
1199 4336 1325 4411 Romae,
1355 4337 1434 4414 apud
1460 4334 1492 4398 S.
1517 4336 1656 4416 Petrum,
1685 4357 1767 4404 anno

216 4444 319 4498 sentes
350 4431 521 4497 Vifflriilils
553 4426 732 4490 huiusmodi
757 4425 905 4499 Offilium,
928 4423 964 4485 il·
1019 4429 1241 4495 incarnationis
1252 4428 1429 4490 Dominicae
1441 4445 1690 4509 uncexuvr.,ur.
1701 4435 1763 4497 kal.

217 4528 341 4607 liusque
361 4526 496 4588 liberum
517 4521 713 4596 exercitium,
736 4519 820 4582 iuxta
841 4532 963 4579 carum·
1019 4525 1099 4599 julii,
1121 4523 1319 4602 pontificatus
1339 4522 1436 4584 nostri
1458 4539 1541 4586 anno
1562 4543 1605 4587 η,

217 4621 287 4684 deur
310 4631 452 4686 tenorem
473 4617 684 4696 praesentium
706 4613 853 4692 recipiant
868 4621 899 4674 et
914 4612 963 4674 ad-

217 4717 354 4778 mittant.
388 4716 493 4794 Teque
524 4717 756 4790 recognoscant,
787 4719 817 4772 et
845 4709 901 4772 tibi
929 4709 961 4771 in
990 4714 992 4804 l

217 4811 373 4886 omnibus,
397 4825 477 4887 quae
491 4809 527 4869 ad
542 4805 624 4869 idem
639 4805 777 4870 officium
791 4805 962 4884 pertinent,
990 4832 992 4853 ι

217 4904 386 4984 respective
417 4909 559 4981 parcant,
592 4899 715 4962 lateant
745 4906 775 4960 et
807 4898 961 4972 assistant,
990 4876 992 4961 X

218 5006 331 5077 tuaque
351 4995 486 5059 salubria
508 4993 637 5069 monita,
655 4999 686 5054 et
703 4990 845 5052 mandata
860 4990 963 5053 bumi-
990 4964 992 5097 J

217 5092 285 5154 liter
299 5089 481 5169 suscipiant,
495 5095 526 5150 et
536 5087 699 5148 efficaciter
713 5083 882 5162 adimplere
893 5099 963 5163 pro·
990 5100 992 5174 ξ

218 5191 339 5260 curent,
361 5184 501 5262 alioquin
521 5179 722 5253 sententium,
738 5179 962 5258 sivepoenam,
990 5216 992 5246 2
1022 5181 1104 5244 Suus
1132 5180 1245 5245 literas
1266 5199 1318 5262 ap.
1343 5184 1493 5264 Suprema
1525 5185 1666 5248 omnium
1695 5205 1765 5250 0072.

219 5295 310 5358 quam
332 5278 393 5340 rite
415 5275 524 5338 tuleris
538 5291 593 5338 seu
607 5273 753 5335 statueris
773 5273 804 5334 iu
822 5271 962 5346 rebelles,
990 5316 992 5360 ἰ
1061 5280 1114 5338 tru
1142 5277 1353 5358 confessarios
1382 5279 1586 5356 acquirentes
1613 5297 1633 5342 o
1661 5281 1767 5358 poeai-

220 5380 314 5434 ratam
335 5369 518 5434 babebimus
538 5376 570 5430 et
592 5367 738 5429 iaciemus
761 5372 887 5428 auctore
907 5366 964 5427 llo·
990 5364 992 5373 '
1062 5366 1204 5431 tectibus
1237 5369 1397 5448 complicis
1433 5389 1544 5434 comeo
1574 5373 1765 5452 coufirmat,-

218 5469 304 5530 miuo
325 5480 424 5544 usque
445 5464 481 5526 ad
508 5459 747 5524 satislactiouem
777 5457 963 5534 condignam
990 5500 992 5542 Ι
1060 5461 1767 5546 poenosiudelinquentesstatuitcccmprae.

221 5556 437 5621 inviolabiliter
458 5554 625 5617 observari.
642 5552 710 5615 Non
726 5551 918 5614 obstantibus
934 5567 963 5610 a·
990 5545 992 5616 ἓ
1057 5553 1204 5633 finitione
1232 5555 1355 5618 ordinis
1382 5558 1568 5634 procedendi
1595 5559 1631 5621 irc
1653 5559 1765 5623 buitta·

220 5651 385 5732 postolicis,
406 5665 440 5712 ac
462 5649 494 5711 iu
516 5645 744 5709 venerabilibus
768 5642 964 5724 provinciali·
990 5696 992 5707 .
1059 5646 1144 5707 modi
1166 5648 1273 5710 caucis
1294 5647 1350 5730 (ἲ).

1313 2849 1472 2916 LXXVlll.

1062 3227 1159 3290 delam
1180 3223 1424 3304 oSiqrooriopu
1443 3223 1573 3287 Ordinis
1588 3224 1668 3290 Mic.
1688 3225 1767 3305 Gop-

1060 3318 1271 3400 pucciuorom
1292 3317 1492 3398 praesectum
1513 3316 1675 3380 missionis
1694 3335 1767 3398 upo-

1060 3413 1192 3476 stoticue
1208 3411 1244 3472 io
1258 3407 1397 3472 abactio
1412 3414 1442 3469 ct
1460 3409 1489 3472 S.
1510 3410 1604 3491 Gorty.
1623 3410 1659 3473 dc
1673 3412 1709 3472 P.
1728 3415 1766 3477 F.

1060 3505 1368 3582 Proto-Martyrum.

1154 3670 1398 3744 bautonius
1421 3671 1634 3744 felecteus

1206 3864 1314 3917 servus
1337 3862 1491 3916 servorun
1514 3847 1582 3932 liei,
1617 3895 1630 3920 .

1140 3973 1176 4042 etl
1198 3975 1370 4056 perpetuant
1394 3971 1437 4038 rei
1461 3973 1643 4042 memoriam.

1325 4995 1461 5060 LXXIX.

238 5871 289 5950 'tlt
305 5892 416 5949 Reliqua
430 5889 488 5935 vide
502 5889 530 5934 in
551 5889 617 5934 Bull.
640 5889 664 5934 b.
680 5892 752 5934 Pont.
768 5891 795 5934 et
809 5889 837 5933 in
851 5888 917 5933 Bull.
934 5889 964 5934 de
1060 5891 1090 5947 tt)
1105 5890 1168 5934 Vide
1184 5889 1253 5936 infru
1267 5893 1306 5935 ild
1319 5895 1521 5937 eradicandum.

222 5963 292 6018 Prop.
307 5959 371 6005 Fide
389 5958 437 6003 vol.
453 5961 504 6012 lll.,
518 5968 541 6012 p.
557 5959 603 6000 idi.
989 5903 996 6007 X
