4798 6978
906 565 1100 611 remeaturus
1122 564 1186 611 xiv.
1735 543 1792 608 641
1842 543 1897 599 Aa.
1910 547 1941 598 c.
1962 544 2030 598 1756

273 701 368 765 quam
379 685 527 763 incipiant
539 700 673 760 sacrum,
682 699 832 763 reponere
841 683 1019 747 Sacramen·
1072 691 1138 746 tum
1170 685 1291 760 abesse,
1314 693 1348 748 ut
1375 683 1480 748 Graeci
1504 691 1731 747 sacramentum
1752 683 1814 745 Eu·

275 785 345 842 tum
371 786 556 842 contentum
576 779 609 840 in
637 779 747 858 patena
772 793 866 856 super
887 793 1018 856 parrum
1070 777 1231 840 charistiac
1252 794 1314 841 non
1337 780 1477 856 adorent,
1490 787 1525 842 ut
1545 778 1647 858 potius
1661 793 1727 839 sese
1741 793 1814 855 pur·
1923 851 1925 858 y

273 871 370 933 altare
391 872 618 951 propositionis,
635 880 667 935 et
681 870 846 934 infundere
860 870 970 932 vinum
987 869 1018 930 in
1072 887 1143 949 gare
1157 877 1334 947 teneantur,
1347 871 1544 936 ostendentes
1564 871 1716 950 quomodo
1736 870 1812 933 recti

272 964 399 1028 calicem
424 966 491 1027 sine
520 965 590 1028 ullis
618 965 770 1043 precibus.
802 962 919 1026 Deinde
941 962 1018 1024 circa
1051 1031 1054 1038 Ι
1072 964 1186 1027 limites
1208 982 1271 1027 uon
1287 964 1447 1042 excedant,
1464 981 1521 1028 nec
1543 964 1650 1027 iisdem
1666 963 1814 1027 adoratio·

274 1059 414 1120 medium
435 1074 558 1122 sacrum
572 1058 724 1134 sacerdos,
736 1058 762 1118 si
776 1055 859 1118 solus
872 1055 1017 1130 celebrat,
1072 1058 1120 1120 nis
1139 1058 1255 1120 actibus
1276 1065 1502 1138 prosequantur
1516 1073 1627 1138 panem
1648 1064 1680 1120 et
1702 1057 1814 1119 vinum

274 1153 386 1230 paterii
407 1152 549 1231 imposita
564 1153 668 1232 capiti,
684 1159 715 1213 et
730 1151 822 1214 calice
837 1166 931 1212 manu
947 1150 1020 1212 dex·
1072 1153 1213 1215 nondum
1233 1161 1419 1229 consecrata,
1431 1153 1543 1233 quibus
1563 1168 1598 1214 ea
1619 1159 1687 1232 post
1708 1165 1815 1213 conse·

276 1245 342 1307 teri
361 1246 571 1322 apprehenso,
596 1244 745 1308 transfert
767 1247 803 1307 ad
826 1245 925 1306 maius
946 1243 1018 1305 alta·
1071 1245 1455 1308 crationemrenerantnr.
1471 1265 1489 1308 a
1503 1247 1592 1309 Pater
1606 1245 1634 1308 le
1649 1245 1734 1306 Brun
1750 1259 1813 1306 non

274 1355 311 1400 re
331 1343 390 1400 etc.
419 1338 451 1402 Si
473 1353 547 1400 vero
574 1338 713 1401 sacerdos
738 1337 914 1400 huiusmodi
931 1345 1018 1399 'sacra
1072 1337 1224 1400 dubitavit
1239 1353 1385 1415 asserere,
1404 1339 1495 1402 talem
1509 1354 1573 1401 esse
1589 1339 1698 1414 ritum,
1712 1343 1745 1400 ut
1760 1335 1813 1397 ali-

275 1431 396 1509 peragit
417 1431 654 1494 administrante
675 1431 815 1508 diacono,
836 1430 914 1492 solet
936 1436 1018 1510 pate·
1072 1447 1133 1510 quo
1155 1431 1247 1493 modo
1259 1431 1418 1494 reformari
1434 1440 1602 1494 mereatur.
1626 1429 1813 1494 Tourneiort

277 1543 351 1590 nam
373 1543 444 1590 curn
466 1525 664 1592 Sacramento
678 1529 806 1592 diacono
816 1529 949 1604 tradere,
965 1527 1017 1605 qui
1074 1529 1147 1586 tom.
1173 1530 1204 1610 3,
1219 1539 1290 1607 pap.
1307 1525 1375 1587 411
1389 1530 1419 1587 et
1433 1542 1508 1604 seq,
1524 1540 1622 1604 quum
1635 1539 1668 1586 se
1683 1523 1814 1602 propriis

276 1635 346 1682 eam
368 1621 531 1700 imponens
556 1621 650 1700 capiti
675 1620 793 1699 deiert;
816 1622 880 1701 ipse
901 1626 1018 1696 autern,
1071 1619 1167 1682 oculis
1188 1621 1300 1682 vidisse
1321 1619 1433 1682 celerat
1447 1621 1599 1682 armenos
1620 1617 1813 1681 functionem

276 1721 400 1792 accepto
418 1715 521 1791 calice,
538 1715 603 1777 enit
618 1721 649 1778 et
664 1716 827 1780 diaconum
838 1715 1018 1792 sequitur.»
1073 1715 1151 1776 banc
1172 1719 1458 1791 peragentescum
1478 1712 1578 1791 aliqua
1600 1710 1814 1790 indignatione

79 1809 255 1909 reperiamus
276 1807 365 1869 Tunc
385 1823 460 1869 vero
481 1824 545 1870 non
560 1809 678 1871 omittit
698 1809 830 1888 populus
851 1823 951 1885 genua
966 1807 1019 1868 lle·
1073 1808 1109 1868 de
1131 1807 1164 1868 ed
1187 1807 1334 1885 loquitur.
1359 1807 1502 1871 Cbardon
1517 1805 1581 1868 loeo
1595 1803 1744 1882 superius
1759 1819 1813 1863 co·

45 1875 151 1964 i'l‘ss‘ffluuri
166 1865 256 1963 ³25¹&
277 1908 373 1975 ctere,
390 1907 496 1979 pectus
511 1901 654 1977 tundere,
670 1901 801 1979 aliisque
815 1899 934 1962 idoneis
947 1897 1021 1960 aeti·
1073 1905 1142 1961 toto
1158 1915 1192 1962 ea
1206 1899 1306 1976 aliert,
1328 1916 1405 1978 quae
1421 1900 1611 1980 seripserunt
1626 1897 1813 1960 Tourneior·

46 1977 87 2020 ¹²¹·
276 1993 334 2055 bus
356 2001 567 2077 consacratnm
587 2009 700 2075 panem
720 2013 736 2056 a
756 1993 912 2056 sacerdote
932 1991 982 2054 vel
1003 2009 1019 2053 a
1073 1992 1133 2054 tius
1154 1999 1185 2054 et
1206 1999 1293 2071 pater
1314 1993 1343 2054 le
1363 1993 1464 2070 Brun3
1487 1991 1599 2056 deinde
1626 1989 1812 2070 quaestionis
1843 1997 2043 2096 Alliestwqeq:

276 2087 417 2164 diacono,
447 2095 594 2166 utsupra
625 2088 771 2164 diximus,
800 2087 949 2162 delatum,
972 2085 1018 2148 oti
1074 2095 1222 2164 punctum
1233 2086 1403 2149 indecisam
1417 2085 1578 2166 relinquit.
1593 2086 1699 2163 ltaque
1714 2089 1812 2162 patres
1830 2050 1970 2150 ἶῖιξξίῡέιῖἒ
1972 2061 2042 2160 ⁰de

77 2189 199 2253 Similiter,
213 2201 256 2236 ex·
276 2195 331 2260 par
352 2189 409 2257 est,
425 2183 560 2264 adorare.
584 2182 685 2258 Quum
700 2190 804 2244 autem
818 2181 890 2242 binc
904 2179 1019 2242 lartum
1074 2180 1204 2243 Concilii
1218 2181 1389 2244 Zamoseiae
1402 2181 1496 2244 babiti
1509 2197 1590 2243 anno
1603 2193 1746 2242 ruccas.
1763 2178 1812 2239 de·
1831 2158 1960 2205 mmmm·

48 2243 257 2354 ss‘ffgmaffi'bvssff
276 2289 343 2336 esse
364 2274 500 2351 dicatur,
521 2285 557 2339 ut
579 2275 690 2337 similia
717 2281 910 2354 praestentur
930 2289 945 2332 a
967 2287 1021 2351 po·
1073 2279 1158 2336 creto
1179 2274 1216 2336 de
1237 2272 1444 2338 celebratione
1464 2275 1649 2345 Missurum,
1666 2272 1729 2349 54,
1748 2287 1811 2334 non

49 2353 257 2450 issfflfflffissff‘fflf
276 2368 362 2448 pulo,
383 2369 459 2432 dum
482 2371 513 2432 iu
534 2370 695 2432 iunctione
715 2369 840 2431 maioris
863 2369 1020 2444 ingressus
1073 2369 1256 2433 dubitarunt
1284 2371 1481 2446 interdicere,
1503 2385 1542 2432 ne
1563 2385 1622 2449 qua
1643 2369 1694 2431 flat
1717 2383 1812 2446 genu-

50 2457 128 2503 lfflill·
276 2463 418 2542 paniset
439 2464 550 2526 vinum
572 2480 635 2526 nou
656 2463 755 2526 adbuc
773 2467 949 2525 consecrata
966 2462 1018 2523 sed
1073 2464 1164 2526 lleaio
1185 2472 1238 2527 aut
1258 2465 1365 2543 capitis
1386 2463 1543 2527 inclinatio
1564 2465 1638 2528 dum
1660 2463 1746 2542 panis
1767 2463 1813 2523 vi·

276 2557 474 2635 postmodum
488 2555 692 2620 consecranda
710 2555 942 2636 supplicationis
957 2555 1019 2616 ritu
1073 2572 1213 2636 numque
1234 2556 1375 2620 nondum
1386 2563 1560 2620 consecrata
1581 2573 1596 2618 a
1618 2572 1711 2635 paruo
1725 2554 1812 2616 altari

276 2664 332 2728 per
343 2649 502 2712 ecclesiam
512 2649 706 2727 deieruntun
716 2653 773 2712 boc
785 2649 860 2712 illud
872 2656 929 2725 est,
938 2648 1017 2726 quod
1072 2648 1106 2709 ad
1123 2645 1271 2713 maiorem
1292 2665 1375 2712 aram
1390 2650 1637 2714 transferuntur:
1662 2647 1813 2712 Prohibet

276 2743 439 2820 negotium
456 2744 586 2819 lacessit,
603 2746 747 2824 quodque
761 2745 864 2808 locum
878 2745 1019 2824 praebuit
1074 2742 1231 2822 Spuodus,
1253 2759 1293 2805 ue
1312 2745 1394 2824 ficut
1421 2744 1658 2825 perspectores
1686 2761 1741 2807 seu
1763 2759 1812 2806 cu-

276 2835 506 2899 difficultatibus
520 2837 666 2900 adversus
680 2839 857 2918 ingressum
868 2840 1018 2901 maiorem
1071 2838 1151 2916 pitis
1173 2836 1401 2900 inclinationes
1412 2839 1488 2900 dem
1503 2840 1706 2919 transfertur
1719 2837 1812 2916 ponis
1904 2903 1907 2908 ,

276 2930 423 2993 excitatis.
447 2929 588 2993 Nicolaus
602 2932 762 2994 Cabasillas
783 2931 819 2994 io
835 2933 1018 3010 ‚depositio-
1072 2928 1244 2993 oblationis
1264 2949 1283 2994 a
1305 2932 1425 2994 minori
1447 2931 1488 2995 od
1509 2936 1616 2994 muter
1629 2929 1735 2994 altore
1755 2946 1813 3008 pro

277 3039 315 3083 ee
326 3023 507 3102 liturgiae,
520 3039 588 3102 cop.
603 3025 663 3097 24,
679 3025 721 3088 ita
735 3025 869 3104 scripsit:
886 3026 949 3091 «st
963 3028 1017 3106 qui
1072 3027 1308 3088 consecratione
1337 3033 1472 3104 tempore
1493 3025 1667 3107 offertorii;
1692 3025 1813 3103 proeci-

276 3123 381 3178 autem
402 3125 489 3193 sunt,
505 3117 569 3196 qui,
586 3119 742 3182 sacerdote
767 3133 840 3182 oum
860 3119 948 3181 donis
969 3121 1017 3182 iu·
1071 3119 1180 3197 piique
1207 3118 1372 3196 parochie,
1395 3125 1433 3180 ut
1463 3118 1615 3197 populum
1641 3119 1700 3182 buc
1722 3119 1813 3181 dere

276 3208 555 3286 grediente,bumt
579 3212 787 3288 procumbunt
807 3218 839 3275 et
861 3221 1017 3292 tamquam
1072 3216 1231 3285 moneant,
1244 3229 1283 3274 ce
1301 3211 1444 3290 periculo
1459 3211 1663 3275 idololatriae
1677 3227 1814 3290 eupoate-

275 3303 394 3392 Corpus
415 3309 447 3364 et
474 3303 666 3382 Sanguinem
698 3305 812 3369 Christi
835 3307 914 3369 dona
937 3323 1018 3386 quac
1073 3305 1240 3368 touillon
1263 3305 1348 3368 enirn
1371 3311 1470 3384 patres
1491 3304 1617 3368 tortasse
1632 3319 1704 3384 prae
1718 3305 1814 3367 oculis

275 3396 460 3460 deteruntur
480 3397 607 3461 adorant
628 3406 659 3461 et
677 3398 891 3478 alloquuntur,
913 3401 950 3462 ab
970 3401 1018 3462 in·
1071 3399 1265 3474 babuerunt,
1293 3398 1373 3478 quod
1396 3398 1429 3460 iu
1453 3413 1538 3460 sacro
1559 3405 1647 3461 textu
1677 3397 1813 3461 relertur

274 3505 381 3567 gressu
401 3492 736 3570 praesanctificatorum
757 3494 909 3556 donorum
930 3493 1016 3557 dece·
1072 3490 1128 3555 tib.
1148 3493 1172 3553 4
1198 3491 1331 3572 Regum,
1358 3506 1427 3569 cop.
1453 3493 1506 3564 18,
1529 3492 1567 3554 de
1589 3491 1719 3554 Ezecbii
1740 3506 1812 3568 rege

275 3585 319 3663 pti
339 3592 425 3662 sunt,
448 3585 626 3662 ignorantes
646 3585 852 3649 differentiam
874 3588 966 3651 buius
987 3597 1017 3652 et
1070 3587 1154 3661 luda,
1177 3587 1228 3665 qui
1250 3591 1427 3663 serpentem
1450 3599 1608 3646 aeneuma
1624 3585 1726 3663 lloyse
1741 3599 1812 3646 rou-

274 3678 359 3741 illius
379 3681 536 3758 sacrillcii;
559 3681 617 3743 hoc
637 3681 724 3742 enim
746 3681 776 3742 in
793 3682 859 3762 ipso
873 3682 1017 3760 ingressu
1070 3680 1180 3742 ilatum
1210 3679 1318 3756 tregit,
1347 3687 1508 3758 propterea
1535 3679 1614 3757 qnod
1644 3678 1699 3740 tilii
1716 3675 1812 3740 lsrael

275 3789 338 3836 non
354 3773 539 3836 sanctificata
551 3774 643 3836 babet
654 3776 733 3838 dona
748 3781 780 3836 et
793 3775 934 3839 nondum
949 3791 1016 3855 per·
1072 3787 1169 3851 usque
1192 3773 1224 3834 in
1245 3787 1318 3835 eum
1339 3773 1423 3835 diem
1445 3771 1516 3834 thus
1537 3771 1582 3833 illi
1603 3771 1810 3833 adoleverant.

273 3865 366 3943 lecta3
389 3866 464 3929 illud
486 3873 592 3928 autem
612 3867 745 3946 perlecta
768 3875 798 3929 et
819 3869 1016 3945 sanctificata,
1109 3865 1197 3940 534.
1221 3866 1301 3928 llaec
1321 3872 1405 3942 sunt,
1422 3865 1599 3944 quaenobis
1620 3864 1708 3926 licuit
1728 3864 1812 3926 colli·
1857 3875 1969 3940 lequrus,
1981 3877 2042 3940 con-

274 3969 305 4023 et
327 3962 444 4037 Corpus
464 3964 496 4020 et
516 3957 708 4036 Sanguinem
721 3960 876 4024 Christi.»
897 3963 935 4024 Et
949 3971 1017 4039 post
1071 3973 1145 4036 gere
1166 3975 1205 4021 ex
1227 3959 1312 4022 libris
1332 3967 1505 4034 auctorum,
1528 3958 1641 4037 quide
1669 3960 1727 4021 laoc
1748 3959 1811 4020 ritu
1830 3939 1903 4030 {5⁰53
1917 3930 2041 4030 ’ἔφη

274 4069 348 4116 eum
378 4051 530 4115 Arcudius
557 4053 598 4114 ita
625 4053 822 4132 prosequitur
850 4055 881 4116 in
907 4054 1015 4117 eodem
1070 4058 1251 4115 tractarunt.
1269 4051 1471 4114 Nuncautem
1482 4067 1515 4113 ea
1526 4050 1723 4128 subiicemus,
1734 4067 1812 4130 quae

274 4147 366 4210 citato
388 4161 490 4224 opere,
512 4146 565 4208 lib.
589 4147 619 4223 3,
641 4163 706 4226 cap.
733 4147 783 4209 tlt:
808 4149 944 4226 «ltaque
966 4163 1017 4228 po-
1069 4145 1148 4208 cirea
1168 4143 1313 4208 eumdem
1334 4145 1432 4206 ritum
1458 4144 1670 4206 animadversa
1691 4151 1723 4206 et
1742 4159 1812 4206 con·

274 4240 367 4320 pulos
394 4241 541 4318 ignorans
569 4241 735 4303 discrimen
763 4240 854 4304 buius
882 4251 913 4304 et
934 4242 1017 4304 illius
1069 4241 1178 4303 stituta
1209 4239 1337 4302 inerunt
1361 4244 1428 4301 tum
1451 4239 1483 4299 in
1512 4237 1812 4315 congregationibus
1838 4297 1839 4300 ,

274 4333 437 4410 liturgiae,
468 4333 614 4398 similiter
640 4351 673 4396 se
702 4335 783 4411 gerit
810 4333 843 4395 in
871 4335 1017 4397 odinariis
1070 4335 1127 4396 sub
1148 4333 1271 4397 Urbano
1295 4331 1368 4396 llll.
1391 4332 1514 4406 coactis,
1531 4338 1597 4394 tum
1618 4333 1651 4394 in
1673 4331 1720 4408 iis,
1733 4347 1812 4410 equae

274 4431 367 4506 atque
388 4427 419 4487 in
441 4427 719 4504 praesanctificatis.
743 4427 887 4502 Quocirca
904 4439 935 4490 et
950 4443 1018 4505 gra·
1071 4429 1184 4491 nostris
1214 4425 1403 4506 temporibus
1428 4425 1548 4487 babilae
1575 4432 1660 4502 sunt,
1686 4433 1717 4488 et
1738 4441 1811 4504 qua·

273 4519 356 4582 riter
377 4527 470 4596 errat,
494 4521 607 4599 quippe
629 4523 662 4582 in
683 4522 950 4600 praesanctificatis
964 4537 1017 4583 ve·
1070 4536 1142 4583 rum
1171 4522 1289 4583 decreta
1311 4535 1367 4582 nos
1394 4520 1452 4596 ipsi
1473 4519 1604 4582 subinde
1634 4519 1811 4599 approbavi·

273 4628 346 4674 rum
357 4614 473 4690 Corpus
486 4611 623 4675 sacerdos
639 4614 671 4675 in
684 4613 913 4692 persuaderem,
926 4615 1017 4676 meri·
1070 4629 1150 4677 mus.
2096 4695 2098 4700 ι

273 4713 368 4784 toque
389 4706 521 4784 populus
541 4707 628 4768 bumi
650 4707 824 4786 procumbit
842 4715 934 4786 atque
948 4708 1016 4770 ado·
1110 4707 1199 4788 535.
1232 4708 1371 4769 Primum
1401 4707 1505 4786 itaque
1534 4706 1609 4770 illud
1641 4705 1810 4785 prudenter
1842 4708 1964 4757 excludlt.
1981 4715 2042 4758 tem-

274 4799 382 4875 rat3in
393 4798 460 4860 aliis
472 4814 546 4861 vero
556 4799 721 4874 sacrificiis,
734 4802 809 4863 dum
818 4804 893 4862 baec
904 4800 1017 4862 oblatio
1070 4801 1319 4862 animadversum
1339 4798 1411 4874 luit,
1435 4798 1627 4862 lunationem
1648 4801 1726 4862 bane
1748 4816 1810 4861 ma·
1828 4763 2041 4865 fiiifffd‘diutd'ss

275 4892 309 4952 tlt
330 4899 402 4953 autc
429 4894 709 4969 consecrationem,
734 4893 855 4971 longius
876 4909 909 4955 se
929 4900 1015 4972 gerat
1070 4895 1142 4955 ioris
1163 4893 1459 4970 ingressusornnino
1475 4893 1583 4954 tollere
1603 4903 1694 4972 atque
1716 4894 1810 4955 inter·
1828 4869 2042 4984 ffissffssfflfflfflffi

273 4992 433 5064 oportet»
447 4985 530 5049 Idem
545 4987 696 5049 Arcadius
711 4989 743 5048 in
758 4987 1016 5065 subsequentibus
1069 4987 1168 5050 dicere
1197 4985 1291 5068 (quod
1323 4987 1537 5065 caeteroquin,
1571 4994 1605 5048 ut
1636 4987 1695 5048 dici
1720 4987 1808 5063 solet,
1829 4979 2041 5088 ffigffilgg‘ggslb·

274 5080 412 5142 eiusdem
434 5080 505 5141 libri
530 5081 680 5159 capitibus
707 5081 821 5142 refellit
841 5081 1015 5144 Gabrielem
1068 5081 1178 5144 lalcem
1199 5079 1235 5142 ad
1255 5079 1389 5143 radicem
1415 5079 1561 5161 misisset)
1581 5096 1649 5143 rem
1668 5080 1736 5142 iore
1756 5081 1810 5141 Ec

273 5173 546 5252 archiepiscopum
577 5173 818 5254 Philadelpbiae,
849 5176 902 5254 qui
928 5175 1016 5254 plura
1068 5175 1179 5236 clasiae
1198 5174 1328 5236 Graecae
1351 5175 1581 5251 permolestam,
1605 5191 1663 5237 nec
1682 5191 1810 5238 consen-

273 5267 434 5346 scripserat
460 5269 495 5328 ad
524 5266 747 5330 vindicandum
774 5269 954 5332 huiusmodi
975 5269 1015 5330 ri·
1070 5275 1191 5330 taneam
1219 5267 1370 5330 institutis
1396 5267 1547 5330 Ecclesiae
1568 5268 1706 5343 Latinae,
1733 5285 1811 5346 qnae

273 5367 352 5422 turn.
364 5360 445 5435 Quin
458 5361 550 5422 etiam
560 5361 698 5436 (luamus,
710 5361 927 5442 praeallegato
938 5361 1014 5434 loco,
1070 5376 1193 5437 graecos
1214 5361 1293 5421 ritus
1313 5361 1345 5422 in
1369 5359 1499 5422 Ecclesia
1519 5358 1642 5435 Graeca,
1657 5368 1811 5438 quantum

274 5455 481 5516 necessarium
502 5455 590 5517 duxit
609 5454 644 5515 ad
660 5455 913 5518 eumdemritum
926 5461 1015 5518 tuen·
1071 5443 1181 5534 potiit,
1203 5472 1328 5518 servare
1353 5473 1475 5536 semper
1495 5458 1630 5520 studuit:
1661 5456 1753 5535 idque
1774 5471 1811 5516 eo

273 5550 348 5612 dum
366 5560 554 5629 opportunas
575 5552 719 5629 quasdam
740 5551 875 5613 rationes
896 5551 1015 5612 allerre.
1069 5554 1120 5615 rcl
1145 5554 1279 5614 maxime
1299 5554 1381 5633 quod
1409 5553 1535 5632 antiqua
1560 5559 1606 5614 est
1634 5550 1809 5615 huiusmodi

273 5643 308 5704 ln
319 5644 485 5706 recentiori
500 5643 635 5708 editione
648 5645 748 5725 operis
769 5646 922 5726 inscripti:
941 5647 1016 5710 Per·
1070 5649 1279 5726 caeremonia;
1312 5663 1452 5726 quaeque
1484 5649 1515 5708 in
1537 5665 1572 5710 ea
1600 5656 1743 5710 servatur
1764 5663 1811 5710 so·

273 5737 417 5815 petuitas
447 5737 520 5818 fidei
548 5739 725 5803 cotbolicee
750 5741 787 5803 de
816 5748 1015 5804 accremento
1071 5742 1225 5817 lemnitas,
1241 5741 1283 5802 ita
1296 5740 1441 5819 explicari
1462 5742 1635 5818 consuevit,
1652 5751 1687 5804 ut
1702 5743 1811 5803 triurn-

275 5825 504 5892 noctartsatee
531 5831 683 5894 adversus
712 5833 885 5896 Claudium
912 5835 1016 5898 vindi-
1070 5835 1191 5912 pbalem
1220 5832 1331 5896 referat
1359 5834 1534 5911 ingressum
1564 5834 1689 5910 Christi,
1712 5849 1812 5913 quum

274 5928 358 5996 cetu,
376 5938 447 6004 pop.
459 5923 517 5997 68,
534 5925 591 5988 boe
604 5926 755 6005 scriptum
771 5928 898 6004 legitur:
917 5946 935 5988 c
951 5934 1016 5990 tan·
1070 5943 1108 5990 er
1130 5927 1278 5989 Betbanib
1298 5926 1465 5990 ierusalem
1487 5928 1591 6006 renit;
1613 5929 1813 6007 quemadmo-

382 6073 431 6118 lar.
450 6073 517 6119 l‘out.
533 6072 563 6120 de
580 6073 651 6133 l’rop.
669 6074 729 6121 Fide
743 6077 824 6122 Partis
839 6078 857 6122 l.
873 6078 925 6122 vol.
942 6080 982 6123 lll.
1680 6093 1705 6136 81
