4856 6984
67 1841 169 1884 Eorum
185 1837 276 1884 lunda-

49 1891 275 1948 liouislegescon·

48 1956 160 2006 serrare
184 1955 275 1991 neces-

49 2009 156 2043 sarium
189 2010 275 2054 agno-

50 2055 103 2097 scit
118 2053 245 2099 Pontiier.

925 593 1120 637 nanaorerns
1144 592 1205 636 riv.
1759 569 1816 630 biii
1869 569 1921 620 nn.
1936 571 1965 621 0·
1988 570 2055 620 lana

295 704 365 766 niae
378 721 394 764 a
409 706 618 770 fundamentis
639 709 798 786 erigenda,
821 711 1038 772 consentaneis

295 796 414 874 legibus
429 799 609 876 munienda,
625 809 656 864 et
671 803 783 864 annuis
799 803 967 866 redditibus
982 819 1038 880 pro

295 889 537 954 adolescentibus
552 893 627 955 inibi
642 893 807 957 educandis
824 896 1037 958 instituendis·

295 998 353 1061 que
375 983 506 1048 dotanda
535 987 665 1062 curarit,
689 1003 824 1067 semper,
847 988 1038 1050 etiamdum

295 1076 326 1138 in
348 1077 521 1142 minoribus
542 1096 689 1154 essemus,
712 1082 863 1157 admirati,
886 1083 984 1143 adbuc
1005 1084 1037 1143 in

295 1172 437 1248 supremi
462 1174 644 1235 sacrosancti
667 1175 861 1253 npcsrotatns
890 1174 1037 1238 Catbedrd

295 1280 350 1343 per
370 1266 557 1330 ineffabilem
579 1268 701 1330 divinae
716 1268 861 1330 bonitatis
881 1269 1038 1332 abundan-

297 1359 380 1434 tiam,
408 1361 527 1424 meritis
561 1361 631 1422 licet
659 1361 847 1440 imparibus,
875 1363 1036 1425 constituti

295 1452 477 1531 suscipimus
504 1461 534 1516 et
562 1453 733 1530 apostolicis
766 1454 905 1516 laudibus
936 1471 1037 1534 prose·

295 1555 426 1623 quantes
447 1547 652 1610 vehementer
672 1547 823 1622 dolemus,
846 1549 927 1625 quod
949 1565 1038 1627 prop

296 1648 343 1700 ter
362 1655 482 1718 asperas
504 1647 681 1720 temporum
695 1655 863 1719 rerumque
884 1641 1037 1703 calamita-

296 1740 340 1796 tes
360 1733 508 1796 acmulari
529 1749 592 1796 non
615 1734 782 1796 valeamus.

333 1825 352 1900 5
382 1825 408 1886 1.
434 1826 498 1888 Etsi
518 1834 623 1888 antem
646 1827 772 1890 maximi
787 1829 939 1890 momenti
962 1844 1037 1907 opus

293 1933 359 1982 esse
380 1937 444 1984 non
465 1920 645 1998 ambigitur,
662 1923 838 1985 huiusmodi
860 1921 988 1998 collegia
998 1922 1037 1982 si·

294 2028 332 2075 ve
351 2014 518 2076 seminaria
539 2015 619 2077 bene
633 2015 837 2090 constituere;
862 2030 925 2076 non
946 2015 1037 2076 mini-

293 2106 336 2167 mi
352 2113 453 2169 tamen
470 2109 615 2186 ponderis
625 2114 672 2169 est
682 2106 869 2181 adlaborare,
883 2115 917 2169 ut
930 2109 1036 2169 eadem

291 2199 428 2278 collegia,
441 2202 507 2264 sive
521 2203 697 2277 seminaria,
711 2201 795 2263 inrita
811 2201 964 2262 intentam
977 2200 1038 2278 pri-

292 2308 419 2358 maevae
430 2294 619 2358 laudationis
641 2295 870 2358 institutionem
885 2294 1033 2357 conditas·

293 2402 354 2464 que
376 2389 502 2467 provida
531 2389 709 2450 maturitate
732 2387 870 2464 regulas,
892 2394 971 2449 sarta
994 2394 1036 2449 te·

291 2487 400 2559 ctaque
430 2488 598 2544 serventur
623 2487 654 2542 et
685 2481 954 2544 administrentur.
991 2481 1037 2542 Ab

292 2574 368 2636 inita
389 2591 461 2638 sane
486 2577 608 2637 summa
623 2575 788 2638 catholicae
809 2574 953 2637 ecclesiae
968 2590 1036 2653 pro-

292 2669 462 2746 curatione,
476 2670 558 2731 inter
573 2669 767 2746 gravissimas
783 2675 827 2729 tot
840 2669 1035 2744 negotiorum

292 2761 430 2840 undique
449 2779 515 2824 sese
536 2761 852 2839 aggerentiumcuras
874 2777 937 2824 non
960 2763 1035 2823 omi·

290 2855 386 2916 simus
406 2853 747 2932 sedulauavigilemque
768 2869 893 2933 operam
914 2855 1035 2932 impen-

291 2947 373 3024 dere,
396 2956 431 3010 01
446 2949 483 3010 de
497 2949 639 3010 omnium
661 2947 812 3008 eiusmodi
833 2947 1034 3024 collegiorum

290 3040 355 3102 sive
375 3040 615 3104 seminariorum
637 3039 817 3114 rationibus,
841 3047 908 3101 tum
931 3041 966 3102 ad
988 3057 1035 3102 re-

1094 715 1173 771 ctam
1195 693 1319 787 piorum
1343 724 1466 771 morum
1487 721 1705 786 sacrarumque
1726 702 1836 766 doctri·

1094 817 1204 863 narum
1227 801 1431 880 disciplinam,
1451 809 1517 864 tum
1540 800 1575 861 ad
1597 798 1720 861 fidelem
1743 798 1837 860 boue-

1093 909 1164 956 runr
1187 893 1404 972 temporalium
1425 893 1720 956 administrationem
1744 888 1838 970 perti-

1092 987 1247 1062 nentibus,
1261 987 1440 1066 plenissime.
1450 989 1662 1060 edoceremur,
1675 992 1705 1046 ot
1719 989 1836 1063 aposto·

1093 1080 1167 1142 lirae
1199 1080 1411 1158 providentiae
1440 1079 1689 1156 auctoritatisque
1720 1085 1835 1155 partes,

1093 1173 1144 1235 ubi
1166 1188 1242 1251 opus
1264 1181 1341 1248 erat,
1364 1179 1538 1253 opportune
1559 1171 1789 1234 collocaremus.

1131 1267 1199 1341 52.
1220 1266 1371 1341 Quoniam
1402 1275 1517 1340 autem,
1546 1265 1625 1328 sicut
1652 1264 1834 1344 accepimus,
1869 1279 1923 1338 ¹na
1947 1276 2067 1344 samina-

1092 1359 1124 1420 11
1138 1359 1332 1437 pontificium
1344 1358 1518 1434 Collegium
1531 1359 1598 1420 sive
1613 1357 1834 1432 Seminarium,
1855 1339 1920 1438 {iiim
1936 1329 2067 1428 ‘iii'i'iffiiss

1092 1453 1174 1531 quod
1195 1471 1210 1512 a
1234 1453 1352 1514 laudato
1367 1452 1515 1527 Gregorio
1538 1452 1767 1531 praedecessore
1781 1464 1836 1511 no·
1854 1436 2066 1535 {ieciffi'ffilg'gg'

1090 1551 1155 1606 stro
1178 1545 1298 1608 Wilnae
1318 1554 1459 1607 erectum
1474 1554 1504 1606 et
1519 1545 1699 1606 institutum
1714 1542 1784 1618 init,
1801 1549 1835 1603 ut
1854 1524 2067 1643 ugicrnquarranr

1092 1638 1220 1699 iuvenes
1246 1639 1399 1700 scholares
1420 1637 1555 1702 liutlaeni
1577 1645 1607 1700 et
1632 1608 2067 1698 111011ιο11111311111ιῖ11ιῆ

1093 1733 1185 1794 tidem
1216 1732 1312 1808 ipsaru
1344 1732 1522 1794 catholicam
1544 1741 1574 1792 et
1602 1730 1775 1793 doctrinam
1803 1745 1836 1790 ac
1855 1709 1904 1748 ²¹¹⁵·

1093 1824 1186 1886 bonas
1209 1823 1311 1886 literas
1333 1826 1557 1899 condiscerent,
1571 1823 1756 1903 optimisque
1771 1837 1835 1882 mo·

1092 1916 1177 1978 ribus
1201 1924 1232 1978 et
1259 1917 1428 1997 disciplinis
1459 1917 1675 1990 erudirentur,
1705 1913 1836 1994 amplius

1092 2011 1220 2072 iuvenes
1242 2011 1459 2088 lloscbovitae,
1474 2011 1602 2073 iortasse
1617 2011 1655 2072 ob
1671 2011 1750 2072 vitae
1765 2025 1835 2089 poe-

1091 2120 1163 2166 nam
1186 2105 1432 2186 quibuscumque
1447 2108 1640 2172 lloscbovitis
1655 2107 1835 2170 catholicam

1092 2197 1276 2276 religionem
1291 2202 1545 2280 amplectentibus
1560 2219 1594 2265 ac
1607 2201 1835 2281 profitentibus,

1092 2292 1176 2353 iuxta
1190 2309 1260 2354 suas
1275 2291 1357 2370 leges
1373 2295 1586 2373 infligendam,
1602 2312 1664 2358 non
1681 2295 1836 2374 recipiun-

1093 2393 1144 2447 tur
1165 2396 1195 2447 et
1217 2388 1442 2466 admittuntur,
1467 2391 1539 2452 inde
1553 2391 1669 2454 iactum
1683 2406 1751 2453 esse
1772 2389 1838 2452 eri-

1090 2480 1245 2556 stirnatur,
1270 2487 1303 2542 ut
1325 2482 1466 2560 pluribus
1487 2484 1599 2548 abirinc
1627 2485 1727 2560 annia,
1751 2499 1836 2562 prae·

1093 2580 1138 2633 ter
1166 2583 1298 2651 quatuor
1326 2579 1492 2638 mouaclros
1523 2576 1643 2641 Ordinis
1670 2574 1701 2639 S.
1733 2577 1834 2638 Basilii

1091 2665 1193 2742 llagni
1215 2681 1253 2726 er
1275 2669 1401 2729 natione
1422 2669 1564 2733 Rutlrend
1586 2671 1616 2733 in
1646 2673 1755 2735 eodem
1775 2671 1836 2732 col·

1091 2758 1172 2834 legio
1193 2758 1259 2820 sive
1280 2760 1446 2822 seminario
1468 2763 1592 2824 educari
1612 2763 1729 2838 solitos,
1745 2779 1835 2842 supe·

1090 2851 1187 2914 riores
1213 2852 1308 2929 ipsius
1336 2852 1458 2930 collegii
1483 2856 1548 2916 sire
1576 2856 1746 2932 seminarii,
1770 2855 1835 2918 loco

1090 2953 1121 3010 et
1137 2946 1202 3008 vice
1217 2946 1458 3010 adolescentium
1475 2948 1745 3025 lloschovitarnm,
1762 2949 1835 3012 alios

1092 3043 1179 3104 latini
1201 3043 1279 3105 ritus
1303 3045 1433 3106 iuvenes
1447 3045 1479 3106 in
1496 3045 1603 3106 eodem
1625 3043 1754 3121 collegio
1769 3044 1834 3106 sive

290 3292 352 3339 pore
372 3281 529 3328 existentem
550 3282 684 3329 datarium
705 3284 813 3341 eiusque
834 3284 1033 3342 depositarium,
1060 3303 1062 3321 ι
1087 3286 1194 3332 sublata
1207 3287 1245 3333 eis
1259 3289 1285 3333 et
1299 3299 1391 3334 eorum
1409 3287 1519 3334 cuilibet
1538 3288 1659 3346 quamvis
1673 3286 1754 3333 aliter
1768 3287 1834 3332 iudi-

290 3348 399 3406 singnlis
414 3350 548 3397 mensibus
561 3361 609 3408 pro
623 3353 691 3407 rata,
705 3351 848 3409 eademque
863 3352 890 3396 in
904 3351 1034 3409 principio
1059 3346 1061 3377 ²
1087 3353 1163 3398 candi
1177 3355 1204 3399 et
1217 3354 1411 3412 interpretandi
1425 3356 1586 3402 auctoritate
1596 3358 1622 3402 et
1633 3355 1767 3411 facultate,
1779 3355 1835 3402 nbi·

290 3417 415 3474 caiusque
431 3417 536 3474 mensis,
551 3422 578 3463 et
591 3422 654 3466 ante
667 3419 734 3466 alias
748 3430 838 3466 omnes
848 3419 986 3476 pensiones
995 3431 1034 3466 re·
1059 3470 1061 3497 ,
1087 3432 1138 3478 qne
1152 3421 1265 3468 iudicari
1279 3425 1306 3468 et
1320 3422 1425 3468 deliniri
1439 3423 1541 3478 debere,
1556 3435 1603 3470 uec
1617 3435 1668 3470 non
1683 3423 1793 3469 irritum
1808 3426 1834 3470 et

290 3489 408 3533 servatas
423 3489 449 3533 et
462 3487 634 3540 reservandas
649 3487 681 3532 ad
702 3486 849 3545 quindecim
868 3499 951 3534 annos
970 3487 1034 3532 inte·
1087 3487 1165 3534 inane
1180 3490 1306 3547 quidquid
1322 3501 1396 3536 secus
1412 3502 1492 3548 super
1507 3490 1549 3536 lais
1562 3503 1578 3536 a
1593 3501 1726 3548 quoquam
1741 3490 1834 3547 quavis

289 3565 350 3610 gros
364 3565 380 3600 a
394 3554 446 3600 kal.
461 3553 555 3610 aprilis
576 3553 694 3610 proxime
709 3554 827 3599 venturis
847 3554 1032 3609 numerandos,
1060 3567 1061 3593 r
1086 3557 1247 3602 anctoritate
1268 3558 1381 3604 scienter
1399 3558 1442 3604 vel
1461 3559 1617 3615 ignoranter
1636 3557 1778 3614 contigerit
1797 3560 1835 3603 at

289 3621 370 3668 etiam
384 3631 565 3668 successorum
587 3624 738 3667 nostrorum
754 3624 933 3668 maranorum
949 3621 1033 3666 Ponti·
1059 3616 1061 3683 1
1081 3625 1193 3670 tentari.
1214 3629 1268 3672 Non
1282 3627 1450 3674 obstantibus
1471 3627 1633 3685 praemissis,
1647 3639 1678 3673 ac
1696 3629 1788 3673 nostra
1802 3628 1833 3672 de

290 3687 367 3734 acam
382 3687 546 3744 temporibus
560 3687 664 3745 integre
672 3689 870 3745 persolvendam
881 3687 979 3733 eisdem
989 3699 1034 3732 ab·
1060 3746 1061 3761 ¹
1087 3703 1213 3740 consensu
1235 3695 1262 3740 in
1283 3694 1452 3752 pensionibus
1473 3695 1640 3753 praestando,
1654 3706 1685 3740 ac
1698 3694 1760 3740 aliis
1774 3706 1833 3750 apo·

289 3760 411 3808 ctoritate
426 3763 452 3806 et
467 3763 558 3806 tenore
573 3769 738 3804 reservamus
752 3755 940 3804 constituimus
955 3758 982 3800 et
994 3766 1033 3800 as·
1059 3764 1061 3813 i
1087 3762 1188 3808 stolicis
1202 3761 1444 3818 constitutionibus,
1460 3773 1507 3808 noo
1521 3773 1572 3807 non
1591 3762 1669 3808 offloii
1683 3763 1833 3809 notariatus

290 3829 431 3886 signamus.
453 3830 626 3874 secernentes
646 3830 812 3885 praesentem
833 3829 859 3870 ot
873 3825 977 3872 mauros
991 3837 1034 3871 oo·
1060 3866 1062 3888 ,
1087 3833 1114 3876 et
1128 3831 1453 3888 cameraapraedictorum
1464 3832 1622 3886 iuramento,
1632 3831 1833 3878 confirmatione

289 3899 358 3944 atros
379 3896 496 3943 datmios
517 3907 548 3942 ac
567 3896 685 3953 ipsorum
708 3893 882 3951 depositarios
903 3893 936 3940 aa
957 3893 1032 3938 unus
1087 3899 1230 3956 apostolica
1244 3899 1285 3944 rel
1305 3900 1398 3956 quavis
1412 3899 1540 3945 firmitate
1559 3899 1614 3945 alia
1635 3898 1767 3945 roboratis
1782 3901 1834 3944 sta·

289 3965 446 4012 solutionem
469 3964 552 4010 eidem
571 3964 681 4020 collegio
702 3972 748 4019 11111·
768 3962 1032 4018 1188861188818110,
1058 3962 1061 4035 1
1088 3967 1153 4013 10111
1168 3970 1194 4013 et
1208 3967 1451 4022 consuetudinibus,
1466 3966 1614 4024 privilegiis
1625 3978 1736 4026 qnoque,
1748 3965 1833 4012 indul-

288 4031 412 4090 illiusque
426 4032 524 4078 rectori
540 4034 568 4076 et
581 4029 845 4077 administratoribus
860 4029 900 4074 vel
911 4039 1033 4086 procura·
1058 4052 1061 4099 3
1088 4035 1122 4080 tis
1136 4039 1162 4080 et
1177 4036 1265 4082 literis
1285 4036 1435 4093 apostolicis
1450 4036 1503 4082 illis
1522 4047 1666 4093 eorumque
1685 4035 1833 4093 praesiden-
1854 4031 1859 4041 '

289 4101 341 4146 1011
354 4099 504 4158 quindecim
524 4097 602 4145 annis
623 4097 734 4154 1111θὲ118
756 4095 1033 4154 111011011811111111111·
1059 4146 1060 4157 ,
1087 4103 1158 4148 tibus
1173 4105 1199 4148 et
1219 4104 1346 4161 personis,
1362 4105 1409 4148 sub
1430 4103 1639 4160 quibuscumque
1654 4103 1790 4149 tenoribus
1805 4105 1832 4148 et

288 4167 344 4225 bus,
359 4179 389 4214 ac
402 4167 478 4224 alias,
492 4169 522 4213 nt
535 4167 693 4225 praefertur,
707 4166 832 4224 nulloque
844 4165 898 4212 alio
908 4164 1032 4210 mandato
1058 4176 1060 4197 ¹
1087 4170 1186 4227 scrinis,
1195 4181 1225 4216 ac
1234 4182 1294 4217 cum
1304 4169 1439 4228 quibusvis
1449 4170 1575 4216 clausulis
1584 4173 1612 4215 et
1621 4169 1741 4226 decretis,
1750 4170 1831 4216 etiarn

287 4247 303 4280 a
317 4234 392 4280 nobis
406 4235 447 4280 rel
468 4233 663 4281 successoribus
684 4233 782 4279 nostris
803 4229 945 4290 praedictis
959 4230 1033 4276 desu-
1058 4254 1059 4269 1
1087 4240 1201 4283 metuet
1216 4237 1326 4283 scientia
1341 4236 1481 4292 similibus
1496 4236 1579 4293 deque
1593 4237 1753 4294 apostolicae
1763 4239 1832 4294 pote-

287 4313 334 4359 par
354 4301 497 4360 exsecato,
512 4303 665 4358 remotaene
685 4299 758 4346 omni
771 4303 797 4344 et
812 4308 977 4356 quocumque
992 4308 1032 4342 ex·
1058 4282 1060 4343 1
1086 4305 1353 4363 contionabundus,
1374 4316 1405 4350 ae
1421 4305 1502 4350 etiam
1519 4303 1738 4350 consistorialiter
1759 4306 1785 4349 et
1807 4315 1833 4350 a·
1885 4315 1889 4323 ¹

287 4368 414 4426 captione,
428 4369 554 4416 dilatione
568 4368 609 4414 vel
624 4368 792 4414 excusatione
813 4365 966 4418 taciendam,
981 4363 1032 4408 effi·
1085 4370 1136 4417 lias
1152 4369 1348 4427 quomodolibet
1364 4370 1502 4426 concessis,
1517 4369 1669 4427 approbatis
1684 4372 1711 4415 et
1727 4369 1832 4416 innova-

286 4437 384 4482 caciter
397 4437 528 4494 obligatos
542 4436 605 4493 iore,
620 4448 667 4482 nec
680 4436 764 4494 ipsam
780 4435 930 4493 pensionem
946 4432 1030 4478 eidem
1086 4435 1126 4483 tis.
1143 4437 1242 4488 Quibus
1256 4437 1378 4483 omnibns
1393 4437 1499 4483 etiamsi
1513 4449 1560 4494 pro
1570 4437 1679 4482 illorum
1691 4435 1831 4482 sufficienti

287 4503 398 4562 collegio
416 4503 540 4561 illiusque
559 4504 655 4549 rectori
671 4505 697 4548 et
715 4499 976 4549 administratoribus
992 4500 1032 4544 vel
1085 4505 1255 4562 derogatione
1270 4505 1301 4550 oio
1316 4504 1370 4550 iliis
1384 4515 1529 4562 oonnnnqoo
1548 4504 1612 4551 totio
1627 4503 1763 4550 gononibo.
1778 4515 1832 4560 spo.

287 4572 462 4630 procuratori,
476 4574 507 4617 ut
528 4571 685 4628 praefertur,
699 4571 860 4615 reservatam
881 4580 911 4613 ex
932 4566 1033 4625 praedi·
1084 4571 1168 4627 stalis,
1183 4571 1311 4629 specifica,
1327 4570 1462 4618 individua
1476 4575 1504 4616 et
1518 4581 1648 4628 expressa,
1662 4583 1694 4618 ac
1707 4571 1739 4616 de
1752 4573 1832 4618 verbo

287 4639 337 4686 ctis
352 4639 465 4697 aliisque
478 4638 566 4686 causis
579 4641 822 4695 quantumcumque
836 4635 969 4693 gravibus,
989 4645 1031 4679 ur·
1084 4639 1117 4684 ad
1127 4639 1245 4695 verbum,
1254 4650 1305 4684 non
1315 4642 1405 4686 antem
1416 4649 1462 4696 par
1473 4639 1606 4685 clausulas
1615 4639 1752 4697 generales
1762 4639 1831 4686 idem

287 4706 409 4764 gentibus
424 4709 450 4751 et
464 4704 619 4752 necessariis
640 4705 673 4750 ad
695 4705 823 4749 minorem
846 4712 977 4748 summam
992 4712 1031 4746 re
1085 4706 1268 4762 importantes,
1284 4707 1382 4752 mentio
1397 4718 1442 4752 seu
1458 4707 1566 4764 quaevis
1580 4706 1632 4754 alia
1644 4707 1777 4764 expressio
1788 4707 1832 4752 ha-

286 4773 415 4829 duciaco
430 4771 581 4818 huiusmodi
599 4771 806 4817 reservationem
825 4769 968 4824 annullari,
984 4779 1030 4814 nec

288 4841 361 4888 illam
376 4843 579 4898 praesentesque
598 4839 704 4884 litteras
723 4838 851 4893 revocari,
866 4836 958 4882 neoda
973 4837 1031 4881 snb-

288 4907 414 4964 reptionis
431 4908 471 4952 vel
491 4905 653 4963 obreptionis
673 4909 721 4951 aut
742 4903 874 4950 nullitatis
895 4902 969 4958 vitio,
984 4913 1029 4948 seu

287 4973 440 5020 intentionis
454 4976 561 5019 nostrae
574 4973 616 5018 val
629 4971 682 5018 alio
696 4981 860 5028 quocumque
874 4969 976 5015 deiectu
989 4980 1031 5013 no·

287 5040 339 5086 tari
353 5040 394 5086 vel
407 5039 560 5097 impugnari
574 5049 690 5096 unquam
706 5049 789 5095 posse,
800 5037 845 5083 sad
858 5037 943 5083 eidem
958 5036 1031 5082 colle

286 5108 330 5164 gio
343 5107 452 5164 eiusque
473 5106 589 5154 alumnis
608 5109 636 5157 et
654 5105 773 5163 personis
791 5117 874 5163 aeque
889 5104 1032 5162 sullragari

286 5173 388 5231 debere,
403 5185 433 5220 ac
447 5173 470 5220 si
483 5173 542 5232 ipsa
555 5173 646 5232 pensio
659 5185 706 5230 per
723 5175 874 5231 praesentes
896 5174 1031 5218 reservat-a

285 5240 504 5287 consistorialiter
519 5239 768 5296 consulentibusque
782 5241 809 5284 et
823 5239 1038 5299 supplicantibus

286 5308 416 5355 eiusmodi
436 5311 509 5355 Rom.
526 5308 593 5354 Eccl.
611 5305 794 5354 cardinalibus
815 5309 951 5352 reservata
971 5305 1033 5351 inis·

286 5379 334 5432 sat,
349 5388 396 5422 nec
415 5387 575 5434 quamquam
592 5375 625 5420 ad
645 5373 876 5432 praesentandum,
898 5372 1032 5418 insinuau-

286 5443 357 5497 dum,
371 5447 399 5488 et
414 5442 554 5500 registrari
574 5440 730 5495 iaciendum,
752 5440 857 5484 easdem
879 5441 1031 5496 praesentes

286 5509 390 5554 litteras
404 5508 432 5554 in
446 5519 550 5554 camera
565 5506 709 5565 apostolica
723 5507 797 5552 iuxta
813 5505 1031 5552 constitutionem

287 5575 326 5621 iel.
342 5587 392 5621 rec.
409 5573 445 5619 Pii
466 5578 509 5620 ΡΡ.
525 5578 564 5620 iv.
583 5573 791 5632 praedecessoris
813 5573 898 5619 nostri
919 5574 1031 5630 desuper

286 5643 394 5698 editam,
407 5644 455 5688 ant
468 5641 536 5688 aliae
552 5651 669 5698 unquam
684 5640 835 5696 lanariaco
849 5637 988 5698 propterea
1002 5640 1031 5685 il·

286 5711 326 5758 las
341 5709 432 5756 irritas
453 5721 518 5764 esse,
533 5710 578 5754 sed
592 5708 699 5754 omnino
715 5708 811 5763 valere,
825 5719 856 5754 ac
870 5708 892 5754 si
906 5707 1032 5753 constitu·

288 5777 325 5824 tio
338 5777 501 5835 praescripta
515 5779 541 5822 et
556 5776 610 5822 alia
623 5775 757 5822 contraria
769 5785 904 5832 nunquam
914 5769 1032 5820 arianas·

287 5847 358 5900 sant;
373 5844 461 5901 sicque
476 5855 521 5901 per
536 5853 714 5902 quoscumque
729 5841 828 5888 iudices
842 5841 991 5887 ordinarios
1005 5844 1032 5886 et

287 5911 419 5968 delegatos
434 5911 515 5956 etiam
537 5921 679 5958 cavrsarnm
701 5909 794 5968 palatii
808 5909 946 5966 apostolici
959 5908 1032 5954 nudi-

289 5979 368 6035 tores,
383 5979 409 6024 et
423 5976 570 6035 praedictos
589 5977 740 6024 cardinales
755 5976 783 6022 in
796 5975 888 6033 quavis
903 5974 1031 6022 instantia

1085 4773 1168 4818 banda
1187 4775 1235 4819 aut
1253 4773 1342 4830 aliqua
1356 4773 1410 4819 alia
1424 4773 1555 4831 exquisita
1572 4773 1657 4820 forma
1670 4775 1703 4819 ad
1718 4774 1767 4819 hoc
1780 4785 1833 4818 ser·

1084 4841 1169 4886 venda
1184 4839 1258 4896 toret,
1275 4843 1381 4888 tenores
1403 4840 1563 4896 huiusmodi,
1578 4851 1608 4886 ac
1623 4841 1646 4886 ai
1660 4841 1691 4886 da
1706 4841 1785 4886 verbo
1799 4840 1832 4886 ad

1085 4907 1194 4952 verbum
1212 4907 1280 4952 nibil
1295 4905 1399 4964 penitus
1420 4906 1517 4952 omisso
1531 4909 1559 4951 et
1572 4906 1655 4952 torma
1669 4907 1696 4952 in
1712 4907 1766 4952 illis
1782 4909 1833 4952 tra-

1085 4969 1141 5019 dita
1154 4973 1294 5019 observata
1309 4973 1404 5018 inserti
1418 4973 1503 5018 iorent
1522 4974 1706 5030 praesentibus
1720 4985 1768 5032 pro
1782 4973 1833 5019 sus-

1087 5039 1205 5085 llcienter
1215 5039 1346 5097 expressis
1356 5040 1490 5095 babentes,
1502 5039 1555 5085 illie
1564 5040 1632 5086 alias
1642 5040 1669 5085 in
1679 5051 1727 5086 suo
1738 5041 1832 5086 robore

1086 5107 1275 5164 permansuris,
1292 5107 1341 5152 bac
1359 5105 1412 5152 vice
1433 5106 1572 5153 dumtaxat
1587 5107 1737 5164 specialiter
1751 5110 1777 5152 at
1792 5119 1832 5152 ex·

1086 5185 1174 5230 presse
1184 5175 1350 5232 derogamus,
1358 5173 1505 5231 ceterisque
1514 5173 1656 5220 contrariis
1666 5174 1832 5231 quibuscum·

1085 5252 1142 5297 qne.
1159 5241 1230 5285 Nulli
1249 5252 1312 5296 ergo
1331 5241 1438 5286 omnino
1453 5239 1590 5285 bominum
1611 5240 1690 5286 liceat
1710 5241 1777 5285 banc
1791 5251 1832 5297 pa·

1085 5307 1174 5365 ginam
1189 5311 1307 5352 nostram
1330 5306 1477 5362 erectionis,
1493 5306 1679 5364 institutionis,
1694 5307 1832 5354 subiectio

1086 5374 1135 5429 uis,
1149 5374 1333 5428 concessionis,
1354 5373 1551 5426 reservationis,
1572 5375 1779 5429 constitutionis,
1793 5385 1832 5420 as·

1086 5441 1254 5499 signationis,
1265 5441 1364 5487 decreti
1379 5443 1405 5486 et
1424 5441 1602 5498 derogationis
1623 5441 1775 5499 iufringere,
1790 5442 1830 5486 vel

1085 5521 1152 5554 ausu
1174 5508 1317 5556 temerario
1338 5507 1483 5554 contraire:
1503 5508 1530 5552 Si
1545 5509 1604 5565 quis
1623 5512 1713 5554 autem
1730 5509 1779 5554 hoc
1795 5512 1832 5555 at

1087 5577 1191 5621 tentare
1209 5575 1425 5632 praesumpserit,
1443 5573 1653 5631 indignationem
1672 5575 1833 5632 omnipoten-

1088 5641 1121 5687 tis
1140 5641 1192 5696 Dei,
1207 5653 1238 5686 ac
1258 5641 1396 5688 beatorum
1418 5641 1489 5688 Petri
1510 5643 1537 5688 et
1558 5641 1632 5688 Pauli
1646 5642 1831 5699 apostotorum

1087 5709 1152 5764 eins,
1167 5720 1195 5754 sa
1210 5709 1314 5755 noverit
1328 5709 1506 5756 incursurum.

1126 5777 1220 5820 batum
1241 5779 1348 5832 Romae,
1362 5777 1431 5832 apud
1453 5779 1476 5820 S.
1493 5777 1609 5832 Petrum,
1630 5786 1698 5820 anno
1713 5779 1832 5821 lucarna-

1087 5841 1167 5886 tionis
1181 5841 1329 5888 Dominicae
1344 5851 1493 5899 uncxxnn,
1508 5842 1584 5888 nonis
1598 5841 1735 5897 februarii,
1750 5841 1832 5900 ponti-

1088 5909 1180 5955 ilcatus
1196 5908 1280 5954 nostri
1295 5920 1363 5954 anuo
1378 5920 1413 5954 xr.
