4856 6984
942 559 1138 604 euhemerus
1161 559 1224 604 XIV.

309 679 359 742 cui
381 680 445 758 ipse
460 680 543 742 vices
558 695 627 742 suas
641 677 850 756 delegaverit,
866 677 1055 741 visitandum

311 789 376 834 esse
396 772 579 851 inspiciendi
595 773 794 850 gratianum
816 773 927 834 decens
942 779 971 832 et
987 778 1056 849 apte

308 866 512 944 compositum
528 866 579 941 sit,
592 873 623 928 et
634 883 712 928 num
728 866 842 944 aliquid
854 881 962 928 eorum
978 879 1055 943 quae

310 960 478 1022 necessaria
500 960 622 1023 suntin
642 961 751 1022 eodem
767 959 861 1034 desit;
877 968 912 1022 ut
934 958 1056 1036 Episco-

308 1067 365 1132 pus
385 1052 436 1128 sit,
460 1054 513 1132 qui
542 1053 715 1116 celebrandi
744 1055 869 1114 missam
900 1053 1055 1115 licentiam

310 1147 521 1225 impertiatur,
544 1156 575 1210 et
597 1147 678 1226 qnod
701 1147 858 1209 licentiam
879 1147 1056 1210 huiusmodi

309 1241 484 1302 secundnm
505 1239 686 1302 rationabile
704 1240 787 1303 illius
808 1239 972 1302 arbitrium
987 1255 1055 1316 per-

308 1331 418 1409 duret3
442 1349 499 1394 nec
531 1333 636 1411 plnres
657 1335 689 1394 in
713 1333 775 1406 die,
797 1333 850 1395 sed
878 1333 968 1394 unica
991 1340 1055 1395 tan-

308 1431 377 1486 tum
399 1425 489 1486 missa
503 1427 534 1487 in
550 1427 685 1487 oratorio
706 1427 898 1503 celebretur3
921 1433 952 1488 et
974 1429 1056 1504 quod

307 1518 382 1582 haec
402 1519 493 1580 missa
516 1519 722 1582 celebretura
743 1521 900 1582 sacerdote
921 1521 971 1582 vel
992 1536 1057 1582 sae-

308 1610 404 1672 culari
426 1609 476 1671 vel
492 1610 638 1687 regulari,
652 1611 821 1674 dummodo
842 1613 1005 1675 saecularis
1019 1613 1057 1673 ab

308 1703 457 1780 Episcopo
487 1702 671 1782 approbatus
692 1704 749 1780 sit,
778 1705 929 1782 regularis
951 1713 1055 1766 autem

308 1795 465 1858 licentiam
487 1795 595 1858 habeat
609 1813 624 1856 a
638 1813 694 1858 suo
716 1796 853 1874 regulari
876 1797 1054 1876 Superiore3

307 1903 348 1949 ne
362 1887 453 1948 missa
469 1886 617 1950 celebrari
630 1889 723 1966 possit
742 1889 848 1950 diebus
866 1889 1057 1951 solemnibus

307 1979 459 2040 Paschatis
473 1979 731 2056 Resurrectionis,
747 1981 954 2057 Pentecostcs‚
973 1980 1055 2043 Nati-

298 2071 410 2132 ·vitatis
434 2071 558 2133 Domini
580 2072 679 2134 nostri
700 2073 766 2136 lesu
791 2075 916 2150 Christi,
940 2081 970 2136 et
991 2073 1057 2135 aliis

306 2163 544 2225 solemnioribus
559 2165 678 2242 diebus,
691 2182 767 2244 quos
782 2166 865 2228 inter
875 2167 967 2229 etiam
979 2183 1056 2228 enu-

306 2259 1057 2338 meranturdiesBpiphaniaeethscensionisllo-

307 2352 1056 2432 mini,hnnunciationisetAssumptionisB.lln-

306 2445 369 2507 riae
390 2444 540 2522 Virginis
563 2447 705 2509 omnium
721 2448 915 2522 Sanctorum,
933 2465 1053 2511 necnon

307 2537 491 2600 Sanctorum
513 2539 732 2618 Apostolorum
755 2541 837 2602 Petri
859 2547 889 2602 et
910 2541 1006 2615 Pauli,
1023 2558 1056 2602 ac

307 2629 440 2692 titularis
466 2631 617 2694 Ecclesiae
638 2631 707 2694 loci.
736 2634 965 2711 Exprimuntur
987 2650 1055 2712 per·

306 2738 414 2798 sonae,
444 2739 577 2800 quarum
610 2726 781 2802 praesentia
804 2725 973 2788 necessaria
995 2733 1052 2800 est,

307 2821 342 2876 ut
362 2814 394 2876 in
417 2817 537 2894 privato
559 2817 692 2879 oratorio
707 2817 798 2878 missa
817 2817 964 2880 celebrari
986 2834 1055 2897 pos·

305 2898 361 2984 sit3
384 2907 460 2969 aliae
473 2908 562 2983 item,
579 2925 668 2987 quae,
685 2909 759 2971 dum
771 2911 953 2988 supradictis
967 2927 1054 2989 prae-

306 2999 445 3063 sentibus
467 3001 558 3062 missa
580 3001 766 3078 celebratur,
787 3004 889 3065 eidem
905 3002 1053 3065 interesse

306 3097 1051 3176 possunteteoclesiasticopraeceptosatisfacere;

306 3190 441 3268 denique
463 3191 649 3265 declaratur,
683 3192 787 3253 omnia
807 3191 876 3252 sine
899 3190 1054 3270 parochia·

305 3282 384 3344 lium
408 3282 524 3344 invium
546 3284 734 3360 praeiudicio
756 3283 825 3346 lieri
846 3283 970 3346 debere.

345 3376 363 3450 ἓ
387 3376 433 3438 tt.
459 3379 560 3455 Atque
575 3376 650 3439 haec
663 3384 749 3451 sunt,
766 3394 845 3455 quae
866 3377 900 3439 in
923 3393 1053 3440 consue-

307 3471 345 3531 tis
365 3471 560 3548 privatorum
584 3471 792 3532 oratoriorum
807 3471 959 3532 Brevibns
980 3486 1052 3532 cou-

306 3564 458 3626 tinentur.
481 3563 635 3638 Quaedam
651 3579 726 3626 vero
742 3563 799 3626 alia
821 3563 960 3641 expediri
981 3580 1052 3625 con·

212 3701 218 3708 .
307 3656 400 3731 tingit
432 3655 552 3731 Brevia,
586 3672 662 3734 qnae
691 3656 933 3718 extraordinaria
957 3664 1050 3734 sunt3

306 3757 340 3811 ut
355 3765 465 3828 quum,
482 3750 616 3828 exempli
632 3750 740 3826 gratio,
757 3750 846 3812 iustis
867 3749 1001 3827 cuipiam
1016 3752 1053 3812 de

305 3843 401 3905 causis
432 3843 587 3904 concessio
609 3843 655 3918 frt,
679 3851 713 3905 ιιι
737 3844 904 3905 secundam
927 3844 1052 3906 missam

304 3934 453 3996 celebrari
481 3933 581 3996 facere
609 3936 715 4012 possit,
737 3935 788 3996 vel
811 3943 844 3998 ut
868 3935 977 3998 eadem
999 3937 1051 3999 ali·

305 4038 420 4106 quanto
441 4028 532 4090 citius
547 4034 599 4088 aut
614 4028 771 4105 aliquanto
791 4029 891 4091 serius
912 4047 950 4092 eo
975 4039 1051 4092 tem·

305 4120 388 4198 poris
409 4119 509 4183 limite
540 4137 595 4181 seu
619 4120 753 4182 termino
782 4122 967 4199 celebretur,
997 4125 1051 4202 qui

307 4213 338 4274 iu
354 4213 485 4275 rubricis
499 4215 654 4292 praefixus
670 4221 733 4291 est;
757 4215 807 4276 vel
821 4215 916 4276 etiam
931 4216 962 4277 in
987 4216 1051 4278 die·

108 4327 140 4370 vn
150 4327 286 4383 peculiares
306 4305 362 4366 bus
384 4307 537 4384 exceptis3
561 4317 592 4368 et
613 4306 671 4367 alia
694 4307 882 4369 huiusmodi.
899 4308 978 4371 Cum
999 4327 1052 4371 au-

86 4381 287 4433 quaestionesde-

85 4438 145 4478 creta
158 4435 231 4482 edita.

306 4407 370 4459 tem
391 4398 550 4460 interdum
564 4409 624 4460 tam
640 4399 718 4462 circa
734 4399 843 4461 Brevia
860 4401 1051 4479 privatorum

305 4493 511 4553 oratoriorum
527 4492 637 4570 prioris
648 4493 771 4571 speciei,
787 4510 881 4573 quam
891 4495 969 4556 circa
981 4495 1050 4571 alia,

304 4601 338 4648 ac
353 4586 526 4662 generatim
542 4602 635 4664 super
649 4587 806 4663 omuibus,
822 4587 1051 4650 controversiae

305 4686 430 4739 exortae
451 4678 529 4755 sint3
560 4679 731 4756 Apostolica
754 4680 846 4742 Sedes
868 4694 923 4757 per
945 4680 1051 4742 huius·

304 4771 386 4834 modi
410 4771 581 4833 occasiones
605 4772 787 4851 opportunis
809 4772 979 4835 rationibus
999 4789 1051 4834 su-

304 4879 360 4942 per
379 4865 437 4928 boc
458 4865 622 4944 providere
644 4881 708 4929 non
730 4866 950 4943 praetermisit.

344 4958 491 5032 §lb-ln
520 4958 683 5022 ordinariis
710 4959 871 5033 Brevibns,
899 4967 934 5021 ut
957 4960 1052 5038 pluri-

304 5068 392 5114 mum
413 5053 533 5115 duobus
554 5052 739 5128 coniugibus
764 5050 888 5114 licentia
910 5052 1050 5116 concedi·
1077 5072 1079 5125 ;

1781 539 1838 601 441
1890 542 1943 596 Αιι.
1958 544 1988 598 O.
2010 541 2076 596 1751

1110 683 1214 738 sentes
1235 676 1351 756 pariter
1372 676 1488 752 adsint,
1512 676 1715 740 ecclesiastico
1737 689 1859 753 praece-

1112 776 1163 846 pto
1185 769 1292 832 diebus
1321 769 1405 832 festis
1430 769 1634 860 satisfaciant3
1659 768 1687 832 id
1714 776 1858 847 tanquam

1111 869 1215 926 tutum
1229 880 1262 925 ac
1277 863 1385 926 Brevis
1399 863 1520 926 litterae
1537 863 1705 926 cohaerens
1716 861 1857 924 habitum

1110 963 1167 1018 est.
1191 955 1320 1020 Summa
1341 964 1445 1020 autem
1468 957 1656 1020 difficultatis
1679 974 1715 1020 eo
1736 971 1859 1036 semper

1110 1051 1213 1127 rediit,
1236 1055 1271 1112 ut
1292 1051 1509 1129 dispiceretur:
1538 1067 1628 1124 num,
1652 1067 1723 1112 cum
1746 1059 1859 1113 neuter

1110 1145 1280 1221 coniugum
1301 1146 1394 1221 adsit,
1422 1145 1475 1208 sed
1498 1162 1580 1208 unus
1603 1161 1643 1206 ex
1673 1145 1857 1222 consangui-

1110 1239 1176 1300 neis
1197 1245 1250 1302 aut
1270 1239 1414 1302 affinibus
1437 1240 1468 1300 in
1485 1240 1592 1301 eadem
1608 1240 1698 1300 domo
1721 1238 1859 1299 habitan-

1112 1333 1202 1408 tibus,
1221 1339 1327 1410 'posset
1338 1349 1375 1394 eo
1391 1333 1518 1395 iubente
1534 1333 1566 1394 in
1582 1333 1701 1410 privato
1724 1332 1858 1393 oratorio

1111 1424 1202 1486 missa
1223 1425 1386 1502 celebrari3
1409 1434 1440 1487 et
1462 1424 1619 1498 numelli,
1636 1425 1689 1503 qui
1711 1424 1745 1486 in
1766 1425 1858 1486 domo

1111 1517 1162 1578 illa
1183 1518 1334 1592 habitant,
1351 1517 1574 1593 consanguinei
1596 1524 1626 1578 et
1648 1516 1753 1578 aflines
1776 1531 1857 1577 eam·

1110 1610 1180 1684 dem
1204 1609 1363 1672 audientes
1386 1610 1462 1672 festo
1477 1610 1536 1686 die,
1554 1609 1758 1672 ecclesiastico
1773 1623 1857 1686 prae-

1109 1708 1198 1781 cepto
1220 1703 1365 1765 audiendi
1386 1704 1511 1764 missam
1525 1701 1722 1764 satisfaciant.
1747 1702 1782 1763 ln
1796 1701 1855 1764 hoo

1111 1804 1217 1858 autem
1238 1797 1353 1858 divisae
1365 1795 1402 1858 de
1419 1813 1505 1858 more
1520 1803 1681 1860 auctorum
1695 1797 1857 1875 opiniones

1111 1897 1214 1965 erant;
1231 1905 1343 1951 verum
1356 1904 1427 1950 cum
1439 1889 1568 1951 huiusce
1580 1889 1765 1952 difficultatis
1778 1905 1856 1968 pun-

1110 1989 1197 2043 ctum
1217 1982 1251 2042 in
1267 1981 1517 2058 Congregatione
1532 1981 1661 2044 Concilii
1677 1983 1727 2044 dic
1742 1999 1789 2044 nr.
1808 1983 1857 2042 de·
1901 1999 1917 2033 1·
1933 1988 2088 2053 innocenc-

1111 2073 1245 2136 cambris
1266 2089 1404 2136 nouom.
1431 2075 1462 2136 in
1477 2091 1577 2150 causa,
1589 2075 1677 2137 cuius
1695 2075 1856 2153 inscriptio
1875 2047 2089 2194 igfflr‘ffii‘ffnviig

1110 2175 1177 2229 erat
1204 2168 1373 2233 Marsicae:
1410 2166 1571 2240 Oratorii,
1601 2169 1793 2247 propositum
1822 2184 1857 2230 ac
1875 2148 2088 2248 ffiffl‘ffigss

1109 2261 1281 2324 discussum
1303 2269 1398 2336 esset;
1421 2259 1558 2322 decisum
1580 2260 1654 2335 luit,
1679 2277 1741 2322 non
1768 2276 1855 2338 posse
1876 2255 1936 2310 priv.

1111 2354 1142 2415 in
1164 2353 1284 2432 privato
1306 2353 1439 2415 oratorio
1463 2353 1585 2414 missam
1610 2352 1771 2428 celebrari,
1797 2353 1856 2414 nisi

1110 2446 1353 2529 indultariopum
1365 2446 1538 2524 praesentia
1551 2446 1665 2509 ibidem
1677 2447 1855 2522 haberetur,

1109 2541 1190 2617 quod
1213 2540 1294 2602 idem
1310 2548 1355 2601 est
1377 2557 1410 2602 ac
1431 2539 1456 2601 si
1479 2539 1608 2614 dicatur,
1626 2539 1685 2600 viri
1709 2538 1759 2600 vel
1780 2555 1855 2601 uso·
1945 2604 1950 2613 ,

1109 2632 1162 2706 ris,
1179 2634 1216 2694 ad
1231 2647 1308 2710 quos
1324 2631 1422 2693 Breve
1438 2631 1592 2694 directum
1608 2639 1688 2707 erat3
1711 2631 1857 2710 quemad·
1938 2643 1947 2659 ·

1109 2725 1238 2786 modum
1261 2723 1295 2784 in
1318 2728 1391 2784 tom.
1418 2722 1438 2783 9
1464 2722 1703 2786 Resolutionum
1726 2723 1855 2786 Concilii

1108 2819 1188 2881 unni
1221 2835 1360 2880 uuocxt.
1385 2819 1425 2881 ud
1453 2834 1525 2898 paq.
1551 2817 1595 2880 89
1624 2824 1654 2880 ct
1683 2834 1742 2896 aeq.
1772 2819 1857 2882 vide-

1109 2927 1142 2973 re
1164 2919 1222 2974 est.

1147 3006 1166 3079 ἓ
1190 3004 1235 3065 lb.
1261 3005 1341 3067 Cum
1361 3013 1467 3068 autem
1489 3003 1604 3067 decreti
1625 3004 1758 3067 huiusce
1779 3003 1855 3067 facta

1108 3097 1196 3159 nobis
1217 3097 1325 3159 relatio
1348 3105 1436 3174 esset,
1460 3098 1542 3160 idem
1565 3114 1619 3176 per
1640 3115 1696 3160 nos
1717 3096 1776 3161 sub
1805 3099 1855 3160 die

1107 3207 1162 3253 vn.
1188 3189 1337 3253 ianuarii
1359 3205 1512 3252 unccxcr.
1536 3191 1755 3253 confirmatum
1777 3191 1852 3268 fnit;

1107 3301 1140 3346 ac
1161 3292 1319 3360 praeterea
1330 3283 1562 3358 demandatum,
1579 3296 1614 3345 ut
1629 3283 1661 3344 in
1678 3283 1853 3346 huiusmodi

1107 3376 1269 3450 Brevibns,
1294 3376 1326 3438 in
1356 3375 1467 3454 quibus
1497 3377 1587 3438 certis
1616 3376 1801 3455 quibusdam
1822 3394 1856 3440 ao

1107 3470 1321 3532 determinatis
1333 3469 1472 3547 personis
1483 3471 1640 3531 concessio
1652 3471 1696 3545 bt,
1709 3478 1744 3531 ut
1761 3487 1854 3532 unam

1107 3564 1139 3624 in
1161 3563 1281 3640 privato
1303 3561 1436 3624 oratorio
1451 3562 1577 3624 missam
1593 3562 1742 3624 celebrari
1755 3562 1855 3625 facere

1107 3655 1235 3733 possint,
1264 3669 1341 3733 quae
1364 3653 1455 3716 missa
1477 3670 1531 3733 pro
1561 3655 1649 3729 frliis,
1672 3657 1855 3732 consangui-

1107 3748 1174 3810 neis
1195 3754 1226 3810 et
1248 3748 1392 3809 affinibus
1421 3746 1533 3820 valeat,
1556 3747 1681 3808 maioris
1708 3748 1854 3812 claritatis

1107 3842 1215 3917 gratia,
1243 3840 1379 3903 subiecta
1409 3839 1543 3903 clausula
1572 3840 1776 3917 adiungatur:
1804 3843 1854 3904 Vo-

1107 3933 1213 3996 lumus
1235 3937 1355 4005 autern,
1385 3933 1466 4010 quod
1488 3933 1573 4003 noti,
1597 3950 1635 3995 oc
1662 3935 1854 4014 consangui-

1106 4026 1170 4098 nei,
1194 4032 1224 4088 et
1245 4027 1358 4107 affines
1385 4024 1545 4102 praedicti
1574 4026 1705 4088 unicum
1733 4026 1853 4090 dictum

1107 4120 1246 4191 ruissent,
1271 4117 1357 4182 uobis
1379 4119 1505 4196 quidem
1532 4117 1770 4196 praesentibus,
1795 4137 1854 4182 utt-

1107 4213 1176 4275 dirc
1190 4213 1423 4284 tantummodo,
1438 4227 1603 4290 nunquam
1615 4229 1686 4274 uero
1700 4209 1852 4276 celebrari

1107 4309 1213 4386 fucere
1225 4306 1377 4369 audeaut.
1402 4305 1558 4367 Ufentem
1573 4322 1652 4384 quae
1667 4305 1852 4369 indultariae

1106 4417 1254 4480 personae
1282 4401 1361 4476 sint,
1385 4399 1472 4462 facile
1499 4399 1622 4475 agnosci
1649 4407 1763 4478 posset,
1785 4400 1852 4463 sine

1106 4509 1236 4572 quarum
1253 4494 1423 4571 praesentia
1439 4493 1530 4554 missa
1544 4492 1691 4554 celebrari
1708 4510 1770 4555 non
1786 4500 1852 4571 pot-

1104 4595 1163 4662 est,
1186 4603 1299 4664 neque,
1329 4588 1381 4664 qui
1410 4589 1551 4651 eamdem
1572 4588 1666 4663 audit,
1690 4598 1853 4668 praecepto

1104 4679 1265 4756 satisfacit;
1295 4680 1512 4756 adiunximus,
1536 4688 1570 4742 ut
1592 4697 1646 4759 pro
1676 4683 1852 4745 indultariis

1106 4774 1245 4850 personis
1266 4773 1337 4835 illae
1365 4772 1566 4850 haberentur,
1596 4775 1728 4855 quaein
1751 4775 1854 4838 fronte

1104 4881 1160 4928 seu
1182 4865 1382 4944 inscriptione
1403 4866 1510 4928 Brevis
1538 4867 1716 4929 nominatae
1736 4868 1851 4944 forent,

1105 4975 1176 5023 cum
1198 4960 1234 5023 ad
1255 4960 1376 5022 easdem
1400 4961 1476 5038 ipsas
1499 4961 1597 5022 Breve
1619 4960 1781 5038 dirigatur.

1145 5055 1163 5130 §
1187 5053 1232 5116 lb.
1257 5051 1318 5115 Nos
1340 5053 1377 5114 ab
1398 5053 1576 5116 huiusmodi
1592 5070 1701 5115 norma
1722 5055 1867 5136 minime

305 5153 356 5207 tur
378 5144 507 5206 faciendi
534 5153 569 5207 ut
591 5145 624 5206 in
651 5145 768 5222 privato
797 5145 930 5206 oratorio
958 5146 1050 5207 missa
1076 5134 1079 5246 l
1106 5147 1293 5208 recedimus:
1309 5146 1513 5225 verum,quia
1529 5147 1630 5226 aliqua
1646 5147 1804 5209 interdum
1820 5148 1852 5208 in

304 5237 496 5315 celebretur3
524 5237 788 5316 exprimiturque,
819 5244 853 5300 ut
881 5236 973 5299 missa
1001 5253 1050 5300 ce·
1077 5247 1079 5353 ι
1104 5240 1852 5319 corporeBrevispersonanominatur‚quaprae-

303 5331 414 5392 lebrari
446 5331 540 5410 possit
573 5339 640 5392 tum
671 5329 781 5392 iisdem
811 5331 1048 5408 praesentibus,

305 5429 495 5486 fumeorum
512 5423 594 5498 filiis,
611 5423 861 5500 consanguineis,
879 5430 972 5502 atque
986 5424 1050 5485 afil-

303 5515 406 5591 nibns,
429 5517 482 5595 qui
504 5534 565 5580 una
587 5532 659 5579 cum
681 5517 752 5595 ipsis
775 5517 807 5576 in
829 5517 937 5580 eadem
958 5519 1050 5580 domo

303 5609 527 5672 habitationem
539 5610 663 5672 habent.
688 5608 857 5688 Nunquam
871 5618 977 5673 exorta
993 5610 1051 5674 dif-

304 5703 423 5766 frcultas
455 5711 513 5778 est,
540 5719 590 5778 an,
621 5718 692 5766 cum
722 5711 774 5765 ant
806 5703 855 5766 vir
886 5711 938 5765 aut
971 5721 1050 5767 uxor

304 5795 413 5857 missae
444 5797 619 5872 intersunt,
642 5795 668 5858 si
689 5797 913 5874 consanguinei
935 5804 966 5859 et
986 5797 1050 5858 alli-

303 5903 370 5966 nes,
392 5889 447 5967 qui
467 5889 501 5950 in
533 5889 641 5952 eadem
661 5891 752 5952 domo
784 5890 941 5966 habitant,
964 5906 1049 5972 prae

408 6035 459 6082 tur.
478 6037 547 6082 Pont.
563 6036 594 6083 dc
606 6044 679 6097 trop.
697 6036 758 6083 Fide
772 6039 853 6084 Partis
868 6041 886 6084 l.
903 6039 955 6086 vol.
972 6039 1013 6084 lll.

1104 5341 1203 5407 sente,
1226 5333 1422 5406 conceditur,
1447 5341 1481 5394 ut
1503 5332 1593 5393 missa
1616 5331 1763 5394 celebrari
1786 5348 1853 5412 pos-

1104 5425 1155 5500 sit,
1172 5433 1203 5487 et
1224 5427 1306 5504 quod
1328 5425 1379 5486 alii
1402 5425 1520 5500 affines,
1542 5425 1778 5502 consanguinei,
1802 5428 1853 5489 vel

1104 5518 1282 5592 familiares,
1315 5519 1455 5580 eamdem
1484 5518 1662 5595 audientes,
1692 5530 1853 5601 praecepto

1103 5610 1303 5685 satisfaciant,
1328 5612 1449 5674 etiamsi
1482 5612 1634 5692 praedicta
1665 5629 1795 5691 persona
1819 5615 1852 5676 in

1105 5705 1207 5768 fronte
1227 5705 1335 5767 Brevis
1351 5705 1480 5770 minime
1496 5706 1691 5782 nominetur,
1705 5705 1778 5768 hinc
1792 5716 1851 5783 est,

1103 5800 1196 5876 quod,
1221 5799 1310 5860 frrma
1331 5813 1454 5877 semper
1470 5814 1503 5859 ea
1521 5797 1627 5874 regula
1642 5807 1801 5875 manente,
1819 5809 1853 5863 ut

1105 5891 1198 5970 possit
1221 5891 1253 5954 in
1275 5891 1394 5971 privato
1417 5891 1551 5954 oratorio
1572 5891 1664 5954 missa
1689 5891 1850 5970 celebrari,

1720 6042 1746 6086 tt
