4856 6984
290 535 343 590 An.
358 537 388 588 c.
411 537 477 588 1752

527 529 586 594 tto

509 663 667 728 dumtaxat
682 665 889 744 paroeciarum
907 663 939 724 in
954 661 1090 742 periculo
1108 659 1157 722 vel
1178 659 1251 720 arti·

511 758 581 820 culo
610 758 719 821 mortis
750 757 918 820 constituto
940 755 1116 818 facultatem
1143 752 1250 814 tribui-

510 866 590 913 mus.

548 946 617 1020 §ln
641 945 857 1020 Decernentes,
879 943 1000 1006 easdem
1024 947 1197 1021 praesentes
1217 939 1252 1000 li-

509 1047 589 1102 teras
611 1038 695 1100 etin
717 1039 762 1100 eis
792 1044 937 1100 contenta
966 1050 1179 1116 quaecumque
1201 1033 1252 1094 fir·

510 1147 569 1206 ma,
597 1129 697 1192 valida
718 1139 749 1192 et
774 1130 905 1194 efficacia
929 1131 1007 1192 intra
1029 1127 1249 1208 praescriptum

509 1225 621 1302 viginti
644 1223 804 1288 dumtaxat
818 1239 973 1286 annorum
988 1222 1120 1302 spatium
1142 1220 1253 1282 existe·

510 1334 544 1380 re
564 1326 595 1379 et
616 1317 681 1380 fore
694 1327 753 1381 etc.
772 1319 883 1396 Sicque
897 1326 928 1380 et
943 1333 1006 1380 non
1021 1317 1110 1379 aliter
1121 1317 1152 1378 in
1167 1331 1253 1393 prae-

408 1413 411 1419 '
511 1411 610 1474 missis
631 1427 686 1489 per
707 1426 918 1491 quoscumque
943 1411 1057 1474 iudices
1085 1405 1262 1470 ordinarios·

337 2550 409 2598 rides
430 2555 497 2598 tran·

285 2606 400 2662 sumptu.

511 1512 542 1566 et
563 1503 729 1584 delegatos,
757 1506 849 1568 etiam
876 1521 1038 1568 causarum
1059 1502 1162 1583 palatii
1184 1518 1254 1580 apo·

510 1597 608 1660 stollci
631 1599 784 1660 auditores
807 1597 836 1661 S.
854 1599 888 1660 fl.
913 1599 948 1660 tt.
966 1598 1142 1662 cardinales
1159 1603 1190 1658 et
1205 1611 1255 1656 eo-

513 1693 656 1754 rumdem
675 1691 883 1754 cardinalium
899 1691 1175 1768 congregationes,
1198 1703 1255 1750 nec

513 1800 577 1846 non
599 1785 787 1862 Apostolicae
808 1782 894 1849 Sedis
915 1785 1050 1849 Nuncios
1071 1791 1129 1846 etc.

553 1877 620 1953 ἐῢ.
645 1877 714 1941 Non
742 1879 935 1942 obstantibus
961 1878 1144 1958 apostolicis,
1168 1875 1255 1939 acin

514 1974 758 2049 universalibus,
782 1973 1022 2052 provincialibus
1047 1980 1077 2034 et
1104 1968 1256 2050 synodali-

514 2067 570 2129 bus
602 2067 740 2130 couciliis
764 2068 854 2130 editis
888 2067 1084 2144 generalibus
1111 2065 1161 2128 vel
1190 2079 1256 2142 spe-

514 2161 641 2223 cialibus
655 2161 927 2224 constitutionibus
946 2169 976 2223 et
997 2158 1256 2232 ordinationibus,

515 2262 556 2328 et,
579 2261 729 2331 quatenus
751 2271 827 2332 opus
848 2256 899 2330 sit,
922 2255 994 2316 dicti
1009 2253 1130 2318 Ordinis
1147 2253 1255 2315 llinor.

515 2347 679 2424 Gapuccin.
704 2348 798 2410 etiam
819 2349 997 2412 iuramento
1024 2346 1259 2409 confirmatione

515 2439 676 2518 apostolica
699 2447 756 2504 etc.

555 2534 573 2608 ᾖ
594 2533 623 2594 6.
645 2531 798 2596 Volumus
812 2543 915 2596 autern
932 2543 966 2598 ut
980 2533 1159 2596 earumdem
1175 2549 1261 2612 prae·

513 2627 650 2690 sentium
666 2627 839 2690 litterarum
854 2627 1140 2706 transumptis,sive
1155 2641 1259 2690 exem-

517 2719 583 2798 plis,
600 2721 692 2782 etiam
708 2721 874 2798 impressis,
892 2737 986 2783 manu
1005 2721 1132 2782 alicuius
1147 2719 1257 2782 notarii

516 2814 630 2891 publici
651 2813 830 2891 subscriptis
848 2823 879 2876 et
892 2814 993 2891 sigillo
1015 2814 1153 2876 eiusdem
1174 2811 1261 2876 Ordi-

518 2908 564 2968 nis
579 2907 720 2982 munitis,
734 2907 840 2971 eadem
855 2923 979 2986 prorsus
1002 2909 1076 2970 fides
1097 2907 1257 2980 habeatur,

517 3016 594 3078 quae
609 3001 681 3078 ipsis
695 3001 907 3078 praesentibus
923 3001 1098 3075 baberetur,
1115 3001 1140 3062 si
1156 2999 1260 3061 forent

518 3093 671 3156 exhibitae
693 3092 744 3155 vel
765 3101 915 3156 ostensae.

557 3189 576 3262 ἓ
597 3186 625 3249 7.
651 3187 808 3262 Ceterum,
835 3187 972 3250 caelestis
993 3187 1133 3267 praesidii
1161 3187 1260 3266 auspi-

518 3297 584 3344 cem
606 3281 663 3360 ipsi
687 3281 794 3344 carolo
818 3281 977 3344 Francisco
1006 3281 1159 3360 praefecto
1181 3290 1260 3344 cete·

518 3375 623 3452 risque
644 3374 844 3436 missiouariis
857 3374 979 3436 illarum
1003 3373 1175 3436 insularum
1192 3389 1261 3452 apo·

518 3466 656 3529 stolicam
677 3467 936 3541 benedictionem,
950 3482 1042 3544 quam
1065 3482 1136 3528 cum
1156 3465 1262 3546 plena·

519 3560 572 3622 riis
593 3559 797 3638 Indulgentiis
818 3567 1013 3638 peccatorum
1029 3559 1262 3622 remissionibus

519 3654 717 3716 coniunctam
731 3654 769 3716 ab
784 3653 854 3732 ipsis
869 3653 1027 3715 dumtaxat
1045 3652 1197 3732 praefecto
1213 3652 1261 3713 vel

521 3747 752 3826 vice-praefecto
762 3745 857 3810 semel
868 3745 1125 3810 cbristifrdelibus
1135 3761 1263 3808 suarum

520 3837 731 3920 paroeciarum
753 3841 785 3902 in
801 3856 912 3915 unum,
929 3842 961 3902 in
976 3842 1106 3904 diversis
1128 3842 1199 3904 licet
1221 3842 1264 3903 lo-

519 3938 573 4012 cis,
589 3935 859 4010 convenientibus
876 3945 983 3998 nostro
997 3937 1124 3999 nomine
1139 3938 1262 4015 elargiri

522 4032 677 4105 volumus,
699 4038 898 4107 peramanter
919 4030 1129 4107 impertimur.

560 4129 672 4188 flatum
696 4123 826 4198 Romae,
856 4125 935 4202 apud
960 4125 991 4188 S.
1021 4128 1145 4189 Mariam
1175 4129 1265 4192 blato-

521 4235 600 4293 rem,
610 4219 667 4280 sub
682 4217 797 4281 annulo
809 4217 979 4294 Piscatoris,
993 4219 1044 4281 die
1060 4237 1147 4283 xxvi.
1162 4224 1266 4302 aprilis

522 4329 678 4390 nocenti,
703 4313 899 4392 pontificatus
921 4314 1018 4375 nostri
1039 4331 1122 4377 anno
1138 4333 1195 4378 xri.

773 4515 1012 4534 *-

796 4693 985 4758 CXXXVIII.

526 4881 665 4944 noiomi
686 4883 728 4946 od
751 4899 804 4944 xx.
828 4901 928 4946 unitos
951 4884 1126 4964 facultates
1148 4899 1269 4944 contccs-

565 4995 616 5038 sns
640 4985 706 5038 tom
727 4975 982 5054 provincialibus
1001 4977 1170 5039 Societntis
1186 4978 1266 5047 Iesu,

565 5087 659 5148 quum
682 5070 825 5132 focorum
848 5071 1046 5141 ffrdfnorit's,
1064 5069 1270 5148 dispensandi

566 5181 638 5227 cunt
659 5164 825 5243 rteopftptis
856 5167 1035 5236 initiorum,
1066 5166 1271 5240 eliorum-qne

567 5258 777 5322 orientalium
794 5258 971 5337 reqionum,
989 5259 1023 5319 in
1040 5253 1184 5318 ontttibtts
1200 5274 1270 5316 eort-

566 5351 805 5434 sonqnt‘nt'totis
837 5358 867 5413 et
899 5351 1070 5431 affictitntts
1102 5347 1269 5430 proditius,

566 5456 694 5527 praeter·
715 5449 875 5524 prinlum·
897 5451 993 5506 sonet
1018 5445 1050 5504 in
1077 5443 1186 5506 redico
1206 5459 1272 5504 mo·

570 5541 724 5603 trimonio
747 5555 819 5600 cnm
841 5537 926 5598 bisce
949 5537 1182 5614 inpedimentis
1201 5551 1272 5595 con-

511 5697 513 5702 .
570 5641 677 5697 trocto
694 5633 729 5696 ob
745 5634 1013 5710 dispensationem
1025 5628 1063 5692 ab
1080 5630 1191 5691 iisdem
1203 5645 1274 5689 con-

569 5744 653 5790 cesso
674 5731 743 5804 post
771 5725 938 5802 emptitatos
968 5723 1161 5806 (ocatftntcm
1183 5729 1213 5782 et
1235 5719 1273 5784 ab

571 5941 601 5996 (1)
617 5943 653 5986 Ex
668 5945 729 5998 App.
744 5941 777 5986 ad
791 5939 857 5985 Bull.
873 5939 905 5985 de
919 5941 992 5995 Prop.
1008 5938 1079 5993 ntus,
1094 5949 1151 5995 pap.
1169 5939 1213 5982 litt.

1028 543 1089 587 ltttt.
1116 541 1205 586 honr.
1229 539 1268 583 htt
1291 539 1318 584 1³.
1344 539 1371 584 F·
1398 539 1478 583 rhus
1501 538 1521 582 f.

1347 653 1492 718 omnibus
1514 653 1659 715 tonsuris
1680 659 1710 715 et
1731 651 1839 730 poenis
1861 649 2049 714 ecclesiasti-

1346 751 1391 812 cis
1413 747 1549 812 obsolvit
1572 745 1644 808 illos
1658 745 1713 824 qni
1729 744 1819 808 hosce
1841 743 2049 822 dispensatio·

1347 859 1401 904 nes
1423 844 1641 903 concesserant
1662 839 1719 918 (f).

1479 1007 1721 1088 BEthllcflfS
1737 1009 1795 1080 ΡΡ.
1810 1008 1878 1076 xlv.

1447 1133 1910 1202 mmmmmwm

1348 1329 1367 1402 ς
1390 1327 1417 1387 l.
1440 1327 1520 1390 cum
1542 1327 1659 1388 dudum
1681 1325 1732 1388 fel.
1756 1341 1818 1387 rec.
1842 1323 1913 1387 Pius
1932 1323 2048 1386 hert.

1311 1419 1521 1499 praedecessor
1542 1427 1647 1482 noster
1669 1419 1750 1481 inter
1771 1419 1840 1494 alia,
1863 1424 1898 1480 ut
1920 1418 2052 1482 Societa-

1312 1513 1348 1574 tis
1370 1513 1437 1575 lesu
1465 1511 1684 1592 provinciales,
1713 1511 1763 1572 vel
1785 1511 1822 1572 ab
1842 1512 1886 1572 eis
1917 1511 2052 1588 deputati

1311 1605 1493 1683 presbyteri,
1517 1619 1588 1666 cuni
1617 1603 1779 1682 neophytis
1800 1603 1957 1666 indiarum
1982 1603 2052 1664 alia-

1311 1712 1444 1775 rumque
1474 1696 1678 1760 Orientalium
1712 1697 1888 1774 regionum,
1919 1697 1950 1758 in
1979 1713 2055 1775 quo-

1312 1805 1446 1870 cumque
1472 1806 1527 1854 seu
1553 1791 1712 1870 quibusvis
1732 1808 1748 1850 a
1771 1790 1837 1852 iure
1858 1790 1964 1852 divino
1991 1805 2054 1851 non

1313 1885 1472 1963 prohibitis
1505 1883 1781 1960 consanguinitatis
1815 1882 1866 1946 vel
1899 1882 2055 1944 affinitatis

1314 1976 1469 2054 gradibus,
1494 1976 1543 2038 vel
1565 1976 1638 2038 alias
1659 1977 1843 2050 coniunctis,
1866 1983 1911 2050 ut,
1928 1975 2055 2052 impedi-

1314 2070 1427 2132 mentis
1450 2069 1626 2132 huiusmodi
1649 2085 1712 2130 non
1734 2069 1935 2144 obstantibus,
1952 2069 2056 2130 matri-

1314 2164 1455 2226 monium
1477 2164 1560 2226 inter
1592 2179 1625 2224 se
1645 2163 1829 2224 contrahere
1860 2171 1891 2224 et
1911 2159 2056 2224 solemni-

1315 2274 1394 2332 zare,
1410 2274 1465 2320 seu
1486 2257 1519 2319 iu
1542 2258 1602 2318 iam
1623 2256 1717 2319 etiam
1738 2257 1871 2318 scienter
1891 2255 2056 2316 contractis

1315 2351 1521 2413 matrimoniis
1536 2350 1711 2412 huiusmodi
1728 2365 1897 2424 remanere,
1918 2347 2057 2412 valerent

1315 2444 1522 2522 inpartibus,
1546 2443 1598 2504 ubi
1620 2441 1771 2506 Ordinarii
1802 2442 1939 2504 locorum
1970 2442 2057 2504 facile

1314 2537 1390 2600 adiri
1412 2544 1564 2615 poterant,
1581 2537 1612 2598 in
1628 2536 1693 2597 foro
1713 2535 1921 2597 conscientiae
1937 2541 2055 2598 tantum

1315 2641 1476 2708 perpetuo,
1499 2638 1530 2691 et
1553 2632 1677 2707 insuper
1699 2629 1828 2703 ibidem,
1853 2628 1932 2690 infra
1953 2637 2057 2690 tamen

1316 2723 1427 2799 viginti
1447 2737 1544 2784 annos
1566 2731 1641 2784 tunc
1662 2723 1802 2800 proxime
1824 2721 1954 2797 futuros,
1977 2721 2058 2800 quod

1316 2817 1373 2894 ipsi
1402 2816 1540 2878 locorum
1566 2814 1718 2877 ordinarii
1747 2815 1785 2876 de
1805 2815 2058 2892 presbyterorum

1315 2908 1498 2970 eorumdem
1524 2915 1689 2986 tamquam,
1713 2908 1890 2970 adiuturum
1911 2916 1942 2970 et
1966 2925 2061 2968 asses·

1315 3019 1421 3066 sorum
1450 3017 1577 3064 suorum
1608 3002 1638 3062 in
1666 3001 1739 3063 locis
1770 3000 1930 3080 praefatis,
1954 3008 1985 3062 et
2007 3001 2058 3062 ubi

1316 3111 1426 3160 eorum
1455 3096 1616 3157 commode
1646 3093 1795 3172 potuisset
1827 3094 1932 3156 haberi
1963 3093 2058 3172 copia,

1316 3189 1455 3264 consilio,
1469 3195 1499 3250 et
1513 3203 1584 3249 eum
1603 3187 1663 3248 illis
1678 3187 1771 3248 etiarn
1787 3187 1819 3249 iu
1833 3186 1963 3249 iudiciali
1981 3186 2058 3262 foro,

1317 3284 1349 3344 in
1371 3281 1499 3360 reliquis
1520 3289 1624 3342 autem
1647 3281 1811 3359 provinciis
1826 3280 2059 3343 ordinariorum

1318 3375 1486 3455 praesentia
1519 3373 1689 3445 destitutis,
1712 3372 1760 3434 vel
1788 3373 1893 3434 abeis
1921 3373 2059 3446 remotis,

1318 3467 1399 3547 quod
1427 3467 1520 3530 iidem
1543 3466 1747 3546 provinciales
1775 3475 1805 3530 et
1826 3467 1963 3544 deputati
1993 3481 2061 3543 pro-

1317 3565 1433 3643 sbyteri
1462 3579 1532 3625 cum
1565 3561 1680 3624 eisdem
1713 3561 1874 3639 neophytis
1904 3561 1997 3622 etiam
2030 3559 2061 3619 in

1319 3669 1451 3737 utroque
1482 3658 1548 3720 foro
1569 3656 1751 3720 auctoritate
1780 3655 1940 3734 apostolica
1969 3656 2062 3731 gratis

1319 3755 1494 3830 dispensate
1515 3750 1611 3812 libere
1629 3757 1659 3811 et
1674 3748 1756 3811 licite
1771 3749 1923 3824 valerent,
1939 3748 2063 3826 plenam

1319 3857 1351 3910 et
1373 3847 1502 3908 liberam
1523 3843 1699 3905 facultatem
1725 3842 1783 3904 sub
1803 3843 1894 3904 certis
1916 3843 2005 3904 modo
2033 3849 2063 3902 et

1320 3941 1419 4002 forma
1441 3948 1515 4000 tunc
1541 3936 1692 4014 expressis
1718 3936 1913 4010 concesserit,
1939 3942 1971 3996 et
1992 3935 2065 3995 alias

1320 4043 1412 4115 prout
1429 4035 1459 4095 in
1477 4033 1569 4110 ipsius
1585 4031 1628 4090 Pii
1646 4029 1882 4108 praedecessoris
1903 4029 2000 4090 nostri
2017 4028 2066 4089 lit-

1323 4129 1395 4190 teris
1423 4129 1554 4202 desuper
1580 4124 1611 4186 in
1640 4121 1733 4184 simili
1762 4121 1860 4182 forma
1889 4121 1995 4183 Brevis
2017 4123 2067 4182 die

1323 4241 1374 4286 xv.
1398 4221 1479 4284 iunii
1501 4235 1637 4282 uotxrn.
1651 4217 1800 4295 expeditis
1822 4217 1948 4278 uberius
1969 4216 2066 4278 conti-

1324 4325 1427 4391 netur,
1444 4322 1475 4376 et
1495 4312 1666 4375 successive
1681 4309 1732 4371 alii
1753 4309 1883 4372 Romani
1905 4310 2067 4373 Pontifices

1324 4409 1569 4490 praedecessores
1581 4404 1677 4466 nostri
1690 4402 1865 4465 facultatem
1876 4403 2065 4478 huiusmodi,

1326 4514 1387 4566 tam
1409 4498 1605 4581 presbyteris,
1621 4513 1713 4574 quani
1729 4495 1898 4559 Ordinariis
1913 4495 2067 4574 praefatis,

1325 4613 1388 4659 non
1411 4601 1576 4674 perpetuo,
1599 4592 1651 4652 sed
1673 4591 1708 4652 ad
1730 4597 1812 4651 certa
1840 4589 1970 4651 limitata
1993 4597 2070 4651 teni-

1326 4707 1409 4772 pora,
1426 4705 1458 4748 ac
1473 4684 1639 4749 novissime
1654 4683 1703 4744 die
1718 4698 1760 4744 rx.
1772 4690 1850 4762 sept.
1868 4698 2067 4746 noccxxxrv.

1326 4783 1418 4846 recol.
1450 4797 1545 4844 mem.
1577 4779 1723 4842 clemens
1746 4779 1823 4856 Papa
1850 4776 1914 4842 xtt.
1946 4776 2071 4855 praede-

1325 4894 1427 4940 cessor
1447 4877 1555 4937 itidem
1578 4880 1683 4934 noster
1698 4873 1732 4934 ad
1750 4871 1862 4948 viginti
1884 4885 1981 4933 annos
1997 4880 2071 4932 tunc

1327 4970 1482 5050 proximos
1494 4983 1549 5046 per
1563 4983 1632 5027 suas
1648 4965 1818 5043 respective
1838 4965 1871 5025 in
1893 4965 1999 5026 eadem
2012 4963 2071 5024 for-

1327 5065 1376 5126 mai
1397 5063 1504 5124 Brevis
1526 5061 1642 5122 litteras
1662 5058 1720 5119 sub
1740 5057 1831 5120 certis
1853 5057 1990 5118 modoet
2011 5055 2072 5118 for·

1327 5173 1376 5220 ma
1399 5157 1429 5218 in
1452 5155 1512 5216 illis
1533 5152 1685 5232 expressis
1706 5151 1789 5212 inter
1811 5150 1866 5210 alia
1889 5165 2072 5228 prorogare·

1328 5252 1369 5312 rit
1390 5265 1443 5311 seu
1467 5251 1504 5310 de
1528 5263 1608 5308 novo
1630 5245 1835 5322 concesserit;
1858 5253 1900 5317 et,
1916 5244 1995 5305 sicut
2018 5259 2073 5322 pro

1328 5353 1414 5424 parte
1425 5343 1526 5404 dilecti
1539 5340 1595 5402 filii
1607 5339 1815 5418 procuratoris
1830 5339 1982 5414 generalis
1994 5339 2073 5398 eius-

1329 5439 1398 5500 dem
1420 5435 1580 5498 Societatis
1595 5433 1662 5495 lesu
1678 5429 1879 5509 nobis‘nuper
1900 5429 2073 5506 expositum

1330 5532 1399 5604 fuit,
1423 5527 1569 5608 praedicti
1597 5525 1709 5602 viginti
1738 5524 1827 5599 anni,
1851 5524 1885 5584 ad
1913 5538 1988 5600 quos
2011 5537 2074 5582 rue-

2079 515 2134 568 An.
2148 519 2179 572 c.
2202 515 2280 568 1752

2097 1333 2198 1381 Petilio.

1330 5631 1447 5686 morata
1470 5620 1594 5684 facultas
1622 5621 1659 5680 ab
1681 5620 1746 5696 ipso
1768 5618 1931 5680 clemente
1952 5617 2074 5694 praede·
2152 5609 2154 5614 ’

1330 5733 1449 5782 cessere
1476 5721 1649 5794 prorogata,
1676 5729 1731 5774 seu
1752 5712 1790 5772 de
1817 5727 1899 5772 novo
1920 5725 2073 5783 concessa,
