4856 6984
338 621 392 676 An.
407 621 438 674 c.
460 621 526 676 1751
578 621 637 686 ted
1080 633 1143 681 tun.
1170 635 1259 680 rour.
1285 633 1324 678 nn
1347 635 1374 678 r.
1400 635 1428 679 r.
1454 635 1535 680 rsus
1560 637 1578 679 r.

859 756 995 821 cxxix.
1360 754 1412 830 qui
1434 769 1489 831 pro
1517 755 1734 834 redemptione
1765 755 1888 833 generis
1919 753 2049 816 humani
2072 755 2111 815 de

1360 863 1481 908 summo
1502 849 1662 930 coelorum
1684 849 1760 912 solio
1779 849 1814 911 ad
1829 849 1923 911 buius
1938 847 2046 910 muntli
2064 847 2110 908 in-

564 947 723 1025 dpiscopis
747 944 969 1007 Premislieasi
984 948 1014 1004 ct
1030 941 1226 1019 Lcopola'cusi
1242 940 1306 1002 uc·
1362 937 1432 1000 lima
1464 942 1661 1016 descendere,
1693 949 1724 1004 et
1750 957 1877 1004 carnem
1909 949 2047 1004 nostram
2073 957 2112 1002 eu

601 1041 689 1103 tltcui
712 1040 800 1101 titos
823 1039 967 1116 spondet,
984 1054 1016 1098 sc
1037 1051 1158 1097 ornnem
1181 1051 1306 1111 operam
1331 1064 1334 1109 t
1362 1038 1451 1092 utero
1472 1033 1581 1094 Bealue
1602 1034 1713 1097 Mariae
1735 1049 1859 1111 semper
1876 1033 2015 1108 Virginis
2030 1051 2113 1095 assu-

600 1135 822 1204 doturum,ut
839 1130 1004 1194 tt’artsitus
1026 1128 1250 1192 thtltcoorutn
1266 1127 1307 1190 ud
1332 1116 1335 1200 l
1363 1141 1447 1187 tuere
1475 1126 1618 1202 dignatus
1649 1137 1706 1206 est,
1731 1129 1824 1204 vices,
1848 1129 1920 1190 licet
1948 1127 2111 1202 immeriti,

600 1228 744 1290 latinum
767 1227 872 1286 ritum
894 1224 1094 1302 impediatur·
1115 1221 1172 1302 (l).
1332 1211 1335 1323 ξ
1362 1225 1506 1294 gerentes
1528 1221 1560 1280 in
1584 1221 1686 1295 terris,
1705 1229 1735 1284 el
1758 1222 1824 1286 eius
1839 1221 1979 1300 exempla
1995 1228 2113 1282 sectan-

1333 1344 1335 1355 =
1362 1316 1420 1386 les,
1436 1311 1597 1374 animabus
1618 1314 1875 1379 christifidelium
1893 1315 2113 1378 detunctorum

560 1410 788 1481 llenerebilibue
811 1409 956 1478 iratribus
981 1408 1082 1492 Epieo.
1101 1407 1306 1478 Premislionei
1333 1358 1336 1469 Ι
1364 1406 1394 1466 in
1417 1407 1598 1482 u¹¹ltsll⁰¹l⁰
1620 1408 1836 1483 existentibus,
1859 1425 1937 1487 ‘1¹¹³ss
1962 1425 2018 1487 ller
2039 1410 2113 1470 illi·

683 1511 716 1575 el
741 1504 931 1589 leopollensi
954 1502 1063 1570 breed
1087 1499 1181 1584 itum,
1334 1506 1336 1608 Ι
1365 1503 1458 1560 tatem
1481 1499 1542 1560 Deo
1566 1501 1670 1562 unitae
1691 1501 1728 1562 ab
1750 1503 1803 1562 ltac
1818 1502 1885 1564 luce
1900 1505 2112 1577 decesserunt,

1363 1597 1394 1652 el
1417 1593 1540 1669 pinum
1562 1593 1716 1670 sulirugils
1733 1596 1830 1658 iuvari
1848 1605 2045 1672 meruerunt,
2062 1613 2114 1673 op·

720 1675 964 1747 Beufintcttts
988 1675 1048 1744 ΡΡ.
1074 1675 1145 1743 litt.
1334 1644 1337 1761 J
1364 1693 1496 1762 portuna
1516 1685 1554 1747 tle
1577 1688 1721 1748 tbesauro
1742 1689 1894 1751 Ecclesiae
1915 1691 2027 1752 auxilia
2043 1691 2114 1753 sub-

904 1842 910 1856 ·
1335 1778 1337 1864 j
1366 1777 1541 1841 ministrare
1561 1781 1734 1856 studemus,
1752 1789 1786 1844 ut
1801 1783 1882 1856 illae,
1902 1791 2054 1862 qrrantum
2070 1783 2115 1846 ui-

760 1842 960 1912 vessel'flb'lffl
982 1839 1109 1919 'mma
1335 1900 1337 1961 4
1366 1871 1455 1933 vinae
1477 1873 1607 1934 bonitati
1636 1873 1796 1950 placuerit,
1819 1876 1939 1938 adiutae
1961 1877 1995 1937 ad
2018 1877 2114 1940 caele·

593 1967 722 2035 salutem
744 1971 776 2033 el
797 1964 994 2048 apostolicam
1022 1958 1271 2028 benedictionem.
1364 1973 1443 2026 stem
1472 1967 1603 2042 patrium
1635 1965 1753 2028 facilius
1787 1969 1952 2046 peruenire
1981 1970 2112 2032 valcant.

1405 2057 1423 2132 ἓ
1441 2060 1467 2121 l.
1482 2058 1628 2120 Volentes
1641 2058 1738 2135 igitur
1753 2076 1862 2122 omnes
1872 2067 1903 2121 et
1916 2061 2051 2138 singulas
2066 2081 2116 2125 ec·
2164 2083 2301 2126 concessas
2314 2083 2344 2126 tn·

562 2213 564 2220 ,
602 2157 729 2220 Vestrae
751 2155 784 2216 ad
802 2172 857 2218 nos
873 2155 991 2217 delatae
1005 2160 1079 2214 sunt
1095 2152 1203 2212 literae
1217 2147 1310 2224 scrip·
1335 2120 1338 2179 Ὗ
1365 2155 1471 2218 ctesias
1493 2161 1553 2214 tam
1577 2159 1704 2226 erectas,
1723 2169 1816 2230 cluam
1833 2155 1864 2213 ῑῃ
1881 2163 2037 2232 posterum
2055 2157 2116 2218 epi.
2135 2134 2343 2244 gpffgffifflluffffi

562 2260 611 2314 lle
632 2251 682 2312 ille
702 2268 758 2312 vn.
788 2249 867 2323 iulii,
892 2248 924 2309 in
951 2247 1065 2324 quibus
1095 2243 1207 2304 merito
1238 2255 1310 2301 ⁰⁰1¹·
1336 2230 1338 2281 ²
1365 2247 1478 2326 gendes
1501 2245 1631 2307 iratrum
1653 2244 1777 2308 Ordinis
1799 2245 1952 2308 llinorunr
1971 2248 2002 2311 S.
2021 2251 2116 2312 Fran-

563 2345 734 2424 ouerimini
757 2344 794 2404 de
817 2343 948 2405 transitu
973 2340 1192 2402 liutbenorum
1215 2336 1309 2396 aritu
1336 2340 1338 2405 l
1364 2340 1434 2404 eieci
1448 2339 1714 2403 conventualium
1730 2349 1994 2417 nuncupatorum,
2008 2351 2038 2404 et
2050 2359 2117 2405 mo-

563 2455 672 2516 Ol'leffl
687 2439 722 2500 Μ]
738 2437 835 2498 ill-Um
850 2436 994 2496 lilinum·
1019 2432 1070 2494 Uli
1096 2431 1174 2518 belle
1200 2428 1308 2502 nostis,
1337 2478 1338 2489 a
1365 2435 1496 2498 nialium
1511 2434 1651 2494 eiusdem
1666 2433 1787 2495 Ordinis
1802 2433 1860 2495 sub
1876 2433 2042 2512 regimine,
2059 2451 2116 2512 gu·

563 2531 629 2595 llll.
654 2533 727 2605 FF,
745 2529 842 2592 nostri
866 2529 1112 2607 praedecessores
1134 2526 1189 2586 ltos
1212 2531 1311 2584 trans·
1337 2572 1339 2593 ,
1365 2528 1483 2601 bornio,
1508 2535 1538 2588 et
1560 2525 1828 2590 administratione
1855 2527 1985 2590 fratrum
2010 2529 2116 2590 buius-
2182 2525 2185 2530 “

563 2629 625 2688 itus
656 2625 904 2696 abhorruerunt,
938 2630 1050 2683 einos
1079 2619 1134 2697 ipsi
1167 2617 1310 2678 abborre-
1337 2662 1338 2699 ,
1365 2621 1446 2684 modi
1479 2621 1694 2696 existentium,
1718 2623 1750 2682 in
1773 2639 1906 2700 qrrarum
1939 2623 2113 2699 nonnullis,

563 2737 649 2794 mus,
679 2724 787 2796 utpote
808 2715 862 2794 qui
890 2730 951 2776 non
974 2712 1235 2784 destructionem,
1258 2710 1309 2771 sed
1336 2742 1339 2803 Ι
1366 2722 1399 2776 ut
1421 2714 1603 2792 accepimus,
1628 2731 1729 2777 unum
1758 2716 1852 2777 altttre
1880 2716 2114 2794 privilegiatum

563 2810 833 2873 conservationem
870 2809 948 2869 ritus
980 2805 1080 2882 graeci
1113 2816 1311 2879 summopere
1336 2820 1339 2901 t
1363 2807 1579 2886 quotidianum
1603 2816 1790 2886 perpetuum
1813 2811 1848 2872 ad
1868 2825 1977 2872 omnes
1992 2811 2117 2888 presby-

564 2905 783 2966 desideramus.
833 2899 1014 2980 specialiter
1048 2898 1086 2958 ee
1121 2895 1311 2974 probibendo
1336 2912 1339 3001 J
1365 2907 1456 2974 leros,
1479 2901 1546 2962 sive
1566 2901 1738 2964 saeculares
1759 2904 1825 2966 sive
1852 2903 2019 2980 regulares,
2036 2912 2067 2967 et
2084 2904 2115 2966 in

566 2997 700 3058 transitu
722 2995 944 3057 Rulbenorum
959 2999 1061 3053 actum
1078 2998 1123 3051 est
1138 3003 1240 3050 corum
1257 3004 1311 3049 no·
1337 3022 1338 3031 κ
1365 2993 1517 3072 aliquibus
1548 2995 1644 3056 eliam
1676 2995 1848 3059 secundum
1874 2997 1970 3059 altare
1991 2997 2117 3076 privile-

564 3091 610 3152 bis
632 3105 713 3151 anno
736 3103 952 3160 succurunt,
972 3084 1023 3145 setl
1040 3082 1124 3144 nulla
1147 3082 1206 3143 luit
1226 3090 1309 3158 capto
1337 3100 1339 3109 ·
1365 3087 1485 3163 giatum
1515 3088 1661 3149 similiter
1693 3097 1878 3166 perpetuum
1908 3096 1938 3151 et
1966 3091 2118 3170 quotidia-

564 3181 712 3244 resolutio
739 3181 798 3242 sub
826 3179 937 3242 obtutu
965 3175 1158 3240 resistentiae
1180 3173 1310 3236 iactaea
1337 3148 1339 3255 i
1366 3195 1455 3254 num,
1480 3180 1526 3240 vel
1550 3197 1604 3258 pro
1628 3181 1789 3243 nonnullis
1812 3181 1896 3244 seriis
1911 3193 1942 3245 et
1958 3183 2064 3244 diebus
2079 3185 2115 3246 ad

565 3275 649 3352 Rege
679 3274 824 3336 Poloniae
854 3273 985 3334 decretis
1014 3269 1127 3332 Urbani
1155 3268 1248 3341 llttl,
1278 3268 1310 3328 in
1337 3274 1339 3317 l
1367 3280 1489 3351 tempus
1512 3276 1652 3336 nondum
1676 3274 1824 3352 elapsum,
1850 3276 1930 3353 qttod
1953 3291 2009 3353 per
2031 3293 2117 3354 prae-

564 3369 677 3446 quibus
700 3367 847 3430 transitus
870 3366 970 3428 luerat
992 3365 1176 3444 prohibitus.
1201 3363 1311 3437 Quam·
1338 3370 1340 3379 ’
1366 3373 1469 3427 sentes
1500 3367 1722 3429 confirmamus
1753 3375 1784 3427 et
1805 3369 1843 3428 de
1865 3383 1945 3429 novo
1978 3370 2116 3430 concedi·

565 3461 702 3541 primum
724 3462 853 3523 materia
876 3465 1098 3532 reassumetur,
1122 3471 1312 3534 omnemque
1367 3475 1447 3534 mus,
1470 3466 1501 3521 et
1527 3467 1680 3537 qtratenus
1709 3461 1841 3522 secunda
1873 3460 1977 3523 altaria
2010 3462 2117 3524 buius-

565 3555 696 3634 lapitlcm
726 3554 933 3628 movebimus,
958 3560 991 3613 ut
1013 3549 1129 3612 nedum
1155 3549 1238 3612 duali
1261 3550 1311 3610 de·
1338 3528 1340 3565 ¹
1367 3554 1450 3615 modi
1471 3554 1506 3614 ad
1532 3559 1653 3630 tempus
1674 3569 1815 3615 concessa
1837 3553 1913 3626 sint,
1930 3571 1985 3631 pro
2000 3554 2115 3616 eisdem

565 3656 648 3711 creto
672 3650 818 3710 transitus
847 3646 1064 3725 prohibeatur,
1087 3643 1139 3706 sed
1162 3644 1256 3705 etiarn
1279 3655 1313 3707 ut
1338 3618 1341 3711 i
1367 3647 1451 3709 leriis
1472 3655 1503 3708 et
1525 3647 1633 3708 diebus
1654 3663 1709 3725 pro
1731 3646 1843 3725 quibus
1869 3663 2008 3708 concessa
2032 3664 2116 3726 repe·

565 3745 724 3806 decretum
753 3743 807 3804 sud
834 3757 897 3803 non
923 3748 1023 3802 careat
1054 3739 1249 3800 executione.
1274 3739 1312 3799 El
1340 3792 1341 3805 ,
1368 3741 1505 3814 ciuntur,
1531 3741 1562 3800 in
1584 3745 1772 3818 perpetuum
1794 3741 1993 3802 concedimus
2014 3746 2044 3802 et
2066 3745 2117 3803 de-

567 3837 684 3900 intei·ea
717 3837 814 3910 vobis,
845 3834 910 3896 VV.
935 3836 1014 3908 FO,
1037 3841 1067 3894 et
1093 3833 1239 3909 gregibus
1263 3849 1313 3893 ve·
1340 3844 1342 3853 ·
1367 3833 1530 3907 claramus,
1554 3833 1695 3910 dictaque
1715 3835 1847 3895 secunda
1870 3834 1974 3895 altaria
1993 3834 2116 3911 privile·

564 3941 645 3995 strae
666 3945 758 3993 curae
780 3928 950 3991 commissis
971 3926 1167 4004 apostolicam
1190 3926 1315 3987 benedi·
1340 3922 1343 4015 i
1368 3927 1418 4002 gio
1440 3933 1601 4004 perpetuo,
1618 3942 1673 4003 pro
1692 3926 1800 3987 iisdem
1817 3925 1900 3987 leriis
1915 3925 2114 3997 declaramus

564 4025 700 4087 ctionem
722 4029 919 4100 peramanter
940 4021 1151 4099 impertimur.
1341 4030 1343 4109 t
1369 4021 1399 4080 in
1422 4035 1530 4081 earum
1552 4035 1626 4080 vero
1650 4019 1788 4098 reliquis,
1807 4019 1855 4081 vel
1870 4019 1938 4080 sine
1953 4020 2118 4082 missarum

605 4118 718 4179 Datum
743 4116 873 4189 Romae,
903 4116 981 4192 apud
1012 4113 1043 4177 S.
1069 4113 1195 4174 blaciam
1224 4111 1314 4173 blaio-
1341 4138 1343 4219 ε
1369 4113 1600 4192 numer·o„vel
1631 4129 1703 4175 oum
1737 4113 1923 4190 praescripto
1955 4113 2118 4175 missarum

563 4228 644 4286 rem,
666 4210 724 4270 sub
745 4208 863 4272 annulo
884 4207 1056 4281 Piscatoris,
1073 4207 1122 4268 die
1138 4223 1229 4267 xvrn.
1249 4222 1314 4283 sep·
1341 4266 1343 4283 ,
1368 4207 1594 4286 praedictarum
1617 4222 1760 4281 numero,
1783 4205 1818 4265 ud
1840 4205 1921 4266 solos
1940 4206 2013 4266 dicti
2034 4207 2119 4270 Ordi-

567 4306 694 4367 tembrts
713 4319 858 4377 uuonan,
875 4300 985 4379 pontii.
1003 4300 1100 4362 nostri
1116 4316 1199 4362 anno
1215 4315 1271 4360 xrr.
1341 4288 1343 4314 *
1370 4301 1417 4362 nis
1439 4301 1646 4378 presbyteros,
1669 4298 1719 4360 vel
1747 4300 1781 4361 ad
1804 4314 1914 4360 omnes
1942 4299 2033 4361 etiarn
2057 4317 2118 4362 sae-

1369 4393 1486 4454 culares
1507 4399 1539 4455 et
1561 4393 1731 4468 regulares,
1748 4407 1802 4469 pro
1818 4392 1910 4454 certis
1925 4393 2120 4472 praescriptis

1341 4518 1343 4535 ι
1369 4485 1465 4560 ieriis,
1488 4487 1573 4546 iuuta
1596 4486 1758 4546 missarum
1782 4487 1814 4547 in
1838 4487 1899 4548 illis
1925 4485 2121 4548 celebrantia-

878 4583 1001 4646 CXXX.
1370 4595 1441 4641 rum
1464 4594 1634 4640 numerum
1657 4579 1706 4640 tel
1735 4587 1886 4657 perpetuo
1914 4580 1963 4641 vel
1985 4583 2021 4643 ad
2043 4585 2119 4642 tem-

1369 4689 1427 4750 pus
1448 4687 1502 4750 per
1525 4687 1592 4746 nos,
1615 4687 1668 4733 seu
1687 4672 1843 4734 Romanos
1857 4674 2020 4735 Pontifices
2035 4690 2119 4752 prae·

567 4772 699 4838 Altaria
717 4771 849 4834 Ordinis
865 4771 1028 4844 Minorem
1046 4768 1312 4832 consensualitas
1341 4820 1343 4835 .
1370 4769 1543 4828 decessores
1564 4773 1698 4840 nostros,
1721 4767 1815 4827 etiam
1846 4767 1931 4828 iuxta
1959 4770 2119 4830 decretum

609 4865 639 4928 S.
658 4865 826 4928 francisci
849 4865 883 4924 in
900 4862 1053 4926 Ecclesiis
1074 4867 1139 4924 tum
1154 4863 1313 4942 scutram,
1342 4842 1343 4879 ¹
1369 4859 1467 4922 lelicis
1501 4858 1723 4920 recordationis
1758 4859 1917 4921 Benedicti
1953 4861 2008 4920 ΡΡ.
2042 4861 2117 4923 Xlll.

607 4975 701 5036 quum
722 4957 914 5018 monialium
936 4955 1075 5016 ciusdem
1101 4955 1246 5028 Ordinis,
1267 4957 1315 5018 ln·
1341 4934 1344 5009 l
1370 4952 1609 5033 praedecessoris
1625 4953 1722 5013 nostri
1739 4953 1788 5014 die
1803 4969 1844 5012 tv.
1863 4961 1922 5014 oct.
1941 4968 2116 5016 uncorum.

608 5051 786 5132 tlulgenliis
809 5049 895 5111 ditat
919 5049 953 5109 in
974 5053 1163 5126 perpetuum
1186 5049 1198 5128 (
1218 5047 1239 5129 ).
1370 5049 1502 5121 editum,
1534 5061 1714 5107 concessum
1745 5047 1917 5123 reperitur,
1953 5049 2034 5126 quod
2068 5065 2120 5124 per

1342 5150 1344 5185 l
1370 5147 1545 5218 praesentes
1559 5141 1740 5201 auctoritate
1752 5141 1916 5218 apostolica
1929 5155 2119 5215 revocamus,

738 5217 981 5288 BENEDlGTUS
997 5217 1057 5287 ΡΡ.
1074 5216 1144 5286 ΧΝ.
1342 5234 1344 5276 l
1370 5239 1400 5294 et
1423 5233 1454 5292 in
1478 5231 1521 5293 eis
1542 5233 1639 5292 situm
1661 5233 1756 5292 altare
1777 5247 1833 5309 per
1854 5232 2002 5295 dilectum
2020 5233 2119 5293 lilium

688 5342 724 5410 gg
747 5347 921 5425 „mentam
945 5341 987 5408 „ej
1015 5341 1194 5409 memoriam,
1342 5316 1344 5411 l
1370 5325 1514 5388 Carolum
1538 5326 1713 5387 Antonium
1734 5325 1820 5387 Calui
1843 5329 2042 5400 modernum,
2065 5341 2119 5386 seu

1343 5462 1344 5479 t
1371 5433 1425 5495 pro
1449 5424 1587 5497 tempore
1609 5419 1797 5480 existentem
1822 5419 2000 5482 llinistrum
2021 5420 2119 5482 Gene-

363 5533 533 5580 rrooemrum.
607 5518 774 5583 Salvatoris
795 5519 919 5582 Domini
934 5519 1032 5581 nostri
1050 5518 1115 5580 lesu
1131 5514 1246 5579 Christi
1259 5516 1317 5576 Αε·
1342 5546 1345 5637 ι
1370 5509 1465 5572 ralem
1488 5511 1561 5573 dicti
1582 5511 1716 5588 Ordinis,
1738 5513 1837 5575 semel
1859 5520 1982 5575 tantum
2003 5513 2120 5590 eligen-

568 5622 657 5678 terno
685 5613 765 5673 Patri
793 5609 1061 5690 consubstantialis
1089 5616 1120 5669 et
1148 5607 1315 5681 coaeterni,
1343 5652 1345 5676 ,
1371 5606 1496 5668 dumet
1520 5607 1694 5684 inscriptis
1721 5605 1946 5685 deputandum,
1973 5609 2054 5684 quod
2075 5622 2121 5667 se·
2171 5634 2173 5638 ·

608 5811 638 5866 (ll
654 5812 749 5866 Exnp.
771 5809 874 5856 Baldo
896 5811 922 5854 P.
937 5811 963 5853 [ι’.
979 5820 1002 5865 p.
1020 5809 1058 5852 tes
1078 5807 1135 5854 coll.
1159 5805 1264 5852 videin
1279 5818 1316 5852 ee·
1342 5815 1344 5869 t
1412 5807 1443 5863 (2)
1459 5809 1495 5852 Ex
1516 5806 1670 5853 collectione
1694 5806 1841 5853 cardinalis
1865 5805 1967 5853 Valenti
1991 5807 2120 5853 existente

567 5878 653 5924 cunda
667 5881 742 5934 parte
756 5879 864 5924 Decreta
879 5875 1095 5932 congregationis
1109 5876 1141 5920 de
1156 5874 1272 5921 transitu
1282 5875 1316 5922 ab
1371 5875 1399 5921 in
1413 5875 1490 5921 domo
1503 5875 1620 5930 professa
1634 5877 1688 5919 soe.
1706 5877 1765 5920 lesu
1780 5877 1878 5920 Romae
1891 5874 1940 5920 sub
1950 5870 2030 5922 titulo
2040 5897 2066 5907 ·-
2077 5879 2121 5920 Bc·

568 5955 621 5990 uno
641 5944 674 5990 ad
694 5943 777 5990 alium
797 5943 891 6000 ritum,
908 5947 935 5988 et
951 5943 1021 5990 inira
1039 5943 1157 5988 eiusdem
1177 5945 1237 5988 Ben.
1252 5943 1314 5987 xlv.
1372 5946 1430 5989 ned.
1447 5946 1514 5989 XIV.
1532 5945 1670 5988 constitut.
1685 5947 1710 5987 et
1724 5945 1799 5988 Breo.
1816 5947 1877 5990 tom.
1895 5947 1916 5990 1.

567 6017 649 6062 const.
659 6016 760 6059 dilatae
773 6017 846 6063 suni,
859 6015 885 6058 el
895 6021 975 6069 supra
990 6015 1141 6058 Praeclare
1150 6015 1227 6057 Rom.
1238 6015 1314 6060 Porti.
