4764 6972
343 539 397 594 Aa.
412 543 442 594 0.
463 545 532 598 1743
586 543 641 608 {09

1086 567 1151 612 lUR.
1175 565 1266 610 PONT.
1290 563 1330 608 DE
1351 563 1380 608 P.
1405 563 1432 610 F·
1457 565 1540 610 Pons
1561 564 1583 608 1.

563 699 679 746 norum
699 689 837 764 patrem,
860 701 898 748 ae
924 685 1081 747 doctorem
1103 685 1255 755 eaistore,
1277 689 1308 746 et
1334 679 1337 786 l
1364 685 1436 760 pter
1449 683 1664 755 adulterium,
1677 684 1844 758 haeresim,
1861 689 1921 748 aut
1936 683 2021 748 alios
2035 701 2112 748 ean·

563 777 627 856 ipsi
648 778 683 838 iu
706 779 804 842 Beato
826 776 921 840 Petro
942 777 1104 856 pascendi,
1127 778 1257 858 rependi
1279 783 1309 839 et

1335 793 1337 896 p
1364 792 1415 839 sas
1436 777 1537 854 possit
1560 777 1647 839 inter
1668 778 1817 858 coniupes
1838 779 1924 841 tbori
1938 785 1970 840 et
1984 778 2110 844 collabi-

561 869 764 950 pubernandi
786 869 1001 933 universalem
1022 870 1186 934 ecclesiam
1208 889 1228 934 a
1248 869 1310 931 Do·
1335 906 1337 961 t
1367 872 1503 933 tationis
1528 873 1691 949 separatio
1711 874 1795 952 pieri,
1823 891 1886 936 non
1915 878 2021 936 tamen
2042 872 2111 935 illis

562 963 649 1024 mino
670 970 780 1024 nostro
795 965 864 1026 lesa
889 963 1017 1027 Christo
1031 967 1157 1043 plenam
1171 971 1309 1043 potesta·
1336 964 1338 977 ¹
1365 963 1459 1026 aliud
1481 965 1726 1028 matrimonium
1748 967 1939 1030 contrabere
1960 970 2011 1048 las
2034 985 2109 1029 esse.

564 1063 625 1119 ren
649 1057 808 1120 traditam
823 1075 898 1131 esse,
915 1059 1308 1136 quemadmodumetiam,
1335 1022 1338 1101 1
1367 1057 1443 1119 item
1472 1058 1664 1136 apostolicas
1692 1063 1723 1120 et
1745 1061 1978 1124 ecclesiasticas
2007 1061 2111 1125 tradi·

563 1156 601 1213 ut
623 1153 728 1214 eadem
749 1149 941 1215 Florentino
959 1151 1105 1230 Spnodus
1126 1152 1256 1224 asserit,
1274 1153 1308 1213 in

562 1245 659 1323 pestis
684 1244 964 1308 aecumenicornm
988 1246 1206 1310 conciliorum
1227 1251 1258 1307 et
1273 1248 1309 1306 in

562 1338 665 1399 sacris
681 1335 857 1400 canonibus
873 1340 1071 1402 continetur.
1098 1341 1176 1402 ltem
1192 1339 1309 1417 lopolia

562 1431 678 1492 ceteris
714 1431 923 1505 Testamenti,
951 1451 1007 1496 sen
1035 1434 1193 1498 Mosaicae
1222 1433 1309 1512 Lapis

563 1524 767 1596 ceremonias,
790 1541 885 1588 saera
906 1527 1068 1607 sacrificia
1084 1531 1114 1588 et
1129 1542 1308 1589 sacramen-

564 1623 610 1688 to,
624 1616 757 1680 Domino
769 1620 840 1682 Iesu
853 1618 983 1682 Cbristo
994 1621 1181 1684 adveniente
1196 1636 1309 1682 cessas·

563 1728 595 1771 se
614 1716 645 1772 et
659 1719 730 1789 post
744 1713 986 1792 promulpatnm
1009 1713 1220 1792 annpeiium
1241 1713 1310 1774 sirie

562 1815 690 1883 praecata
700 1805 861 1869 obseruari
876 1825 939 1870 non
949 1823 1050 1886 possm
1061 1806 1200 1869 eiusdem
1212 1807 1310 1868 etiam

564 1899 641 1979 lepis
662 1898 778 1961 ueteris
800 1897 945 1962 ciborum
972 1901 1166 1962 mundorum
1198 1906 1228 1962 et
1251 1899 1309 1962 im·

563 1993 757 2054 mundorum
779 1992 995 2072 differentiam
1017 1995 1058 2057 od
1083 1994 1309 2057 ceremonialia

562 2086 734 2164 pertinere,
753 2103 833 2162 qnae
846 2092 998 2166 surpente
1014 2087 1187 2167 Erranpello
1204 2093 1310 2149 trans·

564 2178 685 2240 ierunt.
714 2179 807 2241 Illam
838 2179 937 2242 etiam
956 2182 1181 2258 Apostolorum
1202 2179 1309 2257 probi-

563 2268 713 2332 bitionem
735 2270 774 2335 ab
797 2271 972 2336 immolatis
993 2272 1255 2345 simulacrorum,
1279 2280 1309 2334 et

562 2365 732 2443 san-puina,
754 2371 785 2426 et
811 2366 978 2445 suffocato,
1002 2367 1054 2428 illi
1084 2367 1217 2444 tempori
1239 2384 1311 2428 cou-

562 2458 698 2536 pruisse,
722 2463 761 2520 ut
785 2458 871 2520 inter
894 2461 1023 2522 iudaeos
1045 2467 1075 2521 et
1090 2459 1223 2540 pentiles
1246 2459 1310 2522 dis·

562 2551 718 2613 sensionis
740 2553 891 2614 materies
916 2553 1096 2625 tolleretur,
1120 2554 1215 2614 cuius
1236 2569 1309 2631 apo-

562 2645 932 2723 stolicaeprobibitionis
945 2665 1043 2710 causa
1059 2653 1201 2710 cessante
1211 2647 1309 2708 ctiam

563 2739 697 2800 cessauit
725 2738 866 2818 effectus.
892 2740 1024 2801 Pariter
1052 2757 1183 2802 ueneror
1204 2746 1234 2801 et
1256 2759 1311 2802 sn·

562 2832 661 2909 scipio
679 2831 900 2896 Tridentinam
914 2833 1087 2911 Spnodnm,
1100 2839 1131 2895 ct
1145 2835 1307 2913 profiteor,

563 2927 699 3003 atracia
721 2944 756 2990 aa
779 2927 910 3006 definita
932 2933 963 2988 et
984 2927 1149 2989 declarata
1170 2933 1260 2999 soant,
1278 2934 1308 2988 et

523 3031 530 3042 ·
562 3021 753 3097 praesertim
780 3021 888 3100 offerri
910 3019 971 3082 Deo
995 3021 1029 3081 in
1056 3021 1154 3085 Missa
1185 3037 1307 3092 rerunt,

562 3114 730 3192 propriam
756 3120 786 3176 et
807 3115 1075 3192 propitiatorium
1097 3115 1307 3194 sacrificium,

561 3223 620 3284 pro
641 3205 722 3268 ciuis
745 3214 776 3268 et
798 3208 1086 3289 defunctumque
1109 3209 1143 3269 in
1166 3207 1308 3270 Sanctis-

561 3300 641 3361 slmo
664 3299 896 3363 Eucbaristioe
921 3301 1137 3372 Sacramenta,
1156 3301 1254 3362 iuncto
1274 3301 1310 3380 fi-

562 3393 629 3454 dem
642 3411 722 3471 areae
735 3411 856 3472 semper
871 3395 906 3456 in
921 3393 1052 3457 ecclesia
1066 3393 1124 3456 Dei
1139 3394 1219 3475 troil,
1237 3413 1307 3456 con-

563 3485 663 3548 tineri
693 3504 774 3559 cere,
803 3488 947 3559 realiter,
981 3495 1011 3548 et
1042 3488 1309 3551 substantialiter

564 3580 685 3657 Carpos
701 3584 731 3643 el
749 3582 957 3661 Sanpuinern,
975 3599 1042 3644 una
1058 3598 1129 3642 cnon
1144 3583 1261 3646 Anima
1277 3587 1307 3643 et

562 3671 755 3746 Dirinltate,
770 3674 901 3736 Domini
916 3676 1020 3736 nostri
1035 3675 1106 3737 lesu
1124 3675 1258 3748 Cleristi,
1271 3695 1308 3739 ac

561 3767 694 3845 proinde
712 3773 817 3830 totum
835 3767 1013 3840 Cle-rislum,
1030 3769 1162 3850 fierique
1180 3787 1309 3831 conarer-

560 3860 679 3922 sionem
694 3863 796 3924 totius
806 3860 1010 3925 substantiae
1021 3863 1114 3940 panis
1126 3864 1162 3925 in
1173 3865 1305 3940 Corpus,

562 3959 592 4015 et
616 3955 717 4016 totius
738 3953 942 4018 snbstantias
956 3956 1026 4018 asini
1041 3955 1076 4018 in
1099 3955 1305 4036 Sanpuinem,

561 4064 656 4125 auom
671 4047 903 4110 conversionem
920 4048 1079 4112 calbolico
1095 4049 1238 4111 Ecclesia
1253 4065 1307 4127 ap-

563 4142 685 4203 tissime
707 4143 1071 4204 transubstantiationem
1100 4142 1253 4221 appellat,
1276 4148 1307 4204 et

562 4233 620 4296 sub
643 4251 836 4312 unaquoque
856 4237 958 4312 specie
981 4241 1011 4296 et
1032 4235 1172 4316 sinpulis
1199 4237 1309 4297 cnius-

562 4344 621 4406 que
640 4329 754 4406 speciei
782 4328 945 4406 partibus,
972 4329 1175 4406 separatione
1203 4332 1306 4409 sacta,

564 4427 667 4482 totum
692 4420 859 4482 Cbristum
885 4423 1055 4484 contineri.
1083 4423 1168 4498 Item·
1184 4422 1307 4500 Septem

563 4532 628 4576 esse
644 4532 741 4577 nooae
756 4515 834 4594 lepis
848 4522 1052 4577 sacramenta
1068 4533 1087 4577 a
1112 4514 1241 4578 Gbristo
1267 4514 1305 4575 D.

563 4607 679 4670 Nostro
695 4607 854 4669 instituta
869 4607 910 4670 od
922 4607 1061 4672 salutem
1073 4606 1209 4668 bumarri
1220 4624 1309 4686 pene-

562 4700 621 4771 ris,
639 4701 782 4776 ortanoois
804 4719 868 4762 non
889 4702 996 4763 onenia
1011 4700 1150 4779 sinpulis
1169 4718 1308 4764 necessa-

563 4793 1307 4872 ria,oidelicetBaptismum,confirmationem,

564 4887 826 4960 Eacbaristiam,
849 4887 1102 4958 Paenitentiam,
1131 4894 1308 4952 eatremam

567 4982 769 5053 linctionem,
803 4981 1015 5067 Ordinemtct
1045 4981 1307 5054 Matrimonium,

562 5076 683 5153 illaque
704 5075 847 5152 pratiam
869 5063 1024 5154 coreserre,
1041 5079 1072 5134 et
1094 5091 1133 5135 eac
1156 5074 1206 5136 bis
1228 5076 1309 5152 Bap-

565 5169 709 5240 tismum,
729 5168 1009 5247 confirmationem
1031 5174 1062 5229 ct
1080 5167 1229 5231 Ordinem
1252 5169 1311 5230 ite-

564 5262 635 5323 rari
657 5278 720 5322 nore
740 5277 838 5340 posse.
857 5263 937 5324 item
953 5261 1158 5339 Baptismnm
1180 5277 1244 5322 esse
1260 5279 1309 5322 ne-

564 5355 739 5416 cessarium
755 5355 795 5418 ad
810 5355 960 5426 salutem,
973 5372 1010 5417 ac
1024 5353 1169 5434 proinde,
1185 5353 1214 5414 si
1230 5370 1309 5414 neor-

566 5447 608 5509 tis
629 5448 810 5526 periculum
839 5448 1024 5520 immineat,
1055 5465 1128 5510 moro
1149 5448 1219 5510 sine
1241 5447 1310 5512 ulla

565 5541 723 5604 dilatione
745 5543 972 5622 conferendum
993 5559 1058 5604 esse
1073 5549 1140 5605 eta
1162 5559 1311 5620 quocum-

565 5650 623 5712 que
644 5641 674 5695 et
689 5637 951 5714 quandocumque
970 5635 1028 5699 sub
1045 5633 1151 5698 debito
1171 5635 1310 5698 materia

566 5733 596 5788 et
617 5730 720 5808 (ormo
743 5735 773 5790 ct
795 5729 974 5792 intentione
996 5729 1162 5801 collatum,
1181 5746 1244 5790 esse
1258 5747 1312 5792 oa·

566 5820 679 5882 lidum.
702 5823 781 5885 Item
797 5823 1002 5886 Sacramenti
1023 5823 1226 5888 Matrimonii
1241 5824 1310 5885 oin·

567 5914 678 5977 culum
693 5915 916 5979 indissolubile
931 5933 1007 5988 esse,
1024 5924 1066 5988 et,
1083 5914 1225 5994 quamuis
1238 5932 1311 5994 pro·

1336 1133 1338 1182 ¹
1367 1149 1467 1210 tiones
1497 1152 1717 1230 suscipiendas
1749 1169 1811 1214 csse
1843 1159 1873 1216 et
1902 1154 2110 1218 venerandas.

1365 1245 1650 1324 Indulpentiarurn
1665 1245 1763 1308 etiam
1777 1252 1966 1324 potestatem
1981 1264 2001 1309 a
2019 1246 2111 1310 atrr-

1365 1346 1413 1400 sto
1437 1337 1596 1402 Ecclesiae
1617 1339 1765 1401 relictam
1789 1340 2111 1419 suissuillarnmque

1366 1449 1461 1494 usum
1484 1431 1665 1494 christiano
1686 1432 1801 1511 populo
1824 1435 1965 1496 ntaaime
1985 1434 2112 1496 soluta·

1369 1542 1434 1586 rem
1456 1543 1529 1587 esse.
1554 1525 1688 1590 Pariter
1708 1543 1789 1604 puae
1809 1528 1845 1590 de
1866 1535 1992 1604 peccato
2014 1528 2114 1607 oripi-

1367 1619 1448 1691 noti,
1462 1619 1497 1680 de
1521 1619 1765 1698 iustificatione,
1779 1620 1814 1681 de
1825 1635 1992 1684 sacrorum
2014 1619 2111 1682 libro·

1366 1729 1451 1784 rum,
1476 1719 1542 1774 tam
1563 1712 1679 1774 ueteris
1701 1728 1795 1790 quam
1817 1714 1890 1775 nooi
1914 1713 2110 1785 testamenti,

1366 1805 1469 1867 indice
1490 1810 1521 1866 et
1537 1805 1806 1882 interpretatione
1822 1807 1857 1868 in
1871 1808 2024 1885 praelata
2044 1807 2112 1867 Tri-

1366 1897 1500 1961 dentino
1523 1898 1648 1976 Synodo
1669 1899 1801 1979 definita
1823 1907 1913 1970 sunt,
1926 1899 2067 1977 suscipio
2080 1908 2112 1963 et

1364 1993 1525 2072 profiteor.
1552 1991 1686 2054 Caetera
1708 1993 1785 2054 item
1804 1992 1945 2070 suscipio
1966 1999 1998 2054 et
2018 1995 2112 2073 profi-

1368 2090 1537 2163 teonqnae
1560 2085 1676 2162 recipit
1691 2091 1722 2147 et
1742 2085 1916 2164 profitetur
1939 2085 1969 2148 S.
1994 2085 2032 2147 R.
2058 2088 2110 2158 E,

1364 2177 1523 2256 simulque
1551 2179 1721 2240 contraria
1748 2180 1856 2240 omnia
1878 2185 1908 2240 et
1936 2178 2112 2242 scbismuto

1366 2277 1397 2332 et
1418 2271 1560 2334 baereses
1582 2269 1621 2334 ab
1643 2271 1749 2334 eadem
1766 2271 1908 2336 Ecclesia
1927 2272 2111 2344 damnatas,

1366 2365 1499 2426 reiectas
1522 2374 1551 2427 et
1574 2364 1887 2436 anattenettzmas,
1910 2382 1963 2444 epo
1985 2367 2113 2443 pariter

1367 2459 1492 2528 damno,
1517 2457 1629 2520 reiicio
1644 2463 1675 2520 et
1700 2459 1953 2521 anatbcmotira.
1978 2461 2113 2538 Insuper

1367 2551 1507 2614 Romano
1536 2552 1687 2632 Pontifici
1714 2551 1808 2614 Beati
1830 2552 1921 2613 Petri
1948 2551 2112 2630 Principis

1367 2645 1588 2722 Apostolorum
1614 2646 1802 2716 successori,
1830 2649 1861 2706 et
1890 2646 1960 2707 lesu
1988 2645 2113 2708 Cleristi

1369 2738 1494 2800 l'icario
1520 2755 1627 2800 reram
1653 2735 1864 2801 obedientiam
1891 2739 2046 2815 spondeo,
2075 2756 2113 2801 aa

1366 2831 1450 2892 iuro.
1474 2832 1563 2894 Mane
1577 2832 1668 2910 fidem
1683 2831 1861 2894 catbolicae
1877 2830 2046 2902 Ecclesiae,
2059 2848 2111 2894 en-

1367 2930 1418 2987 tra
1442 2941 1538 3002 auam
1560 2943 1649 2987 nemo
1670 2925 1780 2987 solans
1802 2941 1865 2986 esse
1879 2929 1994 3002 potest,
2017 2942 2112 3002 qnam

1366 3021 1401 3081 in
1420 3020 1583 3098 praesenti
1604 3025 1716 3096 sponte
1735 3019 1886 3099 profiteor
1902 3024 1931 3080 et
1953 3019 2112 3080 ueraciter

1366 3119 1472 3184 teneo,
1504 3112 1643 3174 euntdem
1672 3113 1833 3192 intepram
1863 3117 1894 3172 et
1919 3110 2112 3174 inmolatam

1365 3207 1526 3284 usquead
1548 3210 1728 3267 eatremum
1749 3205 1836 3267 uitae
1863 3204 2019 3283 spiritum
2042 3221 2112 3265 con·

1364 3300 1579 3371 stantlssima
1603 3297 1664 3359 ileo
1686 3299 1873 3370 adiuuante,
1901 3297 2112 3368 retinerent

1364 3393 1521 3472 confiteri,
1545 3397 1642 3468 atauo
1656 3410 1675 3454 a
1691 3392 1767 3451 oeteis
1789 3389 1942 3462 subditis,
1959 3389 2007 3450 rel
2029 3389 2109 3461 illis,

1364 3501 1500 3564 auorum
1523 3502 1604 3547 curu
1625 3485 1667 3548 ad
1688 3501 1736 3545 mc
1758 3484 1793 3546 in
1813 3501 1879 3546 meo
1894 3500 2026 3546 mernere
2045 3500 2111 3561 spa-

1365 3576 1479 3650 ctobit,
1504 3579 1618 3650 terreri,
1632 3577 1738 3640 doceri
1752 3583 1782 3638 et
1793 3576 1989 3656 praedicari,
2012 3593 2112 3654 quarr-

1366 3679 1435 3732 tum
1458 3673 1493 3733 in
1522 3689 1569 3732 me
1595 3672 1675 3743 erit,
1703 3679 1916 3742 curaturum,
1944 3687 1996 3750 epo
2028 3669 2111 3732 idem

1365 3765 1474 3829 Simon
1497 3765 1638 3836 Electus,
1655 3765 1744 3826 modo
1759 3783 1818 3842 quo
1833 3781 1945 3844 supra,
1962 3763 2108 3842 spondeo,

1364 3877 1455 3920 oooeo
1471 3864 1501 3920 ct
1517 3859 1601 3930 iuro,
1618 3859 1665 3919 sia
1679 3876 1728 3920 nac
1743 3858 1827 3921 Deus
1843 3859 1975 3922 adiuuet
1990 3863 2020 3919 ct
2037 3857 2113 3920 baca

1366 3951 1485 4016 Sancta
1508 3953 1567 4015 Dei
1589 3953 1774 4032 annpelia.

2143 545 2195 596 An.
2209 547 2239 599 (i.
2257 547 2318 602 1743

1403 4049 1472 4123 §a
1496 4049 1607 4110 Forma
1630 4063 1703 4109 vero
1726 4046 1904 4121 iuramenti,
1920 4046 2002 4125 qaod
2024 4062 2111 4124 prae·
2142 4061 2260 4108 seimus
2274 4063 2334 4106 turs-

1366 4234 1557 4297 triarcbalis
1579 4233 1727 4296 ecclesiae
1741 4233 1951 4296 ontiocbcnae
1966 4234 2110 4296 nationis

1365 4329 1618 4399 Maronitarum,
1634 4325 1671 4390 ab
1683 4327 1832 4391 bacbora
1845 4329 1879 4388 in
1895 4335 1991 4390 antea
2007 4327 2110 4407 fidelis

1365 4430 1394 4484 et
1417 4421 1560 4484 obediens
1581 4423 1686 4484 eroli.
1704 4421 1799 4483 Petro
1822 4423 2019 4499 sanctaeque
2033 4425 2110 4499 Apo·

1364 4515 1496 4580 stolicae
1517 4515 1677 4578 Romanae
1696 4513 1881 4585 Ecclesiae,
1911 4533 1949 4578 ac
1977 4516 2111 4577 Domino

1366 4611 1481 4672 Nostro
1497 4608 1668 4672 Benedicta
1679 4610 1786 4686 Papae
1798 4609 1891 4681 XIV„
1903 4609 2113 4686 suisquesuc-

1365 4701 1540 4766 cessoribns
1562 4703 1713 4765 consortiae
1728 4701 1953 4776 aletramnus,-
1975 4720 2038 4764 non
2059 4719 2111 4763 ero

1366 4795 1571 4868 incausalia,
1599 4801 1660 4858 ant
1687 4813 1857 4868 consensu,
1880 4796 1927 4858 aa
1949 4798 2049 4876 lacto,
2073 4800 2112 4857 ut

1365 4891 1467 4953 uitam
1495 4890 1649 4968 perdant,
1677 4895 1738 4951 aut
1764 4889 1955 4960 membrum,
1977 4905 2033 4951 seu
2061 4905 2112 4950 ca·

1364 4984 1503 5063 piantur
1518 4982 1605 5045 molo
1621 4983 1777 5060 captione,
1794 4987 1854 5044 aut
1871 4982 1905 5044 in
1926 4999 1974 5044 eos
1995 4981 2112 5043 uiolen-

1368 5085 1416 5138 ter
1437 5093 1553 5139 marsus
1575 5073 1804 5154 quomodolibet
1829 5073 2035 5153 inperantur,
2056 5091 2112 5136 sen

1368 5170 1512 5232 iniuriae
1533 5169 1662 5247 aliquae
1677 5169 1880 5249 inserantur,
1897 5169 2005 5246 quovis
2020 5184 2111 5245 quae·

1365 5263 1430 5323 sito
1461 5262 1579 5323 colore.-
1609 5262 1781 5324 consilium
1810 5278 1893 5334 aero,
1923 5262 2006 5339 quod
2031 5259 2112 5322 mibi

1367 5355 1528 5416 credituri
1549 5361 1628 5417 sunt
1654 5371 1709 5433 per
1730 5372 1777 5426 se,
1801 5361 1861 5417 aut
1888 5356 2034 5426 nuntios,
2056 5371 2112 5416 seu

1368 5447 1493 5520 literas,
1517 5448 1558 5510 ad
1585 5464 1693 5509 corum
1720 5447 1885 5519 domorum,
1912 5464 1960 5508 rae
1980 5447 2111 5518 sciente,

1367 5541 1488 5604 nentini
1508 5541 1665 5619 pandam:
1688 5541 1850 5618 Papotunt
1881 5540 2061 5603 Romanum
2082 5547 2112 5602 et

1366 5634 1502 5715 Eraclia
1524 5633 1638 5698 Sancti
1660 5633 1752 5694 Petri
1774 5632 1910 5696 adiutor
1930 5633 1975 5694 eis
1999 5650 2050 5694 ero
2072 5633 2113 5696 ad

1367 5729 1598 5810 defendendum
1627 5733 1657 5788 et
1684 5727 1888 5808 retinendum
1916 5730 2030 5789 contra
2052 5743 2114 5789 om-

1368 5837 1437 5884 nem
1453 5821 1627 5883 bomimm:
1644 5822 1798 5899 leuatum
1813 5818 2013 5898 Apostolicoe
2025 5819 2113 5882 Sedis

1368 5916 1403 5977 in
1424 5916 1527 5978 orendo
1549 5919 1579 5976 et
1602 5913 1760 5976 redeundo
1782 5913 1952 5994 bonorifice
1968 5913 2113 5978 tractabo

1363 4141 1467 4216 stabiS,
1490 4142 1565 4202 haec
1585 4149 1649 4202 est:
1681 4142 1744 4220 Epo
1767 4140 1888 4210 Simon,
1916 4139 2033 4201 electus
2054 4155 2111 4217 pa·
2128 4117 2209 4216 {2¹3⁰ss
2232 4117 2333 4163 fldem·
