4828 6990
934 574 1130 628 nnunntcrns
1152 573 1216 626 xla.
1768 549 1825 622 att
1876 553 1930 613 Ana.
1944 561 1975 614 c.
1997 551 2067 614 1248

301 704 373 766 dam
393 702 547 766 decernit:
570 700 651 780 qnod
667 700 774 764 eadem
785 699 911 763 llissalis
925 700 1045 763 rubrica
1102 698 1196 760 inre
1225 696 1346 760 lntnros
1377 696 1472 760 etiam
1501 695 1655 761 Romanos
1684 698 1847 761 Pontifices

302 798 519 862 confirmatur:
553 796 729 874 Episcopus
755 799 864 856 notent
890 798 938 855 ter
959 791 1046 855 bena-
1102 805 1291 870 magnopere
1310 792 1483 866 hortamur,
1507 800 1542 852 ut
1564 790 1646 852 idem
1666 789 1847 870 exemplum

303 891 384 954 dicit
406 889 520 968 popoto
542 890 640 950 etiarn
655 891 697 949 in
713 887 822 952 Missis
842 885 991 965 privetis,
1007 890 1048 946 ut
1103 892 1283 963 sequantur.
1307 884 1465 946 Postremo
1488 883 1544 945 tibi
1573 889 1604 945 et
1627 885 1773 946 universo
1796 893 1848 946 tno

303 985 339 1046 in
362 981 597 1046 Coeranonioli
620 980 767 1045 babetur.
798 980 956 1043 Postremo
979 978 1047 1041 Ale·
1102 977 1208 1042 Ordini
1236 977 1486 1042 benedictionem
1514 976 1710 1056 apostolicam
1735 977 1847 1056 imper-

302 1078 420 1140 xander
441 1075 526 1151 Vll,
549 1077 683 1150 decreto,
696 1076 777 1153 qnod
800 1074 850 1136 die
864 1089 964 1134 xuvrr.
982 1087 1048 1150 sep-
1104 1072 1211 1134 timnr.

304 1167 435 1233 lambris
457 1183 589 1233 uocatu.
613 1169 720 1243 edidit,
738 1176 877 1248 tempora
897 1165 1048 1229 indicitac
1144 1167 1255 1227 Datum
1279 1165 1410 1240 Romae,
1439 1166 1519 1244 apud
1544 1164 1575 1228 S.
1604 1165 1729 1228 llariam
1759 1165 1850 1230 bloio-

302 1270 454 1344 recenset,
470 1264 583 1344 quibus
602 1263 723 1325 abbates
745 1279 802 1326 nsn
823 1259 1048 1342 pontificalium
1104 1274 1184 1333 rem,
1200 1258 1258 1320 snb
1272 1257 1388 1321 annulo
1404 1258 1576 1334 Piscatoris,
1592 1257 1641 1320 die
1657 1275 1724 1320 xlx.
1746 1260 1851 1321 martii

302 1358 445 1439 praediti,
466 1359 530 1420 ritu
550 1357 683 1420 solemni
704 1355 912 1430 celebrantes,
934 1354 1048 1416 trinam
1105 1367 1317 1428 nocentum,
1341 1352 1540 1432 pontificatus
1562 1351 1659 1416 nostri
1681 1367 1763 1414 anno
1780 1368 1848 1415 vrrr.

302 1453 553 1516 benedictionem
570 1451 730 1530 impertire
746 1457 888 1529 pessunt:
902 1447 984 1527 qnod
998 1447 1050 1507 iis·

302 1547 376 1610 dem
396 1547 521 1626 penitus
552 1541 768 1620 interdicitur,
790 1559 861 1607 cnm
883 1557 951 1604 rem
972 1539 1051 1602 diri·
1362 1555 1601 1588 ···÷-··—·

304 1657 378 1704 nam
409 1637 555 1720 privatim
587 1637 773 1714 conficiunt3
804 1636 885 1716 qnod
914 1634 1049 1713 nosipsi

302 1734 510 1798 indicarimus
530 1737 643 1793 nestro
664 1727 879 1793 lrrstitottone
901 1731 952 1802 14,
976 1730 994 1804 5
1013 1727 1048 1798 4,
1245 1735 1248 1741 ·
1411 1735 1544 1800 xqvnq,

303 1843 394 1890 raum.
420 1827 471 1900 19,
491 1833 565 1888 torn.
581 1825 613 1898 2,
638 1825 663 1886 si
685 1819 891 1887 Bononiensis
907 1824 1050 1886 editionis

302 1923 383 1984 ratio
416 1921 582 1996 habeatnr,
613 1935 691 1998 qnae
725 1925 846 1999 peracta
877 1918 935 1980 luit
966 1934 1050 1980 nnnc
1107 1918 1853 2000 Declorntspnodoloonpropositionemetcum·

304 2031 507 2089 noccxxnv,
533 2015 583 2076 sin
605 2021 710 2076 antem
734 2013 860 2076 easdem
880 2011 1051 2074 lustitntio-
1145 2013 1380 2077 mandationem
1419 2031 1476 2094 pro
1514 2034 1592 2078 noco
1628 2019 1849 2096 Metropolitn,

305 2126 362 2172 nes
384 2112 417 2172 iu
439 2109 567 2171 latinam
588 2107 728 2184 lingnam
749 2121 924 2178 conversas,
939 2113 971 2167 et
993 2106 1052 2167 llo·
1146 2121 1241 2183 quom
1268 2107 1419 2185 Episcopi
1447 2109 1590 2172 Rntteni
1612 2112 1680 2191 rupi
1702 2112 1854 2176 Potonioe

304 2219 375 2265 mae
388 2205 552 2281 impressas
567 2216 651 2264 nono
663 2213 849 2262 unccxnvn.
867 2201 936 2277 quis
958 2199 1053 2277 inspi·
1146 2201 1252 2279 fucere
1272 2201 1388 2273 solent,
1405 2218 1506 2281 regern
1522 2219 1585 2264 non
1601 2202 1798 2285 obstrinqere
1812 2205 1854 2270 nd

304 2297 376 2371 ciat,
393 2296 473 2358 idem
496 2310 619 2373 prorsus
641 2294 852 2371 deprehendet
866 2291 1053 2355 Institutio·
1145 2307 1251 2371 preces
1272 2308 1329 2370 pro
1351 2293 1407 2356 illo
1433 2312 1498 2357 nuo
1521 2301 1652 2358 tontum
1678 2297 1856 2361 instituen-

305 2407 345 2452 ne
364 2390 417 2462 34,
442 2391 461 2465 ᾗ
480 2390 504 2447 4
523 2387 560 2450 in
573 2387 717 2466 finepoq.
736 2385 812 2448 147.
829 2387 974 2463 Quocirca
988 2399 1052 2447 uon
1148 2385 1185 2447 do
1208 2385 1279 2448 Sodi
1301 2387 1500 2464 apostoncae
1522 2389 1708 2471 deferendos
1729 2390 1784 2470 (l).

304 2484 375 2546 sine
395 2481 492 2544 animi
520 2482 619 2544 nostri
639 2481 798 2560 voluptate
828 2479 989 2559 epistelam
1012 2479 1053 2546 le-
1481 2510 1485 2521 ι

307 2577 411 2654 gimns
430 2576 617 2654 encyclicam
639 2575 736 2638 Patris
756 2573 915 2638 Generalis
936 2572 1054 2636 Coeno-
1278 2556 1524 2627 BENEDlGTUS
1542 2560 1601 2628 ΡΡ.
1616 2561 1685 2629 xttt.

307 2670 444 2732 bilarnm
464 2668 587 2733 Ordinis
599 2669 809 2731 Eremitarnm
823 2667 927 2732 Sancti
949 2669 1053 2742 nugo·
1248 2681 1285 2748 ag
1306 2681 1438 2749 putum„
1460 2682 1503 2750 „ej
1533 2685 1712 2752 mmmm·

307 2763 400 2839 stlni,
428 2763 542 2841 quibus
563 2763 596 2823 in
617 2761 732 2824 nostris
761 2761 935 2841 apostolicis
956 2759 1054 2822 literis

309 2865 443 2936 potestas
463 2856 539 2918 lacta
561 2863 606 2918 est
632 2855 723 2918 dandi
746 2849 891 2918 incertis
917 2854 990 2916 anni
1011 2853 1054 2915 le·
1150 2855 1195 2920 Ad
1216 2858 1350 2935 dissidia,
1373 2861 1398 2922 si
1419 2879 1478 2941 qna
1500 2862 1533 2923 in
1564 2869 1724 2941 posterum
1757 2878 1857 2926 emer·
1904 2873 2048 2922 prorutum.

308 2949 497 3012 stirilatibns
520 2947 710 3028 pontificiam
738 2941 999 3022 benedictionem,
1021 2945 1054 3006 in
1110 2967 1184 3030 gere
1213 2962 1349 3032 possent,
1380 2963 1556 3034 opportune
1581 2959 1803 3035 praecavenda,
1826 2966 1856 3020 et

310 3059 369 3123 (1¹1³
382 3040 508 3105 eosdem
522 3043 680 3117 ldmfflleb
696 3049 731 3102 ut
745 3040 858 3120 populo
873 3040 1055 3104 benedicant
1110 3047 1146 3109 ad
1167 3047 1282 3122 omnia,
1305 3049 1413 3126 procul
1444 3051 1613 3113 amandatis
1634 3051 1772 3128 partium
1793 3059 1857 3114 stn-

311 3136 403 3199 nnico
420 3136 510 3212 signo
527 3134 646 3210 Crucis,
660 3151 748 3198 more
760 3134 956 3198 sacerdotali:
973 3134 1054 3213 qnod
1110 3139 1179 3216 diis,
1195 3141 1256 3202 rite
1269 3148 1437 3220 sancteque
1458 3143 1681 3223 componenda,
1697 3161 1857 3224 supremas

310 3231 411 3310 ipsum
432 3229 459 3291 si
479 3229 517 3290 ab
536 3227 602 3290 aliis
623 3229 717 3290 etlam
738 3226 851 3291 lactum
873 3237 964 3304 esset,
981 3244 1056 3307 qne·
1110 3233 1291 3312 apostolicae
1311 3240 1434 3297 nostrae
1455 3237 1669 3314 providentiae
1696 3239 1858 3301 anctorita-

21 3310 32 3383 Ι
311 3325 393 3387 relae
412 3325 449 3387 ad
470 3338 526 3385 uos
547 3322 662 3385 delatae
684 3337 747 3385 nnn
769 3321 899 3385 luissent
914 3317 952 3384 de
967 3337 1057 3384 nsnr-
1112 3328 1210 3407 risque
1231 3335 1333 3408 partes
1354 3328 1489 3391 libenter
1509 3329 1711 3408 conterimus,
1734 3340 1770 3394 nt
1791 3332 1857 3394 nbi·

311 3421 387 3502 pacis
407 3417 576 3482 bonoribus
597 3415 828 3494 episcopalibus.
1111 3437 1171 3504 qne
1193 3421 1347 3498 gentium,
1370 3421 1485 3484 institia
1506 3429 1538 3483 et
1553 3440 1625 3503 pace
1638 3439 1704 3487 sese
1720 3423 1857 3488 invicem

111 3517 293 3580 cooperturae
352 3513 413 3578 llac
434 3511 538 3590 itaque
558 3509 684 3588 epistola
705 3509 858 3587 encyclica
879 3509 976 3572 ritum
997 3516 1056 3571 sta·
1110 3515 1330 3590 osculantibus,
1353 3515 1500 3578 oatbolica
1521 3517 1641 3579 lideset
1657 3518 1858 3581 ecclesiastica

24 3386 31 3449 l

20 3515 28 3644 ι
100 3569 293 3672 ἓιῖἷᾞῗῖῗιιῖῗῇ
313 3609 432 3673 tnimns
452 3623 486 3668 ac
507 3604 707 3679 declaramus,
728 3621 791 3682 quo
812 3604 985 3668 benedictio
1005 3620 1056 3682 pa·
1110 3607 1271 3687 disciplina
1292 3599 1395 3686 magis
1411 3610 1570 3689 magisque
1585 3611 1812 3675 confirmentur
1826 3619 1860 3675 et

22 3727 31 3834 p
312 3703 387 3783 palis
408 3701 442 3763 in
463 3707 623 3779 posterum
651 3698 822 3774 tribuetur,
845 3709 980 3775 eumque
1001 3713 1055 3760 no·
1110 3711 1293 3778 augeantur.

315 3807 382 3861 tnrn
401 3795 531 3858 iacimus
558 3791 710 3855 Ordiunm
741 3791 941 3868 llegnlarinm
969 3808 1056 3871 prae·
1149 3795 1302 3869 Quoniam
1322 3803 1438 3871 antem,
1455 3797 1783 3875 venerantissimum,
1796 3799 1860 3863 Αῃ.
1923 3820 2019 3867 ΜΟ
2039 3831 2090 3868 me

311 3889 440 3965 sinibus,
456 3895 491 3950 nt
505 3887 608 3965 ipsum
624 3883 818 3962 regularibus
839 3884 895 3946 sibi
910 3885 1056 3948 subiectis
1112 3889 1223 3951 tistites
1254 3888 1381 3950 rutheni
1403 3889 1434 3951 in
1463 3890 1686 3953 florentissimo
1715 3892 1859 3956 Poloniae
1876 3872 2091 3974 {ffiffflssnlwg

312 3979 542 4046 obseruandum
567 3978 715 4040 indicent.
746 3977 898 4056 Equidem
924 3977 1057 4040 alexan·
1111 3997 1221 4060 regno,
1243 3983 1322 4044 sient
1343 3983 1528 4061 accepimns,
1556 3985 1588 4047 in
1612 4001 1646 4046 ea
1668 3987 1857 4063 possessione
1878 3992 1929 4026 ¹¹⁰⁰
1946 3985 1985 4029 θεῖ
1994 3981 2042 4028 ¹1¹⁸!
2054 3981 2090 4026 1¹¹·

312 4077 368 4140 der
387 4073 450 4138 vll.
475 4074 687 4154 praedecessor
712 4081 817 4134 noster
842 4087 933 4134 nsum
955 4072 1059 4152 ponti·
1111 4076 1323 4154 reperiuntur,
1346 4085 1381 4138 nt
1402 4084 1470 4156 post
1501 4077 1746 4158 uniuscuiusque
1778 4079 1858 4142 eins·
1876 4035 2090 4152 ἕῗῖιᾞῗῑοβὲῗὲἶ

313 4169 448 4232 ficulinm
478 4166 654 4242 abbatibus,
690 4165 802 4244 qnibns
831 4165 863 4228 id
892 4165 1056 4244 privilegio
1111 4167 1282 4231 demultus
1304 4169 1533 4247 metropolitani
1558 4171 1679 4234 obitum
1702 4173 1735 4234 in
1756 4188 1858 4236 unum
1877 4141 2091 4260 ᾗῗιῆῃρξιὲζῗῐὲῗξῑ

312 4262 472 4337 convenit,
495 4266 634 4323 accurate
656 4259 877 4338 praescribens,
894 4260 1056 4323 ordinariis
1111 4263 1310 4336 conveniant,
1334 4269 1376 4338 et,
1399 4262 1519 4324 meritis
1546 4269 1577 4325 el
1604 4265 1775 4328 virtutibus
1796 4265 1858 4328 sin·
1877 4249 2091 4350 {fflffiffigss’

313 4356 454 4432 locorum
479 4352 657 4416 laenitatem
684 4351 843 4428 concedit,
867 4358 913 4429 nt,
935 4351 1057 4432 siquid
1112 4356 1259 4434 gnlornm
1280 4356 1506 4418 accuratissime
1520 4357 1676 4435 expensis,
1692 4374 1792 4422 nnnm
1807 4375 1858 4421 eo-

312 4449 505 4514 contrarium
519 4447 640 4509 abbates
654 4447 893 4523 commisissent,
909 4447 966 4526 ipsi
981 4455 1058 4510 tam·
1111 4466 1195 4526 rnm,
1217 4465 1312 4529 quem
1340 4449 1376 4512 ad
1398 4449 1535 4512 defuncti
1562 4449 1791 4531 Metropolitani
1812 4453 1859 4514 ri-

313 4559 407 4625 qnam
428 4543 515 4608 Sedis
542 4541 734 4622 apostolicae
753 4541 892 4619 Delegati
919 4555 987 4604 rem
1009 4559 1058 4605 co-
1112 4558 1160 4606 ces
1182 4543 1338 4616 obeundas
1368 4544 1466 4621 magis
1497 4541 1645 4606 idoneum
1672 4547 1704 4606 in
1726 4545 1857 4608 Domino

314 4645 501 4716 gnoscerent
522 4643 552 4698 et
573 4635 712 4698 censuris
738 4635 843 4711 etiam,
866 4637 891 4698 si
912 4647 988 4716 opus
1012 4653 1057 4698 es·
1112 4635 1372 4712 existimaverint,
1404 4636 1656 4716 proponendum,
1685 4646 1717 4700 et
1744 4637 1859 4702 illustri

314 4740 371 4808 set,
393 4746 521 4794 omnem
541 4729 740 4791 insolentiam
761 4737 1004 4807 compescerent.
1018 4733 1058 4793 At
1112 4729 1256 4792 Poloniae
1275 4729 1342 4806 regi
1364 4743 1420 4808 pro
1449 4737 1590 4809 tempore
1610 4731 1756 4794 existenti
1778 4733 1861 4795 com·

314 4841 370 4888 nos
405 4823 495 4886 aliam
526 4823 610 4885 riam
640 4822 867 4902 suscipiendam
897 4823 1056 4899 ducimus,
1112 4820 1324 4886 mandandum
1353 4829 1505 4886 statuant:
1539 4823 1613 4887 binc
1633 4834 1679 4887 est
1700 4826 1782 4904 qnod
1804 4842 1861 4887 nos

314 4917 549 5000 praecipientes,
572 4923 607 4978 nt
628 4916 665 4978 de
686 4915 747 4976 illis
768 4914 980 4994 regularibus,
1004 4919 1058 4996 qni
1112 4915 1293 4980 anctoritate
1324 4916 1487 4996 apostolica
1514 4925 1623 4980 tenore
1648 4919 1860 4997 praesentium

314 5011 538 5094 praescriptum
558 5027 574 5070 a
602 5009 690 5072 nobis
714 5019 803 5072 antea
834 5007 1058 5074 benedictionis
1113 5011 1315 5086 declaramus
1338 5010 1516 5074 laniusmodi
1537 5011 1722 5076 electionem
1749 5013 1860 5076 Metro-

314 5106 411 5168 ritnm
433 5103 631 5178 violaverint,
653 5119 710 5165 nos
729 5104 834 5167 statim
855 5105 1002 5167 certiores
1016 5105 1059 5168 el·
1113 5104 1242 5184 politani
1263 5105 1300 5166 ab
1321 5104 1393 5182 ipsis
1414 5105 1557 5168 ruthenis
1571 5105 1770 5169 Antistitibns
1792 5107 1861 5169 lieri

316 5199 433 5262 liniant:
458 5205 532 5260 tnnc
546 5197 747 5275 euimneqne
764 5196 902 5262 intensos
922 5199 1058 5262 invicem
1113 5197 1235 5260 solitam
1256 5213 1324 5259 esse
1343 5213 1454 5277 puram
1482 5199 1698 5279 sinceramque
1724 5199 1861 5279 proposi·

316 5293 479 5373 Episcopus
500 5301 532 5354 et
553 5290 711 5368 regulares
731 5292 909 5366 reddemus,
929 5309 986 5355 nec
1007 5309 1059 5372 pc·
1114 5293 1232 5353 tionem
1253 5291 1355 5354 eidem
1383 5291 1526 5355 Poloniae
1557 5293 1623 5370 regi
1644 5309 1699 5371 pro
1722 5301 1861 5371 tempore

316 5386 397 5468 pulis
418 5385 604 5449 benenatum
631 5383 746 5463 papalis
766 5384 989 5448 benedictionis
1008 5389 1060 5452 de·
1114 5385 1260 5448 existenti
1282 5384 1450 5449 taciendam
1465 5387 1502 5448 de
1517 5401 1565 5462 eo,
1581 5401 1675 5465 quem
1689 5385 1785 5450 iidem
1798 5386 1861 5450 Am

317 5479 517 5557 negabimns3
539 5480 593 5542 sed
614 5477 791 5540 lacultatem
806 5478 946 5542 eiusdem
966 5480 1060 5543 bene-
1114 5479 1228 5541 tistites
1249 5477 1397 5556 eligentes
1418 5479 1593 5556 digniorem
1615 5486 1779 5558 reputant3
1804 5496 1861 5543 nec

317 5573 458 5637 dictionis
492 5569 675 5635 tribuendae
705 5587 813 5648 parere
848 5573 1060 5636 recusantibus
1114 5579 1275 5650 propterea
1296 5573 1455 5634 laudatum
1476 5571 1604 5650 quidem
1624 5587 1732 5650 regem
1753 5572 1863 5635 itaob-

317 5664 510 5741 celeremue,
533 5667 674 5728 eamdem
705 5664 875 5742 largiemur
898 5665 983 5741 aliis,
1006 5667 1058 5744 qni
1114 5665 1238 5742 stringi,
1261 5672 1297 5728 ut
1316 5665 1469 5744 supplices
1500 5681 1556 5745 pro
1588 5665 1642 5728 illo
1673 5682 1737 5728 nno
1758 5667 1861 5743 regiae

318 5759 396 5824 iussa
418 5767 527 5826 nostra,
543 5758 643 5821 lacere
661 5773 722 5822 non
744 5758 975 5822 detrectabunt:
999 5775 1059 5838 qna
1115 5759 1266 5821 maiestati
1287 5760 1442 5838 proposito
1467 5760 1627 5823 dumtaxat
1653 5775 1761 5840 preces
1781 5759 1862 5826 deie-

359 5979 388 6037 (t)
404 5979 441 6025 lix
454 5983 516 6036 App.
531 5977 598 6024 Bull.
614 5979 686 6023 Pont.
701 5975 733 6023 de
747 5978 820 6034 Prop.
836 5974 899 6022 niue
912 5974 962 6022 vol.
977 5977 1017 6032 11,
1031 5985 1089 6033 pag.
1105 5975 1152 6032 135,
1166 5973 1225 6022 coll.
1240 5977 1287 6022 etc.
