4732 7014
882 661 1079 708 annumeres
1100 659 1166 708 xlv.

253 784 333 846 iuxta
355 783 498 846 ordinem
521 784 553 846 in
575 797 689 862 gvrurn
710 799 765 846 seu
792 789 924 846 turnum
945 784 994 845 de-

254 877 391 953 liniatur3
415 877 441 938 si
462 885 565 940 autem
581 895 669 939 causa
684 877 832 938 universo
848 875 994 938 tribunali

252 969 410 1034 commissa
436 971 549 1046 luerit,
573 971 610 1034 ab
630 971 776 1034 omnibus
805 969 995 1033 auditoribus

252 1081 357 1126 rursus
378 1065 620 1140 examinabitur,
637 1065 782 1127 nolentes
803 1064 943 1138 omnino,
960 1069 995 1126 ut

252 1158 336 1221 nullo
358 1157 391 1222 in
413 1175 484 1222 amu
505 1160 699 1221 matrimonii
721 1159 883 1222 vinculum
902 1157 995 1220 disso-

251 1253 352 1314 lutum
373 1261 548 1327 censeatur,
572 1253 630 1314 nisi
653 1252 714 1314 duo
736 1253 865 1314 iudicata
881 1251 932 1312 vel
948 1268 995 1313 re-

251 1344 421 1407 solutiones
450 1353 503 1407 aut
529 1346 700 1407 sententias
728 1345 850 1424 penitus
878 1345 994 1407 similes

251 1447 279 1500 et
299 1437 487 1513 conformes,
508 1455 523 1498 a
545 1439 658 1516 quibus
673 1453 774 1516 neque
796 1454 995 1516 persaeque

251 1530 394 1592 defensor
424 1531 616 1593 matrimonii
649 1531 813 1593 crediderit
841 1531 994 1609 appellan-

251 1624 341 1698 dum,
371 1625 581 1699 emanaverit3
608 1623 735 1703 quodsi
764 1641 851 1686 secus
878 1625 993 1686 iactum

251 1716 362 1791 luerit,
389 1725 420 1779 et
447 1732 565 1779 navum
596 1717 710 1779 initum
739 1718 992 1792 matrimonium,

251 1818 372 1872 nostrae
393 1810 564 1873 voluntatis
590 1809 768 1872 huiusmodi
791 1819 994 1887 transgresso-

250 1920 297 1966 res
318 1903 426 1982 poenis
448 1902 574 1965 anobis
599 1909 633 1964 ut
659 1919 751 1982 supra
781 1903 903 1965 statutis
924 1903 995 1965 sarb-

251 1995 423 2058 mittantur.

191 2137 197 2150 .
289 2089 378 2162 §tta
409 2088 449 2150 Et
480 2089 627 2167 quoniam
654 2104 744 2167 saepe
772 2089 850 2166 apud
883 2087 994 2152 Sedem

250 2181 456 2260 apostolicam
476 2197 581 2260 preces
599 2183 717 2260 porrigi
738 2181 839 2244 solent
860 2197 914 2259 pro
936 2181 994 2242 dis-

250 2275 430 2353 pensatione
457 2275 649 2336 matrimonii
678 2274 752 2348 rati,
776 2283 807 2335 et
833 2289 897 2335 non
922 2289 995 2336 con·

250 2368 406 2439 summati,
429 2383 508 2444 quae
525 2367 743 2446 utplurimum
765 2383 820 2446 pro
835 2375 908 2428 voto
923 2383 996 2428 con·

250 2460 363 2521 sultivo
384 2459 420 2520 ad
444 2461 726 2537 congregationem
749 2460 778 2523 S.
802 2459 837 2522 R.
863 2461 896 2522 E.
922 2461 994 2524 Gar·

250 2552 399 2615 dinalium
411 2553 541 2616 Concilii
554 2554 773 2631 interpretum,
786 2554 835 2615 vel
849 2570 994 2616 nonnun-

250 2661 340 2724 quam
356 2645 392 2707 ad
407 2646 541 2725 aliquam
564 2647 840 2724 congregationem
862 2648 995 2726 particu-

250 2740 346 2802 larem
377 2739 592 2820 deputatama
621 2740 767 2802 Romanis
795 2740 995 2803 Pontificibus

250 2847 304 2911 pro
330 2839 470 2911 tempore
491 2833 610 2894 remitti
632 2833 744 2908 solent,
760 2841 795 2895 ut
817 2831 995 2897 huiusmodi

251 2927 415 2988 instantiae
436 2927 545 2989 ordine
567 2943 600 2987 ac
621 2926 681 2988 rite
706 2919 883 3005 procedant,
907 2927 994 2989 volu-

250 3035 318 3082 mus
340 3037 374 3082 ac
395 3019 590 3094 mandamus,
607 3027 641 3081 ut
656 3020 786 3099 supplex
802 3020 926 3082 libellus
941 3037 996 3082 na-

250 3113 311 3188 bis,
337 3112 389 3174 vel
420 3113 559 3175 Romano
591 3113 732 3176 Pontifici
764 3131 820 3191 pro
857 3122 995 3193 tempore

248 3206 443 3282 exhibeatur,
460 3209 494 3267 in
507 3222 569 3284 quo
590 3206 681 3284 plena
699 3214 729 3268 et
744 3215 882 3269 accurata
901 3207 994 3269 totius

250 3299 319 3360 iacti
339 3300 455 3377 species
480 3299 686 3373 contineatur,
703 3315 871 3377 causaeque
886 3315 994 3360 omncs

250 3392 281 3453 in
303 3407 339 3453 eo
359 3393 595 3470 exprimantur,
627 3407 705 3469 quae
731 3392 766 3453 ad
793 3393 992 3455 obtinendam

250 3485 377 3563 petitam
399 3483 663 3564 dispensationem
685 3487 857 3548 conducere
874 3502 993 3565 possea

248 3577 439 3656 supplicante
460 3584 638 3652 censentur,
661 3587 697 3640 ut
718 3578 874 3642 Romanus
890 3580 993 3641 Ponti·

250 3668 310 3746 lex,
323 3685 359 3730 eo
381 3670 460 3732 lecto
482 3677 513 3732 et
533 3677 655 3732 mature
669 3673 872 3748 considerato,
887 3688 993 3734 secum

249 3765 420 3827 deliberare
451 3765 564 3842 possit,
594 3780 632 3826 an
654 3765 838 3844 petitionem
864 3767 992 3841 reliciat,

249 3858 298 3919 vel
319 3859 387 3920 eius
408 3873 537 3920 examen
558 3859 649 3920 alicui
665 3875 703 3919 ex
718 3857 805 3921 dictis
827 3875 993 3936 congrega·

250 3951 386 4012 tionibus
398 3952 583 4026 committat,
593 3967 609 4010 a
620 3967 680 4030 qua
691 3960 888 4030 posteaquam
901 3969 992 4014 suurn

249 4053 358 4107 votum
379 4043 591 4107 consultivum
607 4045 726 4106 editum
742 4045 847 4121 luerit,
864 4063 880 4108 a
894 4062 994 4108 secre-

249 4137 325 4198 tario
347 4137 487 4199 eiusdem
501 4138 750 4216 congregationis
765 4139 859 4200 totius
875 4140 992 4217 negotii

248 4231 342 4292 series
369 4238 477 4293 exacte
504 4231 643 4292 Romano
671 4231 814 4294 Pontifici
839 4250 894 4313 pro
916 4244 994 4295 tem-

249 4339 321 4402 pore
342 4323 509 4399 reseratur,
532 4324 585 4402 qui
606 4339 661 4402 pro
682 4341 735 4388 sua
760 4327 925 4404 prudentia
947 4327 993 4388 iu·

249 4418 369 4492 dicabit,
393 4433 432 4478 au
454 4419 702 4494 congregationis
718 4419 867 4482 resolutio
888 4420 927 4480 sit
943 4435 994 4498 ap

249 4511 413 4588 probanda,
436 4509 488 4572 vel
509 4512 609 4589 potius
626 4513 720 4574 totius
741 4529 848 4575 causae
863 4529 992 4576 examen

249 4605 337 4665 alteri
358 4605 610 4682 congregationi,
634 4605 683 4666 vel
712 4607 877 4684 tribunali,
901 4615 992 4687 prout

248 4698 348 4759 eidem
369 4697 510 4760 Pontifici
531 4697 699 4773 videbitur,
722 4717 829 4762 rursus
850 4701 992 4762 commit-

250 4793 387 4854 tendum.

286 4886 305 4959 g
328 4885 376 4946 td.
398 4885 532 4947 Domum
563 4883 709 4948 volamus
730 4903 763 4947 ac
784 4887 990 4964 decernimus,

248 4977 369 5039 easdem
390 4966 568 5056 praes'entes
595 4977 697 5040 literas
724 4995 847 5058 semper
875 4981 991 5056 tirmas,

248 5071 360 5133 validas
381 5077 412 5132 et
433 5071 568 5133 efficaces
582 5072 714 5135 existere
725 5079 755 5134 et
771 5071 847 5150 iore,
860 5091 992 5153 suosque

248 5163 397 5243 plenarios
415 5171 447 5226 et
462 5156 601 5242 integros
623 5165 748 5228 eftectus
769 5168 872 5228 sortiri
895 5176 925 5229 et
940 5169 991 5230 ob

248 5258 357 5335 tinere,
381 5273 414 5319 ac
435 5258 473 5319 ab
494 5258 565 5335 illis,
589 5261 625 5322 ad
646 5275 722 5338 quos
744 5269 861 5338 spectat
882 5269 913 5324 et
937 5279 991 5340 pro

249 5361 386 5430 tempore
398 5352 658 5432 quandocumque
672 5352 831 5431 spectabit,
848 5356 879 5415 in
892 5356 990 5417 omni-

246 5447 300 5506 bus
322 5454 353 5507 et
374 5462 430 5524 per
451 5445 554 5508 omnia
575 5446 755 5524 plenissime
777 5457 808 5509 et
829 5448 990 5510 inviolabi-

247 5539 316 5600 liter
337 5539 506 5600 observari.
540 5535 652 5617 Sicque
679 5547 710 5602 et
735 5556 798 5603 non
826 5541 914 5603 aliter
936 5558 991 5621 per

245 5648 458 5711 quoscumque
469 5633 584 5695 iudices
596 5634 766 5696 ordinarios
778 5642 809 5696 et
823 5635 988 5712 delegatos,

246 5728 339 5788 etiarn
354 5742 516 5788 causarum
531 5726 633 5806 palatii
649 5728 805 5806 apostolici
822 5729 989 5804 auditores,

245 5837 278 5882 ac
298 5822 425 5882 eosdem
440 5819 470 5882 S.
482 5819 517 5880 R.
534 5821 568 5881 E.
587 5819 773 5896 Cardinales,
790 5823 882 5883 etiam
897 5823 934 5884 de
948 5823 989 5884 la-

247 5923 311 5976 tere
333 5914 463 5992 Legatos
482 5923 514 5976 et
541 5914 571 5977 S.
596 5913 683 5976 Sedis
704 5914 848 5989 Nuntios,
876 5917 990 5978 aliosve

244 6009 398 6088 quoslibet
419 6025 612 6089 quacumque
633 6013 877 6090 praeeminentia
892 6022 921 6074 et
937 6031 988 6092 po-

352 6155 403 6202 lnr.
420 6155 489 6202 Pont.
505 6155 536 6202 de
553 6158 624 6216 Prop.
642 6156 702 6204 Fide
717 6159 797 6204 Partis
814 6159 832 6205 1.
848 6159 899 6204 vol.
915 6160 956 6203 tlt.

1055 787 1163 843 testate
1183 778 1349 858 tangentes
1371 787 1401 842 et
1423 780 1595 854 iuncturos,
1618 777 1735 842 sublata
1752 777 1796 840 eis

1052 879 1216 937 eteorum
1241 874 1367 937 cuilibet
1393 874 1501 952 quavis
1528 873 1617 935 aliter
1641 871 1796 936 iudicandi

1053 975 1083 1028 et
1112 967 1334 1046 interpretandi
1367 965 1510 1032 facultate
1542 972 1572 1028 et
1603 966 1794 1040 auctoritato,

1053 1059 1167 1138 ubique
1189 1059 1318 1122 iudicari
1338 1068 1370 1123 et
1388 1061 1512 1123 definiri
1535 1059 1657 1135 debere,
1674 1075 1707 1122 ao
1728 1057 1796 1120 irri-

1052 1160 1120 1215 tum
1142 1161 1172 1216 et
1194 1154 1302 1230 inane,
1328 1155 1353 1216 si
1380 1171 1467 1218 secus
1494 1171 1587 1234 super
1612 1155 1659 1216 his
1683 1171 1699 1214 a
1720 1170 1796 1232 quo·

1052 1263 1145 1325 quam
1169 1250 1277 1326 quavis
1298 1249 1481 1312 auctoritate
1495 1249 1628 1310 scienter
1642 1245 1693 1310 vel
1708 1247 1797 1324 igno·

1052 1349 1156 1403 ranter
1178 1345 1344 1420 contigerit
1369 1343 1523 1406 attentari.
1556 1341 1626 1405 Non
1648 1341 1796 1404 obstanti·

1052 1434 1107 1496 bus
1129 1437 1315 1512 praemissis,
1337 1455 1370 1499 ac
1398 1435 1671 1498 constitutionibus
1696 1441 1726 1495 et
1747 1449 1794 1494 or·

1051 1528 1259 1591 dinationibus
1288 1530 1476 1608 apostolicis,
1507 1545 1564 1592 nec
1586 1544 1648 1590 non
1670 1527 1794 1607 quibus-

1051 1622 1097 1682 vis
1125 1622 1219 1683 etiam
1247 1623 1443 1697 iuramento,
1465 1622 1701 1686 confirmatione
1726 1637 1796 1700 apo·

1050 1715 1167 1790 stolica,
1190 1715 1242 1776 vel
1262 1717 1368 1795 quavis
1396 1717 1543 1778 tirmitate
1570 1715 1626 1777 alid
1647 1713 1795 1777 roborans

1049 1808 1171 1869 statutis
1186 1813 1216 1868 et
1230 1809 1519 1882 consuetudinibus,
1535 1808 1706 1887 privilegiis
1721 1822 1796 1884 quo-

1050 1915 1123 1978 que,
1136 1901 1264 1964 indultis
1286 1909 1317 1964 et
1338 1903 1450 1964 litteris
1471 1902 1643 1981 apostolicis
1658 1901 1715 1964 sub
1730 1901 1796 1979 qai·

1051 1994 1243 2072 bustumque
1255 1995 1414 2057 tenoribus
1435 1995 1615 2070 verborum,
1632 2002 1662 2057 et
1677 1993 1794 2066 tarmis,

1051 2103 1083 2148 ac
1112 2103 1182 2148 cum
1218 2088 1377 2164 quibusvis
1408 2088 1501 2150 etiam
1532 2089 1795 2165 derogatoriarum

1051 2180 1263 2256 derogatoriis,
1286 2181 1413 2260 aliisque
1435 2180 1666 2256 efficacioribus,
1688 2188 1720 2243 et
1749 2181 1796 2242 in-

1051 2273 1147 2336 solitis
1171 2273 1315 2337 clausulis
1337 2274 1605 2352 irritantibusque,
1620 2282 1652 2336 et
1663 2275 1730 2336 aliis
1745 2275 1796 2336 de-

1052 2367 1153 2440 cretis,
1176 2367 1270 2428 etiam
1296 2374 1395 2442 motu,
1416 2366 1562 2442 scientia,
1586 2375 1616 2428 et
1638 2368 1796 2445 potestatis

1052 2460 1246 2538 plenitudine
1267 2461 1390 2540 paribus
1412 2461 1444 2522 in
1467 2475 1594 2536 genere,
1617 2461 1665 2522 vel
1681 2461 1714 2522 in
1729 2477 1796 2541 spe-

1051 2553 1108 2624 cie,
1131 2569 1186 2615 seu
1207 2553 1278 2614 alias
1300 2553 1532 2632 quomodolibet
1546 2553 1708 2628 concessis,
1725 2571 1796 2616 con-

1052 2647 1181 2708 firmatis
1202 2653 1234 2708 et
1256 2647 1419 2709 innovatis.
1450 2647 1565 2722 Quibus
1593 2647 1738 2710 omnibus
1766 2653 1796 2709 et

1050 2739 1193 2816 singulis,
1217 2739 1310 2802 etiam
1336 2741 1361 2802 si
1384 2757 1439 2819 pro
1471 2740 1598 2804 illorum
1628 2741 1794 2802 sufficienti

1051 2831 1252 2908 derogatione
1274 2834 1309 2895 de
1337 2833 1397 2895 illis
1419 2849 1592 2912 eorumque
1614 2835 1686 2896 totis
1708 2841 1795 2895 teno-

1052 2925 1135 2987 ribus
1155 2927 1305 3004 speeialis,
1328 2928 1478 3006 specifica,
1502 2945 1642 3007 expressa
1664 2935 1696 2990 et
1717 2927 1797 2989 indi·

1052 3020 1152 3094 vidua,
1173 3037 1206 3082 ac
1227 3021 1264 3082 de
1285 3021 1381 3082 verbo
1396 3023 1432 3084 ad
1447 3022 1591 3097 verbum,
1607 3037 1671 3084 nou
1690 3029 1795 3083 autem

1050 3128 1106 3190 per
1127 3112 1279 3175 clausulas
1295 3113 1453 3190 generales
1475 3115 1556 3177 idern
1578 3115 1794 3193 importantes,

1050 3207 1170 3268 mentia
1187 3224 1242 3269 seu
1257 3211 1384 3287 quaevis
1398 3210 1455 3272 alia
1472 3211 1628 3288 expressio
1643 3210 1793 3285 habenda,

1050 3307 1103 3362 aut
1117 3303 1219 3380 aliqua
1241 3301 1298 3364 alia
1320 3304 1471 3382 exquisita
1486 3303 1585 3366 iorrna
1607 3303 1639 3365 in
1658 3303 1719 3364 illis
1735 3311 1796 3365 tra-

1051 3395 1111 3458 dita
1134 3396 1293 3458 observata
1308 3397 1424 3458 eisdem
1447 3397 1658 3475 praesentibus
1673 3413 1729 3475 pro
1744 3414 1796 3458 ex-

1051 3490 1172 3567 pressis,
1195 3497 1227 3550 et
1248 3489 1374 3552 insertis
1395 3489 1555 3564 habentes,
1580 3489 1639 3551 illis
1667 3489 1740 3551 alias
1762 3491 1793 3552 in

1049 3599 1105 3643 suo
1127 3582 1238 3644 robore
1258 3583 1479 3661 permansuris,
1499 3585 1534 3644 ad
1556 3584 1794 3661 praemissorum

1049 3675 1194 3739 eflectum
1221 3675 1277 3739 hac
1298 3676 1364 3738 vice
1393 3677 1553 3738 dumtaxat
1579 3693 1723 3756 expresse
1744 3679 1794 3738 de·

1050 3783 1206 3845 rogamus,
1219 3769 1409 3848 caeterisque
1420 3769 1584 3832 contrariis
1595 3771 1795 3849 quibuscum·

1049 3879 1120 3940 que.

1089 3957 1108 4030 ἓ
1131 3957 1179 4018 lt.
1203 3956 1355 4020 Volumus
1371 3965 1487 4033 autem,
1503 3963 1538 4019 ut
1553 3966 1729 4036 praesentes
1744 3959 1795 4021 lit·

1052 4057 1133 4111 terae
1154 4051 1187 4112 in
1209 4051 1306 4113 valvis
1332 4051 1484 4114 Ecclesiae
1513 4052 1739 4129 Lateranensis,
1763 4061 1794 4114 et

1050 4144 1197 4222 principis
1219 4145 1451 4224 Apostolorum,
1474 4159 1530 4208 nec
1552 4161 1617 4207 nou
1640 4146 1792 4208 caucella-

1049 4237 1114 4298 riae
1135 4237 1335 4316 apostolicae,
1359 4255 1392 4301 ac
1413 4229 1446 4300 ili
1468 4238 1531 4301 acie
1561 4239 1665 4316 Campi
1686 4238 1794 4314 Elorae

1049 4330 1087 4392 de
1108 4331 1201 4405 Urbe,
1224 4337 1259 4393 ut
1282 4331 1377 4393 moris
1398 4341 1456 4409 est,
1472 4331 1670 4411 publicentur
1686 4340 1716 4395 et
1731 4333 1794 4394 alir-

1050 4431 1174 4499 gantur,
1197 4423 1303 4503 sicque
1324 4425 1496 4503 publicatae
1516 4432 1548 4487 et
1563 4425 1671 4486 atiixae
1686 4439 1793 4486 omnes

1049 4523 1079 4576 et
1093 4517 1245 4592 singulos,
1262 4533 1338 4595 quos
1354 4517 1424 4579 illae
1444 4527 1650 4591 concernunt,
1667 4518 1794 4596 perinde

1048 4617 1169 4671 arctent
1190 4617 1220 4671 et
1241 4609 1435 4696 anicianum
1455 4611 1480 4672 si
1502 4611 1671 4689 unicuique
1685 4627 1793 4673 eorum

1050 4703 1237 4765 nominatim
1259 4711 1289 4766 et
1311 4704 1513 4784 personaliter
1541 4705 1701 4766 intimatae
1721 4704 1795 4766 luis-

1049 4805 1129 4873 sent3
1143 4795 1288 4875 quodque
1299 4797 1479 4859 earumdem
1490 4798 1701 4876 praesentium
1710 4806 1795 4860 tran-

1048 4891 1180 4968 sumptis
1195 4905 1251 4952 seu
1262 4890 1412 4969 exemplis
1423 4891 1518 4952 etiam
1530 4891 1687 4970 impressis
1698 4907 1793 4954 rnanu

1048 4983 1177 5046 alicuius
1192 4984 1304 5046 notarii
1315 4983 1429 5063 publici
1441 4983 1633 5063 subscriptis,
1649 4990 1679 5045 et
1691 4983 1792 5060 sigillo

1048 5077 1177 5139 alicuius
1198 5091 1346 5156 personae
1367 5076 1398 5140 in
1421 5077 1571 5154 dignitate
1592 5077 1792 5140 ecclesiastica

1048 5171 1233 5232 constitutae
1260 5170 1402 5244 munitis,
1430 5169 1536 5232 eadem
1564 5186 1689 5249 prorsus
1719 5170 1792 5232 fides

1050 5273 1111 5325 tam
1139 5264 1171 5325 in
1200 5263 1313 5324 iudicio
1342 5279 1434 5342 quarn
1462 5271 1549 5326 extra
1574 5263 1649 5325 illud
1678 5263 1792 5340 ubique

1048 5356 1238 5430 adhibeatur,
1255 5373 1332 5434 quae
1355 5357 1425 5434 ipsis
1442 5358 1657 5434 praesentibus
1669 5355 1791 5418 adbibe-

1048 5457 1145 5523 retur,
1161 5450 1187 5510 si
1205 5450 1308 5512 forent
1323 5451 1476 5511 exhibitae
1493 5449 1542 5511 vel
1560 5457 1708 5511 ostensae.

1087 5541 1175 5617 518.
1199 5541 1285 5604 Nulli
1313 5557 1386 5618 ergo
1414 5543 1542 5604 cannino
1568 5541 1733 5603 bominum
1755 5542 1791 5603 li-

1047 5642 1111 5699 ceat
1133 5636 1211 5696 banc
1233 5634 1377 5713 paginam
1399 5633 1497 5695 nostri
1520 5634 1646 5709 decreti,
1669 5637 1789 5710 statuti,

1046 5729 1292 5802 constitutionis,
1315 5727 1548 5806 prohibitionis,
1571 5729 1789 5804 revocationis,

1046 5822 1277 5898 annullationis,
1291 5820 1514 5897 declarationis,
1528 5822 1676 5897 mandati,
1690 5838 1722 5884 ao
1737 5839 1791 5884 vo-

1046 5917 1175 5979 luntatis
1196 5914 1382 5991 intringere,
1405 5916 1456 5977 vel
1477 5915 1504 5976 ei
1527 5931 1602 5977 ausu
1626 5916 1789 5978 temerario

1045 6012 1209 6075 contraire.
1224 6010 1336 6089 Siquis
1351 6018 1456 6073 autem
1468 6010 1525 6073 hoc
1535 6018 1689 6074 attentare
1704 6027 1790 6090 prae-

1670 6163 1683 6200 a

1738 639 1775 704 tl
1826 637 2012 714 nn,o.1741
