4732 7014
333 552 387 605 sn.
402 552 431 604 c.
454 552 519 604 1741
572 555 611 616 ῃ

1072 577 1137 620 run.
1161 576 1251 622 rona.
1276 577 1316 620 cs
1337 577 1366 622 a.
1390 577 1419 622 r.
1445 578 1526 622 rans
1549 578 1569 622 1.
2129 560 2182 616 Aa.
2197 565 2231 616 c.
2254 560 2337 618 filil

551 689 657 752 lumus
683 698 713 753 et
741 692 941 770 declaramus,
968 694 1049 772 quod
1077 709 1184 755 earum
1213 700 1298 756 tran·
1323 693 1327 753 l
1352 701 1449 773 parte,
1471 695 1537 757 sive
1558 696 1641 758 inter
1663 697 1850 761 haereticum
1873 715 1911 761 ex
1932 713 1993 761 una
2012 705 2099 776 parte

550 784 683 864 sumptis
704 786 796 848 etiam
819 787 987 865 impressis,
1005 803 1099 850 manu
1115 788 1226 849 notarii
1241 804 1297 867 pn-
1352 789 1475 864 virum,
1504 796 1535 852 et
1559 790 1740 853 catholicam
1772 790 1939 854 foeminam
1968 790 2095 865 exalia,

551 877 621 939 blici
642 878 832 958 subscriptis,
856 887 886 942 et
907 881 1036 943 alicuius
1055 881 1181 961 praelati
1195 881 1298 958 sigillo
1352 892 1405 942 aut
1427 881 1594 956 viceversa,
1618 900 1681 945 non
1708 893 1828 946 servata
1856 884 1954 946 forma
1976 901 1992 944 a
2013 899 2097 946 sacro

551 972 693 1047 munitis,
716 973 821 1034 eadem
843 989 967 1052 prorsus
989 975 1063 1036 fides
1086 975 1117 1036 in
1138 975 1252 1036 iudicio
1267 983 1297 1036 et
1354 975 1538 1037 Tridentino
1551 975 1689 1038 Concilio
1711 978 1906 1056 praescripta,
1924 985 2031 1039 utrum
2047 993 2097 1037 va-

551 1074 637 1127 extra
658 1066 856 1141 adhibeatur,
878 1085 956 1146 quae
982 1069 1192 1148 praesentibus
1214 1067 1298 1128 adhi-
1354 1067 1412 1129 lida
1434 1067 1573 1130 habenda
1594 1070 1668 1144 sint,
1686 1085 1807 1145 necne,
1824 1071 1877 1132 din
1899 1071 2097 1148 multumque

552 1158 690 1233 beretur,
711 1160 737 1220 si
758 1159 861 1222 forent
889 1161 1044 1224 exhibitae
1065 1160 1116 1223 vel
1144 1171 1295 1224 ostensae.
1353 1161 1557 1239 disceptatum
1578 1169 1634 1236 est,
1657 1163 1768 1225 animis
1789 1164 1954 1226 hominum
1976 1180 2010 1226 ac
2030 1180 2098 1226 sen-

321 1257 458 1358 nax⁸12¹¹⁰⁸⁰
474 1269 534 1316 νοο-
552 1251 636 1315 Nulli
657 1267 732 1329 ergo
758 1253 888 1315 omnino
914 1255 1080 1316 hominum
1106 1255 1193 1317 liceat
1221 1257 1299 1318 hanc
1355 1255 1460 1317 tentiis
1482 1255 1512 1316 in
1535 1254 1654 1317 diversa
1681 1257 1842 1318 distractis.
1870 1255 1902 1318 ld
1924 1255 2004 1334 quod
2027 1257 2099 1318 satis

389 1347 395 1358 '
552 1347 695 1426 pagiuam
718 1347 817 1410 nostri
831 1346 957 1423 decreti,
974 1349 1212 1428 approbationis,
1228 1365 1298 1412 con·
1355 1348 1481 1410 uberem
1503 1347 1665 1412 anxietatis
1691 1367 1725 1412 ac
1745 1350 1955 1429 periculorum
1976 1365 2099 1412 semen-

552 1439 746 1514 lirmationis,
762 1441 986 1517 innovationis,
1000 1441 1224 1517 declarationis,
1240 1450 1298 1504 sta·
1325 1490 1327 1523 ,
1356 1451 1417 1506 tem
1430 1459 1484 1521 per
1496 1443 1610 1506 multos
1622 1459 1718 1504 annos
1732 1444 2098 1522 subministravit,quum

553 1533 624 1607 tuti,
647 1533 860 1610 ordinationis,
887 1536 1104 1611 concessionis,
1127 1537 1298 1613 derogatio-

552 1628 600 1688 nis
621 1637 652 1690 et
680 1629 850 1691 voluntatis
878 1630 1064 1707 infringere,
1095 1631 1145 1694 vel
1173 1633 1201 1693 ei
1223 1644 1298 1693 ausu

552 1723 718 1784 temerario
738 1723 906 1787 contraire:
931 1724 956 1785 si
978 1724 1046 1802 quis
1065 1732 1168 1786 autem
1186 1726 1241 1786 hoc
1256 1733 1298 1787 at-

553 1821 673 1877 tentare
694 1818 946 1894 praesumpserit,
965 1818 1214 1894 indignationem
1229 1819 1300 1884 flm-

552 1910 721 1987 nipotentis
743 1911 806 1984 Dei,
829 1927 863 1972 ac
884 1911 1044 1973 beatorum
1066 1912 1147 1973 Petri
1168 1921 1199 1974 et
1214 1913 1298 1974 Pauli
1325 1886 1327 1939 Ι

552 2000 770 2078 Apostolorum
795 2003 862 2064 eius
883 2020 915 2064 se
933 2005 1057 2065 noverit
1085 2003 1296 2067 incursurum.

1354 1537 1535 1614 praesertim
1549 1537 1700 1616 Episcopi,
1718 1537 1853 1614 parochi,
1867 1546 1959 1614 atque
1974 1536 2098 1598 illarum

1353 1630 1520 1707 regionum
1542 1629 1739 1703 missionarii,
1754 1629 1830 1692 nibil
1846 1630 1922 1692 certi
1937 1631 1992 1692 hac
2006 1645 2099 1708 super

1354 1741 1388 1786 re
1410 1724 1571 1798 haberent,
1596 1723 1674 1786 nihil
1697 1739 1771 1786 vero
1795 1724 1967 1786 inconsulta
1990 1723 2098 1787 Sancta

1354 1817 1433 1881 Sede
1454 1817 1605 1880 auderent
1626 1825 1760 1880 statuere
1781 1835 1814 1880 ac
1836 1817 2001 1880 declarare.
2019 1817 2098 1879 Cum

1354 1920 1471 1987 autem,
1485 1912 1626 1991 proxime
1648 1911 1781 1972 exolutis
1802 1911 1905 1986 annis,
1922 1911 1953 1973 in
1971 1920 2029 1990 tam
2046 1925 2099 1971 an-

1353 2007 1437 2084 cipiti
1461 2007 1610 2084 gravique
1631 2022 1719 2068 caasa
1742 2005 1932 2083 apostolicae
1953 2004 2038 2068 Sedis
2053 2005 2099 2066 iu-

592 2094 701 2156 llatum
730 2095 860 2169 Romae,
889 2097 967 2172 apud
998 2096 1028 2158 S.
1056 2097 1182 2158 Mariam
1209 2099 1298 2159 llaio-
1325 2112 1327 2151 t
1354 2100 1469 2162 dicium
1485 2099 1702 2161 vehementius
1717 2107 1946 2176 exposceretur,
1960 2107 2100 2176 urgeret·

551 2203 629 2261 rem,
646 2189 704 2250 sub
722 2188 840 2250 annulo
854 2189 1016 2250 Piscatoris
1030 2188 1080 2251 die
1095 2205 1159 2251 xxv.
1178 2192 1298 2254 februa-

553 2281 589 2342 rii
613 2297 777 2356 mcccxxx,
800 2281 996 2360 pontificatus
1018 2285 1116 2345 nostri
1137 2299 1218 2346 anno
1234 2303 1255 2348 1.

808 2483 1046 2492 Ἥ

905 2659 943 2720 X.

590 3045 662 3090 cata
689 3029 860 3092 haereticis
887 3032 1046 3092 contracti
1073 3032 1108 3092 ia
1139 3030 1298 3092 Domiaifs

593 3124 751 3186 brainam
774 3121 939 3186 Foederat.
960 3141 1024 3185 aare
1041 3133 1169 3187 seruata
1191 3127 1297 3206 [orma

592 3216 730 3280 Cottcflfc'
757 3215 842 3278 Trici.
867 3215 922 3298 (l).

590 3403 797 3480 Matrimonia,
814 3421 893 3482 quae
914 3406 946 3467 in
970 3405 1043 3467 locis
1053 3405 1295 3468 Foederatorum

549 3497 701 3560 Ordinum
723 3498 860 3560 dominio
883 3499 915 3559 in
938 3499 1045 3575 Belgio
1060 3499 1206 3561 subiectis
1222 3499 1294 3560 iniri

548 3591 661 3666 solent,
683 3592 750 3653 sive
784 3592 867 3654 inter
899 3592 1065 3654 haereticos
1097 3607 1135 3655 ex
1166 3601 1297 3670 utraque

357 3418 502 3466 ttxordium.

590 3808 619 3863 (l)
634 3807 762 3852 Admonet
776 3818 827 3864 seq.
843 3805 883 3852 lit.
899 3807 1038 3866 Episcopos
1056 3807 1180 3854 Poloniae
1194 3809 1224 3854 ut
1238 3818 1295 3854 cau·
1321 3814 1323 3818 '

547 3873 759 3988 ltlilxffoffiffidant
774 3874 801 3919 in
820 3875 992 3921 admittendis
1013 3874 1197 3932 coniugiorum
1216 3875 1296 3920 dissc-

552 4081 748 4125 Vertcrabtttbus
761 4083 894 4131 carnosas
904 4082 1113 4134 Arcbteptscopts
1126 4084 1151 4124 et
1161 4081 1296 4133 Eptacopts

803 4149 888 4200 noant
902 4149 1036 4196 Potentes,

740 4285 932 4329 BENEDIC'I'US
947 4284 1027 4328 PxPx
1041 4284 1102 4327 XIV.

1324 2329 1327 2475 l

1324 2678 1327 2775 l

550 2845 644 2906 lasau
667 2843 832 2924 Pontificio
854 2843 1066 2907 declarantur
1080 2863 1100 2907 a
1116 2846 1147 2908 S.
1167 2846 1200 2907 d.
1220 2847 1298 2908 Coa·
1324 2822 1327 2903 l

556 2983 558 2988 s
590 2936 661 2998 citii
681 2935 779 2999 dubio
794 2953 890 3014 saper
904 2938 1076 3000 validitate
1091 2939 1298 3003 Matrimonii
1324 2906 1326 2977 l

1324 3152 1327 3317 Ι

1354 2211 1415 2272 que
1436 2195 1464 2254 id
1493 2193 1646 2271 imprimis
1679 2191 1936 2268 vigilantissimus
1968 2193 2099 2270 iprensis

1355 2286 1538 2366 EpiscopuS,
1568 2287 1642 2347 dum
1665 2301 1720 2364 pro
1742 2285 1844 2347 debito
1873 2284 1963 2346 oflicii
1986 2284 2046 2359 sui,
2069 2293 2098 2345 et

1353 2397 1406 2441 sua
1428 2394 1498 2455 erga
1521 2379 1605 2441 Beati
1627 2380 1708 2441 Petri
1727 2379 1911 2442 cathedram
1935 2379 2100 2439 observan-

1355 2474 1405 2546 tia,
1428 2473 1465 2534 de
1488 2471 1638 2533 Ecclesiae
1660 2473 1716 2534 sibi
1742 2471 1936 2536 concreditae
1960 2479 2042 2533 statu
2062 2472 2097 2533 ad

1353 2566 1528 2627 Romanurn
1538 2565 1719 2626 Pontificem
1732 2565 1893 2638 referebat,
1904 2565 2098 2643 ponendum-

1353 2675 1414 2736 que
1434 2657 1565 2719 omnino
1587 2673 1653 2718 esse
1675 2665 1738 2719 tam
1760 2657 1897 2735 prolixae
1915 2657 2097 2719 dubitationi

1354 2752 1471 2824 linem,
1508 2749 1699 2826 grauissimis
1731 2749 1833 2811 verbis
1864 2766 1897 2811 ac
1928 2749 2099 2811 rationibus

1353 2847 1561 2921 persuaderet.
1587 2842 1730 2906 Clemens
1746 2843 1810 2905 llll.
1829 2843 1857 2904 id
1880 2844 2028 2920 temporis
2042 2842 2099 2904 Eo·
2159 2854 2230 2908 cuna
2257 2865 2273 2898 a
2288 2853 2335 2898 ue-

1353 2953 1464 3000 manas
1485 2935 1638 3011 Pontifex,
1651 2936 1705 3014 qui
1727 2936 1771 2997 rei
1794 2936 1991 3012 gravitatem,
2004 2952 2099 3014 quan·
2119 2909 2335 3024 fflffiffifffflssnfissss

1355 3041 1421 3092 tum
1443 3029 1614 3109 oportebat,
1637 3030 1823 3104 aestimarat,
1841 3029 1950 3092 Sacrae
1966 3030 2100 3106 Congre-
2119 3016 2232 3061 ⁶⁰⁰⁰³¹‘¹·

1354 3124 1469 3200 gatiani
1498 3121 1690 3184 eminentiss.
1732 3122 1941 3185 Cardinalium
1969 3123 2100 3185 Consilii

1354 3216 1529 3278 'lridentini
1552 3217 1763 3294 interpretum
1780 3215 1810 3277 in
1833 3216 1983 3277 mandatis
2005 3216 2098 3290 dedit,

1353 3316 1388 3370 ut
1403 3309 1440 3370 de
1457 3316 1518 3370 tota
1533 3307 1743 3370 controversia
1757 3307 1926 3384 diligenter
1947 3325 2034 3369 more
2044 3325 2100 3369 suo

1353 3409 1564 3480 cognosceret.
1598 3404 1632 3464 ln
1655 3417 1689 3462 re
1714 3403 1816 3479 itaque
1843 3402 1919 3463 tanti
1948 3402 2100 3462 momenti

1354 3495 1462 3557 uolens
1485 3497 1592 3558 eadem
1614 3495 1703 3558 Sacra
1725 3496 1933 3572 congregatio
1946 3510 2040 3572 quam
2054 3512 2101 3556 ac·

1353 3589 1547 3652 curatissime
1569 3589 1746 3668 procedere,
1769 3588 1952 3650 commissae
1972 3587 2033 3648 sibi
2053 3604 2101 3650 co-

1351 3807 1467 3861 bertate,
1488 3803 1708 3864 quemadmodum
1731 3801 1796 3848 alibi
1819 3801 1924 3846 evenire
1945 3799 2101 3862 accepimus,

1350 3879 1440 3921 ortum
1460 3875 1570 3928 ducere;
1593 3875 1682 3918 tamen
1703 3871 1789 3917 facere
1808 3879 1860 3915 non
1874 3879 2022 3926 possumus,
2037 3869 2101 3927 quin

1350 3943 1511 3989 iustissimas
1526 3941 1559 3987 ad
1573 3952 1627 3994 vos,
1637 3939 1801 3986 venerabiles
1811 3938 1915 3992 fratres,
1926 3938 2048 3995 querelas
2059 3950 2101 3982 nc

1349 4013 1420 4058 atras
1434 4010 1596 4057 deferamus:
1611 4009 1691 4064 atque
1705 4005 1815 4051 insimul
1829 4007 1920 4051 tantae
1930 4003 2053 4050 licentiae
2063 4016 2101 4050 re·

1349 4079 1517 4134 fraenandae,
1531 4080 1558 4122 et
1573 4077 1645 4121 intra
1659 4075 1836 4134 praescriptos
1850 4074 2007 4120 acatholica
2017 4074 2100 4120 Eccle-

1321 4128 1322 4151 ¹
1350 4147 1390 4194 sia
1405 4147 1469 4192 fines
1479 4144 1645 4199 coercendae,
1656 4143 1788 4188 salutares
1798 4142 1870 4199 leges
1881 4141 2039 4198 modumque
2049 4150 2101 4185 me

1351 4214 1489 4330 ortsseqsuh
1499 4261 1700 4324 'sacerdotalem
1722 4275 1806 4332 igitur
1826 4275 1953 4320 virtutem
1976 4277 2100 4330 uestram,
2152 4295 2240 4354 gygeo
2261 4305 2335 4341 mm

1321 4336 1323 4403 J
1349 4349 1520 4404 vestrumque
1534 4357 1582 4402 pro
1603 4343 1822 4390 ecclesiasiastica
1844 4341 1984 4399 disciplina
2005 4342 2099 4396 zelum,
2119 4349 2190 4395 zetus
2212 4361 2227 4394 a
2249 4359 2335 4396 persua

781 4423 944 4468 venerabiles
957 4423 1065 4471 tratres,

635 4493 750 4534 solertem
764 4493 789 4532 et
802 4491 975 4542 apostoticam
995 4489 1206 4531 benedictionem.

338 4631 529 4678 Matrimonium
588 4623 750 4670 Matrimonii
757 4621 1183 4680 perpetuumindissolubilemque
1192 4631 1295 4675 nexum,

316 4685 371 4750 iare
392 4686 528 4740 natarrctt,
547 4691 622 4736 cuius
643 4690 798 4738 firrxrilatexn
812 4691 845 4736 ab
859 4689 958 4735 adamo
978 4692 1052 4736 tanto
1066 4692 1128 4734 ante
1143 4688 1297 4746 pronuncia-

315 4740 404 4804 dfffl'l‘?
420 4744 529 4841 ἓῌωῖθ·
548 4761 602 4804 tam
613 4759 734 4804 Christus
744 4757 878 4814 Dominus,
887 4759 913 4803 et
923 4757 965 4803 his
976 4756 1070 4812 verbis,
1078 4761 1150 4811 qaod
1158 4760 1228 4801 betas
1237 4768 1297 4800 con-

313 4805 372 4895 mg
390 4806 419 4841 ”¹
439 4806 488 4841 ²⁸⁸⁰
502 4807 528 4841 '‘'
547 4829 648 4874 taccat,
669 4829 748 4870 bomo
770 4837 826 4870 noa
844 4829 957 4878 separet.
974 4824 1131 4870 confirmare
1146 4825 1172 4868 et
1187 4833 1296 4878 evange·
1322 4844 1323 4853 .

546 4891 598 4937 lica
609 4889 704 4948 gratia,
715 4891 783 4937 unde
795 4901 921 4948 magnum
932 4891 958 4936 in
970 4890 1084 4936 Ecclesia
1094 4892 1295 4936 Sacramentum
1322 4917 1323 4946 ,

547 4959 595 5012 est,
609 4968 707 5013 augere
727 4957 852 5014 dignatus
873 4955 932 5011 fuit,
948 4958 1023 5002 tanta
1036 4955 1173 5009 facilitate,
1188 4954 1296 5011 perinde

546 5035 577 5070 ac
591 5025 614 5070 si
628 5035 713 5081 neque
727 5024 785 5081 lege
801 5027 920 5078 naturae,
935 5035 1019 5081 neque
1034 5023 1123 5068 divino
1134 5021 1200 5076 iure,
1212 5032 1296 5078 neque

546 5091 705 5148 evangelicis
715 5090 870 5150 praeceptis,
877 5095 903 5136 et
914 5091 1047 5136 canonicis
1058 5089 1239 5136 sanctionibus
1249 5089 1296 5134 ini·

547 5163 604 5204 turn
619 5159 688 5204 esset
698 5158 867 5211 connubium,
875 5158 904 5202 in
913 5157 1014 5214 aliquot
1024 5157 1148 5204 catholici
1157 5155 1229 5201 orbis
1240 5167 1296 5212 par·

548 5227 627 5283 tibus,
642 5228 722 5282 atque
737 5225 764 5270 in
780 5225 832 5270 isto
846 5222 1003 5282 praesertim
1023 5223 1211 5270 florentissimo
1226 5222 1295 5268 Polo

548 5295 607 5340 niae
620 5295 711 5350 Regno
726 5292 753 5336 in
768 5291 824 5338 dies
838 5291 946 5337 dissolvi
957 5290 1107 5344 audientem
1119 5302 1202 5348 neque
1213 5290 1296 5346 laery-

548 5362 606 5416 mis,
621 5371 704 5418 neqxxe
719 5358 805 5404 verbis
819 5359 950 5416 explicare
965 5369 1104 5414 possumus
1114 5357 1224 5403 allatam
1235 5357 1295 5402 inde

549 5426 622 5472 nobis
636 5426 818 5472 incredibilem
829 5425 1044 5478 sollicitudinem,
1054 5426 1258 5481 conceptamque
1269 5423 1295 5468 in

549 5491 683 5551 pontificio
703 5491 792 5538 animo
807 5495 898 5538 nostro
917 5492 1051 5548 ingentem
1067 5491 1223 5536 molestiam.
1240 5491 1295 5536 Etsi

549 5563 639 5608 autem
651 5560 797 5618 plurimum
807 5559 934 5612 dolentes,
945 5558 1019 5604 facile
1029 5557 1194 5611 adducimur,
1204 5559 1234 5602 ut
1244 5569 1296 5602 cre

549 5629 643 5673 damus
658 5627 811 5672 huiusmodi
827 5625 1053 5674 dissolvendarum
1069 5625 1253 5681 coniugiorum
1268 5625 1297 5669 li·

549 5694 672 5748 centiam,
694 5695 800 5750 propter
821 5703 909 5750 quana,
930 5703 981 5737 non
997 5692 1054 5738 sine
1072 5692 1147 5749 gravi
1168 5691 1295 5736 bonorum

550 5761 700 5818 offensione,
716 5760 770 5806 sive
785 5759 826 5805 vir
839 5771 917 5815 unus,
932 5759 987 5804 sive
998 5759 1165 5814 rnulieruna,
1175 5757 1297 5816 pluribus

551 5827 666 5874 vicissim
681 5827 766 5872 adhuc
781 5826 929 5872 uiuentibus
944 5825 995 5871 sibi
1009 5828 1088 5871 antea
1101 5825 1231 5883 copulatis
1241 5837 1298 5871 con·
1324 5788 1326 5851 1

552 5895 665 5951 iugibus,
679 5893 791 5939 tertium
812 5896 858 5938 aut
879 5894 1004 5958 quartum
1027 5892 1227 5938 matrimonium
1241 5904 1299 5938 con·
1324 5876 1327 5955 1

552 5961 658 6007 trahere
672 5959 799 6016 cernitur,
813 5971 829 6006 a
844 5958 926 6005 nimia
946 5959 1083 6005 curiarum
1105 5961 1254 6005 vestrarum
1269 5959 1298 6004 li·
1324 5962 1327 5976 ¹

349 5507 465 5554 Eiusdem
480 5506 529 5553 dtr·

317 5560 433 5624 salvarat
463 5559 531 5616 faci-

318 5615 379 5716 {mu
402 5613 531 5675 tmprcba·

1323 5598 1325 5617 l

1350 4424 1446 4470 magna
1460 4423 1520 4458 cum
1536 4409 1665 4469 pontificii
1681 4409 1765 4455 animi
1783 4408 1878 4454 fiducia
1895 4408 2041 4465 pastorales
2059 4419 2101 4453 cu·
2120 4401 2283 4464 boematum,
2297 4401 2334 4462 dt-

1349 4491 1394 4526 ras
1408 4479 1575 4534 conferimus,
1590 4482 1621 4524 ut
1634 4475 1694 4522 inde
1713 4481 1890 4534 opportunum
1906 4475 1968 4520 huic
1983 4475 2053 4521 malo
2067 4475 2100 4521 ab
2120 4465 2175 4501 ¹³²²st
2189 4457 2283 4518 ‘immi
2298 4467 2333 4500 ²¹¹·

1350 4547 1451 4604 inclyta
1467 4547 1563 4592 Polona
1579 4543 1688 4590 batione
1704 4543 1846 4589 avertendo
1862 4543 2099 4600 propulsandaque,
2120 4513 2332 4610 {ssgfflffflfffwm'

1350 4617 1376 4660 et
1390 4613 1581 4670 abstergendae
1596 4611 1696 4657 nomini
1707 4613 1795 4655 vestro
1805 4609 1910 4656 inustae
1921 4611 2006 4665 notae,
2018 4608 2100 4654 subsi-

1321 4669 1323 4689 ¹
1349 4681 1423 4726 dium
1445 4681 1548 4726 interea
1571 4681 1730 4736 repetamus.
1753 4679 1898 4734 Eapropter
1917 4676 2099 4722 fraternitates

1350 4751 1451 4794 vestras
1465 4748 1492 4792 in
1507 4747 1616 4792 Domino
1631 4755 1756 4802 rogamus
1767 4745 1792 4789 et
1804 4745 1953 4798 hortamur,
1964 4746 1994 4789 ut
2005 4754 2100 4788 memo

1350 4827 1393 4860 res
1412 4815 1546 4860 rationum
1567 4813 1675 4858 coelesti
1695 4811 1841 4858 catholicae
1860 4811 1991 4856 Ecclesiae
2005 4821 2100 4868 sponso

1351 4887 1408 4928 lesu
1424 4882 1529 4927 Christo
1550 4879 1630 4926 iudici
1650 4878 1851 4934 reddendarum,
1870 4877 2020 4936 apostolicis
2035 4876 2100 4922 voci·

1351 4951 1399 4995 bus
1418 4949 1517 4994 nostris
1538 4947 1758 5004 obtemperantes,
1780 4945 1959 4991 ministerium
1982 4947 2099 4989 vestrum

1322 5011 1323 5026 ¹
1350 5029 1389 5072 ea,
1404 5027 1456 5074 qua
1475 5016 1556 5070 decet,
1578 5013 1717 5072 vigilantia
1738 5013 1883 5070 adimplere
1904 5011 2041 5069 satagatis.
2056 5016 2099 5066 Ac,

1350 5086 1413 5131 dum
1435 5095 1511 5141 pares
1534 5082 1646 5138 muneri,
1661 5081 1754 5138 pietati
1769 5083 1796 5126 et
1810 5079 1933 5136 religioni
1951 5081 2055 5124 vestrae
2069 5079 2100 5124 de

1351 5151 1422 5198 hisce
1436 5152 1515 5196 rebus
1527 5159 1662 5196 successus
1674 5149 1876 5206 praestolamur,
1887 5147 2100 5192 fraternitatibus

1350 5218 1446 5264 vestris
1461 5215 1633 5274 apostolicam
1648 5215 1855 5261 benedictionem
1871 5215 2039 5270 peramanter
2054 5213 2101 5257 im-

1351 5285 1489 5343 partimur.

1391 5355 1436 5402 sa.
1453 5352 1580 5396 volumus
1594 5354 1692 5405 autem,
1707 5353 1737 5396 ut
1752 5348 1904 5395 earumdem
1919 5347 2099 5405 praesentium
2164 5361 2335 5407 mmmm

1351 5421 1491 5467 literarum
1504 5419 1688 5475 transumptis,
1698 5429 1744 5462 seu
1755 5415 1889 5472 exemplis,
1900 5416 1981 5460 etiam
1992 5415 2101 5472 impres·
2120 5415 2288 5475 transumptis
2310 5415 2336 5469 fa·

1352 5489 1397 5544 sis,
1412 5499 1492 5533 manu
1508 5485 1622 5532 alicuius
1637 5484 1734 5530 notarii
1749 5482 1847 5540 publici
1858 5483 2022 5539 subscriptis,
2033 5485 2059 5527 et
2069 5481 2100 5527 sl·
2120 5469 2336 5531 dflllhssbmllrfl·

1352 5556 1417 5612 gillo
1431 5564 1557 5612 personae
1573 5553 1599 5598 in
1614 5550 1791 5597 ecclesiastica
1800 5549 1930 5606 dignitate
1940 5549 2100 5595 constitutae
2120 5527 2223 5582 ΜΡΝ·

1353 5622 1473 5678 munitis,
1488 5622 1579 5667 eadem
1595 5630 1702 5677 prorsus
1718 5617 1781 5662 tides
1796 5617 1935 5671 habeatur,
1945 5627 2013 5673 quae
2024 5617 2101 5662 habe-

1353 5693 1427 5735 retur
1447 5688 1511 5746 ipsis
1535 5685 1731 5745 praesentibus,
1753 5683 1776 5728 si
1797 5683 1882 5728 forent
1905 5683 2038 5730 exhibitae
2061 5683 2100 5727 rel

1353 5761 1479 5802 ostensae.

1394 5827 1488 5870 batum
1500 5827 1608 5876 Rornae,
1618 5821 1687 5879 apud
1699 5823 1721 5865 S.
1733 5818 1844 5865 Mariam
1854 5818 1988 5874 Maiorem,
1999 5819 2047 5864 sub
2057 5829 2100 5864 an·

1354 5894 1417 5937 nralo
1436 5889 1585 5944 Piscatoris,
1600 5889 1641 5934 die
1656 5899 1691 5933 xx.
1707 5887 1801 5944 aprilis
1821 5886 2101 5943 noccxa1.,p0nttnca·

1354 5961 1397 6005 tus
1413 5959 1496 6004 nostri
1511 5966 1580 6003 anno
1594 5967 1609 6001 r.
