4828 6990
322 531 376 586 Au.
391 533 421 584 0.
443 533 510 586 1749
561 533 620 598 408

541 668 660 744 damus,
683 679 718 732 ut
740 672 822 736 idern
843 671 992 748 vicarius,
1018 673 1147 752 eiusque
1168 689 1284 738 succes-

540 779 624 824 sores
639 765 899 844 quandocumque
914 766 1092 844 deputandi,
1105 768 1136 829 in
1153 769 1284 832 Ciuitate

541 856 675 919 duritiae
687 857 840 936 praefatae
852 860 1059 938 Aquileiensis
1075 861 1224 924 ltioecesis
1236 879 1283 924 re·

541 950 642 1013 sidere
662 949 794 1014 debeant
809 962 839 1014 et
855 953 994 1016 babitare
1009 956 1041 1016 ln
1058 955 1194 1030 aedibus,
1210 973 1285 1034 quas

541 1044 589 1122 pia
612 1044 776 1107 liberalitas
807 1047 973 1123 Augustini
1002 1048 1150 1111 Condellii
1183 1065 1284 1127 nuper

540 1138 690 1212 defuncti,
713 1147 744 1202 et
766 1141 889 1220 quidem
907 1141 1071 1204 domestica
1093 1142 1282 1221 supellectile

540 1232 720 1305 instructae,
748 1249 809 1295 una
836 1249 910 1298 cum
937 1233 1056 1298 adnexo
1087 1236 1231 1300 viridario
1252 1243 1283 1297 et

540 1325 715 1405 propinquo
729 1327 836 1388 vineto
850 1329 908 1390 sub
922 1343 1024 1390 arcem
1040 1329 1135 1407 ipsius
1149 1328 1283 1390 civitatis

539 1419 651 1496 posito,
674 1425 796 1482 etcum
829 1422 963 1484 oratorio
984 1438 1038 1484 seu
1070 1422 1203 1500 cappella
1226 1422 1284 1484 eis·

538 1511 609 1576 dem
631 1511 755 1576 aedibus
774 1513 940 1589 adiacente,
958 1531 1014 1594 pro
1030 1514 1141 1578 llioarii
1158 1518 1283 1594 Aposto-

538 1604 587 1667 lici
610 1621 664 1684 pro
681 1614 819 1684 tempore
839 1605 937 1670 futuri
953 1608 1140 1670 habitatione
1155 1617 1185 1670 et
1200 1625 1282 1670 com·

539 1699 641 1774 modo,
675 1700 799 1762 obtulit.
833 1701 890 1762 Pro
917 1701 1012 1780 ipsius
1039 1709 1143 1764 aulem
1172 1702 1283 1766 Vicarii

538 1792 704 1870 Apostolici
725 1796 967 1869 sustentatione,
994 1805 1093 1858 certos
1114 1795 1224 1858 fundos
1245 1796 1283 1858 ab

538 1887 646 1946 eodem
669 1885 734 1964 ipso
755 1887 804 1965 pio
833 1886 1042 1961 benefactore,
1074 1890 1198 1966 praevio
1219 1889 1283 1967 ple-

538 1978 626 2038 nario
647 1994 771 2040 assensu
800 1981 974 2044 carissimae
995 1982 1027 2044 in
1051 1983 1173 2046 Cbristo
1203 1983 1282 2045 filiae

538 2079 661 2133 nostrae
682 2071 793 2136 Mariae
808 2074 968 2136 Tberesiae
983 2075 1159 2152 Huugariae
1181 2085 1212 2138 et
1227 2077 1281 2138 Bo-

539 2165 659 2226 bemiae
680 2166 815 2243 Reginae
846 2167 989 2244 illustris,
1014 2170 1044 2230 in
1071 2169 1306 2232 Romanorum

537 2257 768 2336 imperatricem
793 2259 922 2334 electae,
951 2277 1050 2324 cessos
1072 2271 1102 2323 et
1124 2262 1280 2339 elargitus,

537 2349 658 2428 aliaque
679 2352 757 2414 bona
778 2369 793 2412 a
815 2352 972 2431 quondam
993 2352 1066 2415 llilo
1087 2353 1213 2418 Giulino
1235 2371 1282 2416 re-

538 2443 620 2518 licta,
642 2445 842 2508 attribuimus
857 2455 887 2507 at
901 2447 1111 2524 assignamus3
1135 2448 1220 2510 iuxta
1235 2465 1280 2524 ea,

538 2553 617 2614 quae
638 2537 670 2598 in
692 2538 843 2600 mandatis
864 2539 1004 2601 dabimus
1025 2541 1191 2618 apostolico
1211 2558 1282 2603 exe-

538 2631 640 2692 cutori
660 2629 698 2690 ad
719 2631 958 2708 praemissorum
984 2633 1129 2696 ellectum
1150 2651 1205 2713 per
1226 2651 1282 2697 nos

538 2722 729 2801 tleputand03
753 2740 855 2786 coram
871 2741 932 2804 quo
947 2727 1111 2801 verificari,
1128 2736 1158 2790 et
1175 2729 1206 2790 in
1222 2728 1284 2790 for·

538 2832 587 2878 ma
609 2817 670 2878 iuri
682 2817 780 2880 valida
800 2818 990 2881 constabiliri
1005 2819 1174 2897 debebunt,
1191 2838 1281 2900 quae·

538 2925 672 2988 cumque
703 2913 863 2988 pertinent
890 2913 926 2974 ad
955 2913 1146 2990 designatam
1178 2915 1282 2976 vicarii

538 3001 684 3079 praedicti
706 3000 930 3066 habitationem
952 3011 983 3065 et
1003 3005 1141 3067 redditus
1170 3021 1225 3083 pro
1248 3005 1285 3067 il-

538 3092 598 3156 lius
619 3095 847 3158 sustentatione
868 3097 1042 3160 attributos.

578 3187 598 3262 ἓ
618 3187 647 3248 f.
671 3188 852 3252 Praesentes
867 3190 994 3252 demum
1017 3191 1120 3254 literas
1140 3202 1170 3254 et
1192 3193 1225 3254 in
1239 3194 1282 3254 als

538 3288 684 3343 contenta
704 3289 735 3342 et
755 3288 867 3344 statuta
888 3298 1113 3362 quaecumque,
1137 3285 1283 3348 etiamen

538 3389 585 3448 eo,
609 3372 690 3452 quod
712 3373 844 3452 quilibet
860 3375 891 3436 in
913 3377 1099 3454 praemissis,
1115 3393 1170 3440 seu
1185 3379 1217 3439 ln
1233 3395 1284 3440 eo-

538 3483 611 3528 rum
631 3467 752 3546 aliquo,
783 3467 831 3530 ius
858 3476 912 3530 ant
938 3469 1089 3531 interesse
1120 3470 1280 3548 habentes,

538 3561 589 3622 vel
616 3561 729 3623 babere
760 3563 991 3639 quomodolibet
1027 3567 1280 3641 praetendentes,

538 3653 674 3714 cuiusvis
694 3659 803 3729 status,
827 3657 951 3731 gradus,
975 3657 1108 3732 ordinis,
1131 3658 1284 3735 praeemi-

538 3747 678 3822 nentiae,
711 3756 742 3809 et
773 3748 994 3810 ecclesiasticae
1026 3758 1079 3812 aut
1106 3753 1282 3814 mundanae

537 3839 695 3915 dignitatis
710 3841 856 3915 existant,
869 3842 961 3904 ctiam
974 3842 1112 3920 specifica
1124 3851 1156 3905 et
1172 3845 1283 3906 indivi-

537 3937 596 3998 dua
612 3935 771 3996 mentione
784 3934 883 4011 digni,
900 3934 961 3997 illis
973 3951 1036 3996 non
1054 3937 1281 4014 consenserint,

537 4043 594 4092 nec
608 4043 718 4090 eorum
733 4028 850 4107 aliquos
865 4030 900 4092 ad
919 4045 952 4091 ea
967 4039 1089 4093 vocatos
1103 4037 1134 4092 et
1149 4031 1280 4108 auditos,

537 4139 639 4202 neque
653 4139 767 4200 causas,
781 4130 906 4204 propter
922 4140 997 4202 quas
1012 4132 1189 4202 praesentes
1200 4141 1282 4186 ems-

538 4217 698 4292 noverint,
724 4218 796 4278 satis
820 4217 988 4279 verificatas
1019 4226 1072 4279 aut
1105 4219 1281 4281 iustificatas

537 4310 630 4373 fuisse
647 4310 704 4372 dici
720 4310 824 4388 possit,
837 4318 890 4374 aut
907 4311 1014 4372 exalia
1029 4311 1167 4390 qualibet
1187 4314 1281 4374 etlam

537 4404 664 4466 iuridica
682 4411 712 4465 et
734 4403 928 4482 privilegiata
942 4421 1041 4479 causa,
1058 4404 1171 4480 colore,
1195 4421 1281 4484 prae-

536 4503 625 4559 textu
637 4503 667 4559 et
680 4497 789 4574 capite,
809 4497 946 4558 etiam-in
959 4513 1086 4575 corpore
1104 4498 1181 4559 iuris
1199 4499 1280 4561 clau·

535 4607 580 4664 so,
598 4589 684 4652 nullo
698 4589 906 4667 subreptionis
920 4597 972 4650 aut
987 4591 1176 4668 obreptionis
1191 4593 1279 4667 vitio,

536 4699 592 4746 seu
613 4681 797 4746 intentionis
818 4690 960 4758 nostrae,
984 4693 1035 4747 aut
1057 4685 1207 4747 interesse
1231 4689 1279 4748 ba-

536 4777 679 4840 bentiunt
694 4792 872 4851 cousensus,
889 4777 989 4838 aliove
1006 4779 1144 4856 quolibet
1158 4779 1279 4842 defectu

536 4871 648 4946 notari,
670 4884 726 4931 seu
747 4884 856 4932 eorum
872 4869 1001 4932 obtentu
1018 4872 1210 4949 impugnari,
1226 4882 1280 4935 aut

536 4965 568 5026 in
598 4964 841 5026 controversiam
873 4965 976 5026 vocari
1002 4979 1103 5041 posse:
1127 4966 1179 5026 sed
1203 4976 1278 5028 tam·

536 5073 627 5136 quam
650 5058 816 5136 pronostri
837 5057 993 5134 apostolici
1015 5060 1155 5120 muneris
1171 5059 1278 5138 imple·

535 5163 653 5228 mento,
676 5156 711 5216 ad
734 5155 979 5233 promovendam
1001 5158 1177 5220 animarum
1198 5159 1277 5222 salu-

537 5257 599 5310 tem
620 5255 651 5310 et
671 5248 865 5326 spiritualem
895 5249 1034 5312 fidelium
1056 5252 1089 5312 in
1118 5253 1278 5330 praedictis

535 5341 607 5404 locis
629 5343 810 5418 degentium
827 5343 1006 5419 utilitatem,
1020 5344 1233 5424 plurimosque
1247 5355 1278 5410 et

534 5436 721 5515 perniciosos
735 5437 847 5497 abusus
863 5439 1079 5513 removendos,
1096 5449 1130 5499 ut
1145 5439 1277 5516 praefer·

534 5541 597 5606 tur,
614 5547 647 5591 ac
668 5539 756 5593 motu
778 5540 809 5592 et
830 5532 1013 5593 auctoritate
1035 5533 1220 5609 praemissis,
1236 5533 1276 5594 fa-

533 5631 595 5685 ctas
617 5631 647 5684 et
668 5632 835 5698 emanatas,
857 5623 1035 5685 omnimoda
1058 5625 1204 5687 frrmitate
1226 5641 1276 5687 va-

534 5715 608 5778 lidas
628 5721 659 5776 et
680 5715 816 5778 efficaces
838 5717 971 5778 existere
991 5725 1023 5777 el
1045 5716 1121 5791 fore,
1144 5733 1277 5797 suosque

533 5807 650 5870 debitos
672 5811 799 5873 effectus
820 5810 923 5871 sortiri
945 5818 975 5873 et
997 5810 1150 5887 obtinere,
1164 5819 1194 5872 et
1216 5811 1276 5874 illis

533 5905 568 5965 ad
589 5920 667 5982 quos
692 5914 823 5984 spectat,
846 5914 877 5968 et
898 5921 954 5984 pro
979 5913 1118 5984 tempore
1139 5910 1277 5985 quando-

1063 556 1127 601 tlte.
1152 555 1242 601 PONT.
1267 553 1306 598 DE
1328 553 1356 598 P.
1381 554 1408 598 F.
1435 556 1515 601 PARS
1537 554 1558 600 l.

1339 687 1474 752 cumque
1494 674 1651 752 spectabit,
1669 675 1850 753 plenissime
1864 675 2037 752 suflragari,
2053 691 2085 737 ac

1340 767 1512 844 respective
1526 767 1564 829 ab
1586 767 1620 830 lis
1640 769 1753 848 adquos
1775 769 1910 848 pertinet
1930 778 1963 830 et
1985 768 2017 832 iu
2033 784 2084 847 po·

1340 866 1458 922 storum
1474 875 1530 939 pro
1546 870 1684 941 tempore
1699 863 1880 940 pertinebit,
1894 863 1926 924 in
1943 862 2084 926 omnibus

1340 960 1370 1014 et
1392 969 1446 1032 per
1467 955 1571 1017 omnia
1603 955 1826 1018 inviolabiliter
1854 957 2011 1018 observari
2033 972 2085 1018 vo-

1339 1046 1489 1108 lumus-et
1503 1047 1688 1109 auctoritate
1709 1048 1863 1126 praedicta
1876 1049 2039 1112 statuimus
2054 1056 2084 1112 et

1339 1139 1546 1202 decernimus.
1644 1133 1648 1138 ’

1379 1234 1397 1308 5
1418 1235 1447 1296 5.
1464 1233 1575 1312 Sisque
1587 1242 1619 1297 et
1631 1250 1694 1297 non
1706 1235 1794 1298 aliter
1806 1251 1860 1314 per
1871 1251 2084 1316 quoscumque

1338 1328 1453 1391 iudices
1468 1327 1639 1390 ordinarios
1653 1336 1684 1390 et
1698 1343 1894 1407 quacumque
1910 1331 2004 1392 etiam
2014 1345 2083 1409 apo·

1338 1421 1442 1483 stolica
1463 1420 1643 1484 auctoritate
1659 1411 1826 1499 delegatos,
1842 1423 1934 1484 etiam
1950 1422 1981 1486 S.
1997 1423 2031 1484 ll.
2045 1425 2079 1486 E.

1340 1513 1514 1576 cardinales
1536 1514 1573 1575 de
1594 1513 1705 1576 Latere
1726 1514 1856 1591 Legatos
1878 1523 1909 1577 et
1935 1515 2083 1594 Apostoli-

1338 1623 1390 1668 cae
1404 1604 1489 1668 Sedis
1504 1605 1647 1682 Nuntios,
1669 1607 1806 1686 aliosque
1826 1607 1992 1686 quoslibet,
2013 1609 2082 1671 sub

1339 1699 1396 1762 lata
1418 1700 1463 1762 eis
1483 1707 1514 1761 et
1534 1715 1645 1761 eurum
1667 1701 1794 1762 cuilibet
1818 1701 1909 1763 aliter
1929 1702 2082 1766 iudicandi

1338 1799 1369 1852 et
1390 1790 1543 1852 statuendi
1568 1792 1750 1854 auctoritate
1771 1801 1801 1854 et
1823 1792 1981 1870 facultate,
2004 1796 2082 1860 iudi-

1337 1883 1398 1944 cari
1415 1890 1445 1945 et
1459 1883 1581 1946 definiri
1594 1884 1722 1959 debare;
1745 1902 1778 1948 ac
1794 1887 1920 1950 irritum
1932 1895 1963 1950 et
1978 1889 2081 1966 inane,

1337 1975 1360 2036 si
1383 1991 1470 2038 secus
1491 1991 1584 2054 super
1605 1977 1652 2038 bis
1672 1994 1688 2037 a
1710 1994 1866 2057 quoquam
1879 1981 2013 2044 scienter
2034 1982 2082 2044 vel

1338 2069 1517 2146 ignoranter
1538 2071 1705 2147 contigerit
1726 2073 1882 2135 attentari.

1377 2162 1396 2236 ἓ
1416 2161 1446 2222 6.
1469 2160 1539 2224 Non
1561 2163 1754 2226 obstantibus
1779 2175 1883 2228 nostra
1905 2173 1937 2228 et
1959 2169 2084 2233 cancel-

1338 2253 1429 2314 lariae
1451 2255 1642 2333 apostolicae
1669 2257 1775 2334 regula
1797 2260 1834 2321 de
1856 2261 1925 2322 iure
1945 2263 2083 2340 quaesito

1339 2363 1402 2408 non
1429 2347 1584 2424 tollendo,
1614 2349 1744 2429 aliisque
1768 2353 1952 2430 apostolicis,
1973 2371 2030 2420 seu
2051 2357 2082 2420 in

1339 2440 1577 2516 universalibus,
1601 2443 1858 2521 provincialibus,
1880 2457 1912 2510 et
1931 2451 2091 2526 synodali--

1337 2534 1394 2595 bus
1426 2534 1563 2596 conciliis
1592 2536 1682 2598 editis
1712 2539 1908 2613 generalibus
1936 2541 1986 2603 vel
2016 2559 2083 2622 spe·

1337 2627 1462 2689 cialibus
1484 2629 1758 2692 constitutionibus
1772 2638 1803 2692 et
1823 2631 2080 2714 ordinationibus

1338 2735 1396 2780 nec
1417 2735 1481 2781 non
1496 2721 1670 2798 quibusvis,
1686 2722 1779 2784 etiam
1795 2725 2083 2803 apostolicaesedis

1337 2812 1512 2888 tolerantia,
1534 2829 1588 2875 seu
1609 2829 1753 2892 expressa
1775 2817 2010 2884 confirmatione
2031 2823 2083 2885 vel

1337 2907 1444 2984 quavis
1475 2907 1623 2970 firmitate
1650 2909 1707 2970 alia
1739 2911 1902 2987 roboratis,
1924 2915 2029 2976 usibus
2052 2927 2083 2979 et

1337 2999 1633 3076 consuetudinibus,
1654 3002 1750 3064 etiam
1774 3004 2081 3086 immemorabilibus,

1337 3093 1509 3171 privilegiis
1521 3110 1656 3173 quoque,
1673 3095 1815 3173 indultis,
1833 3107 1886 3160 aut
1901 3099 1999 3164 literis
2013 3117 2084 3181 apo-

1336 3185 1463 3260 stolicis,
1486 3187 1614 3250 cuilibet
1636 3188 1792 3266 ecclesiae,
1810 3199 1862 3254 aut
1883 3194 2083 3271 quibuscum·

1337 3293 1398 3357 que
1418 3281 1570 3356 personis,
1593 3297 1787 3361 quacumque
1810 3286 2011 3351 ecclesiastica
2032 3291 2083 3352 vel

1339 3373 1496 3436 mundana
1519 3372 1669 3450 dignitate
1690 3375 1892 3456 fulgentibus,
1909 3381 2002 3444 etlam
2016 3398 2084 3461 spe-

1336 3466 1418 3528 cifica
1441 3474 1473 3528 et
1502 3466 1660 3532 individua
1691 3471 1852 3533 mentione
1879 3473 1998 3550 dignis,
2024 3477 2082 3540 sub

1336 3559 1585 3637 quibuscumque
1606 3559 1711 3622 formis
1729 3569 1761 3624 et
1777 3565 1945 3628 verborum
1966 3569 2083 3630 tenori·

1336 3651 1403 3726 bus,
1427 3653 1520 3714 etiam
1547 3663 1635 3714 motu
1662 3655 1758 3718 simili
1780 3659 1871 3720 etde
1899 3661 2082 3738 apostolicae

1338 3745 1494 3823 potestatis
1516 3745 1721 3824 plenitudiue,
1739 3766 1795 3810 seu
1816 3752 2080 3827 consistorialiter,

1335 3853 1369 3900 ac
1390 3836 1461 3898 alias
1481 3839 1712 3916 quomodolibet
1731 3841 1763 3903 in
1785 3845 1976 3908 contrarium
1998 3862 2082 3925 prae

1336 3931 1502 3994 missorum
1524 3933 1675 3994 concessis
1690 3943 1720 3996 et
1736 3937 1896 4013 emanatis,
1912 3955 1945 4001 ac
1965 3939 2082 4018 pluries

1335 4025 1536 4099 confirmatis,
1565 4025 1739 4102 approbatis
1765 4036 1797 4090 et
1818 4029 1991 4111 innovatis;
2013 4035 2082 4114 qui-

1336 4116 1392 4180 bus
1413 4117 1558 4180 omnibus
1586 4135 1619 4180 ac
1647 4119 1790 4198 siugulis,
1814 4125 1945 4202 etiamsi,
1969 4144 2024 4207 pro
2045 4128 2081 4190 il-

1336 4209 1438 4273 lorum
1458 4211 1624 4273 sufficienti
1646 4213 1856 4290 derogatione,
1873 4215 1910 4280 de
1933 4220 2005 4296 illis,
2028 4238 2079 4286 eo·

1336 4319 1470 4381 rumque
1493 4305 1563 4366 totis
1585 4305 1760 4382 tenoribus,
1776 4309 1926 4386 specialis,
1942 4316 2081 4392 specifica

1335 4406 1365 4459 et
1387 4397 1546 4460 individua
1568 4397 1686 4461 mentio
1709 4397 1859 4476 babendo,
1876 4419 1932 4466 seu
1953 4411 2082 4485 quaevis

1334 4490 1509 4552 allaforma
1532 4491 1621 4553 adid
1652 4495 1803 4554 servanda
1832 4493 1930 4571 foret,
1954 4499 2080 4564 illorum

1337 4595 1469 4660 tenores,
1493 4583 1617 4660 formas,
1630 4601 1734 4647 causas
1755 4593 1785 4648 et
1807 4591 1980 4654 occasiones
1996 4609 2080 4672 prae·

1333 4679 1473 4740 sentibus
1495 4695 1549 4756 pro
1567 4680 1659 4757 plene
1672 4688 1705 4742 ot
1717 4681 1908 4745 sufficienter
1928 4691 2080 4764 expressis

1333 4780 1365 4832 et
1394 4771 1586 4833 exactissime
1614 4777 1745 4834 servatis
1766 4781 1796 4836 et
1828 4777 2005 4855 speciftcatis
2033 4799 2079 4845 re-

1335 4865 1471 4943 spective
1492 4865 1651 4940 babentes,
1675 4866 1734 4928 illis
1751 4867 1822 4930 alias
1838 4869 1870 4930 in
1891 4887 1948 4934 suo
1968 4875 2080 4939 robore

1334 4959 1556 5038 permansuris,
1569 4957 1624 5020 bac
1639 4958 1706 5022 vice
1720 4961 1889 5038 dumtaxat,
1904 4973 1935 5026 et
1945 4967 1982 5030 ad
1995 4983 2080 5046 prae-

1334 5054 1498 5114 missorum
1514 5051 1671 5127 ellectum,
1689 5054 1868 5131 plenissime
1882 5059 2077 5140 derogamus,

1333 5148 1523 5222 caeterisque
1540 5148 1702 5208 contrariis
1723 5147 1980 5231 quibuscumque.

1372 5241 1484 5302 Datum
1500 5241 1625 5314 Romae,
1639 5242 1719 5319 apud
1734 5241 1765 5304 S.
1780 5243 1906 5306 Mariam
1921 5248 2077 5328 blalorem,

1331 5333 1389 5394 sub
1401 5332 1517 5394 annulo
1533 5331 1702 5407 Piscatorls,
1727 5333 1776 5395 die
1792 5351 1881 5396 xxxx.
1898 5341 2079 5404 novembris

1333 5441 1523 5502 unccxutx.,
1546 5425 1741 5504 pontificatus
1763 5429 1860 5491 nostrl
1883 5445 1965 5494 auno
1981 5449 2012 5496 x.

1580 5681 1831 5694 Ἣ
