4856 6984
118 565 213 615 1610.
236 561 303 614 1751

967 573 1163 622 euhemerus
1185 575 1248 620 xxv.
1803 549 1862 616 157
1913 550 1967 604 An.
1981 550 2011 604 d.
2033 547 2100 602 1751

336 699 428 776 gulis,
451 714 586 778 quorum
618 699 756 762 favorem
782 702 987 774 concernunt,
1016 695 1081 774 ple·

336 793 463 855 nissime
483 793 664 871 sullr·agari;
687 801 730 868 et,
746 794 771 856 si
786 809 873 856 secus
895 808 988 872 super
1003 791 1050 854 his
1065 810 1080 852 a

337 901 491 966 quoquam
516 887 625 964 quavis
657 887 838 950 auctoritate
867 886 1002 949 scienter
1030 887 1079 951 vel

337 980 517 1056 ignoranter
537 979 704 1058 contigerit
726 979 883 1056 attentari,
907 981 1034 1044 irritum
1049 989 1081 1043 61

336 1088 460 1150 prorsus
482 1073 574 1135 inane
596 1080 706 1136 esseet
722 1073 798 1150 1666,
814 1075 879 1153 pari
900 1077 1081 1139 auctoritate

336 1165 481 1227 volumus
503 1173 595 1244 atque
616 1166 825 1231 decernimus.

107 1261 318 1361 beonnarusqur-
375 1261 393 1336 ἓ
417 1261 463 1322 17.
488 1259 558 1324 Non
579 1261 772 1326 obstantibus
794 1264 831 1328 de
854 1265 921 1326 iure
943 1264 1080 1344 quaesito

122 1317 318 1380 uscnmquede·

105 1373 179 1425 rogat

337 1370 399 1416 non
422 1354 571 1430 tollendo,
594 1357 631 1418 de
652 1357 920 1434 suppressionibus
940 1358 1082 1419 commit-

337 1447 436 1510 tendis
451 1447 485 1508 ad
502 1455 612 1526 partes,
637 1451 762 1525 vocatis,
781 1465 915 1528 quorum
937 1450 1079 1524 interest,

335 1540 464 1620 aliisque
485 1543 648 1605 nostriset
671 1542 876 1606 cancellariae
891 1542 1081 1620 apostolicae

335 1633 479 1711 Regalis,
502 1650 627 1698 necnon
648 1635 746 1698 diotae
769 1635 913 1698 ecclesiae
934 1635 1009 1697 oiim
1031 1652 1083 1713 pa-

336 1727 518 1802 triarchalis,
532 1745 586 1807 per
602 1730 668 1804 nos,
681 1735 715 1790 ul
737 1729 923 1807 praefertur,
938 1744 1082 1807 suppres-

335 1835 385 1881 sae
406 1825 438 1881 et
459 1821 625 1896 extinctae,
649 1823 807 1884 erectione
828 1829 859 1884 et
886 1820 1078 1896 fundatione,

335 1912 542 1992 omnibusque
574 1922 604 1977 et
631 1914 762 1990 singulis
790 1915 962 1995 apostolicis
990 1929 1023 1976 ac
1048 1915 1080 1975 in

335 2003 532 2082 synodalibus
552 2023 687 2086 quoque,
703 2007 943 2087 provincialibus
965 2015 996 2069 61
1011 2007 1082 2069 uni-

336 2095 505 2161 uersalibus
540 2100 675 2163 conciliis
708 2101 812 2176 editis,
850 2101 900 2162 rel
935 2100 1078 2174 edendis,

334 2191 515 2270 specialibus
543 2193 594 2254 rel
624 2194 819 2272 generalibus
849 2193 1080 2258 constitutioni-

335 2283 391 2346 bus
426 2292 456 2347 et
490 2285 759 2365 ordinationibus;
801 2304 858 2350 nec
898 2303 961 2349 non
1000 2287 1082 2349 eius·

334 2373 404 2436 dem
436 2376 579 2440 ecclesiae
610 2378 683 2441 olim
705 2379 914 2458 patriarchalis
935 2395 989 2456 per
1011 2395 1078 2453 nos,

335 2475 370 2530 ut
397 2468 593 2546 praefertur,
625 2487 804 2550 suppressae
838 2471 884 2536 et'
903 2473 1078 2546 extinctae,

335 2562 427 2623 etiam
449 2564 685 2626 confirmatione
712 2565 874 2646 apostolica
896 2565 946 2628 vel
972 2565 1079 2644 quavis

336 2655 481 2718 firmitate
508 2657 564 2718 alia
585 2658 746 2732 roboratis,
768 2657 890 2719 statutis
905 2665 935 2718 et
950 2673 1079 2719 cousue-

337 2747 506 2823 tudinihus,
531 2751 625 2812 etiam
648 2750 961 2826 immemorabilihus3
984 2749 1079 2828 privi-

289 2879 292 2884 .
334 2840 423 2918 legiis
444 2858 578 2922 quoque,
597 2844 736 2918 indultis,
764 2844 1024 2918 concessionibus,
1048 2852 1078 2905 et

334 2937 550 2999 donationibus
577 2939 678 3001 eidem
706 2938 863 3014 ecclesiae,
886 2944 920 3000 ut
945 2937 1078 3017 praeser-

335 3035 396 3103 tur,
424 3045 603 3110 suppressae
624 3039 654 3093 61
678 3032 849 3106 extinctae,
873 3038 925 3092 aut
953 3032 1079 3110 quihus-

333 3139 468 3204 cumque
488 3127 638 3203 personis,
661 3143 856 3206 quacumque
877 3126 1077 3212 ecclesiastica

333 3223 385 3278 aut
406 3219 564 3280 mundana
586 3219 739 3296 dignitate
760 3219 964 3298 fulgentibus,
982 3236 1077 3298 quan-

333 3309 449 3370 tumrts
470 3309 607 3388 specifica
630 3318 660 3371 et
682 3311 841 3374 individua
856 3311 1018 3373 mentione
1034 3311 1076 3374 di-

333 3402 413 3478 gnis,
436 3403 530 3464 etiam
551 3403 763 3466 Romanorum
787 3405 969 3482 pontificum
992 3421 1078 3483 prae·

331 3495 524 3557 decessurum
547 3505 738 3572 nostrorum,
760 3498 997 3578 imperatorum,
1020 3498 1078 3559 Re-

332 3605 418 3666 gum,
440 3589 754 3668 llerumpubh'carum
769 3599 799 3654 et
818 3593 951 3655 aliorum
971 3609 1076 3673 supre-

332 3700 455 3747 morum
485 3686 662 3765 principum
690 3685 872 3750 auctoritate
907 3693 938 3748 61
970 3687 1078 3749 libera-

332 3778 440 3854 litate,
467 3797 522 3843 seu
548 3781 583 3843 ad
605 3780 734 3844 alicuius
755 3797 793 3842 ex
814 3798 904 3861 supra
926 3781 1077 3860 expressis

332 3871 521 3949 instantiam,
546 3873 697 3936 intuitum
719 3881 749 3934 61
769 3875 1075 3953 contemplationem,

330 3965 387 4027 suh
408 3967 654 4045 quibuscumque
671 3965 777 4028 formis
799 3976 830 4030 et
850 3968 1017 4030 verborum
1034 3974 1077 4029 16-

334 4059 471 4135 nuribus,
494 4061 589 4122 etiam
610 4066 698 4122 motu
719 4060 826 4136 simili,
848 4068 879 4122 et
901 4062 938 4124 de
959 4070 1075 4141 aposto-

332 4153 407 4216 licae
428 4155 587 4232 potestatis
617 4153 824 4232 plenitudine,
847 4171 901 4216 seu
927 4155 1075 4217 consisto-

332 4245 459 4322 rialiter,
475 4247 507 4308 in
530 4247 723 4310 contrarium
744 4249 982 4326 praemissorum
1005 4265 1076 4311 con·

331 4341 421 4402 cessis
443 4345 474 4402 et
495 4341 655 4416 emanatis,
673 4347 703 4402 et
719 4340 890 4416 longissimi
912 4358 947 4403 ac
968 4343 1077 4405 imme-

334 4432 488 4494 morabilis
516 4435 664 4514 temporis
692 4451 761 4508 usu,
791 4436 998 4518 possessione,
1021 4452 1075 4497 seu

332 4526 429 4605 quasi,
452 4527 596 4588 exercitis
620 4533 712 4606 atque
733 4526 937 4606 praescriptis.
961 4529 1076 4603 Quibus

332 4620 477 4682 omnihus
491 4629 522 4682 61
539 4619 683 4697 siugulis,
696 4621 817 4684 etiamsi
828 4623 865 4684 de
881 4621 940 4683 illis
954 4637 1076 4684 eorum·

332 4731 393 4793 que
413 4712 484 4775 totis
505 4713 664 4776 tenoribus
678 4719 709 4774 et
723 4713 831 4776 formis
849 4715 997 4794 specialis,
1009 4731 1075 4793 spe-

331 4809 457 4870 6116661
479 4806 638 4869 individua
659 4807 789 4882 mentio,
801 4823 856 4870 seu
877 4809 1003 4888 quaevis
1019 4809 1075 4871 alia

332 4901 488 4981 expressio
514 4900 664 4976 habenda,
688 4906 740 4962 aut
762 4900 862 4980 aliqua
891 4903 947 4965 alia
968 4905 1075 4982 exqui-

331 4994 386 5056 sita
408 4994 505 5056 forma
527 4995 563 5057 ad
584 4993 642 5054 hoc
658 4993 808 5055 servanda
828 4995 926 5073 ioret3
949 4997 1075 5060 illorum

334 5094 467 5163 tenores,
489 5087 568 5150 acsi
590 5088 627 5150 de
649 5088 744 5150 verbo
765 5089 801 5151 ad
831 5089 973 5165 verbum,
996 5091 1075 5155 nihil

332 5181 454 5258 penitus
483 5181 611 5257 omisso,
633 5188 664 5243 61
692 5181 790 5243 forma
812 5183 845 5244 in
874 5183 934 5246 illis
965 5185 1075 5248 tradita

332 5273 502 5344 observata,
526 5273 632 5335 inserti
654 5273 770 5350 forent,
786 5276 998 5353 praesentibus
1020 5294 1075 5357 pro

332 5367 483 5444 expressis
506 5367 664 5442 habentes,
689 5366 725 5427 ad
746 5367 988 5446 praemissorum
1010 5386 1074 5433 orn·

332 5459 418 5522 nium
439 5465 470 5522 61
483 5460 679 5538 singulorum
702 5461 858 5537 effectum,
876 5462 1022 5526 latissime
1044 5471 1074 5525 61

331 5551 520 5630 plenissime,
543 5569 577 5614 ac
603 5553 776 5631 specialiter
797 5563 827 5617 61
855 5571 1010 5634 expresse,
1037 5573 1075 5619 ex

331 5653 412 5707 certa
439 5647 567 5709 seientia
594 5652 743 5726 motuque
771 5654 802 5710 et
828 5651 985 5728 potestatis
1012 5652 1074 5731 ple-

331 5739 474 5803 nitudine
489 5740 624 5820 paribus,
640 5742 834 5818 derogamus,
847 5749 878 5804 61
892 5745 1074 5823 derogatum

1137 710 1202 757 esse
1232 693 1390 770 volumus,
1413 692 1604 772 caeterisque
1629 691 1790 756 contrariis
1814 689 1883 770 qui-

1137 789 1341 866 huscumque.

1175 883 1194 958 5
1219 882 1264 944 l8.
1289 881 1441 945 Volumus
1462 883 1568 958 etiarn,
1586 887 1621 945 ut
1642 881 1780 960 ipsarum
1795 897 1882 961 prae·
1900 888 2119 988 naffssaffll'ffi

1136 978 1273 1040 sentium
1288 977 1504 1056 transumptis,
1518 978 1613 1038 etiam
1634 975 1802 1055 impressis,
1818 990 1882 1036 ma·
1902 995 1952 1040 aet.

1138 1087 1180 1135 nu
1203 1071 1332 1135 alicuius
1354 1071 1466 1133 notarii
1495 1071 1607 1150 publici
1633 1070 1824 1148 subscriptis,
1852 1076 1882 1130 61

1136 1165 1240 1242 sigillo
1261 1165 1388 1227 alicuius
1404 1180 1553 1244 personae
1567 1163 1600 1225 in
1622 1162 1823 1225 ecclesiastica
1838 1161 1883 1224 di-

1138 1259 1253 1336 gnitate
1275 1259 1459 1322 constitutae
1485 1255 1633 1331 munitis,
1663 1257 1769 1318 eadem
1797 1270 1883 1334 pror·

1137 1369 1188 1414 sus
1201 1355 1274 1416 tides
1287 1354 1401 1432 ubique
1417 1353 1607 1426 adhibeatur,
1624 1367 1702 1429 quae
1717 1350 1789 1428 ipsis
1797 1365 1882 1428 prae·

1137 1447 1276 1508 sentibus
1290 1446 1499 1522 adhiberetur,
1511 1446 1536 1507 si
1547 1446 1650 1508 forent
1665 1443 1819 1506 exhibitae
1833 1442 1883 1505 rel

1138 1546 1287 1602 ostensae.

1176 1634 1195 1708 ἓ
1220 1633 1267 1696 19.
1292 1633 1376 1696 Nulli
1398 1649 1472 1711 ergo
1496 1633 1625 1697 omnino
1653 1631 1819 1694 hominum
1846 1631 1882 1692 li·
1935 1640 2044 1686 sanctio.

1138 1734 1202 1789 6661
1222 1728 1301 1790 hanc
1322 1728 1464 1806 paginam
1494 1734 1617 1790 nostrae
1644 1723 1881 1806 approbationis,

1136 1820 1370 1899 suppressionis,
1383 1820 1594 1896 extinctionis,
1611 1819 1740 1898 duplicis
1754 1819 1884 1880 erectio-

1138 1910 1197 1988 nis,
1214 1913 1456 1990 constitutionis,
1469 1913 1684 1987 concessionis,
1699 1910 1885 1991 impertitio-

1139 2006 1196 2080 nis,
1220 2007 1439 2085 exemptionis,
1456 2007 1658 2082 liberationis,
1672 2005 1882 2081 subiectionis,

1138 2099 1376 2174 commissionis,
1400 2099 1547 2175 mandati,
1571 2099 1698 2175 decreti,
1714 2099 1883 2176 derogatio-

1137 2191 1184 2253 nis
1205 2199 1236 2253 et
1265 2192 1432 2255 voluntatis
1465 2193 1648 2270 infringere,
1678 2192 1729 2254 vel
1750 2192 1778 2253 ei
1806 2206 1882 2252 ausu

1139 2284 1300 2348 temerario
1322 2287 1485 2348 contraire.
1510 2287 1541 2351 Si
1564 2287 1632 2364 quis
1647 2293 1752 2348 autem
1766 2285 1824 2346 hoc
1838 2290 1881 2344 at·

1136 2385 1257 2442 tentare
1271 2379 1522 2458 praesumpserit,
1542 2378 1788 2456 indignationem
1810 2376 1881 2440 Om-

1135 2467 1310 2549 nipotentis'
1327 2471 1392 2546 Dei,
1409 2479 1439 2534 61
1461 2472 1621 2534 beatorum
1636 2471 1717 2533 Petri
1736 2477 1767 2532 et
1782 2468 1879 2544 Pauli,

1137 2564 1354 2642 Apostolorum
1370 2567 1447 2640 eius,
1464 2582 1496 2626 se
1518 2565 1643 2627 noverit
1665 2565 1877 2626 incursurum.

1174 2657 1285 2720 Datum
1297 2659 1423 2734 Romae,
1436 2657 1513 2737 apud
1531 2658 1562 2722 S.
1580 2657 1705 2719 llariam
1722 2656 1879 2729 Maiorem,

1134 2764 1217 2812 anno
1229 2752 1448 2814 incarnationis
1460 2751 1637 2814 dominicae
1652 2751 1817 2812 millesimo
1833 2765 1879 2810 se-

1135 2844 1377 2921 ptingentesimo
1398 2845 1657 2924 quinquagesimo
1679 2845 1790 2923 primo,
1817 2842 1879 2921 pri-

1135 2935 1183 2998 die
1197 2954 1293 3000 nonas
1309 2938 1389 3014 iulii,
1405 2935 1601 3018 pontificatus
1620 2938 1719 3000 nostri
1736 2953 1817 2998 anno
1831 2952 1876 2997 xr.

1438 3317 1573 3383 CXXIV.

1136 3501 1371 3583 indulgentium
1386 3504 1567 3584 piccarium
1583 3505 1730 3587 largitur
1744 3507 1878 3570 6161166·

1173 3593 1259 3658 111666
1280 3597 1421 3678 definit-is
1443 3597 1552 3662 diebus
1573 3600 1721 3663 6661661616
1739 3602 1786 3663 661
1809 3619 1880 3664 uru-

1174 3691 1260 3754 toric
1274 3692 1559 3756 missiouartorum
1575 3693 1706 3758 06116116
1723 3695 1801 3760 Mirr.
1822 3696 1881 3758 Cu·

1171 3785 1395 3859 praecinerunt,
1409 3785 1579 3865 assipontd
1600 3805 1618 3850 o
1634 3789 1800 3867 superiore
1811 3786 1879 3851 61161

1171 3876 1303 3939 66616611
1315 3876 1520 3951 mulieribus,
1530 3877 1587 3942 ubi
1598 3879 1657 3942 166
1668 3882 1701 3942 t'rt
1717 3880 1792 3945 11166
1803 3883 1880 3942 6116-

1171 3972 1393 4034 richardorum
1423 3973 1549 4052 luprcdi
1575 3981 1756 4051 ucpocurtt,·
1783 3991 1878 4054 quoru

1173 4067 1411 4146 indulgentium
1434 4069 1545 4132 11661661
1566 4071 1787 4133 missionuriis
1808 4077 1877 4150 post

1171 4159 1344 4223 aduectum
1368 4162 1402 4223 166
1424 4163 1528 4224 locum
1550 4163 1712 4226 6116616616
1728 4170 1758 4226 61
1775 4166 1808 4226 tat
1823 4183 1878 4228 or-

1173 4254 1275 4316 116616
1295 4256 1410 4317 mortis
1431 4253 1486 4338 (1).

1301 4423 1621 4510 ΒΕΝΕῠΙῦΤυεΡΡ.
1642 4427 1713 4496 1111.

1251 4549 1287 4615 et
1310 4555 1481 4632 perpetuen
1503 4551 1547 4618 661
1575 4551 1755 4621 memorien.
1817 4563 1818 4566 ‘

1172 4724 1360 4789 Caelestium
1382 4744 1552 4791 munerum
1572 4730 1727 4805 thesauro,
1743 4746 1876 4810 qnorum

1132 4819 1393 4899 dispensationem
1405 4821 1476 4884 ddei
1491 4831 1614 4885 nostrae
1628 4823 1758 4887 credidit
1772 4822 1877 4885 divina

1132 4910 1281 4988 dignatio,
1310 4913 1445 4976 libenter
1466 4930 1641 4994 erogamus,
1663 4933 1736 4980 cum
1767 4919 1802 4980 ad
1824 4935 1876 4980 au·
1927 4917 1930 4923 ’

1132 5003 1263 5081 gentiam
1285 5005 1317 5068 in
1334 5005 1424 5069 terris
1439 5007 1636 5086 Sanctorum,
1654 5011 1685 5072 in
1701 5010 1791 5073 caelis
1805 5028 1877 5074 cum

1134 5097 1255 5162 Christo
1275 5099 1488 5176 regnantium,
1516 5101 1745 5181 fovendamque
1773 5110 1803 5165 et
1825 5120 1878 5165 ex-

1131 5191 1283 5253 citandam
1306 5207 1378 5270 erga
1400 5192 1468 5255 illos
1495 5195 1635 5258 fidelium
1664 5196 1874 5273 devotionem,

1131 5285 1296 5347 salubriter
1317 5288 1461 5364 expedire
1484 5288 1515 5349 in
1531 5289 1663 5350 Domino
1678 5289 1874 5352 arbitramur.

1171 5379 1189 5453 ἓ
1212 5377 1239 5438 1.
1266 5376 1548 5458 Supplicationihus
1573 5382 1676 5462 itaque
1697 5383 1799 5445 dilecti
1820 5384 1875 5445 dlii

1130 5471 1279 5533 Ludovici
1301 5488 1317 5532 a
1339 5472 1475 5535 Taurino
1505 5476 1711 5552 procuratoris
1737 5493 1770 5538 ac
1794 5493 1876 5538 oom-

1133 5563 1262 5625 missarii
1293 5566 1445 5641 generalis
1471 5566 1593 5632 Ordinis
1622 5567 1755 5630 fratrum
1780 5570 1877 5633 Mino-

1131 5671 1202 5718 rum
1224 5653 1254 5718 S.
1277 5657 1430 5721 Francisci
1452 5660 1697 5739 capuccinorum
1719 5679 1876 5742 nuncupa-

1132 5755 1237 5811 torum
1258 5749 1389 5830 nomine
1408 5752 1497 5814 nobis
1521 5769 1615 5833 super
1635 5754 1692 5818 hoc
1713 5755 1878 5820 humiliter

371 5959 401 6016 (1)
415 5959 453 6004 Ex
466 5963 528 6019 App.
543 5958 610 6006 Bull.
625 5959 698 6006 Pont.
713 5957 745 6005 de
758 5960 832 6018 Prop.
848 5959 911 6006 Fide
924 5959 974 6008 vol.
989 5964 1030 6020 ΙΙ,
1043 5973 1101 6020 pag.
1118 5922 1237 6021 66616611.
1253 5967 1300 6011 eto.

436 6081 488 6129 1666.
505 6082 574 6129 aaut.
590 6081 620 6129 616
637 6083 709 6146 drop.
726 6082 786 6131 l'tde
800 6083 882 6132 Partis
897 6086 916 6133 t.
931 6085 984 6134 Vol.
1000 6087 1041 6136 lll.
