4708 6978
344 528 398 580 an.
412 528 442 581 0·
465 529 533 582 1⁷4⁷
583 531 642 596 334
1087 551 1153 596 run.
1176 549 1267 598 nour.
1291 549 1331 596 nn
1353 551 1382 596 a.
1407 551 1436 596 ι.
1461 551 1543 598 rans
1566 551 1587 595 1.
2147 534 2241 590 lln.c.
2261 541 2315 594 1747

564 667 755 750 cogendum
775 669 834 732 hoc
855 667 890 730 ad
906 683 973 731 rem
988 672 1126 731 nostram
1141 665 1237 728 addit:
1255 664 1312 727 Le·
1365 683 1445 730 mam
1458 685 1474 729 a
1486 669 1567 745 lesu,
1580 669 1618 732 dc
1627 685 1767 732 concers.
1777 673 1875 750 gent,
1888 668 1942 733 lib.
1952 670 1983 746 9,
1997 683 2067 750 par.
2077 669 2112 742 2,

564 779 640 843 pum
662 769 780 834 terror,
803 759 919 840 quibus
946 761 1191 841 promulgandis
1213 758 1309 840 Reges
1366 777 1434 840 cap.
1455 762 1484 834 1,
1508 780 1581 844 pap.
1599 764 1677 827 635.
1700 763 1860 826 Praeviam
1881 763 2115 828 institutionem

562 855 711 919 seruiunt
732 856 841 919 divino
856 856 892 918 in
909 855 1034 927 timore,
1051 855 1100 917 ita
1113 854 1251 935 profuit,
1270 859 1308 916 ut
1366 856 1504 920 multum
1527 857 1564 920 ad
1588 859 1667 921 hanc
1696 873 1764 920 rem
1789 856 1929 922 conferre
1952 857 2116 922 latendum

562 965 650 1010 nnnc
671 948 732 1012 aiii
753 948 904 1012 dicant...
936 948 1062 1030 pretias
1085 947 1231 1019 Domino,
1254 944 1309 1024 qui
1365 957 1422 1012 est.
1446 949 1606 1029 Sapientes
1627 952 1848 1015 instructiones
1876 968 1932 1031 pro
1952 951 2117 1014 missione·

562 1041 695 1106 uincula
715 1046 828 1131 nostra
850 1043 1005 1121 disrupit,
1029 1047 1059 1104 et
1081 1058 1137 1103 nos
1158 1041 1198 1104 ad
1219 1039 1308 1118 pacis
1366 1043 1418 1106 riis
1440 1043 1555 1106 Romae
1575 1044 1608 1106 in
1629 1043 1731 1107 lucem
1747 1045 1846 1108 editae
1867 1061 1918 1106 an.
1939 1061 2115 1117 secacum,

443 1127 447 1137 '
561 1134 728 1198 uinculum
752 1137 938 1200 transtulit.
1365 1154 1433 1217 pag.
1456 1137 1511 1201 187
1532 1139 1608 1201 haec
1628 1140 1758 1204 habent:
1783 1142 1953 1205 Enimuero
1975 1156 2117 1218 conspre-

600 1229 683 1306 §lu
700 1231 845 1294 Hebraeis
860 1231 967 1308 igitur,
980 1237 1016 1294 ut
1030 1229 1219 1309 baptismum
1233 1233 1308 1296 aeci·
1366 1230 1477 1296 batum
1498 1238 1545 1296 est
1575 1235 1787 1313 superiectio,
1812 1234 2009 1298 christianos
2028 1234 2117 1312 peio-

562 1323 658 1402 piant,
680 1324 746 1387 vim
767 1324 867 1387 lacere
887 1324 972 1387 netas
992 1332 1056 1401 est;
1079 1341 1175 1402 quare
1194 1327 1307 1406 siquis
1366 1342 1414 1387 res
1437 1343 1500 1387 uon
1521 1327 1675 1400 inueniri,
1700 1343 1795 1406 quom
1821 1327 1876 1406 qui
1897 1334 1973 1391 ante
1994 1341 2118 1404 compe-

560 1417 778 1494 hebraeorum,
794 1418 918 1498 expleto
936 1419 997 1482 iarn
1015 1419 1190 1499 septennia,
1207 1423 1308 1483 calbo·
1367 1426 1484 1482 tentem
1506 1422 1756 1485 instructionem
1776 1423 1817 1486 ad
1839 1419 2034 1500 baptismum
2056 1411 2114 1486 ad-

561 1509 650 1574 licam
681 1513 866 1591 religionem
896 1513 1039 1592 amplecti
1066 1515 1180 1594 cupiat,
1209 1522 1262 1577 aut
1282 1513 1309 1576 si
1335 1521 1337 1531 '
1364 1514 1454 1577 missi
1474 1523 1574 1591 sunt,·
1595 1518 1708 1595 quippe
1724 1533 1788 1595 qua
1801 1515 1965 1597 facilitate
1982 1515 2117 1578 Christo

562 1622 626 1671 non
648 1607 739 1672 dubia
760 1611 814 1673 sed
835 1616 918 1672 certa
938 1607 1240 1685 significatiodetun
1256 1608 1308 1670 he-
1365 1624 1477 1672 nomen
1512 1610 1687 1685 debeant,-
1721 1609 1828 1673 eadem
1863 1614 1902 1672 ut
1932 1609 2116 1688 plurimum

561 1702 690 1768 braeum
711 1704 845 1783 aliquem
877 1705 1050 1783 praedictae
1077 1703 1184 1766 aetatis
1211 1701 1310 1780 bapti·
1365 1705 1521 1766 nuntium
1543 1704 1571 1766 ei
1594 1706 1771 1768 remittunt
1792 1709 1850 1766 etc.
1868 1704 2116 1783 quodquemise·

561 1815 666 1862 smum
688 1805 804 1879 petere,
827 1800 859 1860 in
881 1799 938 1862 hoc
959 1816 1028 1862 casu
1050 1805 1119 1861 tum
1133 1798 1238 1873 index,
1253 1798 1308 1876 qui
1367 1795 1525 1861 rabilibus
1541 1803 1596 1870 est,
1613 1798 1785 1861 deteriores
1800 1797 2003 1870 multarunt,
2018 1813 2117 1876 quam

562 1894 620 1956 boo
640 1892 796 1968 admonet,
829 1900 876 1955 est
907 1893 1100 1968 retinendus,
1125 1902 1193 1956 tum
1212 1906 1308 1953 sacra·
1365 1898 1442 1955 ante
1467 1890 1670 1970 baptismum,
1696 1899 1726 1954 et
1753 1892 1961 1955 correctionis
1983 1892 2116 1954 omnino

454 2041 457 2048 Δ
563 1991 663 2052 menti
684 1990 798 2067 petitor
819 2005 855 2051 es
876 1987 1081 2051 hebraeorum
1097 1986 1165 2049 vico
1180 2000 1310 2047 avocan·
1366 1988 1581 2066 impatientes.
1607 1987 1781 2051 Concilium
1800 1986 2021 2050 tridentinum
2036 2003 2115 2048 sess.

561 2082 630 2159 dus,
652 2081 890 2161 christianisque
909 2081 1076 2144 tradendas
1090 2088 1146 2156 est,
1163 2088 1199 2142 ut
1214 2079 1310 2140 inter·
1364 2082 1395 2154 6,
1420 2099 1488 2161 cap.
1509 2081 1532 2142 6
1552 2081 1678 2158 indicat,
1700 2097 1779 2160 quae
1804 2083 1921 2158 adulto,
1944 2082 1979 2144 ad
2001 2081 2117 2161 baptis·

562 2183 700 2254 rogetur,
723 2193 783 2255 qua
805 2177 999 2255 potissimum
1021 2174 1059 2238 de
1076 2191 1165 2238 causa
1179 2173 1258 2235 relit
1272 2172 1309 2234 ab
1366 2191 1452 2240 mum
1474 2193 1547 2239 cum
1567 2175 1722 2255 spirituali
1737 2175 1873 2240 utilitate
1888 2176 2115 2256 accipiendum,

562 2270 768 2334 hebraeorum
789 2271 1039 2335 institutionibus
1059 2269 1094 2332 ad
1114 2268 1229 2333 christi
1245 2266 1309 2331 cul·
1365 2279 1438 2333 sunt
1450 2271 1630 2334 necessaria.
1645 2271 1856 2338 Gatecbismus
1868 2269 2024 2333 Romanus
2039 2286 2119 2349 par-

564 2370 631 2426 tum
652 2363 813 2442 accedere3
846 2365 1014 2441 diligenter
1045 2363 1173 2425 demum
1195 2360 1309 2423 instrui
1367 2369 1396 2424 te
1416 2362 1438 2423 2
1459 2363 1495 2426 de
1517 2361 1674 2441 baptismo
1695 2379 1814 2427 moram
1836 2371 1868 2426 st
1891 2364 2066 2426 tarditatem
2081 2364 2117 2424 in

562 2457 663 2532 debet,
687 2466 722 2520 ut
742 2459 833 2536 paulo
855 2465 923 2536 post
944 2457 1151 2520 edocebimus.
1176 2455 1236 2518 llac
1256 2470 1309 2515 au·
1366 2458 1423 2520 boc
1445 2458 1571 2535 negotio
1586 2457 1718 2520 inculcat
1734 2473 1807 2520 cum
1822 2458 1931 2520 mortis
1946 2458 2117 2521 discrimen

563 2555 624 2610 tem
647 2547 779 2610 adbibita
801 2549 970 2626 diligentia,
986 2549 1011 2611 si
1026 2549 1105 2611 lorte
1119 2549 1247 2625 incapax
1263 2546 1309 2608 in·
1365 2552 1470 2614 abesse
1497 2549 1649 2613 videatur.
1674 2549 1798 2613 Dilatio
1829 2551 1955 2628 aliquas
1984 2551 2118 2613 uidetur

562 2641 735 2718 veniretur,
752 2642 867 2706 iterum
882 2643 995 2722 absque
1010 2642 1102 2706 dubio
1117 2641 1233 2705 ludaeis
1248 2647 1310 2704 tra·
1366 2643 1531 2708 utilitates
1553 2643 1679 2724 afferre,
1700 2645 1842 2722 primum
1857 2645 1941 2706 enim
1957 2650 2117 2722 quantum

562 2735 681 2797 dendus
700 2745 792 2799 esset.
818 2737 860 2800 Et
883 2737 1025 2810 memini,
1042 2737 1135 2799 rerba
1149 2742 1223 2799 sunt
1239 2735 1310 2798 Car·
1365 2737 1404 2802 ab
1426 2738 1556 2800 ecclesia
1583 2738 1814 2815 prouidendum
1839 2743 1896 2810 est,
1921 2754 1960 2800 ne
1981 2737 2051 2816 quis
2073 2737 2117 2798 ad

562 2827 674 2892 dinalis·
690 2828 792 2892 Albizi
814 2830 850 2892 de
880 2831 1017 2894 inconst.
1041 2832 1076 2893 in
1097 2830 1162 2912 fid,
1180 2845 1248 2907 cap.
1268 2826 1307 2888 11
1366 2832 1422 2894 boc
1442 2836 1682 2894 sacramentnm
1709 2831 1783 2912 picto
1814 2837 1845 2894 et
1866 2830 2021 2894 simulato
2042 2831 2115 2894 ani-

561 2920 620 2984 sub
642 2940 674 2984 n.
695 2923 752 2996 38,
776 2941 796 2987 a
818 2925 1063 3004 congregatione
1088 2924 1309 2988 consultorum
1366 2941 1415 2986 rno
1437 2925 1579 2998 accedat,
1605 2941 1714 2986 eorum
1735 2923 1977 3001 abiurataeque
1998 2925 2040 2988 ad
2062 2922 2117 2988 ba-

561 3017 669 3078 sancti
691 3017 785 3098 officii
804 3025 988 3080 reuocatum
1002 3019 1105 3100 [nisse
1119 3019 1161 3081 ad
1175 3031 1309 3080 ecamen
1365 3019 1518 3096 ptismum
1540 3018 1707 3091 accedunt,
1725 3018 1827 3099 magis
1842 3019 2045 3096 captaretur,
2063 3025 2115 3082 ut·

561 3123 699 3186 puerum
720 3112 885 3188 quemdam
909 3108 1088 3183 bebraeum,
1113 3111 1167 3190 qui
1195 3126 1309 3190 suppo·
1366 3127 1424 3190 que
1443 3112 1656 3191 perspicitum
1677 3112 1791 3174 deinde
1812 3111 1847 3174 in
1863 3112 1936 3192 fidei
1951 3111 2114 3184 doctrina,

562 3199 702 3264 uebatur
715 3203 844 3280 petiisse
859 3201 1066 3283 baptismum,
1080 3210 1110 3266 et
1125 3205 1165 3266 ad
1181 3204 1308 3266 domum
1365 3221 1460 3282 quam
1479 3206 1624 3283 profiteri
1647 3203 1768 3277 debent,
1790 3211 1820 3267 et
1842 3204 2045 3268 christianae
2068 3203 2116 3266 vi-

562 3294 862 3360 catechumenorum
884 3298 1034 3360 redactus
1049 3299 1175 3376 [ueram
1190 3297 1246 3376 qui
1261 3301 1311 3358 ta-
1367 3303 1419 3362 tne
1430 3297 1698 3362 institutionibus
1711 3299 1913 3362 erudiuntur
1924 3299 2113 3380 perfectius.

562 3403 633 3449 men
655 3389 731 3452 adeo
753 3389 871 3453 bebetis
892 3391 1016 3472 inponit
1042 3391 1130 3453 uisus
1152 3392 1233 3470 suit,
1256 3395 1306 3464 ut,
1365 3393 1467 3468 Quoad
1486 3409 1531 3469 ea,
1547 3409 1626 3472 quae
1640 3401 1712 3456 ante
1727 3393 1914 3472 baptismum
1929 3392 2034 3455 adulto
2048 3407 2116 3454 cre-

562 3481 691 3545 etiamsi
712 3484 900 3562 empleuisset
916 3483 1130 3564 septennium,
1148 3483 1309 3546 niltilomi-
1366 3489 1464 3551 denda
1495 3495 1586 3563 sunt,
1618 3487 1887 3550 animadversione
1915 3485 2048 3564 dignum
2068 3494 2117 3548 est

563 3595 624 3642 uus
645 3578 736 3657 patri
757 3577 888 3642 bebrueo
910 3579 1087 3642 restitutus
1109 3578 1188 3660 fuit.
1366 3581 1507 3657 dubium,
1530 3597 1586 3643 seu
1607 3581 1744 3660 quaestio
1766 3581 1802 3642 ab
1824 3580 1973 3658 Episcopo
1993 3579 2115 3656 Quebec

602 3675 621 3750 ἓ
640 3672 689 3735 tl.
703 3672 735 3736 Si
750 3677 921 3752 contingat,
934 3681 968 3736 ut
985 3671 1187 3734 hebraeorum
1200 3670 1309 3751 aliquis
1367 3673 1472 3738 Sancti
1487 3673 1583 3738 Officii
1599 3673 1839 3751 congregationi
1860 3673 2026 3750 proposita,
2042 3672 2117 3735 defi·

563 3776 662 3830 aetate
692 3767 815 3830 adultus
845 3767 1034 3846 baptismum
1054 3765 1173 3846 cupiat;
1197 3765 1222 3826 is
1242 3767 1311 3844 qui·
1366 3770 1429 3832 nita
1452 3784 1501 3832 ιιι.
1526 3769 1599 3832 maii
1626 3785 1675 3831 an.
1700 3783 1837 3831 unccrn.
1872 3767 2001 3836 Utrum,
2025 3771 2117 3829 ante·

563 3863 634 3926 dem
655 3871 701 3926 est
722 3862 916 3937 retinendus,
940 3859 1307 3936 aulevicoevocandns,
1366 3879 1462 3942 quom
1483 3863 1597 3924 adulto
1620 3864 1811 3943 conseratur
1831 3858 2002 3939 baptisma,
2020 3859 2116 3921 mini·
2192 3883 2195 3888 ·

563 3958 637 4020 durn
659 3957 725 4020 eius
750 3956 900 4036 optimam
930 3955 1126 4017 uoluntatem
1158 3954 1309 4033 quispiam
1366 3966 1433 4019 ster
1466 3964 1619 4020 teneatur
1648 3957 1677 4017 ei
1708 3955 1871 4034 replicare
1904 3949 2010 4017 emnia
2043 3953 2116 4034 fidei

564 4051 623 4115 lide
644 4051 756 4128 dignus
777 4057 951 4113 attestatur.
975 4049 1084 4124 Magna
1105 4049 1157 4111 llic
1178 4063 1252 4110 vero
1267 4049 1310 4108 di·
1367 4059 1496 4115 nostrae
1523 4049 1692 4126 mysteria,
1724 4048 1913 4126 praesertim
1934 4048 1963 4108 si
1984 4055 2030 4110 est
2052 4063 2116 4109 mo·

563 4143 691 4222 ligantia
712 4160 787 4224 opus
801 4150 859 4218 est,
876 4143 1067 4222 experientia
1082 4143 1241 4217 edocente,
1257 4143 1310 4204 lre·
1367 4141 1536 4215 ribundus,
1562 4142 1638 4220 quia
1661 4141 1717 4202 boc
1745 4136 1954 4218 perturbaret
1980 4143 2115 4200 mentem

563 4238 667 4300 bracas
687 4252 743 4298 seu
771 4236 929 4312 mulieres,
951 4253 1007 4299 seu
1029 4235 1145 4314 puellas
1166 4234 1311 4314 trequen-
1367 4235 1478 4309 illius·
1499 4255 1543 4300 an
1564 4253 1628 4298 nort
1659 4237 1829 4317 sufficeret,
1850 4236 1879 4297 si
1901 4233 2114 4298 moribundus

565 4338 612 4393 ter
633 4329 669 4392 ad
691 4331 877 4409 baptismum
899 4329 1078 4407 coningere,
1101 4345 1165 4392 non
1187 4328 1311 4406 religio·
1366 4330 1570 4408 promitteret
1597 4332 1676 4411 sore,
1702 4335 1740 4392 ut
1762 4327 1818 4392 ubi
1840 4345 1856 4390 e
1875 4327 1981 4392 morbo
2003 4345 2117 4391 conau-

563 4424 612 4486 nis
633 4423 685 4486 sed
713 4426 904 4488 matrimonii
932 4439 1032 4499 causa,
1055 4424 1136 4502 quod
1159 4423 1311 4485 nimirum
1369 4423 1506 4498 iesceret,
1525 4425 1756 4487 instruendum
1769 4443 1801 4486 se
1816 4429 1917 4497 curet,
1938 4428 1976 4485 ut
1992 4423 2028 4486 in
2040 4439 2117 4502 pra·

564 4521 769 4584 christianum
790 4519 924 4598 aliquem
944 4522 1126 4600 depereant:
1144 4535 1244 4580 mares
1259 4534 1313 4579 au·
1368 4518 1438 4580 mim
1460 4519 1597 4599 redigat,
1630 4519 1710 4597 quod
1731 4519 1759 4580 ei
1784 4518 2020 4597 praescriptum
2047 4519 2117 4598 [ue-

565 4624 629 4680 tem
649 4616 834 4680 christianae
855 4615 926 4679 tidei
947 4614 1135 4678 desiderium
1156 4616 1310 4692 affectare,
1368 4614 1440 4676 riti
1468 4612 1698 4693 despondetur,
1723 4631 1787 4678 nen
1815 4616 1956 4694 sufficere
1983 4614 2117 4691 promis·

565 4711 645 4792 quod
668 4711 858 4774 matrimonii
880 4711 940 4772 iam
958 4711 1107 4773 contracti
1122 4708 1246 4788 laqueos
1262 4711 1313 4772 de·
1367 4707 1507 4778 atnam,-
1527 4706 1580 4769 sed
1609 4707 1855 4796 missiouurium
1879 4707 1982 4769 teneri
2003 4707 2117 4769 adulta

565 4806 682 4869 clinare
703 4806 844 4884 cupiunt,
868 4813 898 4868 et
920 4819 1051 4866 uxorem
1080 4802 1243 4866 hebraeam
1265 4819 1313 4865 re-
1368 4801 1466 4863 etiam
1498 4798 1698 4874 moribunda,
1733 4802 1788 4880 qni
1816 4803 1957 4880 incapna
1988 4801 2117 4862 amitino

565 4899 720 4978 linquere,
734 4907 786 4962 aut
798 4899 878 4977 quod
890 4913 961 4960 aare
975 4897 1077 4960 alieno
1092 4898 1210 4973 gravati
1224 4903 1311 4972 sunt,
1368 4909 1431 4955 non
1461 4894 1517 4968 sit,
1548 4895 1711 4973 replicare
1741 4896 1897 4974 mysteria
1923 4895 2005 4974 fidei,
2036 4911 2117 4972 quae

565 5011 597 5056 ae
610 4992 761 5056 solvendo
772 4992 913 5071 impares.
928 4991 1030 5070 Atque
1045 4989 1167 5052 utinam
1183 4989 1214 5050 in
1227 5005 1312 5067 prae·
1367 4995 1445 5050 suut
1466 4989 1654 5050 necessitate
1672 4988 1778 5061 medii,
1797 4995 1834 5050 ut
1849 4996 1927 5052 sunt
1942 4989 2116 5068 praecipue

565 5087 737 5150 sentiarum
759 5101 823 5148 non
851 5085 1004 5160 eveniret,
1026 5084 1108 5162 quod
1138 5081 1312 5161 Stephanus
1368 5083 1522 5158 mysteria
1549 5081 1724 5146 Trinitatis
1746 5088 1776 5144 et
1797 5082 2050 5145 iucarnationis.

566 5180 768 5242 lamacensis
788 5179 909 5257 scripsit
930 5179 961 5240 in
977 5178 1066 5256 epist.
1084 5175 1208 5240 llllllll.
1226 5175 1313 5239 Raro
1407 5175 1427 5250 ἓ
1447 5175 1495 5237 42.
1513 5175 1666 5238 llactenus
1681 5174 1774 5236 verba
1789 5175 1918 5238 lecimus
1929 5175 1967 5237 de
1978 5175 2117 5238 hebraeis
2145 5167 2322 5227 notitiaque·

565 5272 697 5344 accidit,
722 5279 759 5336 ut
782 5272 818 5334 de
838 5269 935 5350 piebis
957 5270 1169 5332 circumcisae
1183 5269 1312 5333 duritia
1370 5269 1481 5332 adultis
1500 5269 1583 5332 ultro
1598 5270 1787 5348 baptismam
1802 5269 1995 5348 petentibns;
2012 5270 2115 5343 modo,
2135 5222 2324 5372 {biabgbranfflfitml

566 5366 602 5428 iu
623 5381 736 5428 novam
758 5363 905 5426 ecciesiae
920 5368 1055 5427 renatus
1070 5363 1260 5443 infantiam,
1278 5367 1313 5443 li-
1370 5361 1440 5423 linis
1462 5369 1496 5425 ut
1516 5361 1663 5440 epistolae
1683 5363 1873 5441 imponatur,
1897 5363 1934 5424 de
1948 5362 1985 5424 iis
1999 5377 2118 5424 sermo·
2135 5339 2187 5446 3²}ss
2205 5337 2323 5446 {gff‘qnui‘a'

567 5458 682 5520 deliter
703 5457 822 5536 aliquis
854 5464 1067 5519 conversetur.
1099 5456 1183 5518 lianc
1203 5471 1313 5518 vocem
1370 5471 1443 5517 nem
1464 5455 1679 5532 instituemus,
1695 5455 1818 5534 quibus,
1835 5453 2005 5518 infantium
2019 5463 2117 5517 aetate
2135 5441 2323 5554 {iiierffiissffl

567 5567 642 5614 roro
664 5552 704 5614 ita
725 5551 981 5629 interpretamur,
1012 5557 1046 5612 ut
1069 5563 1134 5611 non
1162 5564 1313 5626 negemus
1369 5549 1501 5628 expleta,
1524 5565 1582 5610 nec
1613 5549 1684 5628 ipsis
1715 5549 1842 5627 quidem
1868 5547 2046 5626 petentibus
2066 5549 2117 5610 ba-

566 5661 710 5723 persaepe
730 5644 877 5706 hebraeos
899 5645 935 5705 ad
957 5659 1063 5706 reram
1085 5642 1180 5704 iidem
1201 5643 1314 5704 divini·
1369 5643 1501 5721 ptismus
1521 5643 1712 5722 impertitur,
1735 5650 1771 5706 ut
1790 5659 1825 5703 re
1847 5643 1910 5722 ipsa
1930 5642 2061 5719 contigit
2082 5643 2116 5704 in

567 5746 616 5802 tus
638 5746 789 5813 evocatae,
812 5753 844 5800 ea
866 5737 972 5801 iecisse
990 5737 1106 5813 omnia,
1123 5751 1202 5814 quae
1217 5737 1313 5798 bonos
1370 5736 1495 5800 viviani
1515 5735 1610 5814 lact03
1634 5737 1716 5799 unde
1732 5735 1829 5798 oblata
1844 5736 1932 5798 nobis
1947 5735 2039 5797 huius
2052 5736 2116 5814 epi-

568 5831 662 5905 viros,
685 5838 716 5892 et
738 5830 829 5892 utiles
849 5831 1032 5893 christianos
1053 5829 1174 5893 decent.
1196 5829 1313 5892 Eorum
1368 5831 1463 5894 stolae
1479 5831 1720 5896 conscribendae
1750 5830 1866 5893 occasio
1888 5829 1957 5892 luit.
1982 5830 2009 5891 ls
2030 5829 2117 5890 enim

567 5923 741 5986 Elenchum
763 5921 833 5986 vide
854 5925 933 6002 apud
956 5923 1172 6000 possevinum,
1187 5931 1218 5986 et
1234 5924 1314 5986 Tiro·
1370 5931 1491 6006 praeter
1520 5923 1665 6000 inientes,
1688 5923 1784 5986 liliam
1814 5937 1969 5984 annorum
2001 5937 2117 5984 novem
