4744 6976
320 558 531 615 ‘An.c.1745
579 564 639 628 nte
1081 577 1147 625 rua.
1171 577 1262 624 roxa.
1286 576 1327 624 on
1347 575 1377 622 n.
1400 576 1429 622 u.
1454 575 1537 623 naas
1558 575 1581 622 1.
2029 632 2033 640 Ι
2138 559 2195 614 An.
2210 561 2244 615 0.
2267 559 2336 616 1745

893 698 970 766 th.
1361 697 1424 774 nia,
1446 698 1498 760 vet
1518 697 1668 761 maritum
1689 711 1830 772 uxerem,
1847 693 1897 759 vet
1916 710 2047 758 uxorem
2062 694 2108 758 vi-

1361 810 1434 857 rum
1454 810 1510 858 seu
1536 793 1697 867 maritum,
1720 797 1756 854 ut
1776 791 1957 854 catholicam
1984 790 2110 868 religie-

558 889 731 972 Dispensat
760 905 857 972 super
891 888 1152 968 interpellatione
1186 886 1306 966 prioris
1362 903 1436 950 nem
1464 887 1608 966 amplecti
1638 885 1768 978 pqssint,
1796 885 1950 960 deserere,
1972 884 2109 964 aliosque

598 984 745 1064 cantapia
761 984 796 1045 ire
807 982 1000 1061 infidelitate
1015 981 1134 1053 relicti,
1149 996 1221 1043 eune
1236 989 1306 1042 aec·
1361 981 1497 1062 captivos
1524 979 1630 1056 tactos,
1653 995 1669 1039 a
1690 979 1822 1058 propriis
1850 979 1965 1041 fluibus
1987 985 2018 1042 et
2039 995 2110 1058 prc-

497 1108 519 1146 ·,
596 1079 707 1156 pbptis
724 1077 758 1140 ia
772 1077 827 1138 Pio
842 1076 922 1138 Loco
937 1076 1239 1140 cathecumenorum
1256 1073 1307 1134 Ve·
1361 1075 1435 1154 priis
1466 1074 1650 1152 coniugibus
1678 1073 1710 1136 in
1738 1073 1811 1136 alias
1838 1074 1981 1151 regiones
2009 1079 2109 1136 trans-

597 1172 706 1244 netiis,
729 1169 936 1250 coepertum
957 1166 1168 1231 contrahendi
1189 1165 1305 1230 metri·
1361 1168 1453 1246 terri3
1485 1177 1578 1248 atque
1608 1170 1682 1232 adeo
1712 1167 1800 1232 dictis
1831 1167 1997 1246 utriusque
2016 1183 2109 1230 sexus

596 1265 740 1328 monium
761 1280 834 1328 eunt
853 1263 940 1344 fideli
961 1262 1016 1340 (t).
1361 1262 1550 1337 infidehbns,
1574 1263 1693 1326 ludaeis
1714 1269 1745 1324 et
1766 1262 1885 1338 Turris,
1901 1261 1938 1323 ad
1954 1263 2048 1326 fidem
2062 1279 2108 1325 ca·

1360 1355 1507 1418 thaliaam
1538 1356 1696 1419 conversis
1722 1355 1828 1418 deesse
1855 1356 1983 1419 modnm
2005 1363 2035 1418 et
2056 1371 2108 1434 op-

558 1443 733 1521 veneranti
752 1451 841 1519 tratri
870 1448 998 1516 uarttno
1027 1447 1128 1516 lunico
1152 1445 1304 1529 arehiep-
1360 1449 1596 1527 portunitatem,
1620 1448 1671 1512 vel
1691 1449 1763 1528 quia
1783 1449 1942 1512 interdum
1963 1449 1996 1511 in
2013 1450 2107 1512 hesti-

598 1562 692 1631 scopo
708 1543 930 1624 Oetcedcnien,
947 1541 1098 1621 moderno,
1115 1556 1234 1608 necnon
1251 1557 1304 1624 prc
1361 1541 1441 1605 tibus
1470 1551 1501 1605 et
1529 1542 1665 1604 barbaris
1692 1544 1871 1622 provinciis,
1899 1545 1936 1608 ad
1964 1560 2039 1622 quas
2067 1559 2107 1606 ne

597 1646 733 1724 ternpore
755 1637 897 1706 existenti
926 1639 1038 1704 Nostro
1060 1641 1092 1704 et
1114 1632 1205 1703 Sedis
1228 1633 1305 1717 hpc·
1361 1635 1480 1699 nuntiis
1494 1637 1627 1715 ,quidem
1648 1644 1732 1715 patet
1750 1653 1898 1715 accessus,
1914 1653 2109 1702 commoran-

599 1733 728 1802 etcttcee
751 1733 778 1800 tn
801 1732 927 1799 dominic
950 1729 1132 1798 Venetorum
1156 1727 1273 1808 Nuntio,
1360 1737 1423 1806 tur,
1447 1729 1498 1792 vel
1518 1731 1591 1808 qnia
1618 1731 1765 1807 ignorant
1792 1747 1918 1810 prorsus
1940 1731 2108 1810 inquibus

921 1814 922 1818 ’
1360 1824 1541 1900 regionibus
1561 1825 1635 1900 sint,
1658 1824 1709 1888 vet
1723 1825 1793 1904 quia
1808 1826 1929 1890 itineris
1944 1824 2108 1903 longitudo

717 1877 961 1948 ΒΕΝΕῑἈῦῘυ8
986 1879 1046 1946 pp·
1070 1877 1141 1946 m·
1360 1933 1506 1994 magnam
1527 1918 1616 1980 attert
1636 1919 1863 1995 difficultatem,
1885 1921 1922 1984 ad
1937 1920 2108 1983 monendos

739 2003 741 2010 ’
772 2016 961 2087 Venerabilis
983 2013 1092 2094 trater,
1360 2012 1664 2092 interpellandosque
1690 2012 1855 2092 utriusque
1881 2030 1973 2076 sexus
2000 2016 2108 2078 conin-

590 2118 718 2186 eetutent
741 2120 773 2181 et
794 2110 993 2197 apostolicam
1019 2107 1268 2176 benedictionem.
1361 2123 1425 2184 ges,
1448 2123 1491 2170 aa
1514 2105 1699 2170 cohabitare
1713 2106 1898 2196 ¹aeliratsirae
1912 2108 2107 2173 concrematio

1363 2202 1545 2276 Creatorem·
1560 2208 1652 2279 atque
1666 2201 1741 2262 hinc
1755 2201 1835 2277 heri,
1847 2209 1883 2265 ut
1897 2218 1962 2265 non
1977 2203 2107 2266 minima

351 2311 520 2358 prooemium.
596 2308 632 2371 ln
653 2321 798 2385 suprema
819 2300 987 2367 catholicae
1008 2299 1159 2364 Ecclesiae
1174 2295 1304 2361 admini-
1359 2295 1450 2359 novis
1471 2296 1554 2358 hisce
1575 2296 1781 2359 matrimoniis
1802 2296 1964 2360 obiiciatur
1978 2297 2108 2362 difficul-

555 2402 707 2466 s'tratione
728 2397 934 2463 imbecillitati
962 2402 1086 2459 nostrae
1106 2413 1122 2456 a
1143 2394 1304 2455 Pastorum
1361 2396 1417 2462 tas,
1440 2404 1501 2467 qna
1521 2389 1672 2465 obstante,
1688 2389 1865 2468 saepissima
1880 2399 1912 2452 et
1926 2391 2107 2468 gravissima

555 2496 695 2576 principe
714 2493 783 2555 Iesu
811 2491 932 2554 Christo
958 2489 1112 2566 imposita,
1135 2487 1218 2549 inter
1239 2501 1305 2548 cae-
1360 2483 1470 2544 damna
1485 2489 1648 2545 consecuta
1662 2490 1747 2574 sunt.
1765 2482 1935 2562 Eapropter
1950 2500 2107 2564 exponen·

555 2597 635 2653 teras
667 2585 863 2666 gravissimas
894 2581 1053 2662 pastoralis
1084 2580 1173 2643 officii
1205 2577 1303 2641 nostri
1359 2581 1405 2636 tes
1426 2573 1563 2653 praefati,
1593 2583 1628 2638 nt
1654 2575 1740 2638 hisce
1770 2575 1976 2640 incommodis
2007 2595 2109 2641 reme-

555 2681 779 2748 sctlicitudines
809 2695 842 2740 ae
873 2693 976 2750 curas,
1009 2690 1077 2737 eam
1108 2673 1303 2752 praecipuam
1359 2666 1446 2731 dium
1477 2669 1589 2732 ailerre
1618 2669 1746 2748 possint,
1780 2685 1835 2748 per
1856 2686 1912 2732 nos
1933 2679 2107 2750 opportune

555 2793 621 2839 esse
652 2774 749 2850 magis
779 2769 941 2849 magisque
962 2769 995 2830 in
1017 2769 1081 2830 dies
1109 2766 1301 2846 experimur,
1358 2763 1528 2840 provideri,
1551 2770 1593 2838 et,
1616 2770 1652 2826 ut
1672 2763 1763 2839 intra,
1786 2763 1942 2841 indulgeri
1969 2782 2106 2829 summo·

555 2887 614 2950 qua
635 2876 667 2931 et
688 2865 877 2932 creditarum
909 2862 996 2925 nohis
1027 2860 1135 2924 ovium
1156 2858 1302 2935 regimini
1358 2871 1432 2935 pere
1453 2855 1641 2920 desiderant.

555 2964 742 3043 prospicere,
769 2968 801 3024 et
829 2959 1003 3022 animarum
1033 2953 1125 3016 saluti
1158 2961 1303 3014 tenemur
1398 2949 1466 3025 52.
1491 2950 1553 3013 Nos
1575 2951 1672 3028 igitur
1702 2949 1797 3016 dictos
1828 2961 2019 3032 exponentes
2039 2971 2105 3035 spe·
2130 2961 2341 3024 quantumcun-

555 3057 727 3121 consntere.
1357 3044 1485 3107 cialibus
1516 3045 1674 3109 tavorihns
1696 3054 1726 3108 et
1753 3047 1859 3124 gratiis
1887 3049 2030 3126 prosequi
2052 3067 2105 3112 νο.
2124 3016 2341 3169 ξξῃζξζᾞξῇἓζξ

342 3157 400 3204 uon
414 3158 451 3204 ru
466 3157 536 3206 xnstx-
594 3151 613 3226 5
637 3149 664 3212 t.
687 3148 809 3226 Exponi
829 3145 985 3225 siqnidem
1005 3142 1094 3206 nohis
1109 3157 1210 3220 nuper
1222 3140 1303 3202 tece-
1357 3139 1467 3215 tentes,
1483 3148 1514 3202 et
1535 3155 1645 3202 eorum
1659 3140 1832 3217 singulares
1847 3157 1992 3222 personas
2007 3160 2023 3205 a
2038 3145 2106 3222 qui·
2123 3122 2340 3233 ᾎξξζᾎῖξὲῗωῗζ

323 3215 417 3258 ‘mm'
554 3251 631 3309 runt
661 3241 764 3306 dilecti
792 3240 847 3302 titii
879 3239 1000 3300 Priores
1021 3244 1052 3298 et
1072 3236 1301 3304 Gubernatores
1357 3236 1463 3298 busvis
1482 3233 1827 3310 excommunicationis,
1850 3237 2058 3314 suspensionis
2073 3245 2104 3300 et
2123 3229 2280 3330 {leiim
2303 3242 2340 3277 re-

552 3337 626 3400 Lcci
640 3336 684 3398 Pii
699 3336 996 3398 cathecumenorum
1010 3328 1300 3394 civitatisllcnetia-
1355 3328 1526 3403 interdicti,
1548 3327 1676 3407 aliisque
1696 3327 1906 3392 ecclesiasticis
1926 3331 2101 3406 sententiis,
2169 3317 2174 3328 ’

553 3446 637 3508 rum,
659 3429 741 3508 quod
762 3427 861 3490 Lacus
886 3426 958 3488 Pius
985 3422 1165 3486 huiusmodi
1191 3421 1229 3484 ab
1250 3439 1302 3485 us·
1356 3423 1494 3487 censuris
1515 3427 1546 3484 et
1571 3421 1691 3501 poenis,
1713 3440 1730 3482 a
1750 3422 1819 3484 inre
1846 3423 1898 3484 vel
1917 3423 1954 3486 ab
1975 3424 2103 3488 homine

553 3540 613 3604 que
634 3538 716 3586 anno
748 3538 870 3586 uuxvn.
892 3520 1038 3583 fundatus
1059 3536 1076 3580 a
1096 3517 1196 3580 tribus
1218 3515 1300 3577 viro·
1355 3519 1463 3599 quavis
1484 3518 1641 3580 occasione
1662 3517 1712 3579 vet
1733 3533 1820 3579 cansa
1843 3517 1922 3594 latis,
1938 3526 1970 3581 et
1991 3521 2104 3596 quihus

551 3635 624 3684 rum
646 3616 803 3682 dissimilis
824 3613 1023 3688 conditionis
1047 3627 1161 3691 nempe
1177 3609 1301 3686 regula·
1355 3612 1588 3692 quomodolibet
1602 3612 1741 3675 innodati
1753 3612 1896 3688 existant,
1908 3614 1944 3675 ad
1956 3613 2102 3678 etieatum

551 3713 647 3788 rium,
671 3710 824 3774 nobilium
844 3717 877 3771 et
898 3709 1027 3784 civium,
1043 3705 1215 3780 ordinibus,
1231 3702 1299 3782 qui·
1355 3708 1567 3786 praesentium
1589 3707 1749 3769 dumtaxat
1769 3708 2034 3786 consequendum,
2052 3709 2102 3770 ha-

551 3805 608 3868 hus
627 3821 683 3884 pro
698 3811 838 3882 tempore
853 3803 989 3866 existens
1004 3797 1190 3864 venerabilis
1205 3796 1300 3860 irater
1354 3817 1427 3864 rum
1457 3801 1537 3863 serie
1567 3799 1776 3876 absolventes,
1803 3807 1835 3863 et
1862 3799 2015 3864 absolutas
2036 3800 2103 3864 tore

550 3898 726 3960 Patriarcha
741 3896 946 3960 venetiarum
960 3910 1083 3972 semper
1097 3893 1299 3971 praeessede·
1355 3899 1528 3969 censentes,
1550 3892 1731 3956 huiusmodi
1757 3893 2033 3972 supplicationibus
2053 3895 2103 3960 in-

550 3989 613 4064 bet,
636 3989 818 4052 iamdudum
838 3987 1065 4062 administrare,
1089 3985 1167 4063 regi,
1190 3990 1220 4047 et
1242 3999 1298 4061 gn·
1354 3987 1472 4063 atinati,
1494 3988 1532 4051 de
1556 3985 1788 4064 venerabilium
1817 3987 1951 4051 fratrum
1983 3996 2104 4052 nostro·

466 4129 470 4135 .
549 4081 674 4144 hernari
694 4083 807 4161 pergit.
831 4082 866 4144 tn
888 4080 946 4143 hoc
960 4086 1066 4143 autem
1081 4077 1233 4154 infideles,
1249 4078 1298 4140 ln·
1354 4097 1426 4145 rum
1448 4082 1478 4145 S.
1503 4081 1538 4143 R.
1563 4080 1598 4142 E.
1631 4079 1842 4145 Cardinalinm
1864 4081 1897 4143 in
1928 4089 1990 4146 tota
2011 4099 2103 4163 repu-

550 4177 618 4238 daei
639 4183 669 4238 et
691 4177 808 4239 Parcae
823 4175 989 4254 utriusque
1003 4189 1106 4247 sexus,
1124 4172 1156 4234 in
1172 4171 1296 4235 distinc-
1353 4175 1431 4238 blica
1457 4174 1622 4238 christiana
1653 4174 1849 4251 generalium
1880 4175 2103 4255 inquisitorum

549 4269 589 4333 tis
606 4269 766 4344 cubiculis,
783 4269 821 4331 ab
836 4284 945 4330 eornm
961 4267 1132 4346 respective
1147 4264 1253 4327 Priore
1267 4271 1298 4327 et
1353 4269 1500 4330 adversus
1521 4267 1706 4330 haereticam
1721 4269 1906 4348 pravitatem
1920 4270 2101 4333 anctoritate
2127 4301 2130 4306 ·

549 4362 707 4437 Priorissa,
731 4370 889 4441 tamquam
908 4354 941 4422 in
955 4377 1030 4422 vera
1045 4365 1075 4421 et
1089 4358 1163 4422 reati
1178 4358 1297 4420 clausu·
1353 4361 1516 4438 apostatica
1547 4362 1766 4439 deputatorum
1794 4361 1934 4439 oonsilio,
1956 4362 2103 4428 fraterni·

548 4471 580 4516 ra
602 4455 817 4529 conviventes,
836 4453 1003 4516 catholicae
1025 4453 1096 4516 fidei
1118 4451 1297 4514 rudimenta
1353 4453 1408 4514 tati
1429 4462 1511 4528 tuae,
1535 4459 1565 4514 et
1586 4469 1643 4532 pro
1664 4461 1806 4534 tempore
1823 4456 1970 4520 existenti
1984 4455 2102 4520 Nuntio

548 4553 579 4609 et
590 4548 734 4626 dogmata
748 4545 928 4623 edocentur,
941 4564 974 4609 ac
989 4547 1198 4627 postmodum,
1212 4558 1297 4623 prae·
1353 4545 1569 4621 venetiarum,
1585 4554 1621 4608 nt
1635 4563 1708 4610 cnm
1722 4548 1971 4628 quibuscumque
1986 4551 2103 4614 utrius-

548 4641 649 4706 missis
670 4639 771 4717 longis
798 4639 1063 4719 diligentibusque
1089 4640 1295 4714 examinibus,
1335 4656 1413 4718 ·que
1433 4655 1525 4702 sexus
1553 4641 1731 4718 neophytis,
1761 4641 1811 4703 vel
1839 4641 2027 4717 infidelibus,
2051 4642 2103 4706 vel

547 4734 580 4797 in
602 4735 725 4814 propria
746 4734 819 4798 dicti
839 4733 911 4796 Loci
932 4735 977 4795 Pii
997 4735 1122 4797 ecclesia
1141 4733 1234 4796 sacris
1249 4733 1296 4796 lu·
1352 4733 1481 4810 ludaeis,
1504 4734 1556 4796 vet
1583 4735 1702 4810 Turcis,
1732 4734 1860 4814 altisque
1888 4735 2027 4814 personis
2048 4753 2102 4800 cu-

546 4828 693 4905 stralihus
720 4828 808 4907 aquis
836 4828 1027 4890 abluuntur:
1057 4828 1143 4890 illam
1162 4827 1296 4889 subinde
1351 4828 1536 4907 iuscumque
1557 4835 1658 4890 sectae
1678 4828 1857 4891 huiusmodi
1878 4828 1911 4890 in
1926 4829 2006 4892 dicto
2020 4828 2101 4894 Loco

546 4922 667 4984 Priores
688 4928 719 4984 et
740 4921 970 4984 Gubernatores
997 4921 1144 5000 praedicti
1164 4920 1222 4982 sibi
1244 4937 1296 4982 cu·
1351 4922 1404 4984 Pio
1426 4937 1480 5002 pre
1502 4929 1643 5002 tempore
1657 4921 1874 4998 existentibus,
1890 4938 1946 4985 sen
1961 4923 1994 4985 in
2009 4922 2101 4986 illum

547 5030 615 5076 ram
636 5023 815 5092 assumunt3
845 5022 880 5077 ut
908 5015 1058 5093 neophyti
1086 5013 1213 5092 quidem
1238 5013 1296 5076 hu·
1351 5015 1436 5092 prius
1463 5015 1596 5094 receptis
1617 5021 1648 5077 et
1668 5014 1817 5090 admissis,
1848 5032 1882 5078 ac
1903 5017 2099 5095 postmodnm

547 5106 681 5170 iusmodi
702 5107 735 5170 in
757 5107 794 5170 iis
814 5123 894 5183 sese,
917 5124 972 5186 pro
987 5122 1043 5169 sno
1059 5107 1190 5185 quisque
1204 5112 1296 5184 captu
1350 5106 1423 5170 inde
1444 5107 1588 5184 egressis,
1609 5123 1683 5170 vere
1697 5109 1733 5171 ad
1749 5109 1844 5172 tidem
1859 5109 2030 5184 conversis,
2047 5109 2101 5188 qui

548 5207 578 5262 et
592 5201 733 5282 ingenia,
745 5208 910 5264 exerceant
923 5201 1053 5276 artibus,
1065 5208 1101 5262 nt
1112 5200 1208 5261 vitam
1224 5199 1296 5262 inde
1350 5209 1423 5264 ante
1437 5202 1626 5280 baptismum
1641 5201 1850 5279 matrimonia,
1863 5209 1897 5265 nt
1913 5203 2099 5281 praefertur,

546 5292 677 5356 honeste
697 5295 826 5370 ducant,
855 5294 1030 5374 neophytae
1055 5308 1131 5355 vera
1157 5292 1194 5354 iis
1215 5291 1294 5354 elee-
1350 5296 1573 5371 contraxerint,
1597 5303 1632 5358 ut
1652 5310 1763 5358 acrum
1781 5295 1925 5373 quilibet,
1941 5296 2034 5358 etiam
2049 5313 2101 5358 sn·

547 5402 749 5466 mosynarum
768 5387 912 5450 subsidiis
934 5387 1171 5461 coadiuvantur,
1188 5393 1223 5447 ut
1243 5384 1294 5446 vet
1350 5389 1478 5466 perstitc
1499 5389 1634 5466 coniuge
1653 5387 1784 5464 infideli,
1808 5388 1919 5452 Iudaeo
1940 5397 1971 5450 et
1987 5390 2097 5466 Parca,

546 5479 580 5540 in
601 5481 744 5554 Domina,
767 5480 817 5542 vel
832 5478 864 5541 in
879 5479 1013 5555 saecule,
1029 5479 1148 5542 nubere
1162 5479 1291 5557 possint.
1351 5481 1445 5544 etiam
1465 5482 1533 5544 eius
1560 5497 1713 5545 consensu
1735 5482 1785 5544 vet
1810 5481 1961 5561 requisito
1982 5488 2013 5544 et
2035 5497 2099 5544 ncn

329 5581 471 5646 canentes
485 5581 530 5646 vnq-
547 5571 698 5646 Quoniam
726 5581 830 5636 autem
850 5589 941 5652 saepe
965 5571 1108 5650 contigit,
1131 5571 1294 5652 utriusque
1351 5579 1520 5652 expectato,
1537 5574 1588 5636 vel
1602 5574 1733 5636 minime
1747 5575 1915 5653 requisita,
1930 5575 2099 5638 dummodo

315 5637 529 5746 ffiodiiihe'cbssbff'
547 5681 639 5728 sexus
659 5665 819 5746 infideles,
834 5666 960 5730 ludaeos
982 5674 1013 5729 et
1034 5665 1169 5728 Purchas
1188 5663 1295 5728 huius·
1350 5667 1444 5729 etiam
1467 5667 1522 5728 tihi
1544 5675 1663 5730 constet
1686 5668 1857 5730 summarie
1878 5675 1909 5733 et
1932 5668 2100 5732 extraiudi·

548 5761 644 5837 modi,
665 5766 732 5839 past
753 5768 908 5824 contracta
929 5759 1040 5839 gentili
1054 5759 1118 5821 ritu
1134 5757 1293 5822 matrimo·
1350 5757 1481 5834 cialiter,
1504 5759 1673 5837 coniugem
1694 5760 1854 5824 absentem
1879 5761 2002 5824 moneri
2024 5759 2099 5837 legi·

589 5975 620 6038 (l)
635 5973 752 6021 exeun.
767 5977 827 6021 Ben.
842 5975 903 6020 XIV.
920 5976 1018 6020 Romae
1032 5973 1071 6023 sd.
