4820 6980
60 1941 287 2060 eceteram

60 2053 287 2096 mmmm

61 2102 286 2149 causasnblolens

62 2167 112 2211 pro
128 2155 196 2214 disp.
214 2166 271 2214 gan.

934 604 1132 652 nnnnulcrtts
1153 604 1218 652 xlv.

302 729 371 800 tur;
393 738 457 785 non
489 729 612 802 eutem,
636 733 672 788 ut
693 725 825 804 populus
855 725 906 787 vel
928 725 1049 800 integra

301 815 411 878 civitas
420 815 502 880 idem
511 817 711 896 privilegium
722 819 871 882 obtineat.
880 818 953 892 Quis
964 819 1050 881 enirn

301 908 362 970 sibi
383 910 569 987 persuadere
584 912 689 989 possit,
705 911 788 974 cives
810 912 974 975 universos
996 911 1049 973 ali·

303 1003 392 1064 cuius
413 1003 500 1065 urbis
521 1003 571 1065 rel
593 1003 750 1078 dioecesis,
779 1003 887 1066 eodem
910 1011 1050 1084 tempore

304 1094 615 1170 gravissimo'morbo
630 1097 741 1171 teneri,
754 1097 804 1159 rel
819 1097 851 1159 in
867 1097 976 1161 eodem
990 1097 1050 1160 dis-

302 1188 437 1250 crimine
460 1189 573 1250 versari
595 1205 713 1264 omnes,
730 1196 765 1252 ut
782 1191 985 1268 periculosam
1001 1206 1049 1252 ae-

303 1281 496 1357 gritudinem
511 1281 712 1344 contrabantl
727 1282 793 1344 Nisi
808 1282 887 1344 lorte
902 1300 954 1346 eos
968 1299 1051 1344 mor-

303 1375 357 1437 bos
378 1373 609 1451 intelligamus,
631 1377 684 1454 qui
706 1377 743 1438 ab
763 1377 840 1438 aeris
863 1377 1050 1455 intemperie

304 1467 354 1530 vel
376 1467 543 1530 infectione
565 1475 760 1547 promanant,
774 1470 810 1530 de
825 1469 937 1547 quibus
959 1470 1049 1547 paulo

303 1569 370 1641 post
384 1562 478 1624 rerba
493 1561 652 1624 iaciemus.
675 1564 749 1638 Quis
769 1565 871 1625 credat
888 1577 1048 1641 umquam,

304 1655 455 1734 populum
477 1655 660 1717 universum
682 1655 810 1718 alicuius
833 1656 978 1718 dioecesis
1000 1655 1049 1716 vel

303 1749 464 1810 communi
497 1747 647 1824 languore
675 1749 800 1826 penitus
827 1755 1048 1822 extenuatum,

304 1839 354 1901 vel
375 1847 514 1901 extrema
535 1848 696 1902 senectute
716 1839 910 1903 conlectuml

344 1934 364 2008 ἓ
386 1932 433 1994 le.
457 1931 564 2011 Neque
578 1949 651 1994 vero
667 1950 754 1995 causa
769 1932 925 1996 sulliciens
935 1934 1049 1995 haben-

304 2027 341 2088 da
363 2032 420 2102 est,
443 2033 477 2088 ut
499 2026 599 2105 aliqua
628 2025 735 2088 civitas
760 2025 811 2088 vel
833 2027 963 2105 populus
985 2025 1050 2087 abs-

307 2120 439 2182 tinentia
459 2118 713 2197 quadragesimali
736 2119 903 2194 liberetur,
930 2119 1050 2196 ipsique

304 2231 411 2278 carnes
431 2215 666 2293 permittantur,
682 2214 706 2274 si
722 2213 802 2276 lorte
816 2215 913 2291 pisces
928 2213 977 2275 rel
993 2228 1048 2272 ova

304 2323 374 2370 cero
396 2307 496 2386 pretio
516 2307 703 2368 vendantur.
733 2306 819 2369 Sicut
844 2308 930 2368 enim
958 2304 1050 2367 urbes

305 2399 418 2461 babent
439 2413 553 2474 egenos
574 2398 669 2474 cives,
692 2400 733 2460 ita
754 2399 847 2460 etiam
869 2399 1048 2477 opulentos;

303 2493 454 2571 equibus
480 2492 574 2552 etiam
600 2491 652 2552 alii
678 2492 759 2553 ritae
789 2493 1050 2553 sustentationem

303 2586 406 2649 labore
430 2600 463 2645 ac
484 2584 597 2646 sudore
616 2585 673 2647 sibi
695 2590 884 2663 comparant,
904 2584 954 2646 alii
975 2602 1049 2648 vero

303 2680 492 2760 patrimonio
506 2694 539 2742 ac
559 2678 675 2740 divitiis
690 2678 763 2738 satis
783 2693 939 2756 superque
953 2679 1050 2740 abnn-

302 2774 387 2836 dant.
411 2773 527 2850 ltaque,
539 2771 564 2833 si
577 2787 631 2848 pro
648 2771 786 2833 emendis
807 2771 939 2848 piscibus
955 2787 1049 2848 grave

302 2870 441 2947 pretinm
461 2867 647 2932 solvendum
669 2867 721 2938 sit,
744 2865 771 2926 id
794 2865 920 2944 quidem
943 2867 1049 2941 egenis

302 2965 432 3036 civibus,
449 2977 512 3024 non
528 2978 602 3023 vero
617 2961 777 3035 divitibus,
794 2961 993 3036 suffragatur.
1016 2959 1048 3021 lcl

304 3063 446 3118 asserunt
467 3055 558 3117 etiam
581 3054 728 3116 nonnulli
751 3053 886 3128 theologi
908 3052 987 3114 baud
1003 3068 1050 3114 se-

304 3150 433 3213 verioris
447 3147 638 3225 disciplinae,
652 3162 787 3224 quorum
802 3146 988 3208 sententiam
1003 3161 1049 3206 re·

304 3243 484 3307 censuimus
504 3241 603 3319 capite
624 3254 707 3300 nono
733 3239 802 3300 libri
826 3239 910 3314 tertii
931 3246 1051 3299 nostra-

205 3365 208 3372 *
303 3351 376 3400 rum
408 3333 662 3406 institutionum,
693 3349 767 3410 quas
789 3331 946 3393 Bononiae
967 3331 1050 3410 typis

98 3533 152 3576 Nec
172 3531 285 3578 militum

65 3585 206 3630 stationes.

84 5211 137 5254 Nec
146 5205 199 5270 alla
209 5217 239 5252 cx
249 5215 288 5262 pe-

71 5260 216 5308 cnllarrbus
231 5259 289 5306 cau-¹

71 5317 288 5376 sissnprereoen·

71 5370 138 5418 sitis.

304 3429 528 3507 impressimus·

345 3526 364 3601 5
382 3521 428 3584 to.
442 3521 519 3583 lllud
531 3520 625 3582 etiam
637 3519 730 3582 inane
740 3524 953 3584 commentum
965 3534 1052 3597 pror-

303 3634 355 3680 sus
375 3613 548 3678 existimari
569 3612 670 3688 debet,
690 3612 850 3674 solvendas
872 3628 938 3672 esse
959 3612 1052 3672 absti-

304 3708 410 3772 nentia
433 3706 684 3787 quadragesimae
705 3706 844 3767 ciritates
861 3704 911 3766 rel
933 3706 1050 3767 dioece-

303 3819 362 3877 ses,
378 3802 432 3864 ubi
452 3801 607 3862 exercitus
629 3807 804 3874 versantur,
820 3815 856 3860 eo
871 3799 951 3876 quod
968 3798 1051 3860 mili-

304 3903 349 3958 tes
377 3895 473 3954 iniis
500 3892 574 3954 locis
601 3898 820 3970 permanentes
845 3891 1050 3951 abstinentiae

304 3987 388 4064 leges
409 3986 540 4048 minime
555 3985 734 4046 observant.
760 3985 789 4046 ld
813 3984 916 4061 potios
930 3983 1050 4044 animos

302 4081 420 4143 civium
451 4079 645 4140 inflammare
671 4075 798 4138 deberet
828 4076 863 4137 ad
895 4075 1049 4137 ieiunium

303 4173 362 4234 rite
385 4170 590 4250 religioseque
612 4169 857 4247 suscipiendum,
883 4174 915 4229 ut
937 4183 1050 4244 nempe

303 4265 420 4326 milites
435 4272 517 4324 tanta
533 4264 651 4323 virtute
667 4261 889 4338 temperantiae
903 4259 1048 4338 permoti,

303 4359 441 4437 ipsorum
458 4354 638 4432 exemplum
656 4363 837 4431 sequantur.
854 4353 933 4416 Illud
948 4352 1050 4414 solum

303 4449 508 4531 prolegitima
525 4464 612 4509 causa
634 4447 667 4508 in
680 4446 818 4507 medium
838 4445 968 4522 proferri
985 4454 1051 4523 pot-

303 4551 360 4618 est,
383 4542 481 4620 copias
504 4540 640 4602 militum
664 4546 780 4601 tantam
802 4538 913 4600 allerre
933 4538 1050 4600 civitati

302 4637 465 4715 penuriam
487 4634 653 4695 herbarum
677 4638 771 4709 atque
791 4631 863 4706 olei,
885 4631 956 4693 licet
977 4647 1050 4710 qua-

302 4729 493 4806 dragesimae
521 4727 638 4790 ieiunio
667 4741 730 4787 non
759 4724 992 4802 obtemperent,
1017 4735 1050 4788 ut

303 4826 415 4886 barum
437 4837 545 4883 rernm
575 4820 671 4898 pretia
692 4834 892 4896 summopere
917 4835 1050 4895 augean-

305 4924 366 4979 tur.
396 4915 483 4978 'luno
514 4922 618 4976 autem
638 4913 747 4974 eadem
773 4910 934 4973 statuenda
964 4921 1049 4985 sunt,

304 5024 382 5088 quae
397 5007 487 5087 paulo
502 5015 576 5069 ante
590 5007 738 5080 diximus,
750 5021 823 5068 cum
837 5005 934 5082 pisces
948 5011 979 5065 et
995 5019 1051 5065 ova

303 5102 414 5165 cariori
435 5101 535 5179 pretio
555 5106 782 5179 comparantur.

345 5198 364 5272 ς
385 5196 436 5259 20.
461 5195 558 5272 lgitur
579 5193 748 5272 peculiares
769 5191 888 5266 morbi,
911 5191 1052 5267 quamvis

306 5292 497 5370 irequentes,
514 5290 722 5366 inposterum
743 5305 798 5367 pro
820 5305 909 5350 causa
930 5286 1052 5348 solven-

306 5387 362 5448 dae
382 5384 586 5448 abstinentiae
600 5399 664 5444 non
680 5381 884 5455 adducantur,
900 5380 958 5443 nisi
974 5380 1053 5441 torte

305 5477 425 5541 civibus
447 5477 601 5540 universis
629 5475 721 5536 iidem
745 5473 845 5536 morbi
871 5487 1053 5564 communes

306 5570 477 5634 habeantur
491 5571 530 5634 ob
551 5569 685 5648 aliquam
707 5570 786 5630 aeris
801 5567 1050 5644 corruptionem:

306 5680 409 5742 neque
425 5665 457 5726 in
470 5671 629 5742 posterum
642 5663 820 5736 berberum,
837 5660 909 5737 olei,
922 5661 1054 5740 piscium

306 5769 337 5822 et
359 5775 490 5822 ovorum
511 5758 610 5836 pretia
632 5759 708 5820 tanti
729 5758 873 5836 ponderis
894 5772 960 5818 esse
983 5770 1053 5817 cen·

305 5859 444 5928 scantur,
467 5856 501 5913 ut
524 5851 625 5912 omnis
651 5851 756 5913 civitas
778 5850 828 5912 vel
849 5847 994 5912 dioecesis
1018 5847 1055 5910 ab

306 5947 450 6010 instituto
471 5941 723 6022 quadragesimae
744 5942 861 6006 ieiunio
883 5958 916 6003 ao
937 5947 1054 6018 tempe-

1773 585 1831 651 719
1880 586 1934 641 An.
1949 587 1979 642 (l.
2001 588 2070 642 1745
2160 581 2165 588 ⁴

1106 727 1204 789 rantia
1225 726 1349 790 liberari
1370 729 1546 793 contendat.
1568 728 1652 804 Quod
1674 727 1699 790 si
1714 743 1803 790 veras
1816 744 1850 790 ac

1105 820 1261 896 legitimas
1277 839 1292 882 a
1308 821 1396 883 nobis
1417 837 1519 884 causas
1533 823 1568 884 ad
1583 821 1663 884 banc
1673 821 1850 885 facultatem

1106 913 1307 976 obtinendam
1318 914 1473 993 expetitis,
1485 916 1558 977 duas
1573 914 1769 994 potissimum
1783 929 1851 992 per-

1106 1005 1310 1081 censebimns,
1333 1022 1465 1085 quarum
1491 1010 1589 1084 prima
1609 1024 1648 1070 ex
1669 1007 1738 1070 iure
1763 1023 1851 1070 cano

1106 1098 1187 1174 nico,
1210 1098 1304 1160 altera
1332 1115 1407 1161 vero
1429 1099 1466 1162 ab
1487 1100 1549 1178 ipsa
1571 1115 1678 1164 rerum
1705 1100 1851 1177 magistra

1106 1189 1308 1267 experientia,
1332 1191 1511 1270 deprompta
1532 1201 1589 1255 est.
1834 1178 1840 1188 ’

1145 1283 1233 1358 §ll
1264 1284 1465 1346 Innocentius
1494 1285 1556 1361 lll.,
1585 1302 1679 1364 quem
1707 1286 1850 1364 superius
1890 1306 2083 1407 carcereque

1106 1377 1350 1453 nominavimus,
1373 1378 1477 1440 codem
1499 1394 1566 1456 cap.
1598 1377 1785 1451 Consilium,
1815 1377 1851 1440 dc
1868 1359 2084 1470 ξῗξθρἷὲξῗιξξθξζ

1107 1466 1324 1531 observatione
1360 1470 1582 1543 ieiuniorum,
1615 1472 1851 1550 nrcnieptscopo
1869 1465 1963 1514 mdc·
2034 1449 2041 1471 ’

1106 1561 1284 1625 Bracarensi
1306 1563 1492 1641 postulanti,
1515 1581 1574 1642 qua
1596 1581 1693 1642 poena
1714 1564 1851 1643 plecten-

1107 1653 1159 1714 dos
1182 1653 1329 1716 iudicaret
1352 1654 1431 1732 illos,
1446 1657 1500 1735 qui
1522 1666 1663 1735 tempore
1684 1657 1851 1736 quadrage·

1106 1745 1203 1812 simae
1216 1764 1230 1808 a
1243 1749 1387 1810 carnibus
1409 1765 1473 1812 non
1489 1750 1702 1812 abstinuerant
1716 1750 1756 1812 ob
1769 1766 1854 1813 sum-

1107 1858 1189 1903 mam
1211 1858 1318 1904 rerum
1340 1843 1499 1905 caritatem
1521 1850 1552 1906 et
1573 1845 1759 1920 angustiam,
1770 1846 1853 1910 itaut

1106 1935 1211 2013 plures
1226 1935 1307 1997 lame
1321 1944 1535 2010 enecarentur,
1552 1939 1710 2015 respondit
1724 1936 1770 2000 bis
1785 1954 1853 2000 ver·

1107 2029 1168 2091 bis:
1196 2027 1274 2090 Com
1297 2035 1405 2090 cetero
1421 2030 1606 2106 quaesicris,
1624 2047 1703 2107 quoe
1724 2030 1769 2092 er't
1785 2030 1852 2091 illis

1106 2123 1306 2200 poenitentia
1329 2121 1545 2201 iniungendo,
1569 2123 1625 2200 qui
1646 2121 1754 2186 dicbus
1777 2141 1853 2202 qoo-

1108 2215 1386 2294 drogcaimalr'bus,
1401 2223 1537 2292 tempore
1552 2232 1611 2293 quo
1627 2221 1740 2278 tootcc
1754 2217 1853 2297 [omis

1108 2310 1216 2371 inedie
1245 2305 1430 2387 ingruebat,
1459 2309 1541 2386 qood
1562 2325 1679 2388 magna
1705 2322 1781 2386 poro
1800 2325 1853 2388 po-

1105 2402 1176 2480 puli
1209 2409 1339 2479 propter
1369 2401 1511 2478 inopiam
1541 2418 1688 2464 artocreae
1718 2402 1851 2479 periret,

1108 2511 1219 2556 corrrcs
1251 2493 1408 2554 concedere
1434 2501 1513 2556 suot
1541 2495 1663 2565 coacti,·
1690 2495 1855 2570 respoude-

1107 2603 1196 2648 mur:
1219 2586 1299 2665 quod
1322 2586 1357 2648 r‘rr
1374 2586 1435 2649 rata·
1456 2589 1600 2650 articulo
1616 2587 1687 2650 illos
1709 2603 1773 2650 nort
1788 2603 1854 2650 cre·

1107 2684 1213 2744 dimus
1234 2681 1423 2760 puniendos.
1456 2681 1566 2742 Preces
1590 2689 1698 2744 tomen
1718 2681 1854 2743 Domino

1105 2793 1163 2854 pro
1190 2775 1257 2837 illis
1280 2781 1310 2836 ct
1333 2791 1405 2835 curu
1428 2775 1495 2836 illis
1524 2773 1687 2853 offundas,
1716 2790 1753 2834 oc
1774 2774 1852 2852 ipsis

1107 2869 1314 2947 cttqoctccoc
1347 2867 1661 2945 imputetur,··qoio
1695 2865 1852 2930 bonorum

1106 2965 1264 3024 mentium
1280 2969 1338 3032 cst,
1356 2961 1401 3038 ιρι·
1425 2961 1536 3022 timere
1558 2962 1694 3037 colpam,
1712 2957 1769 3022 obi
1785 2959 1852 3022 cul·

1105 3071 1147 3134 pa
1162 3056 1294 3118 minime
1309 3053 1493 3130 reperitur;
1515 3052 1546 3116 Si
1562 3053 1631 3130 quis
1647 3053 1702 3116 boo
1714 3059 1853 3128 tempore
1884 3069 2087 3134 orscrprrnaeve

1107 3151 1287 3228 Episcopus,
1314 3147 1463 3208 adductus
1491 3145 1634 3223 exemplo
1661 3146 1853 3208 Bracarensis
1871 3123 2021 3180 ‘⁰¹¹⁵¹¹⁸⁰¹·

1108 3243 1275 3317 Antistitis,
1299 3243 1379 3304 idem
1401 3237 1566 3304 consilium
1595 3247 1714 3316 peteret
1735 3259 1750 3302 a
1775 3243 1853 3305 Sede

1108 3335 1298 3414 Apostolica,
1333 3341 1488 3412 tamquam
1512 3335 1635 3411 ineptus
1667 3350 1701 3396 ac
1720 3334 1853 3413 simplex

1106 3431 1288 3504 baberetnr3
1305 3428 1357 3489 sed
1372 3427 1425 3489 illo
1438 3427 1588 3489 Ecclesiae
1600 3425 1777 3490 felicissimo
1790 3443 1855 3490 sae-

1106 3523 1176 3584 culo
1198 3521 1326 3583 maximi
1348 3520 1553 3599 pendebatur,
1571 3521 1618 3582 uti
1640 3535 1774 3599 aequum
1796 3526 1852 3595 est,

1107 3616 1356 3696 quadragesimae
1389 3623 1597 3692 praeceptum.
1631 3612 1711 3676 Hinc
1740 3627 1854 3690 magna

1106 3711 1270 3772 severitate
1300 3707 1538 3784 inquirebantur
1560 3705 1621 3780 illi,
1648 3706 1700 3784 qui
1724 3705 1855 3769 minime

1106 3804 1297 3882 paruissent,
1321 3800 1392 3862 licet
1425 3798 1492 3862 talis
1517 3815 1605 3862 causa
1635 3799 1853 3876 intercederet,

1081 3971 1082 3978 ἵ
1107 3905 1142 3959 ut
1165 3895 1254 3956 liberi
1276 3893 1441 3956 abeodem
1470 3899 1631 3970 praecepto
1652 3893 1851 3955 viderentur:

1108 4007 1164 4053 nec
1186 3988 1248 4050 ulla
1271 3987 1347 4048 ratio
1378 3985 1545 4048 habebatur
1571 3986 1711 4046 virorum
1742 3985 1855 4062 princi·

1107 4099 1194 4162 pom,
1219 4082 1290 4142 licet
1312 4080 1450 4156 ipsorum
1475 4077 1670 4139 incolumitas
1691 4094 1761 4138 cum
1784 4079 1855 4140 llei-

1108 4174 1247 4252 publicae
1269 4171 1415 4233 felicitate
1436 4171 1602 4233 coniuncta
1615 4175 1790 4248 putaretur3
1807 4171 1854 4233 uti

1106 4283 1161 4330 nos
1182 4266 1249 4328 fuse
1271 4263 1464 4325 ostendimus
1487 4265 1516 4324 in
1537 4262 1653 4324 decima
1675 4264 1782 4340 quinta
1799 4277 1856 4328 no-

1107 4369 1243 4422 strarum
1265 4357 1503 4420 lnstitutionum
1519 4355 1590 4417 libri
1611 4355 1715 4433 primi.
1740 4355 1797 4419 Sed
1818 4356 1855 4430 iis

1108 4453 1239 4526 omissis,
1256 4459 1286 4514 et
1308 4451 1374 4512 aliis
1393 4451 1473 4512 bene
1495 4448 1614 4524 multis,
1630 4464 1708 4526 quae
1730 4449 1856 4510 inbono

1110 4563 1176 4608 rem
1198 4545 1324 4621 congeri
1340 4561 1354 4603 a
1371 4543 1459 4605 nobis
1474 4551 1609 4622 possent,
1626 4541 1701 4603 illud
1718 4543 1855 4618 primurn

1108 4637 1311 4700 delibabimus
1339 4653 1377 4698 en
1410 4649 1558 4713 responso
1591 4635 1762 4696 innocentii
1786 4633 1854 4710 lll.,

1110 4740 1185 4793 tuno
1206 4731 1457 4809 quadragesimae
1471 4728 1655 4790 abstinentia
1676 4727 1755 4789 solvi
1770 4744 1857 4805 posse

1109 4826 1264 4902 integram
1295 4824 1453 4886 civitatem
1487 4820 1535 4882 vel
1571 4819 1753 4895 dioecesim,
1785 4836 1857 4883 cum

1109 4917 1207 4996 reipsa
1230 4931 1292 4978 non
1314 4923 1484 4993 suppetunt
1499 4930 1545 4988 ea,
1562 4914 1630 4974 sine
1644 4912 1758 4992 quibus
1772 4929 1857 4990 prae-

1109 5019 1236 5088 ceptum
1267 5007 1518 5085 quadragesimae
1550 5005 1707 5068 observari
1736 5005 1855 5083 nequit.

1110 5103 1215 5180 ltaque
1226 5101 1249 5162 si
1266 5115 1374 5162 revera
1389 5101 1419 5161 in
1432 5099 1535 5178 aliquo
1547 5099 1613 5161 loco
1626 5114 1729 5175 neque
1740 5097 1856 5172 oleum,

1110 5208 1212 5272 neque
1234 5194 1330 5271 pisces
1358 5193 1528 5270 comparari
1558 5190 1691 5269 possint,
1716 5197 1791 5251 tunc
1812 5189 1859 5252 in·

1110 5288 1184 5350 colis
1204 5285 1344 5350 eiusdem
1365 5285 1425 5347 loci
1446 5284 1584 5362 permitti
1600 5283 1643 5344 las
1658 5289 1715 5357 est,
1733 5289 1767 5343 ut
1781 5282 1859 5342 lacte

1111 5388 1141 5443 et
1156 5381 1223 5442 oris
1239 5385 1383 5441 utantur:
1407 5378 1432 5439 sl
1455 5377 1528 5439 baec
1549 5383 1656 5439 autem
1678 5390 1787 5436 revera
1808 5375 1860 5436 de-

1111 5474 1227 5548 liciant,
1253 5481 1327 5534 tunc
1348 5470 1459 5545 carnis,
1479 5469 1610 5532 salubris
1632 5475 1749 5540 tamen,
1766 5465 1860 5528 eden·

1111 5569 1166 5630 dae
1187 5566 1312 5630 lacultas
1327 5565 1523 5636 conr-edetur,
1541 5560 1722 5638 interposita
1737 5575 1860 5638 semper

1112 5658 1220 5720 ieiunii
1242 5657 1387 5720 servandi
1408 5653 1596 5718 conditione.

1151 5752 1170 5826 ἓ
1191 5750 1240 5814 22.
1265 5749 1366 5811 Insula
1380 5747 1483 5812 Sancti
1498 5745 1652 5808 Dominici
1669 5743 1701 5806 in
1717 5745 1859 5808 America
1887 5760 2092 5826 exemplumqu-

1111 5843 1302 5908 bleridionali
1318 5843 1350 5903 in
1368 5838 1590 5918 temporalibus
1610 5844 1697 5916 paret
1719 5835 1859 5903 charissi·
1877 5819 2092 5926 ἕξςξζῖῃῖξὸῦῗὲζ

1111 5954 1163 5999 mo
1176 5936 1210 6000 in
1226 5936 1347 6000 Christo
1369 5935 1433 5996 srlio
1445 5940 1551 5996 nostro
1572 5931 1729 5996 Ludorico
1747 5929 1859 5994 Gallia·
1877 5921 1942 5969 ΝΜ
1954 5920 2089 5970 nmaricce.
