4856 6984
95 3781 131 3824 lus
145 3777 259 3824 natuerale

68 3835 142 3878 matris
159 3833 183 3876 in
197 3831 259 3876 tilio·

69 3897 113 3930 rum
132 3885 260 3930 educatio-

68 3951 93 3984 ne
114 3949 158 3983 non
183 3937 260 3982 unde·

68 3991 261 4090 quaqneinsupe·

68 4046 136 4144 ¹ramis
155 4044 261 4091 ostendi·

893 547 1087 616 ncuenro'rus
1110 565 1173 616 ιιι.

265 707 326 754 non
348 697 452 753 autem
467 707 559 770 penes
577 693 678 756 aviam
694 693 847 769 residere,
871 707 933 753 non
950 688 1005 750 mi·

265 799 333 847 rum
362 783 461 846 videri
488 784 595 861 debet,
619 785 642 846 si
669 793 699 848 et
721 801 777 847 nos
807 783 1006 863 responsione

265 877 314 939 illa
335 877 439 939 denuo
459 895 667 955 occurramus,
697 879 840 942 videlicet
868 876 1006 939 lavarem

266 969 422 1046 religionis
444 971 473 1031 id
495 979 659 1050 praestare,
682 981 718 1034 ιιι
739 971 854 1051 patriae
876 976 1005 1048 potesta·

265 1061 301 1123 tis
322 1063 461 1125 deiectus
482 1065 526 1125 illi
549 1080 612 1126 non
638 1065 759 1139 alliciat,
783 1063 836 1142 qui
861 1063 921 1124 alio
942 1077 1006 1122 cae-

266 1156 407 1234 teroquin
420 1156 559 1232 legitimo
573 1157 664 1220 titulo
680 1157 805 1220 infantis
818 1156 1007 1218 oblationem

266 1249 348 1326 lacit3
371 1252 407 1312 ad
430 1267 464 1312 ea
485 1259 602 1327 autem,
625 1269 702 1330 quae
722 1268 813 1331 supra
834 1249 914 1312 dicta
935 1257 1008 1311 sunt

266 1343 302 1406 de
330 1347 490 1407 communi
513 1347 671 1425 opinione,
695 1364 754 1426 qua
775 1354 873 1409 mater
894 1344 1006 1416 tiliam,

266 1437 468 1500 dissentiente
495 1448 592 1518 patre,
615 1440 717 1502 valide
738 1457 771 1502 ac
801 1439 885 1500 licite
912 1437 1009 1516 bapti·

267 1533 400 1593 candum
422 1533 527 1607 oilert,
551 1535 670 1595 etiarnsi
698 1535 794 1612 patria
823 1538 954 1611 potestas
973 1532 1008 1592 in

268 1635 352 1702 patre
373 1639 436 1687 non
452 1635 556 1689 autem
578 1629 609 1688 in
633 1633 731 1689 matre
744 1629 801 1689 sita
816 1628 867 1702 sit,
884 1642 946 1688 non
964 1625 1009 1687 in-

269 1717 440 1780 iucundum
469 1718 535 1780 iore
566 1719 768 1796 arbitramur,
796 1721 821 1782 si
845 1721 875 1781 id
903 1719 1010 1782 adiun-

270 1811 390 1886 gimus,
422 1815 503 1891 quod
533 1815 569 1876 ad
597 1829 663 1876 rem
692 1814 770 1876 banc
800 1813 906 1876 scribit
937 1813 1010 1876 Vas-

269 1919 346 1982 quez
378 1911 454 1966 tom.
477 1909 512 1977 2,
534 1923 630 1985 super
651 1911 672 1968 3
694 1913 778 1984 part.
808 1907 838 1970 S.
867 1905 1008 1977 Tdoutae,

271 2003 389 2076 quaest.
414 2002 473 2071 68,
497 2007 562 2062 urt.
582 2003 639 2071 10,
663 2001 783 2078 disput.
803 2001 878 2073 155,
896 2016 963 2077 cap.
976 2004 1009 2071 3,

271 2106 358 2153 uum.
377 2095 433 2154 35.
459 2093 544 2156 ticet
567 2093 640 2155 iure
662 2093 749 2155 ciuili
764 2095 823 2155 soli
838 2093 926 2172 patri
942 2109 1012 2153 coa-

271 2201 354 2247 cessu
375 2187 420 2247 sit
441 2187 553 2265 patria
575 2191 714 2264 potestas
736 2187 771 2248 ia
791 2188 907 2267 fllium,
932 2185 1013 2264 quod

271 2278 391 2340 attinet
418 2279 459 2342 od
481 2279 604 2356 aliquos
635 2279 763 2359 effectius
785 2281 821 2342 ιιι
849 2283 915 2358 ipso
942 2277 1013 2340 iure

272 2370 459 2448 peculiares,
477 2388 587 2451 nempe
608 2377 647 2434 ut
661 2378 754 2451 pater
769 2375 1013 2454 usumfructum

273 2462 385 2528 babeat
407 2465 441 2525 iu
465 2462 554 2527 bouis
579 2466 653 2544 pilii,
676 2483 740 2528 arou
762 2474 870 2530 autem
898 2471 1011 2536 mater,

272 2561 302 2618 et
323 2563 361 2618 ut
382 2575 462 2619 suus
484 2557 593 2620 haeres
609 2558 753 2631 dicatur,
767 2576 805 2622 uc
819 2558 950 2636 proinde
965 2558 1015 2619 iu-

274 2666 307 2710 re
327 2649 378 2728 (ut
395 2650 523 2730 dicuat)
544 2651 680 2714 suitutis
700 2651 852 2732 gaudeat,
869 2651 949 2728 quod
969 2667 1015 2712 re·

273 2748 381 2821 spectu
392 2744 508 2806 aratris
519 2759 583 2804 uon
595 2745 793 2815 conceditur;
805 2751 921 2817 tumea,
935 2743 1016 2820 quod

273 2840 394 2913 spectat
415 2835 457 2898 ad
479 2837 682 2898 retinendum
695 2835 800 2916 fitium
823 2838 858 2900 iu
871 2853 929 2900 suo
945 2853 1016 2899 cort·

273 2928 428 3003 sortium
449 2929 611 3002 sacietate,
628 2938 665 2992 ut
688 2929 782 2992 ilium
805 2932 949 3002 nutriat,
966 2947 1016 2994 ae-

275 3022 365 3100 quale
379 3022 510 3084 uidetur
525 3023 576 3084 tus
590 3024 707 3086 matris
724 3041 795 3086 cum
811 3025 883 3086 iure
897 3025 1016 3102 patris,-

275 3133 312 3178 ac
331 3115 464 3192 prolude
474 3117 502 3176 si
517 3115 602 3178 ulter
623 3119 813 3189 couseatiat,
829 3119 958 3180 etiamsi
972 3118 1017 3180 sit

275 3213 390 3279 mater,
413 3209 490 3286 quia
511 3209 811 3272 mimirumaidetur
832 3227 871 3273 ear
892 3227 1016 3272 coarsur-

277 3303 321 3364 tio
342 3301 404 3382 pilii
426 3317 497 3362 cum
518 3301 632 3374 alteru,
646 3318 753 3381 uempe
774 3321 846 3365 eum
867 3303 971 3381 patre,
989 3305 1017 3366 ei

277 3396 428 3458 domatum
454 3395 629 3472 spirituale
655 3397 758 3474 sequa,
788 3397 915 3460 ratione
938 3415 1017 3458 cam-

276 3489 361 3551 mada'
375 3487 571 3565 spiritualis,
587 3489 668 3566 quod
683 3489 749 3566 filio
764 3507 803 3551 eac
814 3493 1018 3568 separatione

276 3581 435 3660 praeemit,
466 3595 634 3642 cousensus
661 3581 751 3644 itlius
784 3584 1019 3664 repuguuutiue

276 3673 415 3736 ulterius
436 3671 620 3750 praevalere
641 3671 738 3736 debet.

317 3768 336 3842 ἓ
356 3766 405 3830 26.
429 3767 495 3829 Nisi
509 3783 566 3830 nos
577 3769 726 3829 memoria
741 3767 830 3843 tallia,
843 3767 921 3829 nilril
937 3770 1019 3834 aliud

279 3862 369 3922 modo
385 3859 542 3940 reliquum
554 3867 611 3936 est,
622 3876 714 3940 quam
729 3869 765 3922 ut
783 3861 957 3940 quaestioni
973 3853 1033 3925 illi¹

278 3955 532 4033 respondeamus,
549 3956 702 4033 quomodo
722 3955 837 4018 scilicet
862 3956 929 4018 deri
952 3973 1019 4035 pas-

279 4048 330 4123 sit,
352 4054 387 4110 ut
408 4054 518 4123 mater,
542 4063 621 4125 quae
648 4063 742 4126 super
763 4049 943 4112 educatione
964 4050 1019 4112 lilii

280 4140 406 4204 inlautis
417 4141 465 4203 ius
480 4141 570 4202 babet
585 4141 623 4202 ab
638 4142 700 4221 ipsa
712 4149 820 4204 natura
832 4143 1019 4220 derivatum,

281 4235 362 4315 quod
384 4235 451 4296 ideo
472 4234 612 4296 naturale
634 4236 680 4297 ius
702 4235 883 4314 appellatur,
901 4252 936 4298 eo
952 4237 1021 4300 iure

281 4327 395 4407 privari
415 4329 509 4406 possit
530 4327 569 4389 ab
588 4329 667 4404 aria,
680 4345 758 4408 quae
779 4329 870 4391 aliam
891 4331 1022 4394 auctori·

282 4427 377 4482 tatem
406 4421 438 4480 in
467 4427 613 4499 nepotem
639 4421 751 4483 habere
780 4423 899 4502 nequit,
929 4440 1022 4502 quam

282 4527 359 4592 quae
384 4513 478 4592 ipsia
505 4513 574 4575 iure
601 4514 684 4576 civili
711 4515 870 4578 tribuitur.
905 4517 937 4580 la
961 4535 1023 4597 quo

284 4607 358 4672 illud
379 4605 481 4670 lorsan
509 4607 582 4670 satis
603 4616 682 4670 esset
712 4610 911 4689 respondere,
939 4628 1024 4691 prae-

282 4702 408 4781 cipuum
422 4701 662 4765 fundamentum
683 4701 767 4765 illius
781 4705 1024 4783 praeponderan-

285 4797 353 4872 tiae‚
366 4811 444 4874 quae
464 4795 550 4856 ariae
570 4794 649 4857 lacto
670 4797 832 4874 tribuitur,
848 4799 880 4860 in
903 4800 1025 4876 religio-

284 4889 329 4950 nis
356 4888 461 4950 lavore
492 4888 695 4968 situm„esse;
728 4890 810 4970 quod
841 4899 946 4955 autem
977 4895 1026 4957 bic

285 4984 454 5063 quaeritur,
478 4983 539 5046 iam
563 4990 652 5046 antea
678 4985 852 5063 quaesitam
879 4987 972 5050 luisse
993 4989 1025 5052 in

285 5079 381 5141 altero
403 5096 485 5154 casu,
508 5094 606 5158 quum
627 5078 742 5142 scilicet
761 5079 926 5157 Gregorius
948 5082 1025 5146 lllll.

181 5229 182 5232 ,
285 5171 334 5232 ιιι
356 5171 470 5234 iactum
492 5171 643 5234 dissensui
664 5173 771 5234 matris
786 5174 963 5252 praevalere
978 5177 1029 5238 de-

290 5265 362 5327 bere
392 5265 555 5342 iudicarit,
588 5281 646 5328 nec
667 5265 763 5328 ullam
789 5268 827 5328 de
851 5266 1027 5332 huiusmodi

90 5375 221 5438 exemptum
237 5374 269 5420 aa
288 5358 426 5437 quaesito
447 5359 601 5421 rationem
621 5359 757 5420 habitam
781 5359 885 5421 luisse.
914 5359 973 5424 Sed
994 5368 1030 5423 ιιι

75 5429 207 5480 parentibus
241 5430 268 5473 in

75 5483 179 5528 servituis
207 5493 269 5537 poe-

77 5534 118 5579 nali
145 5537 270 5583 constitu-

77 5587 107 5630 tis.

288 5456 324 5516 ad
345 5453 518 5533 propositae
539 5453 793 5530 interrogationis
821 5455 937 5516 nodum
959 5471 1029 5534 pro-

289 5547 373 5626 prius
405 5548 594 5622 accedamus,
623 5546 811 5624 quaerimus,
841 5553 950 5608 utrum
973 5547 1030 5610 atti

289 5640 516 5718 mancipiorum
543 5646 574 5700 et
603 5652 728 5714 eorum,
757 5638 810 5717 qui
839 5638 931 5718 pleno
963 5641 1030 5702 iure

288 5732 371 5795 servi
392 5741 477 5808 sunt,
493 5731 747 5794 dissentientibus
768 5747 876 5794 eorum
897 5735 1031 5812 parenti-

290 5827 363 5902 bus,
386 5824 532 5904 baptizari
558 5826 687 5904 possint.
712 5825 750 5886 Et
771 5825 897 5904 quidem
917 5827 958 5903 si,
986 5843 1032 5890 se·

290 5921 428 5982 cundum
439 5933 639 5980 communem
649 5918 1032 6000 opinionem,responsum

396 6069 446 6114 lue.
466 6069 534 6114 Pout.
551 6066 581 6112 dc
594 6074 666 6126 erup.
683 6070 745 6118 Fide
760 6069 842 6116 Partis
857 6069 873 6113 l.
892 6067 943 6115 vol.
959 6067 1001 6113 tlt.

1726 539 1783 608 tet
1834 537 1933 598 tuo.
1954 541 2021 598 msa

1062 685 1196 750 dandum
1217 687 1268 762 sit,
1280 684 1531 765 respondendum
1555 683 1624 757 erit,
1640 679 1805 760 posselte·

1062 795 1133 840 rum
1165 780 1274 856 igitur,
1307 779 1496 860 quaerimus,
1520 793 1597 840 ιιιιιιι
1627 772 1804 838 huiusmodi

1064 871 1242 952 parentibus
1272 871 1401 948 iaceret,
1432 887 1489 932 nec
1517 886 1575 946 ne,
1598 870 1645 931 ius
1666 867 1806 930 naturale

1064 980 1118 1043 pro
1133 965 1314 1028 educatione
1330 965 1467 1028 tiliorum
1482 979 1609 1026 suorum
1626 961 1805 1038 iniantium3

1064 1075 1167 1138 raeque
1180 1060 1358 1138 responderi
1371 1075 1459 1138 posse
1469 1057 1666 1132 arbitramur,
1683 1057 1806 1118 eosdem

1065 1153 1199 1216 naturali
1221 1168 1329 1215 eorum
1351 1154 1420 1215 iure
1442 1152 1474 1214 in
1497 1151 1635 1232 proprios
1661 1149 1740 1214 tilios
1761 1165 1808 1210 ca-

1066 1245 1172 1308 ruisse.
1196 1247 1379 1321 Quaerimus
1401 1246 1546 1325 denique,
1576 1244 1730 1324 quomodo
1752 1241 1809 1303 tilii

1066 1341 1211 1418 praedicti
1239 1339 1385 1418 baptizari
1417 1339 1532 1417 possint
1563 1338 1630 1401 sine
1657 1351 1808 1399 consensu

1067 1442 1247 1514 parentum,
1275 1449 1330 1511 pro
1360 1432 1471 1512 quibus
1497 1432 1624 1494 statius
1655 1428 1807 1503 naturale,

1066 1527 1146 1606 quod
1169 1528 1363 1591 immutabile
1385 1527 1509 1590 dicitur.
1537 1525 1672 1599 Verum,
1694 1531 1730 1587 ιιι
1750 1524 1808 1585 hu-

1066 1621 1199 1683 iusmodi
1214 1620 1450 1698 interrogationi
1466 1633 1651 1698 responsum
1662 1617 1728 1679 dari
1744 1633 1810 1697 pos-

1066 1714 1116 1789 sit,
1134 1713 1168 1774 ad
1186 1713 1344 1791 theologos
1360 1714 1583 1776 recurrendum
1595 1719 1652 1774 est.
1675 1712 1812 1790 Respon-

1067 1809 1141 1870 dent
1163 1807 1231 1886 ipsi,
1245 1808 1292 1869 ius
1307 1815 1430 1886 patrum
1444 1809 1476 1869 in
1492 1807 1572 1868 lilios
1594 1805 1739 1880 inientes,
1755 1819 1810 1883 pro

1067 1916 1115 1975 eo,
1130 1902 1210 1978 quad
1225 1902 1260 1962 ad
1276 1899 1490 1964 educationem
1506 1900 1654 1980 pertinet,
1671 1896 1811 1960 naturale

1068 1996 1127 2058 dici
1148 2013 1235 2075 passe
1250 1996 1364 2074 duplici
1379 1997 1515 2072 ratione;
1538 1995 1587 2056 vel
1609 1993 1727 2056 scilicet
1741 1990 1810 2071 quia
1855 1997 1930 2044 Aliud
1948 2001 1986 2044 est
1999 1998 2041 2044 ius

1829 2057 1954 2098 enatura
1968 2051 2043 2108 origi·
2143 2057 2146 2064 ·

1068 2105 1084 2148 a
1105 2097 1214 2151 natura
1237 2089 1389 2167 originem
1404 2089 1524 2163 babeat,
1536 2087 1587 2149 vel
1608 2086 1678 2164 quia
1694 2086 1744 2147 len
1759 2101 1811 2146 na·
1830 2116 1888 2151 nam
1901 2105 2005 2160 ducens,
2017 2115 2042 2150 a·

1071 2190 1157 2244 turae
1179 2183 1294 2258 iubeat,
1311 2188 1345 2245 ut
1361 2197 1454 2244 nemo
1475 2180 1552 2242 alius
1575 2195 1684 2242 eorum
1705 2177 1812 2240 educa-
1831 2158 2043 2268 }ffi{1,¹,{³,{1,1¹¹3{,¹‡1

1070 2275 1166 2351 tioni,
1197 2275 1328 2338 exclusis
1359 2274 1555 2354 parentibus,
1577 2289 1609 2335 se
1637 2272 1812 2334 immiscere
1831 2267 2041 2322 asprenatum-
2136 2333 2138 2344 Ι

1071 2369 1174 2446 possit.
1200 2368 1379 2431 Admittunt
1392 2367 1538 2444 theologi,
1561 2367 1609 2428 ius
1625 2362 1813 2442 illudprimo
1832 2324 1898 2366 ‘⁸⁰⁵'

1069 2477 1162 2524 sensu
1185 2461 1323 2523 naturale
1346 2478 1422 2536 esse,
1446 2476 1508 2522 non
1534 2467 1639 2521 autern
1661 2455 1812 2532 secundm

1072 2558 1202 2635 ideoque
1222 2555 1424 2629 concludunt,
1447 2555 1527 2632 quad
1550 2567 1622 2616 cum
1641 2550 1814 2613 dominium

1072 2649 1216 2727 mancipii
1237 2665 1291 2710 seu
1313 2648 1396 2709 servi
1419 2646 1548 2724 eiusque
1569 2646 1718 2719 filiorum,
1748 2643 1815 2705 iure

1073 2741 1215 2820 gentium
1230 2741 1262 2803 in
1283 2740 1447 2801 dominum
1462 2736 1700 2814 transferantur,
1716 2742 1816 2816 potest

1072 2835 1215 2898 dominus
1243 2834 1322 2896 filios
1343 2833 1475 2895 infantes
1497 2849 1512 2893 a
1534 2831 1712 2910 parentibus
1733 2845 1815 2908 sepa-

1073 2945 1158 3003 rare,
1183 2943 1296 3006 eosque
1326 2925 1523 3005 baptizandos
1551 2924 1674 2998 iubere,
1695 2921 1816 3008 etiamsi

1073 3028 1213 3101 parentes
1235 3019 1430 3082 dissentiant.
1462 3019 1505 3080 lta
1526 3017 1666 3080 edisserit
1692 3014 1817 3094 Sylvius

1075 3121 1148 3177 tom.
1172 3115 1205 3186 4,
1230 3128 1301 3190 sup.
1327 3117 1450 3192 epact.
1469 3111 1499 3174 S.
1522 3109 1665 3183 Tbomae,
1688 3125 1740 3186 qu.
1757 3111 1815 3180 68,

1073 3217 1138 3275 art.
1164 3213 1220 3283 10,
1243 3207 1382 3270 caucius.
1406 3205 1439 3280 7,
1453 3215 1483 3268 et
1505 3212 1577 3267 ante
1592 3219 1665 3267 eum
1685 3204 1757 3265 satis
1771 3220 1818 3266 so-

1074 3305 1133 3366 lide
1156 3304 1271 3368 Suarez
1294 3309 1368 3364 tam.
1388 3305 1418 3375 3,
1434 3315 1530 3378 super
1549 3303 1678 3378 3parte
1693 3299 1724 3362 S.
1743 3296 1818 3359 Tbe-

1073 3415 1153 3471 mae,
1167 3404 1287 3476 quaest.
1301 3401 1358 3471 68,
1377 3403 1441 3460 art.
1459 3396 1509 3468 10,
1524 3395 1605 3472 disp.
1621 3391 1679 3466 25,
1692 3399 1766 3456 sect.
1782 3391 1814 3467 4,
1946 3473 1949 3485 Ι

1074 3494 1093 3567 5
1118 3492 1283 3567 Quocirca.
1308 3492 1371 3553 lam
1393 3505 1468 3551 uero
1489 3487 1566 3550 nibil
1583 3495 1705 3566 praeter
1726 3487 1773 3548 ius
1788 3494 1817 3549 et
1863 3505 1906 3566 rus
1925 3495 2050 3548 a'natura

1075 3587 1118 3646 las
1139 3584 1294 3664 postulare
1316 3583 1404 3646 nobis
1426 3581 1580 3657 videmur,
1597 3583 1670 3643 dum
1692 3587 1818 3643 conten·
1837 3555 2049 3665 ξ”ιῗῖᾇῗέἓιῗῆῠῐὲ

1075 3679 1186 3753 dimus,
1216 3679 1297 3757 quod
1329 3676 1590 3756 quemadmodum
1619 3683 1747 3736 naturae
1771 3673 1819 3736 ius
1837 3661 2051 3771 {gffiggiggffl

1076 3787 1139 3833 non
1161 3771 1305 3845 laeditur,
1329 3769 1394 3843 ubi,
1418 3767 1664 3847 repugnantibus
1686 3767 1819 3846 parenti·
1838 3770 2051 3869 {reportavqursi-

1077 3851 1359 3941 bus‚'captivorum
1372 3862 1443 3924 filiis
1465 3862 1634 3942 baptismus
1649 3863 1819 3939 conlertur,
1839 3832 2052 3924 ὧῗῗὲὲῗέἶιιῗιῗῖ

1077 3959 1116 4020 ιιι
1138 3971 1238 4036 neque
1254 3957 1336 4020 idem
1352 3964 1481 4019 naturae
1495 3957 1544 4018 ius
1559 3957 1666 4018 violari
1689 3957 1820 4032 dicatur,

1077 4051 1209 4130 quoties,
1233 4049 1319 4113 nulla
1342 4050 1373 4112 vi
1396 4049 1541 4126 adbibita,
1554 4067 1588 4113 ac
1608 4057 1733 4129 patente
1754 4067 1823 4130 per-

1077 4161 1162 4220 sona,
1185 4159 1264 4222 quae
1284 4143 1314 4205 id
1339 4143 1469 4206 faciendi
1491 4142 1539 4205 ius
1565 4143 1692 4219 habeat,
1722 4143 1822 4206 inians

1077 4238 1246 4312 hebraeus,
1279 4235 1482 4298 dissentiente
1512 4243 1628 4311 matre,
1657 4243 1710 4298 aut
1737 4251 1823 4298 sacro

1079 4333 1178 4394 Fonte
1199 4329 1350 4406 abluitur,
1373 4337 1426 4392 aut
1453 4327 1653 4407 baptizandus
1675 4329 1823 4404 oilertur;

1078 4425 1157 4488 sicut
1179 4425 1264 4487 enirn
1286 4439 1342 4501 pro
1356 4423 1541 4502 primocasu
1556 4421 1670 4484 militat
1691 4422 1737 4485 ius
1750 4439 1824 4500 gen·

1081 4519 1172 4590 tium,
1196 4518 1238 4579 ita
1259 4533 1315 4596 pro
1330 4516 1426 4578 altero
1449 4515 1534 4578 lavor
1549 4515 1720 4592 religionis,
1737 4517 1825 4578 cuius

1081 4613 1126 4674 tis
1148 4627 1216 4672 eam
1243 4610 1331 4672 nobis
1362 4609 1584 4686 obligationem
1617 4608 1768 4688 imponit,
1790 4616 1825 4670 ut

1082 4707 1222 4767 eamdem
1244 4717 1492 4784 promoveamus,
1524 4709 1686 4782 quantum,
1709 4704 1825 4766 seclusa

1081 4798 1247 4860 cuiuslibet
1269 4796 1394 4872 iniuria,
1417 4796 1504 4858 nobis
1519 4795 1619 4859 iacere
1641 4797 1826 4875 permissum

1083 4898 1147 4968 est;
1169 4889 1269 4953 ueluti
1283 4890 1314 4951 in
1329 4891 1501 4969 praesentia
1516 4889 1690 4967 continget,
1705 4889 1732 4952 si
1747 4889 1827 4952 obla·

1085 4987 1127 5046 tio
1148 4984 1270 5047 hebraei
1301 4982 1445 5060 infantis,
1471 4999 1548 5061 quae
1569 4983 1693 5046 abavia
1715 4989 1827 5063 sponte

1084 5079 1131 5154 tit,
1154 5078 1330 5157 recipiatur.

1124 5171 1213 5248 527.
1239 5170 1335 5233 Habes
1357 5171 1464 5248 igitur,
1487 5170 1598 5233 dilecte
1620 5171 1684 5246 dli,
1699 5187 1747 5234 eas
1763 5186 1828 5233 om·
1859 5185 2059 5250 praemissarum·

1085 5282 1140 5328 nes
1170 5265 1317 5341 rationes,
1350 5264 1461 5344 quibus
1493 5265 1614 5327 adducti
1645 5239 2060 5341 sumus,ut¹,¹,¹23¹1,¹}¹,¹{}0},¹2¹ffi

1086 5375 1165 5435 eam,
1187 5360 1225 5422 de
1249 5375 1308 5436 qua
1330 5358 1466 5436 quaestio
1493 5365 1549 5432 est,
1572 5357 1760 5421 oblationem
1782 5374 1829 5420 re·
1848 5345 2059 5448 gggggrassnaam

1086 5455 1260 5533 cipiendam
1274 5452 1490 5521 indicaremus,
1506 5451 1767 5530 quemadmodum
1782 5469 1829 5513 re-

1087 5547 1257 5627 cipiendam
1273 5545 1459 5621 iudicamns;
1475 5559 1552 5624 quae
1565 5545 1700 5606 rationes
1716 5553 1747 5608 et
1761 5562 1830 5608 eau-

1087 5657 1149 5717 sae,
1182 5642 1248 5702 sive
1269 5655 1324 5719 per
1354 5653 1386 5700 se
1414 5638 1555 5715 singulae
1581 5638 1829 5716 considerentur,

1088 5735 1164 5810 sive,
1187 5743 1222 5796 ut
1237 5733 1270 5794 in
1286 5731 1403 5794 casibus
1414 5731 1558 5810 practicis
1572 5731 1643 5792 lieri
1657 5732 1829 5808 consuevit,

1088 5826 1280 5890 coniunctim
1302 5825 1501 5904 accipiantur,
1524 5823 1630 5900 magni
1652 5825 1759 5904 procul
1778 5826 1832 5887 du·

1091 5920 1140 5982 bio
1168 5919 1311 5999 ponderis
1338 5926 1431 5997 atque
1457 5920 1608 5982 momenti
1634 5926 1719 5980 sunt.
1748 5919 1833 5994 Quod

1702 6071 1726 6113 el
