4820 6980
329 517 430 578 Amo.
451 519 521 574 itte
570 517 643 582 itt.
1074 537 1138 583 run.
1164 538 1254 586 rann.
1278 537 1319 584 ne
1340 537 1370 584 r.
1394 538 1423 584 a.
1448 538 1531 586 anns
1552 540 1574 585 1.
2128 531 2287 600 An.a.1rts

553 659 695 726 laudibus
716 658 884 740 quidquam
905 659 1115 732 detrahamus,
1132 658 1183 720 sed
1200 664 1235 718 ut
1250 672 1301 735 pa·
1356 655 1420 718 vita
1435 657 1573 733 cessisse,
1585 665 1752 740 antequam
1772 660 1804 723 in
1820 661 1955 726 Ecclesia
1969 662 2023 726 Dei
2036 679 2103 726 mos

552 761 638 816 teant
654 753 811 830 graviores
825 751 1032 828 difficultates,
1048 765 1126 831 quae
1142 749 1229 814 nobis
1245 751 1301 812 im·
1357 750 1562 814 invalesceret
1577 751 1699 831 publico
1714 753 1801 816 cultu
1817 753 1991 818 honorandi
2006 755 2103 833 inely-

552 848 733 926 pedimento
759 851 834 908 sunt
855 846 1024 924 quominus
1054 845 1225 908 Clementis
1247 859 1301 904 no·
1359 849 1405 904 tos
1427 843 1543 908 Christi
1564 846 1768 924 contessores3
1792 847 1845 926 qui
1866 863 1932 910 mos
1954 849 1986 912 in
2009 848 2106 911 eccle-

553 957 640 1015 men,
663 940 813 1019 quidquid
833 941 873 1002 sit
893 940 931 1002 de
952 939 1020 1002 eius
1034 938 1169 1001 doctrina
1184 952 1218 1000 ac
1232 952 1302 1015 pro-
1358 937 1402 998 013
1423 953 1495 1000 cum
1516 939 1661 1001 orientali
1683 949 1750 1002 tum
1777 941 1957 1004 occidentali
1978 942 2104 1004 nonnisi

553 1035 670 1110 bitate,
693 1035 726 1097 in
748 1034 924 1097 Romanurn
945 1031 1202 1111 Martyrologium
1223 1028 1303 1092 inie·
1359 1037 1470 1108 quarto
1492 1030 1644 1094 Ecclesiae
1670 1031 1791 1096 saeculo
1814 1034 1950 1110 primum
1977 1034 2105 1112 incepit,

553 1143 669 1190 ramus.
1359 1129 1395 1184 ut
1416 1123 1531 1185 eruditi
1547 1125 1752 1198 conveniunt,
1768 1141 1888 1204 nosque
1908 1126 2107 1206 probavimus

340 1219 537 1320 tlfflqoffl
595 1237 684 1284 xxvi.
706 1221 821 1297 Prima,
837 1237 916 1301 quae
937 1219 1148 1283 difficultatem
1172 1217 1302 1294 ingerit,
1360 1212 1415 1277 lib.
1440 1218 1458 1276 1
1490 1217 1593 1293 operis
1616 1216 1652 1278 dc
1682 1217 1949 1290 canonizatione,
1980 1233 2049 1296 cap.
2073 1217 2104 1290 5,

321 1284 416 1374 pvirentia
439 1327 537 1390 333001-
555 1314 1159 1394 ratiopetituraveteramscriptorum
1177 1309 1303 1373 silentio
1360 1324 1449 1370 nam.
1475 1313 1496 1371 3
1526 1315 1555 1371 et
1583 1325 1642 1386 seq.
1675 1309 1801 1373 Etenim
1830 1312 1993 1374 neminem
2021 1313 2108 1388 latet,

321 1384 375 1427 “w
393 1379 534 1428 strenuum.
555 1407 593 1468 de
614 1407 755 1469 moribus
772 1423 805 1469 30
820 1409 881 1469 vita
904 1406 1073 1471 Clementis
1087 1404 1300 1468 Alexandrini.
1360 1403 1473 1482 priscos
1504 1400 1656 1466 Ecclesiae
1683 1402 1805 1478 tideles,
1829 1421 1868 1466 ex
1890 1411 2109 1484 praeconcepta

555 1499 643 1562 linus
665 1500 815 1563 Eusebius
837 1501 999 1578 Pamphili,
1021 1496 1075 1562 ttb.
1092 1500 1125 1568 6,
1150 1513 1221 1573 cap.
1245 1499 1301 1567 11,
1360 1496 1533 1574 animisque
1563 1494 1661 1559 indita
1682 1511 1774 1557 verae
1800 1497 1970 1558 sanctitatis
1991 1496 2111 1576 opinio-

555 1590 1079 1666 HistoriaeEcclesiasticae,aliert
1091 1591 1304 1668 fragmentum
1361 1605 1412 1664 ue,
1436 1589 1486 1652 vel
1509 1591 1588 1668 ipsos
1616 1589 1815 1664 confessores,
1840 1590 1948 1669 quiin
1976 1591 2110 1652 Iiornino

555 1686 701 1765 epistolae
716 1686 895 1762 Alexandri,
912 1687 965 1765 qui
980 1686 1240 1760 lerosolymorum
1257 1698 1304 1745 re·
1360 1682 1624 1758 obdormierant,
1637 1683 1724 1744 cultu
1746 1683 1868 1762 publico
1881 1685 2022 1746 venerari
2036 1699 2111 1746 con-

554 1782 600 1842 xit
621 1781 806 1856 Ecclesiam,
836 1779 935 1844 multa
960 1795 1033 1842 sane
1054 1794 1127 1842 curn
1155 1777 1245 1840 laude
1266 1776 1304 1838 de
1360 1776 1509 1852 suevisse,
1525 1777 1646 1838 etiamsi
1660 1776 1717 1840 hac
1731 1777 1769 1839 de
1791 1793 1825 1838 00
1849 1777 1999 1840 solemnis
2020 1776 2112 1840 disci-

555 1873 717 1937 Clemente
732 1873 905 1952 loquentis;
922 1889 982 1952 quo
997 1873 1107 1934 eodem
1118 1885 1304 1933 monumen·
1361 1868 1443 1947 plina
1465 1885 1498 1930 ac
1520 1870 1599 1931 ritus
1621 1871 1762 1932 nondum
1783 1870 1820 1932 ab
1846 1869 1980 1934 Ecclesia
2000 1870 2111 1933 inisset

555 1975 587 2029 to
609 1967 829 2046 Hieronymus,
854 1973 889 2030 ut
910 1983 1002 2046 supra
1023 1965 1251 2038 adnotavimus,
1269 1965 1303 2025 in
1361 1959 1566 2024 introductus.

556 2059 637 2124 libro
659 2062 694 2123 de
721 2058 941 2138 scriptoribus
970 2057 1207 2122 Ecclesiasticis
1229 2073 1304 2120 usus
1402 2070 1517 2116 xxviii.
1541 2055 1644 2117 Tertia
1665 2057 1807 2135 sequitur
1828 2057 1918 2133 ratio,
1941 2073 2020 2136 quae
2041 2056 2111 2121 Cle·
2160 2069 2276 2136 cremante
2290 2086 2308 2121 a

555 2161 612 2216 est.
637 2155 768 2216 ltavero
785 2154 924 2215 sehabet
941 2151 1178 2214 Ensehiilocus:
1203 2149 1304 2211 Porro
1362 2149 1476 2209 mentis
1500 2147 1701 2212 Alexandrini
1731 2167 1841 2228 opera,
1863 2154 1912 2214 sin
1934 2153 2040 2216 minus
2062 2169 2112 2216 00-
2129 2125 2310 2233 ξὲἔὲιὲῗωῃ”“”

555 2246 613 2310 ltas
636 2247 761 2317 literas,
785 2247 913 2308 Domini
936 2248 1070 2328 tratres,
1090 2261 1145 2322 per
1165 2245 1303 2306 Beatam
1361 2256 1467 2314 renea,
1489 2239 1600 2302 saltem
1630 2248 1785 2321 suspecta,
1810 2245 1899 2307 nobis
1921 2245 2111 2324 inspicienda

556 2337 783 2418 Presbyterum
807 2340 998 2404 Clementem
1019 2339 1060 2402 ad
1081 2355 1134 2401 aas
1155 2338 1242 2409 misi,
1258 2337 1304 2398 oi·
1362 2335 1516 2412 proponit.
1542 2334 1712 2397 Enimvero
1733 2337 1887 2414 Petavius,
1909 2339 1997 2402 cuias
2018 2341 2113 2402 verba

557 2435 768 2496 romairtnte
778 2433 1004 2511 praeditamet
1017 2430 1199 2510 probatam,
1214 2447 1303 2510 quem
1361 2444 1453 2506 supra
1481 2429 1691 2506 recitavimus,
1722 2430 1920 2494 Clementem
1942 2433 2112 2496 Arianismi

556 2543 609 2586 vos
624 2528 770 2588 etcostts
793 2527 869 2598 iam,
884 2530 914 2586 et
936 2526 1075 2604 amplias
1098 2527 1302 2604 capnoscetis.
1362 2520 2109 2602 insimulat;estoNourryinAnparata,tomi,

561 2621 622 2697 not
639 2620 763 2698 quidem
778 2621 836 2683 Dei
851 2627 938 2683 nata
953 2625 984 2682 et
998 2619 1215 2698 providentia,
1228 2618 1305 2680 dnm
1362 2631 1434 2695 pap.
1452 2615 1518 2676 683
1539 2624 1568 2702 et
1591 2632 1664 2693 seq„
1682 2625 1710 2678 et
1726 2631 1798 2697 pap.
1813 2616 1879 2677 952
1894 2622 2014 2696 etseq,
2031 2620 2112 2682 hanc

558 2714 611 2778 bic
632 2714 718 2792 apud
747 2731 803 2776 nos
829 2728 976 2790 praesens
1005 2718 1096 2784 esset,
1129 2711 1305 2776 Ecclesium
1363 2707 1463 2770 labem
1475 2706 1597 2770 amoliri
1608 2710 1783 2772 contendat.
1797 2711 1994 2774 Cassiodorus
2005 2713 2063 2776 hoc
2074 2714 2112 2776 de

561 2806 687 2871 Christi
709 2813 739 2868 et
762 2806 964 2886 confirmarit
986 2813 1016 2868 et
1038 2819 1226 2885 mapnopere
1247 2823 1306 2868 aa·
1363 2799 1602 2862 Commentariis
1618 2800 1789 2864 Clementis
1805 2803 2052 2866 Alexandriniin
2065 2821 2113 2866 aa·

558 2901 623 2963 acit.
647 2901 713 2964 Etsi
725 2915 800 2962 vero
816 2899 888 2961 haec
903 2899 1007 2974 verba,
1030 2899 1203 2976 interprete
1224 2899 1305 2962 Hen-
1363 2891 1489 2954 nonicas
1510 2890 1652 2970 epistolas
1674 2893 1823 2956 iudicium
1846 2893 1963 2973 profert
1986 2899 2061 2956 tom.
2086 2899 2110 2958 2

557 2995 622 3058 rico
643 2993 776 3068 Valesio,
799 2992 852 3072 qui
878 2993 933 3054 hac
955 2993 988 3053 in
1010 3008 1044 3054 re
1064 2992 1177 3053 Divum
1199 2992 1306 3054 litero-
1362 3000 1491 3047 suorum
1520 3001 1661 3064 operum,
1685 2985 1721 3046 de
1750 2987 1962 3048 lnstitntione
1984 2988 2111 3052 divinc-

558 3103 692 3167 nymnm
706 3083 1306 3165 seqnitur,deClementeAlexandrino
1363 3093 1437 3140 rant
1461 3077 1646 3149 literarum,
1670 3093 1738 3156 eap.
1761 3083 1804 3141 8.·
1828 3082 1865 3143 ln
1886 3081 2030 3159 epistolis
2052 3100 2112 3145 aa·

555 3181 621 3242 sint
641 3178 828 3258 accipienda,
845 3177 923 3240 nihil
945 3179 1017 3240 inde
1038 3175 1208 3253 colligitur,
1223 3179 1305 3255 quod
1364 3180 1425 3234 tem
1442 3173 1606 3234 canonicis
1620 3171 1760 3235 Clemens
1778 3173 2026 3238 Alexandrinus
2040 3193 2113 3254 pre·

556 3270 1305 3352 praecipuamquamdaminsignemqueClemen·
1362 3263 1481 3342 stater,
1503 3267 1557 3343 qni
1579 3273 1609 3326 et
1633 3264 1835 3328 stromateas
1855 3275 2001 3340 occatur,
2026 3269 2110 3332 idest

556 3367 597 3429 tis
618 3365 726 3446 prodat
747 3366 958 3441 sanctitatem,
989 3365 1077 3428 cuius
1099 3363 1213 3426 idcirco
1235 3363 1306 3426 illu·
1363 3359 1397 3419 in
1413 3359 1547 3436 epistola
1564 3355 1677 3420 Sancti
1692 3357 1783 3422 Petri
1796 3360 1914 3437 prima,
1931 3361 2045 3426 Sancti
2060 3364 2110 3426 Io·

556 3467 620 3522 stre
641 3466 883 3522 mouumentum
905 3457 1114 3536 llartyrologii
1136 3457 1248 3520 tabulis
1266 3459 1306 3520 sit
1362 3454 1458 3516 annis
1477 3453 1586 3532 prima
1607 3460 1637 3515 et
1659 3454 1810 3525 secanda,
1827 3461 1858 3516 et
1874 3453 1991 3528 iacobi,
2015 3474 2110 3535 qaae-

556 3552 816 3630 consignandum.
848 3549 917 3613 Non
939 3551 1024 3612 enirn
1046 3550 1077 3612 in
1099 3565 1160 3612 una
1192 3550 1241 3612 vel
1262 3551 1304 3613 al·
1361 3548 1433 3610 dam
1448 3546 1550 3609 attico
1565 3547 1911 3621 sermonedectararit,
1930 3547 2109 3614 ubimulta

557 3651 622 3708 tera
638 3647 800 3720 ‚bonorum
822 3659 952 3722 operam
974 3643 1074 3721 specie
1095 3643 1251 3720 sanctitas,
1266 3644 1305 3707 de
1361 3639 1487 3718 quidem
1508 3639 1686 3713 subtiliter,
1710 3640 1762 3704 sed
1783 3641 1894 3720 atiqna
1916 3643 2049 3704 incante
2064 3643 2109 3705 lo-

557 3755 617 3817 qua
638 3737 689 3801 hic
711 3727 879 3816 loquimur,
901 3736 957 3798 sita
980 3745 1037 3811 est,
1059 3739 1111 3798 sed
1134 3737 1304 3800 virtutibus
1361 3741 1458 3794 cates
1480 3739 1538 3804 est,
1565 3749 1644 3810 qnae
1665 3749 1721 3794 nes
1742 3735 1791 3796 ite
1824 3735 2003 3816 transferri
2031 3738 2110 3817 feci·

554 3832 590 3894 in
613 3831 711 3909 gradu
733 3831 856 3893 heroico
882 3829 1003 3891 assidue
1024 3831 1184 3904 exercitis,
1212 3837 1304 3908 atque
1361 3841 1432 3886 mas
1456 3824 1490 3886 in
1512 3826 1664 3901 latinam,
1682 3832 1734 3898 nt,
1757 3826 1900 3889 ecclesis
1915 3826 2109 3907 quibasdam

557 3926 594 3988 ad
609 3925 729 3988 obitum
744 3938 843 4002 usque
859 3921 1026 4000 productis,
1043 3921 1201 4000 probatur.
1225 3923 1305 3997 Quo
1362 3917 1572 3998 offendiculis,
1594 3920 1772 3999 purificata
1799 3919 1949 3982 doctrina
1970 3923 2040 3984 eins
2061 3940 2108 3984 se-

557 4019 635 4080 01003
657 4017 727 4079 11001
748 4016 797 4077 1010
818 4023 971 4094 repetere,
994 4017 1074 4093 quod
1099 4014 1217 4079 Calmet
1238 4015 1303 4078 loco
1361 4010 1474 4074 caries
1495 4020 1597 4088 posset
1620 4010 1763 4074 hauriri.
1789 4013 1920 4092 Aliquod
1933 4021 1964 4076 et
1985 4017 2034 4078 hic
2049 4017 2108 4080 sibi

556 4111 699 4189 superius
720 4107 854 4171 indicato
876 4107 1026 4186 scriptum
1041 4106 1168 4188 reliquit
1184 4109 1222 4170 de
1238 4109 1304 4172 Cle·
1360 4113 1515 4182 quaerunt
1528 4103 1679 4182 eiiugium
1692 4107 1861 4169 Clementis
1876 4110 2008 4185 patroni,
2024 4109 2108 4171 aien-

556 4210 663 4266 mente
691 4200 916 4264 Alexandrino:
945 4199 1006 4262 Nos
1034 4201 1193 4262 memoriis
1222 4201 1304 4263 vitae
1362 4203 1406 4286 tes
1429 4197 1593 4276 hocopus,
1616 4200 1648 4260 in
1670 4216 1731 4278 quo
1756 4200 1855 4262 multa
1878 4202 2106 4280 improbantur,

555 4312 648 4376 quam
670 4295 802 4374 peregit,
824 4301 853 4355 01
876 4295 984 4356 mortis
1005 4309 1098 4373 quarn
1120 4293 1230 4368 obivit,
1253 4296 1303 4357 de·
1360 4306 1424 4353 non
1446 4291 1503 4369 ipsi
1532 4292 1655 4371 quidem
1680 4294 1852 4368 Clementi,
1874 4294 1926 4355 sed
1948 4295 2038 4357 alteri
2059 4297 2107 4358 in·
2183 4358 2185 4380 Ι

554 4389 653 4454 stitui.
678 4389 896 4467 Praeterquam
917 4388 998 4466 quod
1020 4386 1145 4450 Eusebii
1167 4387 1303 4450 hominis
1359 4390 1444 4446 certo
1459 4383 1582 4446 authori
1598 4385 1809 4450 tribuendum.
1834 4385 1941 4449 Libros
1957 4398 2024 4451 octo
2046 4389 2108 4468 lly-

554 4483 661 4546 Ariani
683 4481 899 4544 testimonium
922 4479 1027 4542 lavore
1042 4479 1212 4542 Clementis
1233 4481 1303 4543 Ale·
1359 4485 1560 4555 potyposeon,
1573 4478 1639 4539 sive
1655 4479 1903 4556 institutionum,
1921 4482 2030 4543 multis
2043 4500 2106 4545 sca-

555 4575 700 4638 xandrini
719 4583 874 4652 tamquam
898 4573 1030 4636 inildum
1052 4573 1089 4634 ab
1110 4573 1147 4634 iis
1170 4575 1301 4637 traduci·
1361 4577 1428 4632 tere
1448 4573 1606 4634 erroribus
1623 4571 1755 4637 affirmat
1777 4573 1915 4650 PhotiuS,
1931 4577 2033 4653 quiin
2050 4578 2106 4639 Co-

555 4675 620 4745 tur,
643 4669 696 4748 qui
723 4666 823 4747 aliqua
844 4665 1011 4727 Arianismi
1038 4665 1157 4726 semina
1178 4666 1211 4728 in
1234 4666 1303 4730 Cle·
1359 4663 1426 4726 dice
1442 4661 1498 4725 toa
1519 4681 1593 4726 snae
1614 4665 1817 4729 bibliothecae
1832 4667 1963 4744 longum
1978 4667 2105 4733 illorum

556 4758 1088 4838 mentisoperibusintrospiciunt;
1112 4758 1301 4837 inquorum
1359 4756 1468 4818 attexit
1500 4755 1654 4834 indicem,
1686 4769 1778 4838 atque
1811 4761 1850 4820 ita
1881 4763 2102 4839 prosequitur:

556 4867 689 4915 numero
718 4850 876 4913 habendus
904 4851 1059 4926 Petavius,
1089 4852 1142 4929 qui
1175 4855 1302 4914 tomo2
1362 4847 1447 4923 Quin
1478 4851 1577 4913 etiam
1604 4858 1634 4913 ct
1663 4851 1731 4915 alia
1760 4852 1793 4914 id
1823 4867 1923 4932 penna
1954 4861 2105 4918 seacenta

562 4943 820 5024 Theolopc'cornm
837 4943 1039 5022 Dopmatnm,
1057 4941 1112 5006 lib.
1132 4946 1164 5015 1,
1182 4959 1250 5021 cap.
1267 4944 1299 5018 4,
1360 4939 1540 5020 blasphema
1570 4961 1641 5005 noce
1668 4952 1826 5026 nepotas,
1849 4951 1914 5007 sice
1939 4947 2016 5024 ipse,
2040 4949 2106 5008 stae

557 5055 646 5101 nom.
662 5039 694 5109 1,
710 5038 752 5098 ita
767 5036 963 5100 Clementem
975 5035 1115 5113 sugillat:
1133 5045 1299 5111 naturam,
1360 5034 1431 5112 qais
1452 5034 1539 5097 olins
1560 5038 1632 5099 eins
1645 5053 1812 5116 personam
1835 5039 1990 5114 tonnam,-
2010 5040 2106 5120 plane

556 5133 618 5205 ait,
641 5132 703 5213 etta·
725 5129 936 5208 omnipotenti
965 5127 1028 5190 Deo
1051 5127 1197 5192 citimam
1217 5147 1303 5205 esse;
1360 5133 1397 5190 nt
1420 5137 1487 5189 octo
1503 5130 1587 5208 ipsos
1610 5129 1708 5194 libras
1724 5129 1809 5192 hisce
1825 5131 2106 5210 Blasphemiarnm

556 5226 637 5305 qaod
659 5224 821 5288 Platonici
842 5227 874 5285 et
894 5224 1013 5288 Ariani
1024 5220 1191 5304 Doqmotis
1213 5223 1302 5286 indo·
1357 5222 1528 5297 portentis,
1552 5223 1589 5284 de
1609 5224 1722 5286 iisdem
1749 5224 1920 5288 identidem
1949 5227 2106 5288 disseren-

555 5317 616 5380 tem
637 5317 735 5395 ropit.
1359 5313 1408 5386 aa,
1425 5331 1463 5376 ac
1483 5317 1622 5393 sparsim
1643 5323 1738 5396 atqae
1759 5319 1891 5397 cortinae
1912 5318 2015 5380 aetati
2037 5328 2105 5382 stn-

336 5431 537 5496 uuuaaeeunp
597 5426 698 5474 xxvix.
727 5410 831 5472 Altera
861 5410 938 5472 ratio
969 5409 1013 5472 sic
1040 5409 1149 5470 habet:
1178 5409 1301 5472 nullum
1358 5423 1433 5484 pore
1462 5407 1649 5486 perculsos,
1680 5410 1852 5489 Sriptncras
1882 5411 2102 5488 producendo,

323 5485 538 5595 ffliomeiotx'afffl'i
557 5511 812 5579 monumentum,
836 5503 900 5564 imo
915 5519 971 5566 nec
993 5502 1093 5565 ullum
1108 5503 1236 5582 quidem
1251 5519 1303 5565 ve·
1359 5501 1539 5578 reptaverit.
1563 5503 1710 5565 Graviora
1726 5504 1851 5583 quidem
1866 5513 1941 5565 sunt
1962 5505 2047 5582 haec;
2070 5522 2104 5567 03

323 5594 469 5652 vestigium.
555 5601 684 5676 stigium
710 5603 851 5677 superest
873 5595 992 5672 cottus,
1015 5612 1108 5674 quem
1133 5595 1234 5675 aliqua
1249 5613 1303 5660 ec·
1360 5601 1463 5656 tamen
1486 5594 1689 5672 intelligenda
1704 5613 1769 5659 esse
1791 5612 1854 5658 nou
1876 5596 1914 5658 de
1935 5599 2104 5673 erroribus,
2130 5619 2158 5680 .'

555 5693 645 5755 alesia
674 5700 727 5754 aut
758 5691 920 5767 dioecesis,
953 5704 1096 5768 expresso
1128 5689 1178 5752 vel
1211 5693 1302 5752 tacito
1358 5687 1392 5747 in
1413 5705 1490 5767 quos
1512 5688 1657 5752 Clemens
1672 5689 1772 5770 lapsus
1793 5690 1899 5765 luerit,
1921 5689 1974 5752 sed
1996 5692 2034 5752 de
2055 5690 2104 5768 iis,

555 5785 697 5848 catholici
720 5784 860 5863 Episcopi
882 5799 1019 5858 assensu,
1043 5782 1219 5845 exhibuerit
1237 5784 1302 5848 Cle·
1359 5795 1434 5857 quos
1447 5782 1499 5842 ille
1511 5799 1549 5844 ex
1560 5783 1660 5845 aliena
1675 5785 1829 5846 sententia
1847 5783 1942 5846 refert
1953 5793 2045 5862 atque
2057 5800 2104 5845 re·

555 5877 655 5940 menti
666 5875 887 5940 Alexandrino.
901 5877 1013 5940 Parum
1024 5892 1098 5939 vero
1110 5875 1218 5955 reiert,
1229 5893 1301 5939 eum
1358 5871 1448 5951 tellit,
1461 5877 1602 5938 sentiunt
1617 5875 1775 5954 nonnulli,
1788 5878 1840 5957 qui
1852 5877 2023 5940 Clementis
2038 5892 2105 5955 par·
