4828 6990
128 627 163 680 ln.
173 621 195 674 0.
211 613 268 669 1747

146 1140 239 1191 tonitam
252 1135 280 1181 ad

121 1188 281 1256 tpiuoposutad

121 1253 208 1406 pnpilli
224 1253 283 1344 tata

132 1371 153 1406 aa
163 1392 167 1400 .

923 615 1118 668 BENEDlCl'US
1139 613 1204 668 xlv.

295 745 503 822 consulentes,
520 751 674 826 quantum
696 744 783 807 nobis
806 743 837 805 in
860 741 991 804 Domino
1006 740 1041 802 li-

1094 739 1229 802 iustitiae
1249 740 1435 804 exsolvenda
1456 741 1707 820 superest,euius
1728 740 1838 804 remis·

297 842 370 916 cuit,
393 841 476 920 piam
498 840 757 904 consuetudinem
786 835 956 916 applicandi
978 834 1042 914 ple-
1093 835 1138 896 sio
1161 835 1326 898 obtinenda
1348 843 1478 898 estnon
1500 836 1602 898 solum
1624 851 1679 914 per
1703 835 1836 897 satisfac-

298 937 412 998 nariam
434 934 623 1014 pontificiam
647 931 873 1008 indulgentiam
890 928 1041 992 Ecclesiae

298 1027 367 1090 filiis
378 1027 412 1089 in
425 1027 534 1088 mortis
546 1024 676 1088 articulo
690 1022 877 1096 constitutis,
894 1019 1041 1100 ampliare

298 1129 327 1185 et
348 1121 519 1184 faciliorem
540 1117 669 1182 reddere
694 1117 882 1180 curavimus.
912 1112 1041 1174 Permis-

298 1231 390 1295 saque
416 1212 646 1277 venerabilibus
673 1210 835 1284 fratribus,
864 1225 898 1270 ac
923 1205 1041 1270 dilectis

299 1310 377 1384 filiis,
401 1307 600 1371 ecclesiarum
622 1303 779 1384 Episcopis
794 1310 824 1390 et
839 1299 1040 1380 praesulibus.

299 1404 441 1467 facultate
455 1403 529 1464 alios
549 1403 721 1463 sacerdotes
736 1395 870 1460 adhunc
884 1394 1039 1468 effectum,

299 1510 360 1562 tam
389 1499 422 1560 in
451 1495 645 1568 civitatibus,
674 1491 826 1570 quanin
853 1486 1042 1552 dioecesibus

298 1591 528 1668 subdelegandi,
545 1605 607 1652 non
625 1602 732 1668 parum
748 1584 911 1647 levaminis
932 1596 1040 1643 eornm

298 1686 503 1750 anxietatibus
524 1691 555 1747 ct
575 1679 833 1745 sollicitudinibus
855 1692 909 1756 per
930 1692 986 1738 nos
1000 1674 1041 1736 al-

272 1781 394 1843 latum
427 1791 492 1840 esse
523 1783 678 1855 putamus.
712 1772 936 1835 Verumtamen
969 1767 1042 1848 ipsis

298 1875 485 1938 declaratum
513 1872 677 1944 volumus,
707 1883 770 1930 non
793 1866 822 1928 id
850 1863 1041 1942 propositum

298 1968 386 2031 nobis
407 1966 518 2040 fuisse,
542 1971 577 2026 ιιι
598 1979 649 2025 eos
677 1977 802 2041 prorsus
831 1957 1042 2020 eximeremus

298 2062 334 2123 ab
360 2061 419 2122 boc
450 2066 594 2139 paternae
622 2055 755 2118 caritatis
785 2052 900 2126 officio,
930 2066 985 2129 per
1010 2065 1042 2110 se

298 2156 377 2234 ipsos
405 2151 538 2215 adeundi
565 2149 695 2211 miseros
722 2153 861 2223 aegrotos
888 2141 1042 2222 plenariae

298 2245 502 2310 absolutionis
517 2245 549 2305 in
565 2249 707 2305 extremo
725 2238 854 2302 articulo
875 2236 1044 2314 adipiscen-

299 2341 352 2404 dae
374 2338 518 2417 cupidos3
545 2337 654 2398 sedat
680 2347 789 2396 eorum
818 2331 965 2410 pietatem
990 2341 1043 2406 op

289 2427 431 2514 'portnne
452 2432 642 2504 iuraremus,
656 2444 708 2502 ne,
730 2427 805 2489 dum
826 2424 884 2504 ipsi
904 2423 971 2485 aliis
993 2437 1042 2501 pa-

298 2525 462 2591 storalibus
476 2525 558 2588 curis
573 2525 764 2596 detinentur,
781 2519 885 2582 dolere
899 2517 1041 2590 debeant,

299 2620 477 2684 commissos
498 2618 555 2680 sibi
577 2617 682 2680 fideles
703 2615 761 2677 hoc
783 2620 868 2675 tanto
889 2608 1042 2690 spirituali

299 2713 449 2776 beneficio
474 2711 637 2774 destitutos
663 2724 700 2770 ex
729 2707 785 2770 hac
806 2706 868 2768 vita
893 2704 1039 2780 migrare.

299 2807 354 2882 Oui
377 2823 452 2868 vero
473 2805 561 2884 pium
576 2801 752 2865 huiusmodi
774 2817 849 2880 opus
863 2803 1044 2878 persemet-

300 2903 378 2980 ipsos
399 2914 545 2963 exercere
563 2897 698 2974 gaudent
718 2893 814 2977 (quod
835 2905 907 2954 sane
921 2905 1041 2963 omnes,

300 2993 419 3074 quoties
439 2991 579 3070 legitime
598 2987 737 3068 impediti
753 3001 816 3050 non
839 2985 969 3060 fuerint,
985 2983 1043 3046 fac-

300 3097 385 3151 turos
406 3101 474 3148 esse
498 3081 711 3161 confidimns),
740 3081 956 3154 meminerint,
979 3097 1042 3144 non

301 3183 330 3245 id
357 3181 520 3243 dumtaxat
550 3191 621 3254 erga
653 3174 820 3238 nobiliores
846 3182 876 3238 et
903 3183 1043 3253 potentes

300 3279 391 3341 huius
413 3272 544 3345 saeculi,
567 3269 617 3332 sed
645 3285 717 3348 erga
745 3284 893 3348 pauperes
920 3284 1042 3347 quoqne

299 3381 329 3434 et
349 3370 483 3432 abiectae
503 3365 593 3428 sortis
609 3364 750 3425 homines
764 3362 981 3442 praestandum
997 3378 1043 3423 es-

300 3483 341 3529 se.
364 3465 428 3539 Qua
449 3460 488 3522 de
509 3475 543 3521 re
564 3457 684 3522 utiliter
704 3456 764 3534 legi
785 3457 898 3535 poterit
919 3457 1044 3535 praede·

300 3558 426 3622 cessoris
457 3553 555 3617 nostri
584 3549 615 3613 S.
643 3551 782 3628 Gregorii
811 3549 912 3627 lfagni
938 3549 1042 3612 llomi-

289 3654 337 3716 'lia
358 3649 494 3716 lilil‘lll.
517 3650 550 3711 in
573 3644 741 3722 Evangelia
763 3643 805 3707 od
828 3643 903 3722 Cop.
927 3644 974 3706 lV.
999 3645 1044 3707 lo-

299 3748 397 3811 annis.
424 3747 506 3808 Erot
527 3739 652 3820 quidem
667 3737 820 3818 Regulus,
837 3739 931 3800 cicius
954 3738 1042 3818 infir-

299 3840 453 3905 mabatur
476 3835 716 3914 capharnaum,
733 3834 765 3895 in
787 3849 846 3912 qua
868 3833 1043 3895 mirabilem

299 3945 391 4014 atque
411 3931 575 3996 coelestem
598 3929 740 3991 observat
763 3927 964 3989 amantissimi
986 3927 1045 3990 ite-

265 4079 266 4082 ,
299 4027 466 4107 demptoris
487 4023 587 4087 nostri
600 4024 668 4084 lesu
684 4021 798 4084 Christi
818 4020 930 4098 agendi
952 4022 1043 4084 ratio-

145 5080 212 5126 ltonita
225 5081 281 5129 saln-

123 5133 166 5190 taria
185 5133 281 5183 bdelibns

124 5188 238 5238 inculcanda

298 4135 382 4194 nem,
405 4117 460 4197 qui
480 4118 515 4179 ad
537 4114 737 4177 invisendum
758 4120 970 4189 aegrotantem
985 4111 1042 4176 lle·

299 4213 363 4292 guli
385 4211 488 4273 filium
514 4209 664 4271 invitatus
685 4208 731 4268 ire
758 4206 878 4281 abnuit,
905 4208 940 4269 ad
963 4207 1044 4270 Gen-

299 4305 432 4370 turionis
458 4317 586 4366 servum
611 4318 668 4364 nec
690 4302 842 4364 invitatus
868 4303 987 4365 iturum
1008 4320 1042 4365 se

288 4399 469 4479 profitetur.
497 4393 579 4471 Quid
599 4399 646 4456 est
668 4393 750 4472 qaod
772 4391 913 4474 Regulus
933 4399 1039 4473 roget,

298 4498 336 4554 ot
357 4491 400 4556 ud
420 4491 489 4553 eius
502 4489 608 4570 fitium
628 4487 750 4560 eeuiut,
767 4493 797 4550 et
814 4494 921 4552 tomen
934 4489 1042 4550 euenire

298 4591 427 4648 recusat
435 4607 449 4657 ;
470 4585 511 4648 od
525 4599 651 4644 servum
665 4599 737 4643 aero
755 4583 963 4646 centurionis
978 4599 1040 4644 noo

298 4681 466 4742 incitator
481 4684 511 4739 et
527 4683 633 4739 tontea
643 4691 675 4736 se
686 4675 898 4752 corporaliter
911 4675 959 4736 ire
975 4678 1042 4754 pol-

299 4773 442 4836 licetur?
460 4770 575 4850 Reguli
590 4769 657 4850 dtio
674 4785 729 4847 per
746 4771 940 4846 corporalem
952 4785 1041 4848 proe-

297 4867 436 4929 sentiom
457 4881 521 4925 aon
542 4864 702 4941 dignatur
726 4863 850 4936 udesse‚·
873 4863 1041 4926 Centurio·

298 4960 349 5021 ais
369 4975 457 5020 seraa
480 4974 544 5019 oon
566 4956 762 5036 dedignatur
783 4973 977 5018 occurrere·

337 5056 356 5130 5
384 5052 414 5114 8.
438 5051 478 5115 Ut
504 5059 610 5114 autem
636 5049 848 5127 indulgentiae
879 5051 998 5115 fructus
1024 5069 1041 5113 a

298 5148 441 5210 fidelibus
462 5147 494 5207 in
507 5146 616 5207 mortis
629 5144 758 5206 articulo
773 5145 968 5225 percipiatur,
984 5147 1042 5209 hoc

297 5241 404 5305 sedulo
426 5239 582 5317 agendum
604 5239 674 5312 erit,
687 5246 723 5301 ιιι
745 5239 875 5318 populns
896 5239 928 5302 in
950 5242 1041 5303 sacris

299 5334 496 5398 concionibus
511 5339 542 5395 et
556 5332 763 5418 catechesibus
779 5331 958 5412 frequenter
973 5335 1042 5397 edo·

298 5435 414 5503 ceatur,
436 5427 517 5506 quod
539 5425 587 5500 iis,
609 5427 662 5504 qui
684 5425 801 5502 gratiae
822 5427 992 5505 beianum
1008 5429 1040 5491 in

297 5522 449 5601 baptismo
469 5527 666 5600 acceperunt,
687 5520 813 5597 ingrati,
836 5536 891 5599 per
914 5521 1042 5583 actualia

296 5623 416 5696 peccata
433 5611 583 5693 Spiritum
599 5613 748 5676 Sanctum
766 5613 1040 5690 contristaverunt,

299 5717 328 5772 et
350 5709 507 5788 templum
529 5707 584 5769 llei
610 5706 726 5770 violare
751 5723 813 5769 non
841 5715 915 5770 sunt
936 5708 1040 5783 veriti,

298 5803 499 5882 quantumvis
520 5809 646 5864 aeterna
666 5799 813 5880 supplicia
831 5800 863 5863 in
880 5801 1041 5863 Paeniten-

300 5897 357 5959 tiae
379 5895 578 5958 sacramento
599 5896 767 5958 condonata
788 5894 917 5972 fuerint,
931 5895 1041 5957 nihilo·

300 5989 405 6056 miuus
417 5989 595 6073 temporalis
606 5988 902 6072 plerumquepoeua
919 5987 1042 6054 divinae

1096 929 1195 990 tiones
1216 945 1230 989 a
1252 927 1409 991 sacerdote
1429 927 1611 992 confessario
1634 929 1665 991 in
1682 930 1745 1008 ipso
1766 945 1838 1008 poe-

1096 1023 1247 1085 nitentiae
1266 1032 1456 1086 sacramento
1488 1039 1543 1102 pro
1565 1039 1710 1086 mensura
1733 1025 1837 1087 delicti

1096 1116 1263 1195 impositas,
1287 1125 1340 1180 aut
1354 1132 1409 1195 per
1424 1117 1621 1180 christianam
1643 1117 1837 1180 tolerantiam

1096 1227 1203 1274 earum
1224 1211 1460 1285 adversitatum,
1483 1211 1630 1290 aquibus
1657 1211 1837 1274 mortalium

1095 1305 1157 1368 vita
1185 1305 1335 1368 immunis
1356 1321 1421 1368 esse
1449 1305 1575 1384 nequit3
1605 1305 1836 1368 verumetiam

1095 1415 1150 1479 per
1172 1399 1297 1476 ieiunia,
1320 1399 1717 1477 eleemosynasorationes
1740 1409 1769 1464 et
1780 1402 1838 1464 alia

1094 1493 1142 1572 pia
1164 1493 1330 1572 spiritualis
1350 1493 1431 1556 vitae
1445 1493 1600 1556 exercitia.
1624 1493 1770 1574 Alioquin
1785 1511 1838 1558 ve-

1094 1587 1228 1650 rendum
1250 1593 1339 1662 esset,
1353 1601 1391 1649 ne
1414 1587 1520 1650 salutis
1534 1587 1669 1650 remedia
1684 1591 1721 1651 ab
1736 1589 1838 1652 Eccle-

1094 1681 1156 1741 siae
1177 1679 1369 1756 benignitate
1392 1679 1533 1743 fidelibus
1546 1681 1749 1760 suppeditata,
1764 1699 1840 1762 pau·

1095 1772 1180 1835 latim
1203 1773 1236 1835 in
1258 1789 1369 1852 pravae
1396 1773 1546 1837 libertatis
1568 1783 1598 1837 et
1624 1773 1768 1838 licentiae
1794 1777 1838 1838 fo-

1095 1875 1240 1931 mentum
1278 1867 1500 1944 traherentnr3
1538 1867 1748 1946 compluribus
1782 1870 1839 1932 sibi
1946 1939 1952 1948 ,

1096 1968 1214 2024 temere
1245 1960 1472 2024 blandientibus
1501 1963 1539 2024 de
1560 1961 1742 2024 remissione
1770 1970 1840 2025 tum

1095 2053 1303 2133 sempiternae
1334 2069 1467 2132 poenae,
1498 2071 1553 2133 per
1585 2055 1840 2119 sacramentalem

1096 2145 1332 2224 absolutionem,
1363 2155 1431 2209 tum
1458 2149 1635 2227 temporalis
1662 2165 1716 2228 per
1738 2150 1842 2213 indul-

1096 2241 1220 2316 gentiae
1240 2240 1413 2318 pontificiae
1429 2239 1674 2319 applicationem,
1699 2243 1731 2305 in
1754 2244 1841 2306 exitu

1096 2335 1177 2396 vitae
1188 2331 1394 2412 impetranda3
1410 2349 1513 2412 neque
1528 2335 1733 2411 cogitantibus
1748 2352 1841 2414 quam

1097 2428 1249 2490 incertum
1266 2427 1306 2488 sit
1327 2425 1472 2490 omnibus
1487 2443 1551 2490 non
1567 2427 1667 2491 solum
1684 2446 1742 2509 qua
1765 2431 1856 2492 hora'

1095 2529 1127 2584 et
1148 2537 1209 2599 quo
1231 2519 1339 2582 mortis
1361 2535 1476 2597 genere
1491 2537 1529 2582 ex
1543 2521 1599 2584 hac
1620 2521 1683 2584 vita
1705 2523 1840 2606 migran-

1096 2613 1171 2676 dum
1198 2613 1257 2676 sibi
1282 2613 1391 2690 fuerit,
1414 2613 1586 2676 sedetiam
1609 2631 1646 2676 an
1676 2615 1842 2695 indulgen·

1096 2708 1187 2782 tiam,
1211 2707 1283 2770 iicet
1313 2715 1443 2769 externo
1471 2708 1536 2769 ritu
1561 2708 1620 2771 sibi
1647 2709 1839 2788 applicatam,

1096 2818 1168 2864 cum
1195 2801 1305 2864 effectu
1338 2803 1401 2863 sint
1429 2803 1616 2881 percepturi.
1644 2803 1840 2882 Praepostera

1095 2912 1191 2974 aeque
1212 2911 1244 2958 ac
1266 2895 1433 2973 periculosa
1449 2893 1584 2973 antiquis
1599 2895 1750 2960 Ecclesiae
1765 2905 1840 2960 tem-

1096 2989 1220 3068 poribus
1232 2989 1403 3050 inoleverat
1414 2990 1616 3064 consuetudo,
1629 2999 1665 3053 ut
1679 3007 1741 3054 non
1754 2993 1841 3069 pauci

1097 3099 1132 3146 ex
1155 3082 1203 3158 iis,
1227 3083 1280 3162 qui
1302 3081 1337 3144 ad
1360 3081 1548 3160 baptismum
1576 3084 1701 3146 nomina
1723 3085 1843 3148 obtule·

1096 3184 1178 3252 rant,
1194 3175 1229 3237 ad
1244 3177 1338 3238 finem
1351 3191 1449 3255 usque
1460 3176 1542 3238 vitae
1555 3175 1649 3256 ipsius
1659 3179 1842 3241 sacramenti

1097 3270 1326 3350 perceptionem
1348 3277 1561 3350 prorogarem,
1585 3287 1647 3349 quo
1664 3272 1780 3336 scilicet
1795 3273 1841 3335 in-

1097 3365 1190 3427 terim
1202 3364 1328 3441 ingenio
1340 3364 1436 3426 libere
1448 3364 1659 3441 indulgerent,
1669 3383 1701 3428 ao
1713 3367 1841 3430 demum

1096 3470 1193 3535 quum
1210 3472 1227 3517 e
1246 3457 1308 3518 vita
1329 3455 1491 3518 discessuri
1507 3465 1620 3534 essent,
1633 3473 1689 3536 per
1708 3459 1841 3522 salutare

1096 3549 1264 3624 lavacrum,
1288 3549 1325 3610 ab
1352 3549 1438 3610 omni
1466 3549 1566 3628 culpa,
1589 3557 1705 3614 ettam
1734 3552 1772 3614 ab
1793 3569 1841 3615 ae·

1096 3651 1196 3719 terna,
1220 3660 1314 3724 quam
1335 3661 1351 3705 a
1372 3644 1534 3722 temporali
1558 3660 1655 3723 poena
1676 3645 1782 3722 soluti,
1804 3649 1841 3711 ad

1097 3737 1225 3800 caeleste
1246 3753 1380 3815 regnum
1393 3745 1475 3800 reeta
1496 3738 1752 3816 transferrentur,
1768 3757 1840 3804 con·

1098 3841 1142 3896 tra
1163 3850 1240 3912 quos
1261 3840 1367 3896 extant
1389 3833 1588 3911 gravissimae
1609 3835 1841 3913 obiurgationes

1097 3927 1200 3991 Sancti
1211 3928 1352 4005 Gregorii
1366 3926 1554 3991 Nazianzeni
1571 3929 1602 3991 in
1617 3929 1761 3993 Oratione
1774 3929 1838 3994 XL.

1095 4029 1126 4084 et
1138 4021 1242 4084 Sancti
1256 4021 1378 4084 ioannis
1396 4021 1605 4099 Chrysostomi
1621 4022 1655 4085 in
1670 4023 1800 4087 Humilia
1815 4026 1837 4087 Ι.

1096 4131 1188 4194 super
1209 4115 1292 4177 ncta.
1318 4115 1377 4178 Sed
1398 4122 1428 4177 et
1449 4115 1582 4178 Ecclesia
1599 4115 1752 4182 catholica
1772 4136 1840 4198 pra-

1096 4226 1167 4272 vam
1188 4209 1366 4271 huiusmodi
1381 4209 1602 4274 confidentiam
1619 4209 1793 4289 improbare
1808 4231 1841 4277 se

1095 4303 1270 4378 declaravit,
1294 4303 1369 4366 dum
1385 4319 1446 4377 eos,
1462 4302 1515 4382 qui
1531 4303 1563 4365 in
1579 4306 1687 4366 mortis
1702 4307 1839 4384 periculo

1096 4397 1282 4478 baptismum
1303 4404 1500 4475 susceperant
1520 4397 1546 4458 si
1567 4398 1840 4476 convaluissent,a

1094 4493 1185 4554 sacris
1212 4489 1371 4553 ordinibus
1392 4497 1424 4551 et
1444 4491 1482 4552 ab
1503 4491 1610 4553 officiis
1630 4494 1839 4556 ecclesiasticis

1095 4585 1251 4659 arcendos,
1267 4601 1300 4646 ac
1320 4590 1471 4663 perpetuo
1493 4583 1680 4661 irregulares
1701 4585 1767 4649 fore
1789 4588 1839 4650 de·

1096 4677 1205 4742 crevit.

1135 4773 1154 4848 ἓ
1175 4771 1205 4834 9.
1229 4771 1268 4834 Et
1288 4771 1435 4850 quoniam
1457 4773 1675 4852 sacerdotibus,
1692 4776 1744 4855 qui
1767 4775 1841 4838 flde-
1890 4785 2032 4846 religionis
2046 4801 2072 4837 a·

1096 4867 1140 4928 les
1160 4866 1192 4928 in
1216 4876 1357 4928 extremo
1371 4881 1469 4943 agone
1492 4865 1664 4930 laborantes
1685 4871 1734 4948 pie
1755 4871 1841 4933 adiu·
1857 4843 2072 4945 gissiuffi‘r'ffiffll

1096 4967 1180 5035 vant,
1198 4956 1248 5020 vel
1269 4957 1422 5020 Ecclesiae
1443 4969 1632 5024 sacramenta
1654 4961 1725 5040 ipsis
1747 4963 1839 5026 mini·
1858 4949 1984 4997 ⁵¹⁰¹¹²¹¹⁴¹l

1095 5058 1206 5128 strant,
1235 5049 1359 5112 ilituale
1379 5051 1555 5116 Ronranum
1585 5053 1734 5132 iniungit,
1758 5065 1793 5119 ut
1813 5059 1839 5118 si

1095 5153 1240 5222 aegrotus
1261 5143 1489 5223 indulgentiam
1511 5146 1681 5226 plenariam
1701 5150 1839 5227 legitima

1096 5239 1278 5301 auctoritate
1293 5253 1468 5301 concessam
1482 5242 1628 5320 consequi
1643 5241 1753 5318 valeat,
1770 5259 1839 5306 eam

1097 5331 1140 5393 ilii
1170 5332 1203 5393 in
1235 5339 1373 5395 mentem
1404 5334 1569 5411 reducant,
1602 5344 1838 5416 proponantque

1096 5426 1169 5503 quid
1191 5427 1226 5488 ad
1248 5441 1315 5487 eam
1327 5427 1574 5505 consequendam
1589 5443 1681 5506 agere
1695 5431 1838 5505 debeant,

1096 5535 1134 5581 ex
1155 5519 1203 5580 his
1234 5527 1356 5595 autem,
1379 5521 1432 5598 qui
1454 5520 1489 5582 ad
1518 5521 1696 5585 huiusmodi
1723 5529 1839 5586 statum

1097 5611 1209 5676 redacti
1230 5622 1315 5689 sunt,
1332 5614 1382 5674 alii
1397 5605 1609 5692 quidem'oum
1625 5615 1714 5694 plena
1735 5618 1839 5695 cogni·

1097 5707 1182 5770 tione
1192 5708 1350 5786 integrum
1362 5708 1502 5788 loquelae
1516 5726 1608 5773 nsum
1623 5711 1773 5786 retinent,
1789 5710 1841 5773 alii

1097 5818 1171 5863 vero
1192 5802 1339 5880 loquendi
1359 5800 1538 5866 facultatem
1560 5804 1746 5880 amiserunt,
1769 5805 1840 5867 licet

1097 5902 1184 5957 antea
1200 5894 1336 5958 sincerae
1347 5897 1542 5960 contritionis
1557 5897 1668 5960 indicia
1684 5898 1838 5974 dederint,

1097 6004 1239 6074 eamque,
1261 5977 1501 6058 adbuo'rattone
1522 5999 1657 6074 utentes,
1669 5991 1839 6060 identidem

1757 593 1817 664 355
1866 594 1920 652 An.
1934 598 1964 651 0.
1986 591 2054 651 1747
