4798 6978
971 591 1169 650 bursolenus
1190 587 1253 648 xrit.

341 720 487 784 effectum
512 717 724 800 praesentium
745 701 868 787 tantum
894 736 1084 801 consequen-

342 817 428 891 dum,
441 817 552 877 barum
568 815 647 877 serie
672 817 865 880 absolventes
885 824 916 880 et
932 816 1085 880 absolutas

254 913 258 922 '
340 912 407 974 fore
427 921 600 986 censentes,
616 910 892 990 supplicationibus
907 927 1014 974 eorum
1031 929 1085 974 no-

341 1006 425 1069 mine
447 1005 535 1068 nobis
560 1022 653 1086 super
674 1007 732 1068 boc
752 1005 917 1068 humiliter
936 1007 1085 1084 porrectis

271 1112 274 1120 ’
341 1099 490 1176 inclinati,
507 1101 729 1177 praeinsertam
746 1099 969 1162 resolutionem
991 1115 1085 1161 ame·

341 1193 467 1254 moratis
488 1194 712 1270 cardinalibus,
734 1201 770 1256 ut
790 1193 976 1273 praefertur,
993 1208 1086 1271 super

342 1287 430 1348 dictis
451 1285 552 1349 dubiis
573 1295 703 1366 captam,
715 1287 896 1350 auctoritate
910 1285 1084 1365 apostolica,

342 1387 452 1445 tenore
465 1383 689 1460 praesentium,
705 1381 924 1443 confirmamus
936 1387 966 1441 et
978 1395 1085 1458 appro

341 1475 461 1551 bamus,
483 1475 591 1556 illique
618 1475 806 1538 inviolabilis
832 1474 1012 1562 apostolicae
1033 1474 1085 1535 tir·

339 1571 455 1633 mitatis
477 1571 572 1632 robur
592 1569 764 1646 adiicimus,
780 1584 948 1649 omnesque
969 1575 1001 1629 et
1022 1569 1085 1630 sin-

340 1663 428 1740 gulos
456 1665 531 1728 iuris
553 1674 584 1728 et
604 1665 675 1728 facti
703 1665 851 1739 defectus,
874 1664 900 1726 si
921 1663 975 1743 qui
996 1663 1085 1726 desu-

339 1774 395 1836 per
415 1758 517 1822 forsan
541 1760 783 1834 intervenerint,
794 1758 974 1837 supplemus
995 1764 1026 1818 et
1039 1772 1085 1817 sa·

340 1871 461 1918 namus.

378 1951 397 2024 ᾖ
418 1951 446 2011 3.
470 1951 678 2012 Decernentes
702 1951 825 2012 easdem
852 1955 1027 2026 praesentes
1048 1946 1084 2008 li-

338 2053 431 2120 teras,
454 2046 573 2120 flrmas,
602 2045 715 2107 validas
737 2051 768 2106 et
789 2043 923 2105 efficaces
951 2043 1084 2104 existere

339 2149 370 2202 et
392 2139 468 2216 fore,
497 2154 631 2217 suosque
652 2137 805 2215 plenarios
830 2144 860 2197 et
882 2137 1020 2212 integros
1040 2135 1083 2195 ef-

337 2232 436 2296 fectus
456 2231 558 2294 sortiri
581 2239 612 2292 et
633 2229 786 2304 obtinere,
810 2246 843 2290 ac
865 2228 937 2302 illis,
950 2227 985 2289 ad
1007 2243 1083 2306 quos

337 2332 463 2406 spectat,
477 2333 507 2388 et
518 2341 573 2404 pro
589 2333 730 2402 tempore
744 2323 1001 2402 quandocumque
1014 2334 1083 2397 spe-

337 2421 442 2495 ctabit,
464 2418 642 2498 plenissime
664 2415 836 2493 suffragari,
858 2424 889 2478 et
913 2414 950 2477 ab
971 2415 1013 2475 eis
1036 2429 1084 2474 re-

336 2514 473 2594 spective
493 2511 716 2576 inviolabiliter
730 2509 906 2585 observari;
928 2508 1034 2586 sicque
1049 2507 1080 2568 in

336 2608 512 2687 praemissis
533 2623 588 2686 per
602 2620 815 2685 quoscumque
829 2603 945 2665 iudices
960 2600 1081 2663 ordina-

336 2704 399 2767 rios
420 2711 451 2764 et
471 2702 642 2780 delegatos,
670 2700 762 2761 etiam
787 2711 950 2760 causarum
978 2693 1080 2772 palatii

336 2796 493 2879 apostolici
514 2796 680 2870 auditores,
703 2791 830 2854 iudicari
846 2797 878 2852 et
892 2789 1015 2853 definiri
1031 2790 1081 2850 de-

336 2892 422 2970 bere,
445 2907 479 2952 ao
499 2889 625 2952 irritum
645 2894 678 2948 et
699 2886 807 2961 inane,
830 2885 856 2946 si
876 2899 962 2946 secus
988 2899 1080 2967 super

336 2987 384 3048 bis
398 3002 414 3046 a
428 2999 595 3064 quoquam,
608 2982 719 3062 quavis¹
737 2979 930 3053 auctoritate,
946 2976 1081 3038 scienter

336 3081 386 3143 rel
400 3080 584 3157 ignoranter
594 3074 761 3152 contigerit
772 3072 928 3136 attentari.
942 3070 1012 3132 Non
1028 3069 1079 3131 ob·

334 3174 486 3238 stantibus
501 3168 775 3235 constitutionibus
790 3175 820 3228 et
835 3163 1080 3230 ordinationibus

334 3267 525 3350 apostolicis,
547 3264 738 3341 caeterisque
765 3260 928 3324 contrariis
955 3257 1080 3338 quibus·

335 3378 479 3441 cumque.

374 3458 487 3518 batum
513 3454 645 3529 Romae,
670 3452 750 3531 apud
780 3450 810 3514 S.
835 3449 961 3513 blariam
988 3449 1080 3510 blato-

334 3566 401 3614 rem
416 3549 474 3611 sub
488 3547 604 3610 annulo
617 3545 787 3620 piscatoris,
802 3543 852 3606 die
866 3557 933 3604 nnn
948 3541 1080 3603 ianuarii

334 3661 527 3719 nnuuuvrn,
548 3640 656 3722 pontif.
681 3638 781 3702 nostri
801 3653 884 3700 anno
906 3652 998 3698 xvrn.

583 3839 835 3854 ψ

647 4019 765 4086 CXCV.

333 4213 483 4280 Alumuis
496 4210 762 4292 Gouprcpotiouis
779 4207 809 4271 S.
827 4206 972 4284 Pttltppt
987 4204 1078 4270 Neria'

373 4308 482 4371 Limus
503 4301 688 4386 depretibus
710 4300 852 4391 coucedit
878 4297 917 4364 ob
943 4299 1079 4362 Ordiuo·

373 4403 422 4464 rio
445 4399 595 4463 ordinari
620 4413 708 4476 possa
734 4395 833 4457 titulo
863 4393 1026 4456 missionis
1048 4399 1078 4454 at

372 4511 497 4558 meuses
518 4491 706 4554 communis.

490 4621 746 4770 ⁸sustenturus
763 4671 823 4740 aa.
844 4670 915 4738 uu

547 4864 736 4933 Venerabilis
758 4862 865 4942 frater,

367 4964 497 5032 salutem
519 4966 551 5029 ct
572 4959 772 5046 apostolicam
795 4954 1043 5024 benedictionem.

374 5157 394 5233 ς
417 5156 443 5217 l.
467 5152 588 5232 Erponi
609 5150 697 5214 nobis
725 5165 826 5229 nuper
849 5148 931 5212 fecit.
950 5148 1078 5212 dilectus

334 5249 419 5312 tilius
439 5247 623 5311 Vincentius
645 5246 682 5308 de
702 5243 784 5307 Amil
805 5245 931 5319 Feiuoo,
954 5244 1078 5322 presby-

334 5352 383 5407 ter
412 5341 577 5405 saecularis
607 5357 640 5404 ac
671 5346 852 5418 procurator
877 5338 910 5399 in
941 5340 1077 5402 Romana

335 5437 428 5501 Curia
449 5434 705 5513 congregationis
726 5432 857 5497 Oratorii
880 5431 983 5495 Sancti
1010 5429 1078 5492 Pbi·

334 5530 409 5609 lippi
430 5528 515 5592 Nerii
538 5526 795 5604 congregationis
810 5524 973 5603 Limanae3
996 5523 1078 5604 quod

334 5633 398 5686 tana
419 5623 483 5702 ipsa
506 5621 710 5700 congregatio
731 5619 870 5694 Limana,
894 5634 987 5698 qnam
1002 5617 1078 5680 aliae

334 5717 511 5792 Valentius,
543 5714 746 5794 Hispalensis,
769 5713 921 5776 Biacensis
942 5713 974 5775 in
996 5713 1078 5775 dioe-

334 5812 396 5876 cesi
417 5811 571 5875 Giennen.
589 5815 620 5871 et
634 5807 810 5886 Coobensis,
827 5805 965 5884 aliaeque
986 5807 1019 5868 in
1035 5807 1078 5869 di-

334 5905 472 5968 tionibus
503 5903 673 5966 cbarissimi
695 5901 727 5963 in
750 5901 871 5964 Christo
896 5900 952 5963 filii
979 5900 1077 5962 nostri

333 5997 520 6066 llerdinandi
531 5996 748 6075 Hispaniarum
758 5993 850 6071 uagis
861 5992 1001 6056 catholici
1015 5992 1078 6056 eri-

1141 727 1270 796 stentes,
1292 719 1333 782 ita
1355 728 1429 783 sunt
1449 720 1628 796 institutae,
1650 730 1685 784 ut
1711 719 1830 782 alumni
1853 719 1886 783 in

1141 815 1203 878 illis
1221 815 1315 894 recipi
1329 831 1383 878 seu
1398 815 1521 878 admitti
1535 815 1666 879 minime
1682 815 1810 894 possint,
1827 815 1886 877 nisi

1142 925 1259 972 annuas
1273 911 1505 989 praestationes,
1518 918 1570 972 aut
1584 911 1656 973 alias
1667 917 1764 974 certas
1778 919 1809 974 et
1823 912 1887 975 ido·

1143 1022 1215 1068 neas
1242 1005 1416 1081 facultates,
1439 1011 1602 1085 certosque
1628 1022 1748 1070 annuos
1769 1007 1909 1069 reditus·

1143 1101 1284 1174 babeant,
1307 1115 1441 1178 quarum
1462 1098 1553 1162 titulo
1575 1100 1610 1162 ad
1630 1117 1730 1163 sacros
1757 1099 1887 1163 Ordines

1141 1208 1197 1255 suo
1213 1201 1359 1272 tempore
1379 1193 1556 1270 promoveri
1577 1192 1710 1256 valeant.
1734 1194 1815 1256 Cum
1834 1211 1886 1256 au-

1142 1287 1885 1365 tem,sicuteademexpositio'subiungebat,non

1141 1396 1250 1443 omnes
1271 1396 1356 1443 sacro
1377 1381 1606 1459 presbyteratus
1627 1381 1728 1444 ordini
1757 1382 1886 1444 adscribi

1141 1474 1303 1553 cupientes
1330 1483 1454 1537 tantum
1475 1475 1653 1555 patrimonii
1682 1476 1828 1552 babeant,
1852 1485 1886 1541 ut

1141 1567 1179 1632 de
1199 1569 1324 1648 proprio
1346 1570 1452 1632 vivere
1472 1577 1600 1648 queant,
1617 1571 1790 1634 necessitati
1811 1589 1886 1635 vero

1141 1661 1556 1740 congregationisbimanae
1576 1664 1755 1730 huiusmodi
1776 1681 1887 1729 nume-

1142 1772 1213 1818 rum
1234 1760 1427 1821 sacerdotnm
1451 1760 1483 1820 in
1505 1776 1539 1821 ea
1569 1759 1771 1824 existentium
1793 1760 1887 1822 mini-

1141 1865 1192 1912 me
1213 1867 1388 1930 congruens
1410 1855 1592 1931 reperiatur,
1616 1863 1645 1916 et
1670 1853 1806 1918 defectus
1826 1855 1886 1918 iste

1140 1944 1316 2008 sensibilior
1336 1962 1391 2008 seu
1413 1947 1517 2008 verius
1539 1948 1740 2025 perniciosior
1762 1949 1883 2026 existat,

1140 2041 1256 2102 etenim
1280 2042 1313 2104 in
1335 2057 1369 2102 ea
1387 2042 1458 2105 satis
1474 2045 1547 2104 novi
1569 2045 1651 2106 orbis
1673 2045 1829 2122 perampla
1844 2045 1885 2107 ci·

1140 2135 1234 2197 ritate
1255 2135 1412 2200 abundant
1423 2138 1547 2216 quidem
1571 2139 1686 2214 fideles,
1703 2147 1733 2202 at
1748 2139 1813 2203 non
1827 2140 1885 2201 mi·

1140 2243 1198 2290 nor
1224 2236 1270 2291 est
1297 2245 1487 2309 paganorum
1515 2241 1568 2296 aut
1594 2232 1631 2294 de
1652 2234 1771 2297 recenti
1792 2235 1826 2296 ad
1849 2233 1884 2294 ti-

1139 2319 1209 2382 dem
1222 2323 1422 2386 reductorum
1434 2323 1618 2404 frequentia,
1631 2328 1715 2389 unde
1728 2327 1883 2405 sequitur,

1139 2422 1173 2475 ut
1189 2413 1272 2476 illius
1287 2416 1469 2506 sacerdotes,
1486 2419 1555 2494 etsi,
1572 2435 1706 2482 numero
1722 2421 1881 2496 tredecim,

1139 2516 1261 2586 praeter
1272 2509 1374 2586 laicos,
1387 2520 1542 2574 extremos
1557 2512 1738 2590 impendant
1754 2513 1882 2588 labores,

1138 2616 1226 2681 pares
1242 2603 1371 2664 minime
1392 2612 1465 2666 sunt
1485 2606 1695 2683 spiritualibus
1709 2606 1813 2686 populi
1829 2623 1883 2668 ne-

1138 2696 1344 2773 cessitatibus;
1361 2697 1475 2760 debent
1489 2715 1624 2778 namque
1639 2701 1780 2777 excipere
1795 2701 1884 2764 Chri·

1137 2789 1318 2852 stifidelium
1334 2790 1540 2854 confessiones
1555 2809 1683 2870 magnae
1698 2793 1882 2860 devotorum

1136 2888 1359 2964 multitudinis,
1372 2889 1426 2966 qui
1447 2889 1584 2968 quotidie
1605 2892 1641 2952 ad
1656 2907 1766 2953 eorum
1787 2891 1883 2955 eccle·

1136 2981 1214 3044 siam
1234 2983 1269 3043 ad
1292 2980 1322 3041 id
1351 2984 1561 3061 conveniunt3
1589 2983 1727 3062 quotidie
1756 3001 1882 3064 quoque

1136 3071 1270 3135 verbum
1290 3074 1356 3149 Dei,
1380 3081 1411 3136 et
1435 3075 1599 3138 catbolicae
1621 3076 1697 3153 legis
1722 3084 1881 3157 praecepta

1136 3165 1245 3228 docent
1260 3175 1291 3229 et
1305 3169 1495 3247 praedicant;
1518 3176 1686 3232 occurrunt
1700 3172 1794 3233 etiam
1809 3187 1882 3250 qua·

1136 3279 1270 3343 cumque
1299 3261 1373 3326 bora
1395 3263 1592 3340 invitentur,
1621 3274 1656 3327 ut
1676 3265 1829 3328 auxilium
1850 3277 1881 3330 et

1136 3357 1340 3420 assistentiam
1371 3364 1528 3436 praestent
1554 3359 1586 3420 in
1613 3373 1760 3438 supremo
1782 3377 1880 3438 agone

1135 3451 1330 3529 constitutis;
1353 3459 1384 3513 et
1406 3453 1532 3514 demum
1553 3451 1745 3518 famulantur
1759 3463 1789 3518 et
1809 3455 1880 3518 sub·

1136 3546 1269 3608 veniunt
1299 3546 1483 3624 pauperibus
1509 3546 1718 3612 sacerdotibus
1746 3549 1881 3610 infirmis

1135 3655 1168 3700 se
1189 3638 1409 3717 recipientibus
1429 3639 1462 3700 in
1483 3639 1637 3718 hospitali,
1653 3641 1740 3705 cuius
1761 3659 1835 3706 cura
1850 3650 1881 3704 et

1136 3732 1360 3794 administratio
1381 3731 1499 3795 eisdem
1513 3733 1626 3796 credita
1646 3743 1678 3797 et
1700 3735 1880 3798 demandata

1135 3825 1258 3904 eristit3
1281 3841 1315 3888 ac
1336 3826 1486 3904 proinde,
1509 3828 1608 3890 dictus
1638 3826 1822 3892 Vincentius
1843 3827 1881 3890 sd

1135 3922 1309 4000 augendam
1330 3923 1384 3984 Dei
1406 3921 1548 3999 gloriam,
1571 3932 1602 3986 et
1627 3924 1721 4004 ipsius
1742 3924 1880 3988 instituti

1135 4017 1379 4092 incrementum,
1402 4017 1639 4096 animarumque
1653 4019 1788 4081 salutem
1810 4035 1880 4098 pro-

1135 4112 1337 4187 movendam,
1365 4111 1577 4190 superioribus
1597 4113 1775 4176 earumdem
1799 4115 1878 4177 Con-

1135 4207 1351 4283 gregationum
1372 4205 1550 4268 facultatem
1562 4207 1732 4286 excipiendi
1747 4209 1878 4286 singulis

1135 4302 1225 4364 annis
1246 4301 1278 4362 in
1301 4307 1485 4363 memoratas
1514 4299 1793 4380 Congregationes,
1822 4317 1877 4366 seu

1135 4395 1252 4470 domos,
1275 4401 1344 4458 octo
1364 4392 1414 4455 rel
1435 4411 1488 4456 sen
1510 4395 1546 4458 ad
1560 4394 1665 4457 minus
1686 4397 1810 4459 idoneos
1832 4397 1877 4458 ri·

1135 4505 1185 4552 ros
1205 4489 1333 4550 caeteris
1347 4487 1546 4567 qualitatibus
1563 4490 1726 4569 praeditos,
1743 4489 1815 4553 licet
1829 4507 1877 4555 re-

1134 4601 1207 4647 rnm
1229 4583 1449 4661 temporalium
1469 4583 1587 4661 inopes,
1607 4584 1701 4662 quire
1721 4587 1756 4648 sd
1777 4603 1877 4650 sacros

1135 4678 1228 4741 etiam
1241 4678 1471 4757 presbyteratus
1483 4675 1606 4738 ordines
1617 4676 1652 4737 ad
1666 4679 1793 4742 titulum
1805 4681 1879 4742 mis-

1134 4771 1229 4835 sionis
1249 4778 1281 4833 et
1302 4787 1427 4834 mensae
1440 4771 1614 4834 communis
1628 4786 1684 4849 per
1701 4772 1878 4837 ordinarios

1134 4865 1272 4928 locorum
1304 4863 1478 4942 promoveri
1506 4863 1640 4942 possint,
1669 4864 1725 4927 sibi
1748 4883 1765 4927 a
1789 4868 1877 4930 uobis

1133 4958 1257 5022 concedi
1279 4957 1451 5037 plurimum
1472 4957 1635 5020 desideret.
1795 4953 1800 4962 '

1172 5053 1191 5128 5
1212 5052 1241 5113 Ξ.
1259 5051 1320 5114 Nos
1331 5050 1438 5128 igitur,
1452 5051 1547 5128 ipsius
1558 5051 1716 5116 Vincentii
1730 5054 1811 5116 rotis
1823 5055 1878 5118 bac

1134 5148 1166 5209 in
1181 5165 1225 5224 re,
1241 5155 1394 5225 qnantum
1414 5161 1486 5206 cum
1501 5145 1632 5208 Domino
1646 5161 1820 5224 possumus,
1836 5149 1879 5210 fa-

1133 5242 1313 5306 vorabiliter
1340 5255 1481 5304 annuere
1510 5240 1667 5316 volentes,
1700 5258 1836 5320 eumque
1861 5259 1876 5304 a

1133 5334 1295 5416 quibusvis
1310 5333 1647 5410 excommunicationis,
1664 5337 1876 5414 suspensionis

1133 5436 1164 5492 et
1186 5428 1352 5504 interdicti,
1374 5427 1502 5506 aliisque
1523 5427 1731 5491 ecclesiasticis
1753 5437 1877 5492 senten-

1134 5523 1195 5598 tiis,
1217 5522 1360 5584 censuris
1381 5526 1412 5583 et
1433 5521 1539 5600 poenis
1560 5537 1575 5581 a
1601 5521 1668 5584 iure
1693 5521 1743 5583 vel
1764 5522 1801 5584 ab
1821 5523 1876 5586 bo·

1134 5617 1219 5680 mine
1247 5615 1354 5694 quavis
1379 5615 1539 5678 occasione
1560 5614 1610 5677 rel
1635 5631 1722 5708 causa
1749 5614 1828 5691 latis,
1850 5616 1876 5679 si

1132 5711 1244 5789 quibus
1266 5708 1496 5789 quomodolibet
1516 5707 1681 5770 innodatus
1701 5709 1817 5785 existit,
1839 5710 1875 5772 ad

1132 5804 1278 5868 eflectum
1298 5803 1509 5882 praesentium
1534 5810 1658 5866 tantum
1686 5819 1877 5883 consequen·

1133 5898 1219 5972 dum,
1233 5897 1342 5959 barum
1356 5897 1436 5959 serie
1451 5896 1643 5960 absolventes
1657 5904 1687 5960 et
1701 5897 1875 5962 absolutum

1133 5992 1200 6054 fore
1221 5999 1394 6068 censentes,
1409 5991 1683 6072 supplicationibus
1697 5993 1761 6055 eius
1776 5993 1898 6058 nomi.

1808 567 1864 647 701
1915 577 1970 632 An.
1985 581 2015 632 o.
2037 563 2106 632 tube
