4838 6982
132 535 187 584 Au.
201 534 231 584 G.
254 533 323 586 1753

984 554 1179 600 BENEch'l'l'S
1203 556 1264 599 dlv.

1820 538 1877 600 5743
1930 543 1981 592 An.
1998 543 2026 592 c.
2049 542 2117 594 1753

353 669 459 730 dicatis
480 677 511 732 et
533 671 663 748 paginis,
676 673 709 735 in
724 674 837 752 quibus
859 673 957 736 notati
978 689 1099 736 errores
1123 673 1125 681 '
1154 673 1225 736 tidci
1242 673 1574 738 laciendamdisimus:
1599 693 1670 738 nam
1688 676 1897 740 cardinalium

352 761 563 825 continentur.
577 765 814 829 llorlibercum
826 768 1098 830 animadversioni·
1124 738 1125 833 i
1151 768 1304 844 suffragiis
1324 784 1427 830 coram
1443 771 1509 847 ipso
1523 770 1671 832 Pontidce
1692 771 1837 846 terendis,
1855 780 1897 834 at-

351 855 408 916 bus
423 857 567 918 revisuris
583 859 618 920 ad
637 859 776 936 singulos
791 861 981 923 consultores
997 862 1097 923 mitta·
1123 861 1125 905 l
1151 879 1212 940 que
1232 862 1326 924 buius
1346 863 1505 925 definitiva
1527 864 1691 939 sententia,
1708 863 1758 925 rel
1773 864 1832 927 alio
1846 882 1899 944 op-

353 955 415 1024 tur,
428 952 525 1029 quiin
538 954 779 1030 congregatione
794 971 947 1032 promere
961 956 1096 1018 habenda
1124 976 1125 1021 1
1152 962 1288 1032 portuno
1314 955 1442 1016 consilio
1464 957 1496 1018 in
1522 957 1629 1018 eadem
1656 959 1897 1035 congregatione

351 1045 484 1123 singulis
504 1047 589 1136 feriis
616 1051 760 1112 secundis
789 1053 821 1113 in
843 1051 967 1114 aedibus
994 1050 1095 1113 Sancti
1123 1042 1125 1109 ἶ
1150 1049 1309 1126 capiendo,
1333 1064 1381 1111 res
1401 1048 1588 1112 absolvetur.

351 1139 460 1214 Odicii,
482 1142 520 1203 de
542 1142 620 1205 libro
641 1151 671 1206 et
693 1161 821 1206 censura
843 1145 1032 1207 sententiam
1054 1145 1098 1206 di·
1123 1120 1125 1155 ⁸
1190 1144 1258 1217 §b
1283 1143 1386 1204 Altera
1408 1160 1531 1222 quoque
1552 1144 1662 1206 indicis
1690 1146 1897 1222 congregatio
1951 1158 2044 1203 ructus
2067 1159 2128 1202 con-

1122 1236 1125 1405 l

352 1243 433 1296 cant.
464 1233 528 1314 lpsa
555 1238 665 1300 deinde
696 1255 836 1313 censura,
868 1255 937 1301 cum
967 1239 1045 1300 libro
1067 1247 1097 1300 et

351 1330 562 1392 consultorum
576 1331 741 1408 suffragiis,
758 1331 792 1392 ad
809 1333 985 1395 cardinales
1001 1338 1097 1395 traus-

352 1425 527 1497 mittantur,
552 1430 586 1485 ut
608 1425 638 1485 bi
662 1426 694 1486 in
722 1427 989 1502 congregatione,
1020 1443 1097 1504 quae

351 1517 425 1578 feria
446 1526 553 1595 quarta
574 1515 680 1579 baberi
702 1519 779 1580 solet
804 1521 836 1580 in
857 1519 988 1581 lratrum
1011 1535 1096 1598 prae-

352 1610 522 1672 dicatorum
553 1611 700 1672 coenobio
725 1613 853 1675 Sanctae
874 1613 985 1674 Mariae
1007 1629 1098 1690 supra

352 1703 521 1764 Minervam
545 1712 735 1782 nuncupato,
752 1707 790 1766 de
813 1714 873 1767 tota
890 1723 923 1768 re
937 1706 1097 1768 definitive

352 1797 573 1873 pronuncient.
598 1797 678 1873 Post,
698 1797 735 1859 ab
755 1815 904 1860 assessore
926 1798 1027 1862 Sancti
1049 1798 1098 1862 Ol-

352 1889 414 1950 ficii
435 1897 498 1950 acta
522 1889 626 1950 omnia
647 1891 680 1951 ad
704 1891 885 1954 Pontificem
911 1892 1097 1966 reserantur,

353 1981 439 2044 cuius
461 1982 590 2044 arbitrio
611 1983 761 2047 iudicium
782 2001 875 2047 omne
901 1985 1089 2046 absolvetur.

393 2076 460 2150 §b
487 2071 565 2138 cum
587 2084 690 2139 autem
711 2077 752 2138 sit
777 2079 875 2139 veteri
899 2079 1096 2140 institutione

352 2177 527 2248 receptum,
551 2177 586 2232 ut
607 2172 739 2232 auctoris
761 2172 900 2233 catholici
922 2172 1000 2234 liber
1021 2187 1095 2246 non,

352 2267 445 2327 unius
467 2273 589 2327 tautum
611 2265 750 2326 relatoris
777 2273 934 2344 perspecta
955 2283 1096 2342 censura,

353 2362 434 2423 illico
456 2360 678 2439 proscribatur3
695 2360 730 2421 ad
748 2377 887 2422 normam
906 2361 1031 2438 praelati
1046 2363 1098 2423 da-

351 2456 426 2517 creti
449 2456 564 2517 mensis
591 2454 666 2516 iunii
691 2453 765 2518 anni
794 2455 954 2516 millesimi
981 2457 1096 2534 septin-

351 2549 514 2626 gentesimi
544 2548 815 2629 quinquagesimi,
848 2547 994 2610 volumus
1028 2565 1094 2610 eam

351 2644 608 2705 consuetudinem
630 2643 759 2704 omnino
783 2641 918 2719 serrari3
946 2643 987 2704 ita
1009 2648 1055 2718 ut,
1072 2644 1096 2703 si

351 2737 469 2815 primos
491 2751 599 2798 censor
621 2737 736 2798 librum
751 2736 1007 2814 proscribendum
1029 2752 1095 2798 esse

351 2829 482 2903 iudicet,
514 2829 656 2906 quamvis
688 2829 879 2892 consultores
904 2830 936 2891 in
966 2830 1094 2891 eundem

348 2924 535 2983 sententiam
557 2923 757 2996 conveniant,
779 2922 985 2984 nibilominus
1006 2923 1093 2984 alteri

350 3015 478 3075 revisuri
494 3015 651 3076 abeodem
673 3015 924 3092 congregatione
947 3017 1045 3077 electo
1061 3016 1096 3076 li-

350 3106 455 3168 beret
477 3122 606 3169 censura
620 3106 795 3185 tradantur;
817 3124 979 3186 suppresso
1002 3109 1094 3187 primi

349 3201 484 3262 censoris
506 3200 645 3274 nomine,
662 3217 723 3278 quo
738 3201 816 3263 alter
839 3201 987 3264 iudicium
1003 3219 1094 3264 suum

349 3293 476 3355 liberius
487 3300 631 3372 exponat.
649 3293 681 3356 st
692 3302 798 3356 autem
812 3296 966 3357 secundus
979 3296 1096 3356 revisor

123 2084 333 2128 Ulteriorescau·

115 2138 183 2182 tolno
205 2137 331 2181 adluben-

113 2192 199 2238 :laesi
208 2191 332 2236 deducio·

114 2245 151 2287 ris
169 2243 289 2288 remoliri
307 2243 332 2287 li·

115 2298 162 2343 bro
177 2304 277 2353 agatur.

349 3387 450 3466 primo
470 3387 667 3461 assentiatur,
685 3393 759 3451 tunc
774 3389 937 3466 utriusque
958 3391 1095 3452 animad-

349 3480 508 3542 versiones
529 3483 564 3542 ad
592 3481 767 3543 Cardinales
788 3483 971 3559 mittantur,
995 3492 1041 3560 ut,
1059 3484 1095 3546 iis

349 3575 506 3653 expensis,
522 3575 558 3636 de
579 3573 658 3638 libro
679 3577 856 3639 decernant.
881 3579 919 3639 tlt
940 3579 964 3639 si
986 3595 1095 3641 secun-

349 3669 406 3730 dus
420 3685 436 3729 a
450 3669 551 3745 primo
572 3668 742 3742 dissentiat,
759 3685 792 3730 ac
807 3667 921 3733 librum
937 3670 1095 3734 dimitten-

349 3760 425 3822 dum
440 3761 609 3834 existimet,
626 3762 737 3823 tertius
752 3762 884 3839 eligatur
899 3781 1017 3839 censor,
1034 3767 1094 3842 cui,

349 3869 512 3933 suppresso
527 3855 674 3933 'priorum
704 3855 849 3932 nomine,
874 3866 1003 3936 utraque
1024 3877 1094 3922 cen-

349 3965 418 4010 sura
441 3949 701 4010 communicetur.
725 3950 823 4011 Huius
847 3959 951 4012 autem
973 3953 1093 4029 relatio,

349 4041 374 4100 si
395 4059 411 4102 a
432 4042 535 4120 priore
557 4041 770 4105 consultorum
792 4045 944 4106 sententia
959 4061 1022 4107 non
1044 4048 1096 4109 ab·

350 4137 446 4210 ludat,
460 4135 672 4198 cardinalibus
688 4137 865 4200 immediate
886 4139 1096 4202 communice-

351 4236 413 4302 tur,
436 4234 471 4288 ut
493 4228 561 4304 ipsi,
583 4228 665 4306 quod
688 4239 898 4307 opportunum
921 4231 1026 4306 luerit,
1044 4233 1094 4295 de-

349 4328 495 4383 cernant:
525 4321 574 4383 sin
609 4323 731 4396 minus,
761 4322 873 4385 iterum
904 4324 1094 4386 consultores

348 4419 506 4491 perspecta
528 4414 619 4475 tertia
633 4431 761 4478 censura
783 4415 964 4492 suffragium
980 4416 1093 4494 ierant;

349 4504 452 4584 idque,
469 4523 618 4570 unacum
640 4508 785 4570 omnibus
810 4509 951 4587 praelatis
973 4509 1095 4572 relatio·

349 4600 452 4675 nibus,
475 4601 687 4663 cardinalibus
708 4601 900 4674 exhibeatur,
924 4604 988 4682 qui,
1005 4605 1093 4666 reita

349 4701 470 4757 mature
492 4709 652 4773 perpensa,
675 4697 712 4756 de
732 4698 940 4758 controversia
962 4699 1095 4778 denique

348 4788 555 4866 pronunciare
577 4787 744 4850 debebunt.
768 4789 1027 4870 Quotiescumque
1042 4809 1094 4854 au·

350 4889 413 4944 tem
435 4882 586 4956 Pontifex,
609 4883 659 4943 rel
681 4883 720 4944 ob
741 4885 798 4958 rei,
821 4885 859 4946 de
879 4902 937 4962 qua
962 4887 995 4948 in
1015 4886 1094 4948 libro

349 4977 470 5052 agitur,
499 4977 700 5054 gravitatem,
727 4978 778 5038 rel
808 4979 878 5056 quia
907 4979 935 5039 id
962 4983 1093 5042 auctoris

350 5070 462 5130 merito
482 5069 612 5148 aliisque
633 5070 874 5132 circumstantiis
892 5072 1093 5136 tribuendum

349 5170 484 5239 censeat,
514 5163 585 5224 libri
614 5165 763 5227 iudicium
792 5181 894 5227 coram
915 5181 948 5228 se
974 5167 1037 5246 ipso
1059 5168 1092 5229 in

350 5257 587 5334 congregatione
602 5257 695 5318 leriae
710 5259 837 5336 quintae
853 5259 1026 5321 babendum
1041 5261 1092 5323 de-

348 5350 463 5428 crerit;
486 5351 568 5429 quod
588 5367 677 5430 saepe
695 5360 714 5412 'a
734 5352 822 5414 uobis
845 5352 960 5415 iactum
982 5353 1041 5415 luit
1061 5361 1093 5416 et

349 5445 469 5522 quoties
490 5445 530 5506 ita
555 5445 699 5524 expedire
721 5445 934 5522 iudicabimus,
959 5448 990 5510 in
1012 5456 1087 5527 post-

349 5553 440 5600 erum
461 5554 584 5618 quoque
606 5539 672 5600 fiet:
702 5547 776 5601 tunc
796 5541 868 5601 satis
890 5540 985 5602 luerit
1007 5541 1092 5602 esbi-

351 5631 423 5692 bere
444 5631 585 5694 Pontifici
606 5639 638 5693 et
659 5633 871 5696 cardinalibus
892 5632 962 5695 libri
984 5649 1091 5697 censu-

350 5739 397 5785 ras
419 5731 450 5786 et
471 5725 685 5788 consultorum
705 5727 865 5804 suffragia,
888 5728 1000 5790 omisso
1022 5745 1090 5790 erra-

350 5818 435 5879 mine
456 5821 705 5896 congregationis
726 5819 820 5882 leriae
849 5827 987 5899 quartae,
1010 5823 1091 5884 eius-

349 5927 412 5991 que
432 5911 593 5989 relatione,
616 5927 709 5993 quam
731 5930 786 5992 per
809 5931 991 5978 assessorem
1015 5916 1090 5978 Pon-

1151 1235 1254 1313 plures
1277 1236 1494 1314 complectitur
1516 1239 1692 1302 cardinales
1707 1239 1760 1316 ipsi
1783 1257 1797 1300 a
1820 1239 1897 1301 Pon·
1916 1213 2129 1318 lii⁰d²li⁰ts⁰ii¹ii

1153 1326 1235 1388 tisrce
1255 1328 1433 1406 adscriptos,
1449 1329 1620 1408 iisdemque
1635 1330 1757 1392 dotibus
1779 1329 1898 1408 praedi-
1916 1327 2029 1365 munera.

1153 1430 1209 1495 tos,
1232 1422 1344 1500 quibus
1360 1422 1390 1483 S.
1407 1422 1503 1486 Oldcii
1525 1423 1700 1486 Cardinales
1721 1425 1836 1501 pollere
1851 1442 1897 1484 so-

1151 1514 1232 1590 lent3
1256 1531 1353 1592 quum
1375 1515 1468 1578 etiam
1490 1532 1599 1578 eorum
1622 1517 1739 1595 aliquos
1761 1517 1793 1579 in
1815 1525 1897 1579 utra·

1152 1623 1211 1686 que
1227 1608 1473 1685 congregatione
1486 1610 1587 1672 locum
1599 1611 1712 1672 babere
1724 1612 1894 1688 contingat.

1153 1703 1198 1764 Eu
1220 1702 1257 1764 iis
1278 1720 1359 1764 uuus
1383 1703 1521 1765 eiusdem
1538 1704 1791 1781 congregationis
1814 1722 1897 1782 prae-

1152 1795 1249 1857 lectus
1270 1795 1393 1872 cristit3
1417 1797 1561 1858 assistens
1573 1814 1647 1860 vero
1671 1807 1837 1876 perpetuus
1852 1807 1897 1860 est

1153 1889 1299 1966 magister
1319 1891 1395 1952 sacri
1424 1890 1545 1968 palatii;
1568 1892 1751 1954 secretarius
1781 1901 1896 1968 autem,

1152 2000 1167 2042 a
1189 1983 1287 2060 prima
1301 1984 1557 2060 dangregationts
1580 1984 1778 2046 institutione
1800 2003 1898 2065 usque

1152 2077 1184 2138 in
1205 2084 1399 2154 praesentum
1431 2079 1531 2152 diem,
1561 2095 1599 2138 ex
1625 2076 1737 2142 Ordine
1766 2078 1896 2142 fratrum

1152 2170 1397 2233 Praedicatorum
1413 2189 1428 2232 a
1443 2187 1566 2234 summo
1581 2173 1729 2234 Pontibce
1751 2188 1806 2250 pro
1823 2179 1897 2234 tem-

1152 2281 1225 2341 pore
1252 2264 1323 2340 eligi
1352 2266 1525 2327 consuevit.
1560 2264 1641 2330 Sunt
1672 2276 1830 2344 praeterea
1860 2285 1897 2329 os

1151 2367 1283 2436 utroque
1304 2359 1386 2420 clero
1399 2358 1547 2420 saeculari
1562 2368 1593 2422 et
1608 2359 1744 2436 regulari
1759 2361 1896 2422 eiusdem

1152 2451 1406 2528 congregationis
1424 2453 1616 2514 consultores
1638 2463 1667 2514 et
1683 2454 1829 2516 relatores
1850 2471 1897 2516 se-

1151 2545 1238 2622 lecti3
1261 2553 1291 2607 et
1313 2547 1451 2624 quidem,
1469 2546 1521 2607 ubi
1545 2546 1653 2624 aliquis
1676 2545 1826 2608 librorum
1850 2564 1896 2608 re-

1149 2639 1279 2700 lationes
1302 2656 1403 2700 coram
1433 2640 1680 2714 congregatione
1702 2639 1814 2714 semel,
1838 2640 1894 2713 bis,

1150 2733 1252 2806 tertio,
1270 2732 1463 2794 laudabiliter
1484 2733 1639 2812 peregerit
1657 2742 1722 2794 tum
1740 2733 1800 2810 ipsa
1818 2734 1896 2797 con·

1150 2827 1288 2902 gregario
1315 2826 1497 2888 Pontificem
1526 2843 1634 2903 rogare
1655 2827 1750 2901 solet,
1775 2836 1808 2889 ut
1831 2829 1897 2890 eius

1149 2919 1329 2981 auctoritate
1351 2921 1384 2981 in
1410 2920 1625 2982 consultorum
1652 2934 1822 2983 numerum
1850 2938 1897 2983 re-

1149 3011 1278 3073 mmmm

1189 3107 1207 3180 ἓ
1230 3106 1257 3167 7.
1283 3106 1347 3168 Sub
1361 3107 1423 3184 ipsa
1440 3107 1634 3182 pontificatus
1650 3107 1748 3169 nostri
1765 3108 1895 3186 primur·
1928 3130 2044 3192 ⁸crasson
2064 3130 2127 3191 opp·
2174 3109 2177 3119 ’

1149 3197 1208 3273 dia,
1231 3212 1265 3258 ea
1288 3214 1344 3258 nos
1365 3197 1459 3258 subiit
1482 3199 1637 3274 cogitatio,
1656 3207 1690 3259 ut
1713 3205 1829 3260 certam
1843 3199 1896 3261 ali·
1915 3181 2128 3280 ffssfffismffifflss

1150 3305 1243 3368 quam
1264 3296 1294 3350 et
1318 3289 1543 3352 immutabilem
1561 3291 1744 3352 methodum
1757 3308 1812 3370 pro
1827 3310 1895 3355 esa·
1915 3290 1989 3387 ⁰⁰13}
2003 3289 2127 3387 igsssslfflssgg

1149 3384 1235 3444 mine
1267 3381 1443 3460 iudicioque
1465 3383 1615 3446 librorum
1640 3384 1672 3446 in
1700 3387 1755 3448 bac
1785 3386 1896 3449 iudicis
1915 3354 1971 3458 flou
1993 3396 2127 3450 proscri-

1150 3480 1399 3556 congregatione
1409 3481 1592 3542 servandam
1606 3487 1823 3544 statueremus.
1834 3483 1895 3557 Qua
1913 3455 2001 3549 illim
2023 3459 2127 3495 serven-

1148 3573 1186 3635 de
1207 3589 1242 3633 re
1262 3588 1325 3634 nou
1352 3573 1443 3634 modo
1474 3573 1638 3635 consilium
1669 3575 1895 3652 exquisivimus

1149 3667 1251 3731 dilecti
1268 3667 1324 3728 lilii
1339 3667 1436 3729 nostri
1449 3667 1560 3743 tingeli
1575 3667 1685 3729 Mariae
1698 3668 1808 3730 stab.
1824 3669 1894 3731 car·
1958 3701 1961 3708 ·

1148 3760 1259 3823 dinalis
1274 3761 1394 3836 Quirini
1416 3761 1584 3839 nuncupati
1602 3761 1740 3824 eiusdem
1763 3759 1793 3822 S.
1809 3764 1843 3825 ll.
1858 3765 1892 3824 E.

1149 3853 1895 3933 Bibliothecarii,etdictaecongregationisprae-

1148 3947 1231 4023 fecti,
1254 3947 1306 4025 qui
1328 3948 1391 4025 pari
1414 3948 1577 4025 prudentia
1599 3956 1630 4009 et
1645 3947 1781 4009 doctrina
1802 3965 1895 4010 suum

1149 4041 1238 4102 nobis
1267 4057 1392 4104 sensum
1424 4041 1537 4118 scripto
1567 4041 1752 4118 declaravit3
1785 4058 1895 4105 rerum

1148 4135 1243 4196 etiam
1264 4134 1453 4212 antiquiores
1468 4133 1583 4211 aliquot
1605 4132 1742 4195 eiusdem
1759 4135 1896 4212 congre-

1150 4229 1280 4306 gationis
1301 4228 1495 4292 consultores
1506 4245 1610 4291 coram
1631 4229 1743 4292 dilecto
1766 4230 1829 4291 trito
1851 4231 1894 4292 lo·

1149 4323 1243 4401 sepho
1265 4323 1441 4399 Augustino
1468 4322 1535 4385 Orsi
1558 4322 1679 4406 Ordinis
1707 4323 1896 4386 Praedicato-

1149 4433 1233 4490 rum,
1251 4424 1323 4478 tunc
1339 4416 1432 4493 ipsius
1448 4416 1704 4492 congregationis
1719 4417 1894 4493 secretario,

1150 4527 1232 4573 nuuc
1247 4517 1351 4571 autem
1362 4510 1467 4589 palatii
1481 4509 1637 4588 apostolici
1653 4510 1811 4586 magistro,
1824 4527 1895 4574 con·

1150 4605 1259 4666 renire
1280 4603 1437 4679 iussimus,
1454 4619 1603 4682 suamque
1618 4604 1807 4664 sententiam
1823 4621 1893 4681 ape-

1151 4699 1223 4773 rire,
1247 4713 1324 4775 quae
1345 4698 1460 4775 pariter
1482 4697 1596 4774 scripto
1618 4705 1782 4776 concepta,
1805 4699 1894 4759 nobis

1149 4793 1210 4854 iam
1225 4799 1300 4854 tunc
1311 4791 1445 4852 exhibita
1457 4788 1526 4851 luit.
1546 4788 1690 4868 cumque
1702 4790 1776 4851 baec
1790 4791 1894 4853 omnia

1149 4886 1317 4962 diligenter
1339 4884 1417 4963 apud
1439 4901 1495 4946 nos
1516 4891 1665 4946 asservata
1688 4883 1794 4959 luerit,
1811 4901 1894 4946 nunc

1149 4977 1272 5041 demum
1306 4986 1443 5039 veterem
1472 4977 1726 5040 deliberationem
1755 4986 1893 5039 nostrum

1149 5079 1352 5147 resumentes,
1382 5071 1643 5148 quemadmodum
1673 5088 1723 5145 ea,
1746 5087 1825 5150 quae
1856 5074 1892 5135 ad

1148 5164 1299 5227 librorum
1327 5180 1458 5226 eraurcn
1487 5172 1578 5242 atque
1607 5163 1756 5226 iudicium
1779 5165 1810 5226 in
1833 5167 1893 5242 pri·

1148 5259 1278 5321 modicia
1299 5258 1550 5334 congregatione
1572 5254 1676 5320 Sancti
1689 5258 1787 5321 Officii
1808 5275 1893 5338 pera-

1148 5352 1296 5428 gendum,
1314 5351 1484 5429 pertinent,
1501 5351 1683 5414 auctoritate
1705 5360 1807 5414 nostra
1822 5370 1894 5416 con-

1146 5445 1368 5520 stabilivimus;
1399 5444 1439 5505 ita
1460 5445 1554 5505 etiam
1583 5461 1629 5520 ea,
1654 5463 1731 5523 quae
1756 5448 1792 5510 ad
1813 5447 1893 5510 Gon-

1147 5539 1357 5615 gregationem
1390 5537 1513 5611 iudicis,
1547 5546 1577 5600 et
1606 5539 1744 5602 eiusdem
1773 5543 1892 5617 generis

1148 5633 1275 5708 negocia
1306 5631 1385 5710 apud
1416 5645 1483 5692 eam
1516 5633 1670 5693 tractanda
1700 5632 1801 5698 lacere
1827 5651 1893 5713 pos·

1146 5731 1231 5801 sunt,
1261 5723 1442 5803 opportunis
1473 5724 1602 5786 decretis
1630 5726 1819 5790 constituere
1840 5746 1893 5790 ro-

1146 5818 1257 5892 lentes,
1274 5816 1460 5896 praelaudati
1477 5817 1643 5880 cardinalis
1657 5818 1805 5896 praelecti
1821 5839 1892 5886 cou-

1145 5912 1232 5989 siliis‚
1255 5913 1471 5991 dictorumque
1502 5911 1715 5976 consultorum
1745 5916 1824 5978 volis
1846 5917 1893 5980 in·
