4798 6978
100 577 155 632 An.
170 585 200 632 0·
223 575 291 634 1756
952 597 1147 647 nonentcrus
1170 595 1232 646 xtv.
1294 557 1317 616 ¹⁸
1779 573 1838 646 645
1889 577 1942 632 An·
1956 582 1986 632 θ·
2009 573 2076 632 1756

86 725 304 774 1amaccnssnsn-
322 716 389 779 fieri
409 719 552 795 superius
573 716 746 782 innuimus.
770 718 921 782 Aroudins
948 719 1001 782 lib.
1027 723 1059 793 3,
1093 737 1094 740 ’
1117 719 1290 782 charistiam
1311 720 1425 800 populo
1440 721 1628 798 ministrare,
1644 720 1778 784 sivesnb
1792 737 1858 800 spe·

86 781 301 881 ssssffgfflnm'
321 825 388 887 cop.
410 809 462 882 17,
478 811 755 874 demonstrandum
766 811 872 886 sumit,
888 811 918 873 id
934 811 994 872 illis
1008 827 1063 888 per
1118 813 1162 875 cie
1184 815 1272 892 panis
1292 814 1358 877 sire
1378 816 1436 878 snb
1456 816 1556 894 specie
1577 817 1644 878 viui
1665 816 1747 878 iuxta
1769 833 1860 878 cano-

319 919 420 966 sacxos
440 919 572 966 canones
601 904 720 967 licitum
750 905 879 966 omnino
899 920 962 966 non
984 920 1060 966 esse.
1119 922 1192 968 nem
1220 906 1425 972 Laodicennm
1448 909 1543 972 XXV.
1568 915 1599 971 et
1620 910 1652 972 in
1678 925 1750 973 enm
1772 916 1859 972 notas

304 995 446 1060 ,Goarins
473 997 514 1060 od
542 997 773 1078 Encltolopinm
804 1013 876 1077 pop.
901 995 946 1055 72
972 1001 1063 1058 testa·
1118 998 1317 1074 Balsamonis,
1337 1002 1470 1064 Zonarae
1484 1012 1515 1064 ει
1529 1002 1676 1078 Aristeni,
1692 1002 1738 1064 uti
1753 1001 1859 1064 ridere

321 1096 383 1164 tur,
405 1089 593 1152 oblationem
608 1091 795 1154 diaconalem
811 1091 843 1152 in
858 1090 969 1168 magna
984 1090 1062 1153 Con·
1119 1098 1163 1153 est
1185 1093 1263 1170 apud
1293 1093 1504 1172 Beveregium¹
1529 1103 1603 1157 tom.
1631 1097 1661 1167 1,
1685 1111 1754 1175 pop.
1777 1094 1856 1158 464.

319 1181 591 1258 sxanxinopotitana
612 1185 743 1246 Ecclesia
759 1201 816 1247 usu
832 1191 984 1262 receptam
999 1199 1062 1245 non
1119 1183 1188 1246 Non
1209 1185 1251 1248 sic
1272 1194 1376 1249 autem
1398 1187 1543 1264 diaconia,
1565 1188 1676 1267 quibus
1697 1189 1770 1250 olim
1792 1205 1858 1268 spe·

319 1273 422 1338 luisse.
456 1275 518 1338 Nec
545 1275 713 1340 defuerunt
740 1279 794 1356 qni
825 1275 1061 1351 contenderent,
1118 1277 1235 1340 cialiter
1256 1281 1436 1344 demandata
1452 1287 1517 1344 erat
1532 1283 1593 1344 sola
1615 1282 1766 1344 Dominici
1784 1281 1858 1344 San-

320 1371 523 1449 expungenda
538 1387 604 1434 esse
617 1372 654 1432 ab
669 1370 857 1447 Enchologio
878 1370 971 1432 verba
985 1384 1062 1447 quae
1118 1371 1222 1446 guinis
1243 1372 1430 1448 distributio,
1453 1389 1530 1452 thae
1550 1373 1672 1449 deinde,
1695 1375 1733 1436 ob
1754 1381 1859 1436 enatos

319 1465 477 1542 pertinent
491 1466 527 1526 ad
542 1465 728 1527 oblationem
744 1463 943 1540 diaconalem,
956 1470 1062 1542 utpote
1118 1467 1265 1542 quosdam
1286 1466 1409 1540 abusus,
1427 1467 1497 1546 ipsis
1519 1467 1612 1530 etiam
1633 1469 1773 1545 adempta
1788 1467 1857 1542 luit,

319 1577 335 1620 a
356 1559 555 1624 schismaticis
575 1559 700 1622 adiecta.
724 1560 841 1625 Contra
863 1574 937 1620 vero
959 1557 1062 1620 Garuli·
1118 1558 1166 1619 uti
1181 1557 1371 1622 demonstrat
1393 1560 1563 1623 Cotelerius
1584 1561 1624 1624 od
1645 1576 1712 1638 cop.
1727 1560 1780 1632 13,
1798 1563 1818 1623 l.
1836 1565 1858 1622 8

320 1653 397 1716 nalis
419 1653 502 1716 Bona
523 1653 597 1715 nar.
621 1653 781 1734 Litnrgic.
807 1649 862 1716 lib.
885 1655 919 1726 2,
943 1667 1011 1729 cap.
1030 1651 1058 1722 1,
1120 1647 1409 1723 Constitutionnnt,
1426 1668 1505 1728 quoe
1526 1650 1725 1730 Apostolicns
1746 1653 1858 1715 dicon·

320 1761 410 1808 nnm.
425 1745 458 1818 7,
475 1745 600 1809 nullum
621 1763 688 1808 esse
710 1761 861 1808 canonem
877 1743 1061 1823 tuetur„qui
1119 1748 1185 1815 tnr,
1210 1748 1283 1804 tom.
1309 1745 1338 1802 1.

319 1839 531 1902 huiuscemodi
554 1839 629 1900 ritni
650 1839 790 1914 obsistat,
804 1855 901 1917 quum
918 1837 994 1900 sacri
1016 1854 1063 1900 ca·
1156 1836 1175 1910 5
1196 1836 1244 1898 43.
1270 1838 1331 1899 lam
1353 1854 1426 1899 vero
1447 1839 1793 1917 indongregaxtonibus
1808 1843 1858 1900 ixa-
1890 1856 2088 1904 nxaaonanson-

319 1949 416 1996 nonan
438 1949 506 1996 eam
527 1934 652 2012 quidem
678 1933 862 1996 oblationem
885 1931 1060 2004 excludant,
1116 1929 1187 1992 bitis
1209 1937 1268 1993 tam
1292 1933 1349 1994 snb
1376 1933 1500 1996 Urbano
1522 1933 1596 1997 lllll.
1621 1951 1714 2013 qnam
1744 1937 1857 1998 nostris
1877 1909 2089 2011 {ssssgi‘ssstlnssffig

320 2028 568 2106 quamdiaconns
582 2027 748 2091 adsacrum
763 2026 1062 2104 altarelacereprae·
1087 1999 1090 2133 J
1116 2023 1200 2086 hisce
1223 2026 1422 2104 temporibus,
1446 2028 1577 2090 minime
1606 2031 1857 2108 praetermissum
1877 2021 2035 2126 ᾗξξζξᾷῑη»
2063 2021 2089 2064 0²

320 2129 469 2196 sumeret,
485 2137 548 2182 non
564 2129 669 2184 autem
690 2138 755 2184 eam
778 2122 920 2200 quemad
935 2119 1061 2182 Prothe-
1087 2138 1090 2182 t
1116 2116 1175 2179 luit
1196 2134 1326 2181 examen
1348 2121 1519 2199 propositae
1537 2122 1735 2200 quaestionis,
1752 2129 1857 2185 utrum

319 2212 379 2274 sim
400 2214 536 2290 peragit,
560 2215 674 2292 qnippe
694 2230 772 2292 quae
794 2214 872 2276 nihil
900 2213 980 2274 aliud
1002 2219 1060 2286 εει,
1116 2209 1250 2273 tollenda
1272 2218 1352 2274 esset
1373 2213 1495 2289 oblatio,
1518 2231 1595 2293 quae
1617 2232 1631 2275 a
1649 2213 1784 2278 diaconis
1805 2217 1858 2278 sre-

320 2320 410 2384 quam
433 2307 621 2385 praeparatio
642 2307 677 2368 ad
692 2307 782 2368 aliam
795 2325 810 2367 a
824 2307 980 2368 sacerdote
994 2321 1062 2384 per·
1116 2303 1223 2382 balad
1245 2306 1430 2368 Protbesim.
1455 2308 1489 2370 ln
1512 2308 1544 2369 ει
1566 2313 1686 2382 autem,
1709 2324 1786 2386 quae
1807 2307 1860 2370 lta-

320 2397 482 2462 liciendam
509 2400 541 2462 in
567 2416 653 2462 sacro
680 2400 779 2462 altari.
813 2402 858 2482 nd
886 2400 959 2461 haec
981 2399 1062 2460 idem
1118 2396 1178 2458 bita
1199 2406 1245 2460 est
1267 2399 1315 2460 die
1341 2417 1389 2462 nr.
1413 2401 1565 2462 tannarii
1593 2401 1673 2462 urani
1699 2416 1857 2462 nncexnv.

320 2491 489 2555 Cardinalis
510 2494 661 2569 ostendit,
687 2494 852 2572 antiquum
878 2509 943 2554 esse
965 2492 1060 2554 ritum
1117 2491 1303 2569 rescriptum
1325 2491 1395 2569 luit,
1417 2494 1505 2558 nobis
1532 2494 1644 2557 deinde
1665 2495 1859 2572 approbanti-

321 2585 482 2648 oblationis
503 2587 666 2650 diaconalis
684 2595 714 2648 et
736 2604 751 2647 a
773 2586 914 2664 pluribus
934 2584 1062 2646 saeculis
1116 2584 1185 2659 bns,
1218 2584 1302 2646 nibil
1333 2603 1396 2648 esse
1426 2587 1656 2652 innovandum.
1691 2590 1859 2654 Validiores

321 2680 353 2741 in
382 2680 516 2742 Ecclesia
544 2679 655 2743 Graeci
684 2682 899 2755 observatum
929 2693 1062 2754 cumque
1116 2678 1203 2740 enim
1224 2687 1316 2756 atque
1344 2680 1496 2742 firmiores
1518 2681 1601 2744 risse
1621 2692 1694 2746 sunt
1722 2685 1858 2746 rationes

321 2773 358 2835 de
379 2789 416 2834 eo
437 2773 626 2851 disputatum
647 2773 741 2835 inerit
766 2773 858 2835 etiam
881 2771 913 2833 in
935 2771 1061 2833 Floren-
1116 2772 1188 2834 huic
1210 2772 1283 2834 ritui
1306 2772 1443 2836 iacentes
1464 2790 1519 2852 per
1534 2776 1727 2839 cardinalem
1743 2778 1859 2841 Bonam

321 2867 387 2928 tino
409 2867 557 2944 Concilio,
584 2866 773 2930 satisfactum
800 2866 893 2929 inisse
921 2863 1061 2926 Patribus
1117 2865 1235 2941 allatae,
1257 2884 1351 2946 quam
1373 2868 1452 2944 illae,
1469 2885 1545 2947 qnae
1564 2869 1599 2930 ml
1616 2871 1859 2950 oppugnandum

320 2960 361 3022 ibi
383 2961 522 3023 adunatis
543 2978 598 3040 per
620 2961 831 3038 responsiones
853 2959 890 3021 ab
904 2957 1063 3035 archiepi-
1117 2961 1262 3022 eumdem
1284 2961 1381 3024 ritum
1403 2963 1556 3038 congessit
1571 2963 1730 3026 brondius.
1755 2964 1859 3043 ltaque

319 3070 410 3132 scopo
426 3049 631 3133 blitylenensi
652 3056 745 3117 datas.
764 3053 915 3118 Similiter
936 3052 1063 3114 Berlen-
1119 3053 1150 3116 in
1172 3055 1252 3116 noxi
1272 3054 1453 3132 Euohologii
1475 3056 1612 3118 editione
1633 3057 1766 3120 intactus
1788 3058 1858 3120 reli·

320 3149 366 3211 dis
388 3155 536 3210 tractatu
552 3147 588 3208 de
604 3145 827 3210 oblationibus
843 3148 994 3225 impresso
1012 3145 1062 3206 Ve-
1116 3153 1183 3210 etxrs
1198 3157 1243 3209 est
1259 3148 1425 3211 oblationis
1445 3149 1606 3211 diaconalis
1627 3149 1715 3212 ritus.
1739 3152 1782 3213 Ile
1800 3151 1858 3230 qui

319 3243 417 3306 nattis
438 3260 521 3307 anno
536 3259 727 3319 nuncnune,
743 3243 762 3317 ἓ
776 3244 809 3314 5,
825 3257 897 3321 pop.
918 3242 998 3314 143,
1016 3241 1061 3300 in·
1117 3239 1188 3302 licet
1209 3241 1293 3309 nulla
1315 3243 1433 3304 mentio
1449 3243 1501 3304 fiat
1516 3243 1548 3305 iu
1564 3259 1600 3305 eo
1620 3245 1719 3322 capite
1732 3245 1859 3308 secundi

319 3347 368 3400 tar
388 3338 563 3401 functiones
584 3337 784 3400 diaconorum
805 3337 939 3400 admittit
964 3335 1061 3397 ritum
1116 3334 1236 3410 bloniti,
1259 3334 1297 3396 de
1317 3351 1379 3414 quo
1399 3336 1557 3414 bucusque
1579 3336 1712 3414 egimus,
1739 3354 1794 3399 nos
1817 3347 1859 3400 ta·

319 3431 482 3493 oblationis
503 3433 537 3493 ad
560 3431 743 3506 Protllesim,
760 3430 924 3492 interdicto
946 3429 1061 3490 eisdem
1116 3443 1191 3490 men
1211 3429 1262 3490 hic
1283 3429 1397 3508 aliquid
1411 3429 1488 3492 circa
1505 3445 1572 3492 eam
1595 3431 1792 3494 innuendum
1805 3434 1860 3496 dn-

319 3525 389 3586 iure
409 3523 560 3586 offerendi
581 3523 750 3598 adultam,
773 3522 853 3601 quod
874 3521 945 3582 solis
965 3536 1062 3582 sacer·
1116 3521 1234 3600 ximus,
1258 3530 1324 3585 tum
1347 3523 1417 3600 quia
1439 3537 1499 3584 utta
1521 3530 1600 3584 este
1620 3523 1713 3586 sacris
1733 3525 1859 3587 actioni-

320 3619 441 3680 dotibus
461 3618 617 3696 competit.
642 3616 752 3680 xlllud
768 3614 916 3678 offerendi
935 3613 1060 3676 diacono
1116 3616 1185 3691 bns,
1196 3632 1273 3694 quae
1284 3616 1319 3676 ad
1331 3616 1504 3678 Protbesim
1516 3617 1608 3692 liunt,
1625 3633 1763 3696 quaeque
1774 3635 1859 3696 prae·

320 3727 435 3774 munus
455 3711 651 3786 attributum,
673 3709 808 3786 intelligi
830 3709 979 3788 deprimo
994 3723 1060 3786 par·
1115 3709 1252 3772 cedentis
1272 3709 1424 3772 sermonis
1445 3709 1602 3772 obiectum
1622 3708 1767 3786 luerunt3
1792 3721 1859 3774 tum

320 3804 485 3868 ticularnm
507 3803 674 3879 oblatione,
698 3804 773 3866 dum
794 3819 885 3882 snper
906 3816 1059 3876 mensam,
1116 3803 1185 3880 qnia
1207 3801 1325 3865 nullam
1347 3802 1426 3876 elabi
1439 3802 1571 3865 sinimus
1586 3805 1787 3880 occasionem,
1800 3821 1859 3884 qua

319 3897 491 3960 Prothesim
522 3903 679 3972 vocatam,
711 3897 809 3958 adnuo
835 3897 968 3972 adsunt;
996 3910 1060 3956 non
1115 3895 1213 3970 vobis,
1229 3911 1324 3958 renn.
1342 3894 1463 3972 iratres,
1476 3896 1578 3959 dilecti
1601 3897 1668 3974 filii,
1683 3900 1781 3975 magis
1796 3917 1859 3964 ma-

320 4006 394 4052 vero
414 3991 453 4052 de
472 3991 538 4052 aliis
559 3990 676 4052 duabus
700 3989 921 4064 oblationibus,
944 4003 1059 4066 quasa
1116 3990 1224 4067 gisone
1246 3995 1393 4052 testatum
1407 3990 1471 4065 fiat,
1487 4006 1683 4070 nequaquam
1704 3991 1858 4057 intensam

319 4085 474 4146 sacerdote
495 4083 578 4145 inter
599 4083 757 4160 liturgiam
780 4083 900 4144 stunt.»
1090 4117 1091 4122 κ
1115 4098 1183 4145 esse
1203 4083 1313 4144 restris
1340 4082 1451 4144 ritibus
1480 4083 1650 4146 Romanam
1678 4085 1863 4162 Ecclesiam,

360 4177 378 4252 5
399 4177 449 4239 ta.
472 4176 504 4239 S.
520 4176 701 4238 Ambrosius
716 4177 867 4238 virtutem
882 4173 1059 4238 S.Lauren-
1116 4177 1192 4255 puin
1213 4176 1314 4255 potius
1335 4192 1404 4239 eam
1425 4191 1480 4254 pro
1501 4176 1621 4239 uiribus
1641 4178 1672 4240 id
1692 4193 1800 4255 agere,
1825 4189 1858 4242 ut

321 4269 356 4331 tii
377 4271 565 4350 praedicans,
586 4270 657 4347 oui,
680 4269 824 4332 diaconus
848 4285 946 4348 quum
968 4277 1059 4342 esset,
1116 4269 1255 4332 inviolati
1269 4278 1433 4332 serventur
1454 4269 1487 4343 ii,
1503 4269 1556 4348 qui
1571 4285 1711 4332 errorem
1733 4272 1857 4336 nullum

314 4379 384 4446 ¹gana
404 4380 476 4426 oum
496 4360 527 4426 S.
552 4361 641 4426 Sixto
661 4363 809 4424 Pontifioe
826 4361 860 4423 ad
876 4362 1061 4440 martyrium
1116 4364 1256 4441 ninilque
1277 4364 1458 4426 indecorum
1479 4363 1669 4426 contineant.

314 4447 393 4520 'duci
414 4456 585 4536 exoptabat,
607 4456 651 4517 sic
670 4469 745 4516 eum
769 4455 949 4533 loquentem
971 4453 1060 4516 indu·
1156 4456 1244 4533 §tn
1268 4458 1408 4519 Tertium
1430 4456 1521 4519 modo
1541 4473 1574 4518 se
1594 4473 1627 4518 se
1648 4457 1737 4520 oliert
1760 4459 1856 4522 ldoni·
1908 4467 2018 4513 roratum
2038 4469 2087 4513 no-

143 4559 306 4621 nnpansano‘
322 4550 379 4613 cit:
404 4546 562 4627 Reperire
580 4553 695 4611 ntrnm
709 4547 857 4610 idoneum
872 4548 1061 4609 ministrnm
1117 4559 1197 4627 tum,
1220 4550 1337 4613 duabus
1358 4551 1495 4628 partibus
1510 4556 1665 4626 constans,
1682 4558 1712 4612 et
1726 4567 1856 4630 sequen·
1874 4518 2009 4620 sslbffffma‘a'ee
2024 4531 2087 4619 ⁵32¹ss

87 4622 303 4728 ἓῖἳρέβῃέιῗξῖἳζ
322 4643 462 4724 elegeris,
476 4643 529 4704 cni
545 4639 732 4721 commisisti
746 4639 907 4702 Dominiei
925 4634 1062 4720 Sangui·
1117 4645 1199 4707 tibus
1219 4644 1322 4706 verbis
1347 4649 1546 4721 conceptum:
1576 4644 1772 4706 «Praeterea
1794 4662 1857 4708 me-
1875 4627 1974 4674 Μ·

87 4723 304 4824 {ffifflssgffgffij
321 4738 373 4802 nis
398 4735 676 4815 dispensationem.
703 4732 824 4798 Scimus
848 4735 973 4814 quidem
984 4749 1061 4795 non·
1117 4735 1243 4798 minisse
1272 4735 1386 4809 debent
1415 4737 1601 4810 sacerdotes,
1629 4745 1857 4803 sacramentum

86 4830 204 4878 ssi³⁰⁰¹¹¹⁸
221 4831 303 4878 tranu-
322 4831 428 4895 nullos
452 4830 570 4893 codices
592 4846 646 4908 pro
670 4831 767 4892 verbo
794 4827 1061 4907 dispensationem
1118 4830 1221 4894 Sancti
1251 4828 1331 4905 Olei,
1358 4829 1439 4908 quod
1465 4827 1660 4892 Euobelaeon
1688 4831 1857 4908 dicitur,a

88 4885 200 4984 &aare
211 4885 303 4942 tmpor-
320 4926 378 4988 boo
398 4924 480 4988 alind
494 4924 620 5000 babere,
636 4925 914 4988 consecrationem.
937 4924 976 4986 nt
990 4939 1062 4985 son·
1118 4923 1239 4988 Christo
1254 4939 1320 4986 esse
1333 4923 1515 4986 institutum
1527 4930 1683 5001 mmquam
1695 4924 1857 4988 caelestem

320 5020 449 5083 sacratio
460 5017 593 5080 hocloco
608 5016 955 5094 ninilaliudsignilioat,
968 5033 1060 5096 quam
1116 5017 1314 5093 medicinam,
1337 5032 1400 5079 nou
1422 5032 1476 5095 pro
1501 5015 1621 5078 animae
1647 5023 1783 5092 tantum,
1804 5015 1856 5078 sed

320 5115 530 5177 ministerium
540 5113 606 5174 sive
616 5114 821 5174 assistentiam
831 5113 980 5176 sacerdoti
991 5127 1062 5174 con·
1116 5110 1209 5173 etiam
1230 5125 1285 5189 pro
1300 5111 1436 5188 corporis
1449 5109 1563 5186 salute,
1585 5109 1656 5171 solis
1667 5109 1797 5187 proinde
1811 5111 1858 5172 in·

318 5208 452 5271 sectanti
474 5207 664 5287 praestitam:
690 5203 785 5272 Nobis
800 5206 943 5270 diaconis
959 5224 1061 5270 conse·
1117 5202 1705 5280 firmisadminlsn·andum,uonautem
1717 5203 1858 5266 benera-

320 5302 425 5363 eratio
446 5299 537 5362 illins
558 5299 719 5364 solutoris
744 5299 868 5363 tostino
889 5302 1061 5363 committi·
1091 5347 1092 5350 ,
1116 5297 1263 5374 lentibus,
1284 5304 1316 5359 et
1336 5297 1370 5359 iu
1385 5313 1421 5358 eo
1436 5295 1562 5375 quidem
1583 5297 1780 5374 tempore,in
1795 5312 1856 5376 qno

321 5401 387 5468 tnr,
405 5410 468 5458 non
489 5399 528 5456 nt
544 5393 761 5473 conficiamus,
777 5393 830 5456 sed
844 5402 882 5457 nt
897 5394 1060 5474 conficien-
1115 5391 1173 5453 sibi
1193 5397 1334 5454 constant
1355 5398 1385 5452 ει
1405 5389 1453 5452 sui
1474 5397 1632 5468 compotes
1652 5398 1744 5466 sunt3
1767 5399 1802 5465 ut
1816 5389 1857 5452 ita

321 5485 407 5550 tibus
439 5485 611 5549 bnmilitcr
637 5486 846 5550 assistemus:
879 5488 920 5549 ait
951 5488 1061 5550 Petrus
1116 5484 1265 5546 maiorem
1285 5482 1468 5548 sacramenti
1489 5482 1619 5558 gratiam
1648 5482 1809 5561 recipiant,
1832 5485 1857 5546 sl

319 5579 473 5644 Blesensis
488 5582 523 5641 in
537 5578 599 5642 snat
620 5581 712 5658 epist.
738 5579 814 5641 123.
839 5579 902 5644 Nec
915 5581 1061 5644 absimilis
1116 5593 1188 5642 cum
1208 5577 1269 5642 lide
1299 5593 1333 5638 ac
1359 5575 1469 5640 devoti
1493 5575 1652 5639 voluntate
1679 5578 1857 5640 accedentes

319 5681 366 5736 εει
387 5673 549 5752 explicatio
571 5674 654 5736 Petri
676 5675 816 5739 (lantonis
839 5675 919 5754 apud
941 5675 1060 5737 Menar-
1116 5671 1188 5736 Oleo
1211 5670 1321 5734 Sancto
1342 5676 1511 5747 ungantur.
1534 5669 1612 5732 ltem
1632 5669 1791 5732 sciendum
1811 5675 1857 5733 εει

320 5767 442 5832 domin
456 5767 542 5829 notis
556 5765 872 5832 etobserootionibns
887 5767 1060 5831 odlibrnm
1116 5765 1209 5844 quod,
1231 5765 1371 5844 quamvis
1392 5764 1557 5830 Orientalis
1582 5764 1732 5826 Ecclesiae
1753 5764 1858 5826 Ponti-

320 5862 603 5929 Sneromantornm
627 5861 659 5926 S.
692 5861 848 5942 Gregorii,
882 5878 954 5942 pop.
980 5861 1057 5930 287.
1116 5860 1187 5922 tices
1208 5859 1242 5920 in
1264 5859 1453 5921 conficiendo
1473 5873 1557 5920 sacro
1570 5857 1741 5920 chrismate
1762 5851 1858 5934 pluri-

320 5955 519 6023 Snbdiaconis
533 5957 619 6018 enim
640 5955 774 6019 vetitum
789 5971 912 6034 semper
926 5957 985 6019 luit
999 5957 1060 6020 llu-
1116 5951 1172 6013 bns
1194 5954 1231 6016 de
1252 5968 1340 6016 more
1360 5951 1547 6016 aromatibus
1569 5957 1709 6026 utantur,
1722 5966 1857 6012 necessa·
