4764 6972
312 577 369 632 Au.
382 578 413 632 0.
435 576 505 629 1744
557 577 614 642 150

456 718 461 727 '
535 715 679 792 habeant,
702 716 756 779 ubi
777 717 881 792 agitur
902 715 940 778 de
961 713 1140 778 officialium
1162 711 1289 773 interio-

537 825 607 870 rum
631 810 794 883 electione,
810 809 912 872 addito
934 808 1051 872 eisdem
1067 804 1288 868 Proto-brebi-

536 902 723 978 mandritae,
746 903 800 982 qui
822 902 883 963 iam
906 901 1023 964 electus
1051 898 1158 972 luerit,
1180 896 1288 958 suifra-

537 995 598 1071 aio·
825 1061 826 1064 γ

330 1105 426 1166 norun
438 1101 518 1148 aaran·
576 1088 666 1162 §ea
689 1089 764 1163 Quia
792 1103 867 1148 vero
894 1086 1031 1150 delectus
1059 1100 1185 1159 eorum,
1212 1099 1289 1162 quos

302 1159 518 1260 ἒξωὲῗξῖοὲοᾞ
537 1199 576 1244 an
598 1189 729 1259 utraque
751 1180 909 1258 provincia
925 1179 1040 1240 assumi
1062 1179 1238 1252 conveniat,
1256 1177 1288 1239 in

304 1263 518 1373 {ncffssffuienffssftss
538 1281 623 1336 tanta
645 1289 752 1335 rerum
775 1279 805 1334 et
829 1273 969 1335 locorum
994 1271 1149 1345 distantia,
1173 1287 1290 1347 nequa-

304 1368 395 1416 ratam.
537 1383 631 1445 quam
653 1375 735 1428 recte
768 1365 875 1427 baberi
903 1380 958 1426 seu
989 1365 1113 1428 deliniri
1134 1380 1222 1442 posse
1245 1364 1290 1424 vi·

537 1459 648 1535 detur3
670 1459 784 1522 idcirco
806 1459 989 1520 mandamus
1011 1474 1083 1522 ven.
1108 1457 1195 1519 fratri
1219 1457 1290 1536 llpi-

538 1569 629 1630 scopo
652 1552 887 1629 Zenopolitano,
905 1553 943 1612 de
964 1551 1052 1612 cuius
1074 1551 1142 1614 zelo
1164 1557 1195 1612 et
1216 1561 1290 1629 pru-

538 1645 642 1708 dentia
670 1645 846 1722 plurimum
869 1646 900 1706 in
929 1645 1061 1706 Domino
1092 1645 1288 1718 confidimus,

538 1746 574 1800 ut
595 1755 656 1800 una
680 1754 753 1800 cum
774 1738 1149 1811 Proto-archimandrita,
1163 1738 1290 1814 provin·

538 1831 666 1894 cialibus
688 1841 718 1892 et
740 1832 969 1894 consultoribus
994 1839 1056 1892 tam
1079 1829 1290 1908 generalibus,

538 1940 632 2002 quam
654 1925 907 2002 provincialibus,
924 1931 993 2000 agat
1008 1931 1100 2002 atque
1122 1924 1288 2000 expendat,

539 2033 599 2095 qua
614 2017 813 2094 potissimum
828 2018 877 2078 via
893 2019 927 2078 ad
942 2017 1120 2080 huiusmodi
1135 2016 1288 2077 vocalium

539 2111 726 2172 electionem
748 2111 873 2188 procedi
895 2111 1005 2188 possit3
1036 2109 1291 2187 designatamque

539 2204 724 2279 quantocius
746 2204 858 2279 agendi
880 2204 1034 2266 rationem
1055 2204 1090 2264 ad
1115 2203 1292 2278 congrega-

541 2295 660 2356 tionem
675 2295 713 2356 de
727 2296 925 2373 Propaganda
948 2296 1021 2358 Fide
1037 2295 1288 2368 examinandam,

540 2394 633 2464 atque
654 2387 882 2465 approbandam
904 2389 1054 2450 remittat.

328 2494 520 2550 uatropornant
580 2481 599 2555 ἓ
619 2481 669 2542 29.
687 2481 764 2542 lluic
776 2488 880 2542 autem
895 2481 1043 2558 epistolae
1054 2487 1178 2544 nostrae
1194 2481 1289 2540 linem

306 2547 519 2594 ¹³⁰⁵⁸¹³⁰¹³¹¹d⁰⁵·
540 2575 703 2651 imponere
725 2572 812 2634 nullo
835 2572 926 2633 modo
949 2587 1123 2650 possumus,
1141 2572 1216 2652 quin
1240 2571 1292 2632 de-

540 2666 612 2727 bitis
638 2666 779 2728 laudibus
809 2680 1033 2744 prosequamur
1064 2681 1136 2726 verr.
1161 2664 1289 2726 tratrem

539 2753 742 2821 Athanasium
765 2759 951 2820 hodiernum
974 2758 1099 2820 Russiae
1114 2757 1290 2836 lletropoli·

539 2858 662 2925 tanum,
685 2853 773 2914 cuius
795 2852 906 2914 eximia
929 2853 1042 2922 virtus,
1066 2858 1159 2930 atque
1180 2854 1290 2916 ardens

538 2945 700 3022 religionis
731 2944 898 3006 catholicae
928 2945 1081 3018 studium,
1108 2946 1291 3023 sinceraque

539 3038 662 3101 devotio
684 3054 757 3114 erga
779 3037 986 3115 Apostolicam
1014 3037 1127 3101 Sedent
1150 3045 1180 3100 et
1201 3056 1290 3118 saepe

538 3131 611 3192 alias
626 3138 657 3191 et
673 3131 704 3191 in
721 3131 831 3190 barum
847 3145 971 3206 quoque
985 3146 1094 3191 rerum
1108 3132 1290 3194 tractatione

540 3223 719 3286 luculenter
740 3223 949 3284 emicuerunt.
973 3223 1051 3284 Hinc
1073 3231 1130 3298 est,
1154 3231 1188 3286 ut
1211 3225 1289 3286 nulli

490 3333 493 3342 ·
540 3316 665 3389 melius,
689 3331 782 3393 quam
804 3315 871 3391 ipsi,
901 3314 1080 3376 demandari
1102 3332 1191 3394 posse
1211 3318 1290 3379 iudi-

541 3425 646 3471 cemus
668 3407 820 3484 gravioris
841 3409 994 3469 momenti
1016 3411 1191 3486 negotium,
1208 3412 1288 3488 quod

316 3514 523 3578 ptuemcpmmn-
540 3501 591 3562 bic
611 3502 841 3577 subiungimus.
866 3501 956 3562 Plura
974 3517 1086 3579 nempe
1102 3503 1289 3566 monasteria

306 3571 522 3668 flssssfesslgssssffl
542 3595 574 3656 in
594 3594 750 3673 provincia
766 3593 912 3655 Poloniae
925 3607 991 3655 esse
1008 3595 1153 3656 novimus
1169 3597 1204 3658 ad
1221 3612 1289 3657 eam

307 3677 522 3782 tffigfflaggffi
540 3693 756 3765 paupertatem
778 3686 911 3762 redacta,
927 3694 963 3749 ut
984 3688 1037 3748 vix
1055 3689 1131 3749 duos
1153 3697 1205 3751 aut
1228 3697 1290 3750 tres

308 3780 415 3828 consano
429 3783 475 3827 da·
540 3779 707 3840 monachos
722 3779 805 3840 alere
822 3787 966 3856 possunt·-
991 3781 1023 3842 in
1046 3781 1225 3843 huiusmodi
1242 3797 1289 3842 re-

540 3888 611 3934 rum
638 3878 739 3942 statu,
768 3873 932 3935 canonicae
957 3873 1042 3950 leges
1077 3875 1287 3952 praecipiunt,

538 3965 678 4042 plurium
712 3966 976 4028 monasteriorum
1005 3966 1157 4027 unionem
1178 3967 1289 4030 lacien-

539 4059 609 4120 dam
625 4074 703 4132 esse,
719 4059 816 4120 donec
831 4057 863 4119 in
878 4059 1012 4134 singulis
1028 4061 1224 4122 monasteriis
1239 4061 1289 4122 de·

539 4167 607 4213 cem
639 4151 689 4213 vel
717 4152 828 4213 saltem
855 4159 924 4212 octo
953 4152 1096 4214 monachi
1128 4157 1289 4216 commode

538 4245 722 4322 congregari
751 4245 884 4306 valeant.
919 4245 963 4306 lld
987 4245 1086 4308 multa
1107 4246 1205 4322 igitur
1226 4248 1289 4309 lau-

539 4339 683 4400 dabiliter
705 4339 865 4416 hircosque
886 4347 1006 4415 peracta
1022 4340 1081 4402 boc
1095 4341 1189 4401 etiam
1202 4339 1289 4401 addat

539 4431 794 4508 Metropolitanus
823 4430 887 4510 (cui
919 4446 975 4491 nos
1001 4432 1134 4510 idipsum
1164 4435 1290 4496 deman-

539 4524 659 4598 damus,
672 4540 845 4602 omnesque
866 4524 1026 4586 facultates
1047 4527 1082 4588 ad
1106 4525 1163 4588 hoc
1185 4543 1289 4588 neces·

538 4619 631 4679 sarias
646 4625 677 4678 et
692 4626 882 4694 opportunas
896 4616 1123 4696 impertimur),
1147 4627 1181 4679 ut
1195 4619 1288 4680 simul

538 4726 610 4772 cum
633 4709 995 4771 Proto-Archimandrita
1011 4719 1042 4772 et
1057 4711 1289 4773 consultoribus

539 4802 748 4879 generalibus,
771 4819 894 4865 necnon
921 4803 1103 4880 provinciali
1130 4803 1287 4879 Poloniae,

537 4896 742 4972 eiusdemque
763 4895 940 4973 provinciae
961 4897 1163 4972 consultorio‚
1180 4899 1215 4960 ad
1232 4898 1289 4959 bu·

532 4989 672 5050 iusmodi
701 4988 882 5050 tenuiorum
912 4989 1177 5051 monasteriorum
1198 4993 1288 5053 unio-

538 5097 613 5142 nem
624 5082 830 5159 peragendam
847 5081 1016 5142 incumbat.
1030 5082 1115 5156 Quod
1130 5099 1204 5144 sane
1219 5101 1289 5162 pro·

540 5175 657 5236 licuum
690 5191 766 5251 opus
787 5176 883 5251 ipsius
909 5191 1000 5248 cura,
1024 5183 1059 5236 ut
1090 5177 1286 5249 confidimus,

537 5276 623 5329 recte
653 5268 894 5344 perficiendum,
927 5267 980 5328 ubi
1013 5269 1049 5330 ad
1081 5270 1288 5346 apostoticam

538 5361 651 5424 Sedem
672 5361 767 5438 ipsius
789 5359 897 5420 relatio
919 5359 1087 5436 deleretur,
1105 5364 1288 5424 auctoritate

539 5461 643 5515 nostra
666 5453 866 5532 comprobare
887 5462 918 5516 et
940 5455 1126 5515 confirmare
1148 5471 1211 5517 non
1235 5457 1290 5517 du-

539 5547 717 5608 bitabimus.

334 5675 522 5740 p„„„„,p„
580 5641 598 5715 ἓ
625 5641 675 5702 30.
699 5640 893 5702 Electionem
915 5638 1041 5717 quidem
1069 5639 1289 5742 Proto-brebi-

308 5727 522 5839 {?,¹¹,},³³,⁰,22}{,⁰ffl
541 5733 713 5794 mandritae
735 5734 766 5793 in
789 5741 1056 5810 supramemorato
1072 5732 1205 5810 capitulo
1228 5749 1287 5794 ram

307 5835 520 5883 Proto-mentm.
539 5833 715 5901 sequutam,
737 5825 774 5885 ab
796 5832 928 5902 utraque
950 5826 1108 5904 provincia
1134 5833 1288 5902 acceptam

308 5891 519 5937 ³¹¹b⁰⁰⁰⁰¹¹¹⁰¹¹⁰'
540 5915 635 5978 luisse
655 5931 718 5978 non
740 5917 809 5978 sine
825 5917 984 5995 voluptate
1000 5919 1212 5994 cognovimus.
1229 5917 1290 5979 lle-

1062 595 1128 640 tun.
1152 593 1244 639 PONT·
1268 592 1310 638 DE
1331 592 1361 637 1².
1383 592 1413 637 Γ.
1437 593 1521 638 PARS
1542 593 1564 637 1.

1345 718 1525 773 rumtamen
1552 711 1642 774 aliam
1672 711 1766 774 luisse
1786 707 1923 774 vidimus
1948 711 2093 784 formam,

1345 821 1404 882 qua
1427 805 1569 866 monachi
1592 805 1769 882 provinciae
1791 805 1975 866 Litbuaniae
1997 806 2094 882 ipsam
2175 827 2176 830 ¹

1346 905 1558 975 acceptarunt,
1581 897 1619 958 ab
1640 914 1685 972 ea,
1709 914 1768 976 qua
1790 899 1836 960 usi
1854 905 1929 958 sunt
1951 898 2095 959 monachi

1346 989 1524 1067 provinciae
1556 989 1714 1051 Poloniae.
1747 990 1909 1068 Siquidem
1935 990 1982 1051 illi
2010 989 2096 1050 abso·

1347 1082 1445 1144 lutam
1474 1082 1680 1144 obedientiam
1709 1090 1740 1144 et
1768 1083 1994 1145 subiectionem
2023 1083 2095 1143 Pro-

1347 1174 1670 1236 to-trcnimandritae
1699 1177 1858 1250 iurarunt3
1881 1176 1913 1236 hi
1942 1187 2018 1237 vero
2038 1175 2098 1236 ltu·

1347 1267 1481 1329 iusmodi
1504 1269 1714 1330 conditionem
1736 1275 1965 1347 apposuerunt:
1991 1267 2027 1330 St'
2048 1269 2097 1330 di-

1347 1367 1419 1424 ottcs
1441 1360 1560 1422 electos
1582 1378 1655 1422 com
1677 1362 1833 1440 copositio
1856 1363 1897 1424 cd
1918 1361 2097 1440 approban-

1348 1455 1424 1516 dum
1447 1454 1585 1517 Sooctoe
1608 1453 1681 1516 Sedi
1709 1456 1910 1532 Apostolicce
1939 1457 2097 1518 constite-

1349 1545 1491 1608 tt'oot'btts
1503 1545 1750 1624 approbabitur,
1762 1564 1859 1625 neque
1870 1565 2097 1610 menusanum

1348 1645 1495 1704 accerceot
1517 1641 1554 1700 ic
1578 1640 1746 1716 proot'tcct'o
1773 1639 1911 1712 Polooo,
1942 1657 2006 1702 coo
2027 1657 2098 1717 pro·

1347 1734 1494 1812 molqoto
1510 1732 1663 1796 oSoecta
1687 1731 1762 1794 Sede
1783 1732 1968 1810 Apostolico
1983 1749 2098 1811 appro-

1348 1827 1487 1892 batione.
1716 1819 1720 1824 ’
2364 1871 2365 1906 t

1387 1922 1476 1996 §Sl
1501 1923 1539 1984 bt
1561 1935 1635 1982 sane
1648 1920 1838 1998 apostolicae
1853 1919 1940 1982 Sedis
1952 1922 2095 1998 dignitati
2117 1985 2122 1994 ,
2166 1931 2290 1978 Pontifex
2309 1933 2332 1978 tu
2364 1947 2365 1952 ¹

1347 2015 1597 2087 convenientius,
1614 2012 1741 2074 tortasse
1756 2031 1771 2074 a
1787 2013 1875 2076 nobis
1897 2015 2024 2076 rescribi
2045 2033 2098 2095 po·
2116 1985 2336 2100 ἒῗιῑῦἷὲῗιῖῗέἓῖ

1349 2112 1469 2183 tuisset,
1500 2109 1717 2186 suspendendo
1742 2108 1994 2185 approbationem
2016 2112 2097 2189 capi·
2117 2091 2335 2192 ffssfnfflssfflnpss
2364 2179 2365 2182 ,

1347 2202 1450 2281 pituli,
1474 2211 1505 2262 et
1527 2209 1703 2278 promptam
1725 2207 1797 2261 ante
1818 2202 1923 2263 omnia
1945 2204 2098 2280 exigendo
2116 2180 2334 2308 §go’lfiffg‘g‘gcfllffl
2364 2211 2365 2240 ³

1347 2292 1681 2372 provinciaePolonlae
1694 2293 1913 2368 obedientiam,
1930 2296 2099 2374 eiqueom-
2268 2289 2273 2296 ’
2364 2309 2365 2316 ’

1348 2387 1423 2449 nino
1444 2385 1596 2458 similem,
1619 2401 1711 2463 quam
1733 2385 1893 2464 provincia
1916 2387 2099 2451 Litbuaniae

1348 2478 1445 2539 electo
1477 2476 1859 2538 Proto-brobimandritae
1889 2480 2096 2555 praestiterat.

1348 2570 1467 2632 Verum
1490 2585 1588 2647 quum
1611 2569 1689 2630 illud
1712 2570 1800 2630 nobis
1824 2571 1955 2632 minime
1970 2572 2100 2636 suadere

1347 2663 1518 2740 possimus,
1548 2663 1780 2724 cunctationem
1805 2664 1981 2725 huiusmodi
2003 2666 2098 2742 origi-

1347 2771 1421 2816 nem
1443 2755 1557 2816 ducere
1582 2771 1620 2814 ex
1641 2755 1761 2817 delectu
1790 2756 1911 2818 debitae
1932 2757 2099 2821 observan-

1347 2848 1407 2908 tiae
1432 2862 1504 2922 erga
1537 2846 1680 2910 Sanctam
1708 2847 1787 2910 banc
1816 2848 1943 2924 Sedem,
1976 2851 2009 2912 in
2039 2869 2098 2930 qua

1347 2940 1473 3002 colenda
1499 2946 1530 3001 et
1551 2941 1740 3003 observanda
1763 2942 1901 3018 insignes
1922 2961 2046 3022 semper
2066 2963 2099 3008 se

1347 3035 1558 3112 praebuerunt
1588 3035 1718 3096 Polonae
1746 3037 1880 3097 nationis
1900 3037 2039 3115 alumni;
2063 3039 2100 3100 li·

1347 3127 1433 3188 benti
1445 3127 1549 3188 animo
1564 3127 1687 3188 adducti
1701 3143 1823 3202 sumne,
1836 3137 1871 3190 ut
1886 3131 2097 3194 intentionem

1346 3222 1457 3284 saltem
1479 3237 1601 3296 eorum,
1624 3222 1679 3300 qui
1701 3223 1741 3283 ita
1763 3239 1796 3282 se
1818 3233 1987 3300 gesserant,
2006 3243 2098 3288 encu-

1346 3314 1468 3376 satione
1504 3313 1630 3389 dignam
1667 3314 1828 3376 nobiscum
1864 3322 2094 3392 reputaremus:

1346 3406 1495 3484 omnique
1516 3407 1695 3468 morositate
1711 3407 1855 3483 seposita,
1868 3409 1962 3470 totius
1978 3409 2024 3470 rei
2038 3409 2097 3470 dis·

1346 3501 1550 3578 quisitlonem
1572 3500 1708 3576 aggressi
1736 3517 1861 3578 sumus;
1886 3505 2097 3580 congregatio-

1346 3609 1400 3654 nes
1423 3593 1676 3667 convocavimus
1692 3594 1879 3672 easdemque
1890 3612 1994 3658 coram
2010 3597 2098 3659 nobis

1346 3686 1452 3747 baberi
1484 3687 1648 3762 volumns;
1677 3687 1874 3765 minimeque
1904 3691 2097 3752 obstantibus

1346 3780 1475 3857 reliquis
1496 3781 1631 3856 negotiis
1652 3791 1684 3844 et
1705 3783 2006 3860 perturbationibus,
2029 3787 2098 3864 qui·

1346 3873 1403 3934 bns
1417 3874 1486 3952 plus
1502 3891 1599 3953 aequo
1610 3877 1750 3954 undique
1764 3876 1942 3951 obruimur,
1956 3880 2096 3940 animum

1345 3967 1382 4028 ad
1403 3966 1601 4029 scribendum
1623 3969 1811 4046 appulimus,
1825 3986 1995 4049 omnesque
2010 3972 2098 4035 vobis

1346 4061 1379 4120 in
1407 4060 1462 4122 bac
1490 4061 1616 4138 epistola
1648 4062 1853 4125 resolutiones
1885 4066 2096 4141 exposuimus,

1345 4170 1432 4232 quas,
1455 4170 1528 4216 cum
1551 4156 1720 4232 praedictae
1744 4157 2003 4234 Congregationis
2024 4175 2097 4221 cou-

1344 4247 1424 4320 silio,
1437 4248 1573 4308 maxime
1588 4255 1777 4325 opportunas
1792 4258 1823 4310 et
1835 4251 2019 4312 necessarias
2031 4267 2096 4313 esse

1345 4339 1560 4402 iudicavimus.
1584 4340 1630 4401 Ex
1652 4357 1785 4418 quarum
1801 4342 2029 4404 resolutionum
2051 4352 2096 4406 te-

1346 4447 1423 4493 nore
1434 4449 1533 4512 quum
1549 4449 1656 4494 omnes
1671 4434 1897 4509 tergiversandi
1910 4453 2015 4498 causae
2025 4438 2098 4500 sub-

1346 4525 1426 4585 latae
1446 4527 1526 4599 sint,
1550 4526 1680 4587 minime
1707 4526 1895 4602 dubitamus,
1928 4529 2004 4606 quin
2026 4546 2098 4608 pro-

1345 4618 1446 4680 vincia
1475 4618 1621 4680 Poloniae
1642 4618 1672 4679 id
1695 4621 1798 4698 ipsum
1826 4630 1990 4699 sequatur,
2013 4624 2094 4702 quod

1345 4710 1406 4770 iam
1434 4711 1588 4774 Litbuana
1617 4713 1775 4790 provincia
1802 4714 1933 4792 peregit.
1963 4716 2096 4790 Quodsi

1345 4804 1453 4864 eadem
1475 4803 1507 4864 in
1529 4813 1670 4881 suscepta
1700 4805 1862 4868 obediendi
1888 4811 2096 4885 repugnantia

1344 4904 1568 4973 perseveraret,
1592 4913 1654 4959 non
1670 4898 1737 4960 sine
1752 4914 1864 4974 magno
1880 4899 2016 4976 prolecto
2031 4903 2097 4963 ani·

1347 4989 1388 5050 mi
1411 4989 1512 5051 nostri
1530 4989 1637 5052 dolore
1658 4992 1693 5052 ad
1710 5007 1743 5052 ea
1759 4991 1847 5054 nobis
1862 4993 2094 5056 deveniendum

1345 5090 1424 5143 esset
1446 5083 1563 5143 acriora
1585 5083 1661 5143 iuris
1683 5084 1828 5158 remedia,
1844 5100 1922 5161 quae
1943 5085 1980 5146 ab
2001 5087 2097 5149 eccle-

1344 5175 1472 5238 siasticis
1493 5175 1620 5253 quidem
1642 5175 1763 5251 legibus
1784 5185 1891 5238 contra
1915 5178 2096 5241 inobedien-

1345 5275 1390 5330 tes
1412 5267 1551 5331 districte
1567 5269 1734 5330 constituta
1749 5274 1834 5342 sunt,
1850 5271 1904 5332 sed
1918 5287 1997 5347 quae
2013 5287 2096 5334 nun-

1345 5377 1438 5438 quam
1450 5360 1567 5422 anobis
1582 5361 1753 5422 adhibenda
1769 5377 1834 5422 esse
1848 5377 2008 5439 speramus
2023 5380 2097 5425 con-

1345 5461 1392 5516 tra
1413 5453 1574 5529 religiosos
1596 5453 1679 5514 viros
1701 5455 1777 5516 adeo
1798 5455 1954 5532 conspicui
1979 5457 2096 5518 ordinis

1345 5551 1522 5620 sectatores,
1536 5552 1589 5607 aut
1600 5554 1706 5608 contra
1718 5547 1890 5621 nationem,
1904 5562 1996 5625 quam
2008 5555 2096 5612 tanto

1345 5639 1465 5716 pietatis
1480 5641 1582 5702 studio
1598 5641 1767 5716 diligimus,
1780 5641 1819 5702 ob
1834 5643 1987 5718 praeclara
2000 5645 2097 5722 ipsius

1345 5747 1418 5808 erga
1446 5733 1652 5811 Apostollcam
1680 5732 1790 5796 Sedena
1815 5735 1996 5810 promerita,
2020 5753 2097 5814 quo-

1345 5841 1432 5899 rum,
1457 5835 1492 5888 ut
1522 5826 1694 5887 recentiora
1726 5827 1908 5887 omittamus
1936 5828 2094 5905 exempla,

1345 5916 1407 5978 iam
1438 5934 1537 5997 usque
1564 5934 1580 5978 a
1607 5916 1797 5995 temporibus
1826 5921 2095 5996 praedecessorum
