4744 6976
889 592 1085 637 unuuntctts
1108 593 1171 637 xlv.

255 714 468 776 necessariam
488 715 640 792 occipriot.
665 713 704 776 ut
726 712 824 775 inira:
850 713 933 775 Nom
948 727 1002 772 no-

254 805 341 868 miao
373 806 500 884 quidem
530 804 691 870 veteribus
721 805 931 875 servavimus,
961 803 1001 864 le·

253 916 328 980 piam
348 905 460 962 autem
481 900 652 962 veritatem
679 905 826 960 nostram
848 897 997 976 sociatus.

196 1055 200 1063 ,
254 993 292 1054 Ει
313 992 396 1055 alibi:
423 991 615 1056 Nominibus
637 992 736 1054 etiarn
751 989 912 1054 crateribus
927 990 1001 1052 roli-

254 1087 328 1157 ctis‚
351 1087 507 1164 quidquid
529 1088 634 1166 legum
655 1085 790 1148 ceritati
807 1085 954 1145 docorum
969 1088 1000 1144 et

252 1182 469 1242 sucessorium
490 1167 640 1259 [eiiu'boc
663 1179 785 1240 uostris
807 1177 1001 1242 emendatio-

252 1271 348 1335 nibus
375 1273 586 1334 servavimus.

292 1369 311 1442 5
333 1367 380 1428 ta.
406 1366 455 1430 Sic
467 1366 566 1442 igitur
577 1367 790 1444 praedecessor
807 1369 915 1425 noster
926 1363 999 1426 Gre-

251 1461 358 1535 gorius
382 1460 433 1522 lll.
451 1475 540 1522 suam
562 1459 670 1522 conlisi
686 1458 775 1520 iussit
796 1456 999 1519 decretalium

249 1553 515 1630 compilationem,
538 1570 598 1631 qua
619 1551 710 1614 hodie
732 1552 764 1612 in
779 1551 892 1613 scholis
915 1557 946 1611 et
967 1549 998 1610 in

251 1645 318 1708 loro
340 1647 474 1718 utimur,
497 1661 640 1723 eamque,
663 1643 816 1720 abrogatis
837 1643 903 1703 aliis
918 1641 999 1720 prio·

249 1739 349 1812 ribus,
372 1738 493 1816 publica
514 1739 696 1800 auctoritate
710 1743 741 1798 et
757 1736 913 1816 pontificia
927 1751 999 1797 con·

252 1831 429 1894 firmatione
445 1831 593 1893 munivit.
618 1830 696 1892 lluio
710 1829 884 1892 collectioni
901 1828 999 1889 inser-

251 1933 314 1986 tam
335 1925 437 1986 voluit
449 1923 634 1986 decretalem
650 1921 818 1985 Alexandri
834 1922 897 1996 lll.,
914 1921 998 1984 dem-

249 2019 310 2096 ptis
321 2035 360 2080 ex
375 2035 409 2080 ea
425 2017 528 2079 verbis
543 2017 615 2093 illis,
631 2003 756 2096 quibus,
774 2023 809 2078 ut
824 2015 996 2088 contendis,

250 2111 453 2186 indicabatur,
477 2110 726 2184 matrimonium,
743 2108 781 2170 de
795 2123 857 2186 quo
872 2107 913 2169 ibi
930 2122 1000 2182 age-

250 2205 352 2278 batur,
368 2203 484 2282 duplici
499 2220 536 2264 ex
552 2204 653 2282 capite
672 2203 798 2263 irritum
821 2209 851 2262 et
873 2199 998 2262 nullum

248 2297 355 2368 luisse,
368 2299 521 2360 nimirum
542 2305 574 2359 et
588 2298 659 2374 quia
680 2312 753 2358 cum
774 2294 911 2357 adultera
927 2309 1000 2355 con·

249 2399 385 2453 tractum
407 2390 508 2454 luerat
530 2391 652 2470 etquis
679 2388 868 2450 machinatio
891 2389 923 2451 in
946 2401 1000 2448 ne·

247 2499 316 2546 cem
344 2484 456 2562 prioris
490 2485 594 2545 uxoris
625 2490 845 2561 praecesserat.
880 2480 998 2543 lletulit

249 2593 325 2638 vero
346 2576 403 2638 alia
426 2577 531 2650 verba,
547 2575 723 2654 exquibus,
742 2583 776 2636 ut
797 2575 909 2647 irruent,
925 2589 998 2635 cou-

247 2670 402 2743 sideratis,
425 2671 548 2732 eruitur
569 2669 726 2732 sententia
747 2668 921 2746 superiusa
944 2682 1000 2728 no-

249 2764 294 2824 bis
315 2764 466 2843 exposita,
490 2761 570 2842 quod
595 2778 709 2841 nempe
730 2762 831 2840 proles
853 2777 891 2822 ex
913 2759 999 2822 adul·

202 2931 205 2938 ,
249 2858 327 2918 teria
350 2864 507 2934 procreata
529 2855 713 2933 neutiquam
736 2854 928 2931 legitimatus
945 2867 999 2930 per

246 2949 442 3028 subsequens
473 2948 729 3021 matrimonium,
764 2954 832 3025 pust
863 2955 997 3006 mortem

248 3043 361 3121 prioris
385 3043 504 3116 uxoris,
528 3057 599 3104 cum
624 3040 762 3104 adultera
790 3047 995 3101 contractum.

249 3135 318 3196 Nou
341 3144 447 3197 tamen
470 3151 557 3196 exea
573 3135 718 3197 decretali
734 3149 850 3196 nomen
867 3133 1000 3194 Alexan-

247 3229 295 3290 dri
317 3227 368 3290 lll.
393 3228 520 3290 delerit.
544 3228 654 3291 Omnia
676 3229 751 3289 baec
773 3242 827 3306 pro
849 3226 999 3288 concessis

248 3323 378 3384 interim
403 3322 523 3384 habeto.
553 3321 672 3383 Verum
696 3321 742 3381 liis
763 3321 887 3399 positis,
910 3319 1001 3396 quid·

248 3432 322 3477 nam
345 3417 418 3480 inde
440 3431 494 3494 pro
509 3416 664 3477 sententia
682 3424 733 3477 tua
749 3413 818 3476 erui
839 3428 928 3492 posse
943 3427 1001 3490 pu·

249 3512 311 3572 last
334 3510 438 3572 Potuit
458 3509 626 3586 Gregorius
649 3510 689 3571 ita
711 3525 744 3570 se
765 3523 885 3584 gerere,
902 3507 998 3568 immo

248 3623 312 3668 non
346 3605 437 3668 aliter
464 3607 570 3668 debuit
598 3603 716 3680 lacere,
739 3618 833 3682 quam
859 3601 940 3663 lecit.
964 3600 998 3661 ln

247 3701 354 3762 animo
376 3701 422 3763 illi
444 3708 509 3762 erat
532 3701 636 3762 locum
661 3701 734 3762 dare
755 3699 788 3759 in
810 3713 890 3759 nova
916 3710 1000 3758 coru-

23 3833 24 3840 ι
71 3802 229 3900 <elipsim
248 3796 398 3871 pilatione
420 3793 563 3856 decretali
586 3792 758 3855 Innocentii
774 3791 822 3852 lll.
836 3837 844 3865 ,
859 3806 938 3868 quae
954 3789 999 3849 in·

23 3937 25 3980 ,
71 3910 101 4002 ξιιμ
119 3907 229 3964 suarna.
248 3890 324 3966 cipit
347 3887 560 3968 significasti,
584 3903 725 3966 quaeque
747 3886 864 3962 legitur
885 3885 943 3946 sub
963 3884 999 3944 ti·

250 3984 315 4044 tulo
328 3986 373 4047 Do
391 4001 424 4046 eo
443 3985 496 4061 qui
513 3983 612 4046 duuit
629 3981 664 4042 iu
678 3981 926 4044 arvatrimouium
938 3983 995 4039 etc.

250 4081 283 4142 lu
308 4084 365 4144 hac
394 4079 538 4144 decretali
566 4081 672 4140 lunoc.
697 4075 761 4151 lll.,
789 4089 867 4152 quae
899 4080 998 4152 poste-

249 4177 314 4238 rior
338 4185 384 4238 est
405 4175 462 4236 alia
484 4175 520 4236 ab
542 4173 630 4236 Alex.
655 4171 704 4234 lll.
733 4169 868 4242 condita,
900 4166 999 4228 mani-

250 4270 327 4332 leste
349 4270 498 4332 delinitur
520 4266 614 4346 (quod
630 4274 661 4328 et
676 4265 740 4341 ipse
754 4259 918 4340 agnoscis),
937 4276 1000 4321 ma-

251 4363 439 4426 trimonium
461 4362 545 4424 inter
573 4359 750 4421 adulterum
772 4364 804 4419 et
826 4354 997 4418 adulteram

248 4459 419 4520 consistere
430 4472 529 4535 posse,
543 4455 603 4515 nisi
616 4452 801 4516 machinatio
815 4450 997 4529 saepedicta,

249 4561 303 4614 aut
319 4551 482 4629 promissio
498 4549 595 4611 iuturi
612 4547 803 4608 matrimonii
829 4559 997 4624 praecesse-

250 4649 307 4708 rit:
333 4643 529 4706 discretioni
552 4649 691 4712 vestroe,
722 4639 923 4703 Innocentius
944 4638 997 4714 ait,

250 4755 306 4817 per
328 4737 504 4816 apostolico
525 4737 646 4814 scripta
668 4734 872 4804 rrraadomus,
889 4740 998 4810 quate·

251 4851 326 4904 nus,
347 4833 413 4893 uisi
435 4833 520 4893 alter
542 4845 651 4891 eorum
672 4829 708 4890 ia
729 4833 862 4888 martem
884 4827 998 4908 defure-

250 4935 321 4989 ctoe
350 4924 465 4988 umoris
496 4921 600 5003 suerit
630 4921 855 4991 machinatus,
877 4919 938 4990 vol,
961 4937 998 4981 ou

250 5019 389 5090 criveute,
411 5015 473 5079 sibi
495 5017 585 5094 fidem
607 5015 753 5076 dederint
776 5013 812 5074 de
831 5013 1000 5074 matrimo-

251 5111 304 5173 nio
328 5109 554 5182 contradendo,
582 5107 830 5171 matrimonium
852 5104 936 5166 illud
958 5107 998 5168 le·

250 5206 403 5285 altimum
427 5203 559 5264 iudices.
582 5201 684 5276 Quum
706 5208 809 5262 autem
831 5199 999 5274 Gregorius

250 5295 508 5361 collocarevellet
529 5295 562 5354 in
584 5310 638 5355 sua
657 5292 842 5356 collectione
865 5299 932 5352 tum
947 5295 995 5356 de·

250 5391 399 5454 cretulam
413 5389 492 5450 hanc
508 5387 681 5449 innocentii
704 5387 767 5462 lll.,
788 5395 853 5448 tum
870 5386 999 5448 alteram

252 5482 420 5546 Alexandri
442 5481 511 5554 lll.,
544 5480 636 5558 plane
664 5479 768 5554 vides,
795 5495 921 5541 necesse
953 5479 999 5540 illi

252 5575 346 5638 luisse
367 5573 500 5636 abiicere
515 5573 553 5634 ab
567 5573 622 5636 hac
637 5572 837 5634 alexandrina
855 5571 999 5634 decretali

252 5669 346 5731 verba
370 5667 437 5741 illa,
461 5682 557 5744 quae,
582 5675 635 5728 tuo
662 5664 793 5738 iudicio,
821 5664 1000 5726 nullitatem

252 5759 446 5824 matrimonii
468 5760 554 5820 inter
577 5758 757 5821 adulterum
778 5766 809 5820 et
830 5758 1000 5819 adulteram

252 5855 438 5916 statuebant.
515 5887 520 5890 -

99 5943 236 5995 arastum.
293 5949 313 6024 ἓ
336 5947 382 6010 ta.
406 5945 496 6009 Nunc
520 5946 629 6027 igitur,
644 5943 794 6007 bonafide
809 5943 998 6018 disserendo,

1728 575 1786 638 203
1837 575 1892 626 An.
1906 577 1936 628 O.
1960 577 2028 628 1744

1060 711 1174 773 iterum
1197 713 1392 790 quaerimus:
1417 713 1490 792 quid
1506 713 1632 775 tandem
1655 711 1730 774 illud
1747 721 1804 786 est,
1825 722 1933 778 exstat,
1946 722 2041 768 nostu-

1058 805 1138 884 quvd
1161 807 1343 869 contendisl
1364 807 1457 870 Filios
1480 822 1521 868 ne
1542 805 1622 881 illos,
1639 805 1805 883 dequibus
1825 785 1943 876 &fisano
1972 775 2039 822 vtat-

1058 901 1170 976 agitur,
1188 899 1343 977 legitimos
1365 916 1446 974 esse,
1470 907 1632 977 propterea
1646 897 1741 976 quod,
1759 898 1804 961 iu·
1930 904 1933 912 '

1059 1001 1107 1054 xta
1123 992 1310 1055 decretalem
1326 993 1480 1069 integram
1497 991 1663 1055 Alexandri
1679 991 1728 1053 lll.
1748 1008 1804 1070 pro

1059 1086 1205 1162 legitimis
1227 1085 1358 1149 habendi
1388 1089 1510 1148 essenti
1537 1086 1575 1146 At
1597 1085 1805 1148 nibilominus

1058 1179 1213 1255 illegitimi
1234 1187 1321 1254 sunt,
1334 1179 1405 1256 quia
1418 1178 1495 1240 tales
1505 1180 1542 1241 ab
1556 1179 1738 1242 lnnocentio
1749 1179 1800 1241 lll.

1056 1281 1087 1335 et
1108 1272 1258 1349 Gregorio
1273 1273 1324 1335 lll.
1348 1271 1554 1348 declarantur,
1575 1281 1605 1334 et
1619 1273 1704 1351 quia,
1721 1273 1803 1335 malo

1058 1367 1192 1444 ipsorum
1215 1363 1289 1440 lato,
1313 1365 1475 1428 nonnullis
1498 1366 1558 1428 iam
1584 1365 1714 1428 saeculis
1736 1371 1803 1445 post

1057 1459 1168 1522 borum
1191 1459 1375 1536 pontificum
1398 1466 1534 1520 mortem
1556 1458 1589 1519 in
1612 1459 1713 1520 lucem
1729 1464 1804 1520 sunt

1056 1554 1140 1616 editi.
1164 1557 1212 1614 An
1235 1551 1437 1614 manifestum
1461 1553 1527 1612 iteri
1548 1551 1646 1630 cupis,
1660 1560 1690 1612 te
1704 1551 1804 1614 scien-

1058 1647 1131 1708 tiam
1152 1661 1311 1708 sacrorum
1332 1661 1486 1707 canonum
1510 1644 1651 1706 funditus
1677 1645 1801 1718 callere,

1056 1755 1158 1815 neque
1179 1746 1365 1800 contentum
1395 1754 1462 1800 esse
1483 1738 1543 1812 his,
1565 1753 1645 1816 quae
1674 1738 1707 1800 in
1728 1737 1804 1802 Gre-

1056 1832 1179 1908 goriana
1200 1831 1420 1909 compilatione
1442 1832 1607 1907 leguntur,
1636 1830 1688 1894 sed
1710 1831 1802 1893 altius

1056 1926 1092 1987 ab
1113 1925 1186 2004 ipsis
1200 1924 1339 1986 lontibus
1353 1923 1526 1986 doctrinam
1543 1933 1627 1988 tuam
1643 1928 1803 2004 repeteret

1056 2017 1140 2079 Nihil
1163 2019 1218 2080 tibi
1247 2019 1474 2080 controversiae
1502 2019 1664 2082 nobiseum
1686 2020 1724 2082 de
1746 2019 1803 2081 hoc

1055 2116 1126 2190 erit,
1150 2114 1335 2176 venerabilis
1350 2113 1454 2175 irater.
1478 2113 1678 2190 Diligentiam
1699 2113 1802 2192 potius

1057 2216 1141 2270 tuam
1163 2207 1434 2282 commendamus,
1461 2205 1600 2268 studium
1622 2206 1798 2269 laudamus:

1056 2317 1150 2363 nemo
1173 2302 1226 2363 tibi
1248 2315 1431 2363 succensere
1458 2301 1588 2379 poterit,
1617 2301 1698 2379 quod
1723 2301 1800 2362 inte·

1056 2410 1141 2470 gram
1173 2394 1361 2456 decretalem
1390 2393 1544 2472 inspicere
1571 2393 1666 2467 velis,
1694 2393 1747 2455 ubi
1767 2393 1801 2454 in

1055 2489 1189 2566 aliquam
1225 2487 1412 2561 incurreris,
1445 2502 1524 2564 quae
1552 2487 1585 2548 in
1611 2487 1802 2563 Gregoriana

1055 2579 1272 2658 compilatione
1292 2579 1537 2658 deprehenditur
1558 2581 1725 2642 decurtata.
1742 2578 1802 2641 lle·
1857 2581 1984 2644 sancum
1999 2587 2035 2631 ιθ·

1056 2681 1233 2735 rumtamen
1256 2672 1451 2745 memineris,
1471 2672 1651 2735 laudandam
1674 2673 1801 2751 quidem
1819 2637 2035 2754 bbubflp‘ssifffi‘-

1056 2765 1137 2827 illius
1158 2765 1455 2843 diligentiamesse,
1471 2766 1524 2844 qui
1546 2766 1733 2829 decretalem
1754 2767 1801 2828 in·
1821 2746 2036 2843 ῗῧῗιξῖωψοῐθ

1056 2869 1175 2934 tegram
1197 2859 1342 2933 consulit,
1360 2867 1394 2920 ut
1409 2874 1488 2934 eam,
1501 2875 1580 2936 quae
1600 2859 1722 2937 integra
1737 2875 1802 2922 non

1056 2962 1112 3027 est,
1142 2953 1309 3031 perlectius
1337 2952 1508 3029 intelligam
1537 2951 1802 3031 quemadmodum

1055 3046 1173 3124 optime
1193 3045 1327 3108 advertit
1351 3045 1543 3108 clarissimus
1563 3045 1717 3107 Antonius
1739 3047 1802 3108 Au·

1056 3139 1201 3216 gustinus
1216 3139 1248 3200 in
1270 3155 1324 3200 sua
1339 3137 1540 3217 praelatione,
1558 3138 1708 3215 Gregorio
1721 3138 1799 3202 lllll.

1056 3232 1196 3294 Pontifici
1218 3231 1361 3306 Maximo,
1385 3230 1544 3309 inscripta,
1561 3244 1654 3310 quam
1669 3230 1803 3309 praemi-

1054 3330 1094 3392 sit
1115 3328 1269 3391 xolumini
1294 3334 1428 3403 quatuor
1449 3325 1591 3401 priorum
1611 3325 1801 3404 compilatio-

1055 3439 1132 3485 num
1154 3422 1317 3484 literarum
1339 3419 1554 3494 decretalium,
1570 3434 1645 3497 quas
1660 3420 1724 3497 ipse
1739 3417 1801 3480 edi-

1055 3515 1115 3591 dit3
1144 3515 1319 3593 quibusque
1348 3516 1491 3593 deinceps
1520 3513 1664 3592 quintam
1692 3512 1802 3575 adiecit

1056 3612 1257 3674 innocentius
1279 3610 1442 3672 Cironius:
1471 3611 1523 3672 sed
1544 3624 1647 3687 neque
1670 3609 1802 3686 proban·

1055 3706 1130 3769 dum
1151 3705 1239 3780 scito,
1264 3719 1367 3781 neque
1389 3703 1565 3778 ferendum,
1582 3702 1663 3781 quod
1681 3703 1750 3780 quis
1766 3703 1801 3764 ad

1056 3801 1211 3876 integram
1231 3798 1419 3860 decretalem
1434 3797 1603 3873 confugiat,
1618 3797 1671 3858 ubi
1685 3797 1801 3875 perspi-

1055 3909 1110 3954 cua
1132 3897 1163 3952 ct
1184 3891 1315 3953 dilucida
1330 3899 1377 3952 est
1400 3891 1462 3964 illa,
1483 3905 1562 3969 quae
1583 3890 1687 3968 aliquo
1710 3889 1801 3952 modo

1054 3985 1196 4048 mutilata
1211 3984 1282 4060 fuit3
1298 3992 1342 4058 et,
1357 3984 1382 4044 si
1397 3983 1470 4061 quid
1487 3983 1559 4046 huic
1575 3985 1680 4046 deesse
1693 3982 1803 4060 digno-

1054 4079 1163 4152 scitur,
1181 4076 1209 4138 id
1230 4093 1268 4138 eo
1290 4077 1418 4139 iubente
1432 4092 1466 4138 ac
1483 4074 1607 4137 volente
1628 4075 1801 4137 detractum

1055 4171 1125 4246 luit,
1148 4171 1201 4248 qui
1222 4185 1366 4248 suprema
1382 4169 1417 4232 ad
1433 4169 1518 4231 hunc
1539 4167 1684 4230 effectum
1706 4168 1801 4245 polle-

1056 4265 1105 4326 bat
1127 4264 1327 4338 auctcritate;
1344 4278 1442 4340 eaque
1458 4262 1496 4324 de
1510 4277 1599 4324 causa
1615 4261 1800 4335 detractum,

1055 4366 1090 4421 ut
1110 4357 1284 4436 disciplina,
1307 4374 1400 4436 quam
1423 4357 1489 4436 ipse
1512 4355 1669 4434 legislator
1683 4355 1801 4417 servari

1056 4451 1171 4526 voluit,
1196 4453 1227 4514 in
1258 4457 1326 4514 tuto
1356 4460 1545 4529 poneretur;
1575 4468 1655 4515 neve
1684 4453 1802 4515 turbari

1057 4544 1139 4606 illam
1162 4555 1193 4607 et
1215 4553 1326 4608 nutare
1347 4547 1557 4623 contingeret,
1573 4548 1597 4608 si
1613 4554 1675 4610 tota
1697 4549 1800 4610 decre

1056 4639 1124 4701 talis
1145 4654 1245 4700 noxae
1266 4639 1476 4717 compilationi
1498 4641 1613 4702 inserta
1634 4639 1753 4704 luisset.

1094 4733 1112 4806 5
1136 4732 1182 4792 ll.
1207 4733 1373 4811 Hucusque
1395 4733 1608 4808 disseruimus,
1632 4746 1722 4798 tuum
1745 4735 1800 4797 tibi
1819 4725 2035 4828 „nssssgffnaggssgffi

1056 4825 1273 4905 permittentes
1294 4835 1459 4904 assertum,
1481 4844 1543 4906 quo
1564 4845 1619 4906 pro
1640 4837 1726 4892 certo
1749 4844 1800 4907 pa·
1820 4793 2036 4912 rabaccanina-

1055 4918 1114 4991 nis,
1137 4919 1260 4996 aliquod
1284 4920 1435 4982 interesse
1456 4921 1623 4984 discrimen
1645 4923 1738 4984 inter¹
1751 4920 1800 4981 de·
1821 4889 1939 4998 ῗιῗιῖζέᾞ
1948 4897 2035 4932 ⁰¹¹⁰¹¹⁸

1054 5010 1202 5072 cretalem
1228 5011 1384 5088 integram
1410 5012 1578 5076 Alexandri
1602 5016 1672 5091 lll.,
1695 5017 1802 5079 aliam·

1055 5119 1114 5182 que
1149 5113 1358 5181 contractam
1396 5115 1428 5168 et
1456 5107 1582 5185 quidem
1617 5110 1650 5171 in
1679 5109 1801 5186 integra

1055 5197 1200 5258 decretali
1233 5197 1357 5260 nullum
1388 5199 1535 5264 declarari
1563 5202 1802 5263 matrimonium

1056 5290 1096 5350 ibi
1120 5290 1266 5365 relatum,
1290 5307 1327 5352 ex
1349 5291 1465 5369 duplici
1487 5293 1603 5372 capite;
1628 5301 1695 5356 tum
1721 5294 1804 5357 scili-

1055 5391 1115 5457 cet,
1138 5383 1210 5460 qaia
1233 5384 1317 5445 iuter
1341 5384 1516 5460 adulteros,
1539 5385 1683 5448 defuncta
1705 5403 1803 5450 uxore

1056 5474 1206 5552 legitima,
1223 5482 1418 5540 contractum
1430 5478 1546 5554 luerat;
1572 5485 1638 5542 tum
1654 5481 1724 5557 quia
1740 5497 1803 5542 ma-

1055 5569 1192 5631 chinatio
1213 5576 1380 5631 accesserat
1395 5571 1427 5632 in
1443 5571 1540 5632 vitam
1555 5573 1668 5651 prioris
1684 5575 1801 5650 uxoris3

1057 5669 1087 5726 et
1102 5679 1140 5724 ex
1155 5670 1289 5741 utroque
1310 5663 1446 5741 praelato
1468 5664 1566 5741 capite
1588 5665 1682 5728 simul
1703 5667 1804 5730 consi-

1056 5755 1174 5829 derato,
1197 5755 1317 5834 prolem
1339 5755 1535 5832 illegitimam
1556 5759 1688 5820 censeri.
1712 5760 1804 5822 bluti-

1057 5850 1117 5911 lam
1128 5865 1204 5910 vero
1215 5847 1401 5911 decretalem
1413 5847 1551 5911 validum
1563 5852 1728 5914 admittere
1740 5869 1803 5915 ma·

1058 5943 1242 6006 trimonium
1263 5957 1336 6004 eum
1357 5941 1496 6006 adultera
1517 5953 1713 6008 contractum
1735 5954 1803 6026 post
