4838 6982
135 558 187 610 An.
202 560 232 610 C.
256 559 325 610 1753

133 968 272 1021 Quaerelaa
290 980 335 1026 pro

118 1023 175 1068 iure
200 1023 335 1068 nominan-

117 1077 207 1138 disee
217 1087 335 1133 praesen·
355 1067 434 1129 nora
455 1067 525 1144 lege
546 1070 763 1148 praescriptam
784 1075 1024 1148 consequantur.
1048 1068 1101 1132 At-

118 1129 200 1174 tandi.

133 2477 335 2533 Sublatoproiu·

116 2531 150 2576 de
162 2536 231 2586 voto,
242 2534 267 2576 et
279 2543 335 2587 poe·
389 2570 394 2580 .

115 2587 169 2631 nis.
188 2585 334 2631 sanctiones

115 2639 299 2685 restituuntur.

988 575 1184 621 euhemerus
1207 577 1269 619 xrv.
1822 565 1879 628 527
1929 563 1983 614 An.
1998 566 2028 614 ο.
2050 564 2117 618 1753

356 693 451 755 nandi
473 693 637 770 habebant,
661 701 695 757 ut
717 695 956 758 nominarentur
977 691 1100 756 adhibe·

354 785 429 849 bant
450 796 568 865 partes,
591 805 697 866 preces
718 795 749 851 et
777 789 892 865 officia,
916 788 1003 851 noris
1025 805 1099 867 quo·

355 895 416 958 que
435 880 574 959 partibus
589 888 620 942 ει
634 881 740 944 olliciis
761 883 839 961 apud
858 883 1032 962 superiores
1047 881 1099 945 Or-

355 972 435 1034 dinis
466 977 671 1050 oontendunt,
704 981 738 1037 ut
759 976 797 1037 ab
828 975 911 1038 hisce
942 974 1097 1037 licentiam

355 1169 418 1222 tera
441 1177 514 1223 vero
536 1162 723 1224 inordinatio
738 1178 776 1223 ex
791 1163 888 1241 primi
903 1162 1032 1224 omniuo
1048 1178 1098 1224 ex-

353 1253 465 1332 surgit,
478 1255 557 1332 quod
571 1255 603 1330 ii,
617 1254 727 1334 quibus
742 1254 921 1318 nominandi
934 1256 999 1318 sive
1014 1271 1098 1333 prae-

352 1350 494 1412 sentandi
515 1350 562 1412 ius
583 1350 683 1411 inesse
705 1365 768 1411 non
789 1349 970 1425 ambigitur,
987 1351 1098 1412 merito

353 1451 542 1518 queruntur,
558 1441 697 1504 debitum
718 1440 776 1503 sibi
798 1442 948 1504 eiusmodi
968 1443 1015 1503 ius
1030 1459 1098 1520 pro-

353 1543 423 1612 pter
444 1551 556 1598 novam
582 1535 767 1600 antedictam
796 1536 898 1614 legem
926 1517 1097 1614 plu'rimum

355 1627 560 1692 imminutum
582 1643 658 1704 esse,
682 1645 754 1691 cum
776 1628 907 1691 ablatam
928 1629 984 1690 sibi
1007 1644 1099 1707 expe-

354 1721 474 1783 riantur
504 1723 667 1802 pristinam
703 1722 877 1784 libertatem
914 1723 1096 1786 nominandi

354 1813 420 1874 sive
441 1815 655 1892 praesentandi
677 1817 711 1878 ad
732 1815 1018 1894 archiepiscopatus,
1034 1815 1097 1894 epi·

353 1916 494 1984 scopatus
523 1912 553 1969 et
580 1908 820 1972 archimandrias
848 1925 900 1970 eos
933 1909 1098 1970 monachos

353 1997 475 2062 Ordinis
496 2002 590 2062 vestri
612 1999 779 2080 professos,
809 2018 886 2080 quos
907 2001 965 2063 sibi
986 2001 1018 2062 in
1041 2000 1097 2061 Oo-

354 2092 441 2154 mino
473 2091 650 2157 existimant
682 2096 889 2157 benemeritos
915 2103 1007 2173 atque
1034 2094 1097 2156 ido-

354 2200 439 2262 neos,
462 2189 514 2250 sed
537 2187 604 2249 illos
626 2190 797 2264 dumtaxat,
818 2189 872 2268 qui
895 2205 909 2248 a
931 2188 1098 2265 superiori-

353 2283 410 2346 bus
435 2283 499 2345 suis
527 2283 731 2361 saepedictam
762 2283 916 2348 licentiam
948 2281 1097 2346 obtinuis-

352 2385 433 2441 seni.

393 2473 467 2548 §le
502 2475 671 2554 Eapropter
705 2476 904 2555 praecipuum
940 2474 1097 2554 apostolici

354 2569 520 2632 ministerii
543 2571 641 2632 nostri
663 2587 778 2632 munus
799 2587 864 2632 esse
879 2570 1095 2648 intelligimus

354 2678 416 2725 non
439 2663 594 2724 minorem
616 2680 671 2742 pro
693 2663 774 2726 recti
792 2663 950 2743 disciplind
972 2681 988 2725 a
1010 2663 1098 2724 nobis

352 2755 556 2818 adhibendam
578 2771 643 2818 esse
664 2773 787 2831 curam,
810 2773 903 2834 quam
925 2765 960 2820 ut
981 2757 1096 2818 dissen-

351 2851 453 2914 siones
474 2852 609 2912 maxime
632 2865 738 2912 omnes
753 2847 934 2912 auferantur
949 2859 979 2912 et
994 2850 1097 2911 omnia

353 2961 407 3024 pro
430 2944 582 3022 aequitate
604 2961 636 3005 ac
659 2943 774 3005 iustitia
796 2941 972 3020 procedant,
996 2959 1096 3022 neque

352 3037 434 3099 ullae
449 3053 574 3116 prorsus
589 3037 756 3098 audiantur
775 3038 999 3116 querimoniae.
1019 3039 1096 3102 Cum

353 3137 457 3191 autem
480 3145 536 3208 per
563 3145 663 3190 sacros
685 3129 850 3193 catholicae
878 3132 1030 3195 Ecclesiae
1050 3151 1098 3196 ca·

353 3239 449 3285 nones
463 3224 535 3285 satis
550 3239 703 3302 superque
726 3224 903 3286 consultum
918 3227 970 3300 sit,
984 3233 1018 3288 ut
1033 3243 1096 3288 om·

352 3317 533 3396 nisquoad
554 3319 786 3395 consequendos
807 3318 1095 3398 archiepiscopatus

353 3409 555 3486 episcopatus,
575 3417 755 3489 ceterasque
775 3411 940 3488 dignitates
957 3411 1097 3474 ecclesia·

286 3573 289 3580 ,
351 3505 452 3581 sticaS,
474 3503 658 3567 excludatur
686 3504 829 3582 ambitus,
852 3508 974 3571 statutis
997 3508 1097 3570 inilic-

140 5485 231 5532 Flrmis
248 5491 332 5532 tamen

120 5541 288 5586 manentibus
304 5539 334 5602 lp·

119 5593 197 5648 gibus
211 5595 243 5638 tle
255 5593 335 5656 ambr·

119 5649 333 5746 stratilatum

353 3598 453 3676 lisque
474 3597 566 3660 etiam
590 3608 695 3661 contra
708 3598 884 3662 ambitiosos
905 3601 1028 3680 poenis;
1045 3619 1096 3664 cu·

352 3691 473 3770 pientes
489 3707 544 3754 nos
566 3693 669 3754 omnia
684 3699 715 3754 et
728 3691 862 3770 singula,
875 3701 970 3772 prout
984 3695 1094 3756 harum

352 3785 563 3863 praesentium
592 3793 770 3847 nostrarum
799 3785 830 3848 in
860 3786 958 3850 iormi
989 3789 1096 3850 Brevis

352 3878 512 3941 literarum
537 3887 644 3940 tenore
664 3880 825 3958 apostolica
846 3881 1027 3943 auctoritate
1043 3897 1096 3943 no-

352 3973 413 4034 stra
436 3972 623 4048 reducimus,
646 3972 681 4032 ad
704 3986 872 4036 commune
894 3973 941 4035 ius
966 3975 1096 4036 sanctio-

353 4082 470 4145 nesque
485 4066 645 4129 canonicas
660 4067 822 4144 reducere;
846 4068 1036 4147 proindeque
1053 4077 1096 4131 te-

353 4177 429 4222 nore
450 4168 481 4222 et
502 4160 682 4222 auctoritate
697 4159 832 4238 paribus,
850 4176 906 4224 nec
929 4178 991 4224 non
1008 4171 1094 4226 motu

352 4253 489 4334 proprio,
512 4269 546 4315 ac
566 4270 603 4314 ex
625 4253 707 4316 certa
727 4254 853 4316 scientii
866 4261 895 4317 et
910 4257 1030 4318 maturi
1045 4257 1095 4318 de·

352 4346 533 4409 liberatione
556 4347 680 4424 nostris,
696 4347 795 4426 deque
809 4348 990 4428 apostolicae
1012 4357 1097 4428 pote·

351 4439 437 4501 statis
459 4439 653 4517 plenitudine
669 4442 812 4503 omnibus
834 4450 864 4506 et
885 4442 1016 4519 singulis
1036 4450 1096 4506 sta·

354 4532 427 4594 tutis
449 4539 480 4594 et
500 4533 776 4596 consuetudinibus
803 4534 980 4612 antedictis,
1003 4543 1096 4615 atque

353 4624 425 4703 ipsis
456 4626 635 4688 memoratis
667 4625 823 4691 Benedicti
856 4630 1096 4708 praedecessoris

352 4717 450 4780 literis
472 4720 654 4796 derogantes
668 4731 698 4782 et
714 4722 896 4800 derogatum
918 4739 985 4785 esse
999 4722 1096 4786 decla·

352 4819 465 4888 rantes,
483 4813 627 4875 volumus
649 4821 678 4876 et
693 4815 831 4878 districte
853 4817 1045 4892 mandamus,
1061 4825 1096 4880 ut

352 4908 495 4986 deinceps
516 4908 545 4969 id
568 4923 661 4970 omne
676 4909 767 4971 unice
787 4917 931 4971 serretur
946 4917 976 4972 et
991 4918 1096 4973 exacte

352 5001 552 5075 custodiatur,
567 5000 648 5079 quod
671 5017 726 5080 per
747 5019 849 5065 sacros
864 5021 996 5066 canones
1012 5021 1095 5084 prae-

351 5095 501 5173 scriptum
523 5093 637 5171 ubique
659 5093 778 5158 debitae
793 5097 994 5176 exequutioni
1010 5114 1096 5160 man·

352 5187 454 5263 datur,
478 5203 535 5250 nec
556 5187 632 5249 aliae
661 5189 854 5267 poenae.hac
876 5190 908 5252 in
938 5207 972 5252 re
992 5191 1096 5255 locum

351 5284 495 5359 habeant,
518 5301 612 5363 quam
634 5300 710 5363 quae
726 5284 758 5346 in
774 5284 845 5364 ipsis
859 5284 950 5347 sacris
972 5285 1096 5348 canoni·

353 5378 410 5441 bus
430 5386 561 5440 statutae
581 5382 665 5440 sunt.

393 5471 412 5545 ἓ
433 5471 462 5532 5.
487 5470 581 5532 Porro
603 5471 760 5535 monachis
775 5471 897 5536 Ordinis
915 5471 1011 5534 vestri
1027 5488 1096 5551 pro-

353 5563 440 5626 tessis
460 5572 573 5626 notum
589 5565 814 5629 essevolumus
829 5572 979 5644 etaperte
1000 5564 1097 5628 decla-

354 5673 458 5720 ramus
479 5657 533 5735 (ne
553 5675 607 5720 sua
622 5658 690 5721 illos
705 5665 866 5737 eapropter
880 5657 952 5720 laisa
966 5658 1097 5737 decipiat

354 5751 484 5830 opinio),
508 5766 572 5813 nou
594 5767 662 5813 eam
682 5751 740 5813 sibi
763 5767 817 5830 per
839 5768 894 5814 nos
920 5751 1096 5813 libertatem

353 5843 493 5919 restitui,
517 5859 684 5923 perquam
719 5845 791 5923 ipsis
812 5843 901 5906 liceat
922 5845 957 5906 ad
979 5845 1097 5906 archie-

353 5938 525 6018 piscopatus
540 5945 570 6001 et
585 5953 793 6018 quascumque
809 5937 970 6014 dignitates
992 5937 1094 5999 Eccle-

1156 693 1218 755 siae
1239 702 1270 756 et
1292 693 1414 758 Ordinis
1433 698 1482 760 sui
1504 700 1559 762 niti
1575 707 1605 764 et
1626 701 1733 764 olliciis
1754 703 1899 766 omnibus

1156 788 1360 864 contendere,
1382 791 1436 852 sed
1457 793 1558 869 potins
1578 793 1612 855 iu
1634 795 1817 857 memoriam
1839 795 1899 858 illis

1156 894 1348 957 revocamus,
1372 882 1464 960 quod,
1483 885 1508 945 si
1530 885 1661 948 ambitus
1677 889 1712 951 ad
1728 887 1899 951 saeculares

1156 971 1248 1034 etiarn
1271 973 1437 1051 dignitates
1459 984 1489 1039 et
1510 978 1642 1042 honores
1664 999 1679 1042 a
1701 981 1900 1044 civilibusle-

1156 1064 1244 1144 gibus
1265 1068 1447 1146 prohibetur
1469 1071 1563 1147 laicis,
1587 1082 1702 1151 quanto
1724 1076 1821 1151 magis
1836 1091 1900 1138 am·

1156 1159 1237 1222 bitus
1268 1163 1304 1224 ad
1332 1162 1624 1242 archiepiscopatus,
1658 1168 1847 1248 episcopatus
1868 1177 1898 1230 et

1153 1252 1319 1331 dignitates
1340 1257 1556 1321 ecclesiasticas
1573 1260 1746 1338 prohibitus
1767 1277 1833 1326 esse
1847 1265 1897 1326 de-

1156 1348 1393 1413 beatclericisot
1405 1352 1555 1429 religiosis
1567 1353 1898 1436 virisNuilust'tuque

1154 1439 1260 1521 (rerba
1274 1450 1348 1505 sunt
1364 1461 1434 1507 curt.
1453 1446 1605 1508 Nullust.
1623 1463 1649 1526 q.
1669 1451 1705 1527 t.)
1722 1463 1778 1526 par
1799 1447 1898 1512 umbi·

1156 1542 1225 1598 turra
1246 1538 1287 1600 ad
1302 1539 1506 1619 episcopalem
1521 1541 1670 1605 bonorem
1685 1545 1899 1622 permittetur

1153 1631 1315 1705 accedere·
1337 1649 1412 1694 uum
1434 1650 1507 1696 curu
1529 1634 1580 1696 bic
1594 1653 1740 1699 accessus
1762 1639 1798 1700 iu
1811 1637 1898 1700 luisci

1154 1725 1393 1788 couversatione
1415 1726 1573 1805 culpetur,
1599 1730 1669 1806 quis
1689 1735 1795 1808 putot,
1819 1731 1898 1809 quiu

1154 1816 1313 1897 religiosis
1329 1825 1358 1880 ει
1375 1819 1436 1881 Deo
1451 1821 1667 1886 seruientibus
1690 1825 1833 1886 lucutiut
1849 1837 1898 1902 op·

1153 1907 1330 1988 probrium.
1361 1911 1424 1974 Nec
1446 1911 1484 1975 ob
1505 1929 1614 1978 eorum
1643 1917 1746 1979 oculos
1768 1917 1898 1980 abiicere

1154 2005 1327 2066 omittimus
1344 2007 1495 2084 praeclara
1512 2009 1652 2088 exempla
1668 2008 1721 2073 SS.
1741 2009 1897 2088 Cypriani,

1153 2096 1332 2174 Augustini,
1355 2099 1527 2178 Fulgentii,
1554 2103 1698 2178 Caesarii,
1721 2103 1897 2182 Epiphanii,

1153 2193 1266 2269 Basilii,
1289 2194 1432 2270 Gregorii
1453 2194 1650 2282 Nazianzeni,
1667 2197 1850 2259 Theodoreti
1867 2205 1898 2258 et

1153 2288 1275 2351 loannis
1297 2288 1521 2365 chrysostomi,
1537 2297 1572 2352 ut
1586 2296 1705 2352 ceteros
1726 2297 1896 2368 praeterea-

1153 2399 1234 2457 mus,
1252 2384 1316 2461 qui,
1333 2383 1473 2461 quamvis
1495 2384 1615 2445 meritis
1629 2384 1751 2446 eximiis
1767 2384 1896 2462 insigni-

1153 2474 1188 2550 ti,
1205 2483 1307 2537 tamen
1332 2483 1454 2538 tantum
1476 2475 1560 2538 abest
1582 2485 1617 2537 ut
1638 2478 1673 2539 ad
1688 2477 1896 2555 episcopatum

1153 2569 1378 2646 assequendum
1409 2569 1640 2644 contenderint,
1673 2570 1748 2648 quin
1770 2585 1895 2631 omnem

1153 2661 1216 2722 imo
1237 2676 1361 2740 operam
1391 2663 1592 2740 studiumque
1621 2663 1836 2738 adhibuerint,
1859 2677 1898 2725 ne

1153 2755 1203 2816 vel
1226 2755 1316 2818 inviti
1337 2757 1372 2818 ad
1395 2757 1606 2835 episcopatum
1628 2757 1894 2835 pertraherentur.

1193 2849 1211 2924 ἓ
1232 2849 1260 2910 6.
1285 2848 1391 2928 Neque
1407 2851 1625 2928 unusquisque
1637 2850 1781 2926 ignorare
1794 2849 1896 2925 debet,
1930 2869 2130 2932 episcopatum

1153 2959 1167 3002 a
1190 2943 1304 3020 peccati
1325 2942 1414 3020 culpa
1437 2943 1579 3005 immune
1602 2959 1665 3005 non
1687 2959 1754 3005 esse
1782 2942 1898 3006 deside·
1916 2922 2129 3032 ffifflffigffghffl

1152 3035 1236 3097 rium
1258 3037 1357 3115 ipsum
1375 3037 1583 3115 Episcopatus,
1610 3042 1676 3098 tum
1692 3036 1775 3115 quia,
1791 3054 1897 3116 quam·
1916 2989 2020 3086 apponi.

1149 3128 1198 3189 'vis
1220 3129 1407 3191 desiderium
1429 3128 1497 3190 aliis
1518 3130 1665 3205 iuvandi,
1689 3131 1720 3191 in
1744 3130 1789 3193 his
1810 3147 1897 3210 prae·

1151 3222 1259 3284 sertim
1281 3238 1359 3300 quae
1380 3221 1414 3282 ad
1427 3222 1525 3292 Deum
1547 3232 1621 3286 sunt
1642 3231 1673 3286 et
1686 3225 1817 3288 salutem
1833 3227 1898 3287 ani-

1152 3333 1286 3393 marum,
1311 3317 1460 3381 laudabile
1483 3325 1527 3380 est
1543 3325 1574 3379 et
1588 3318 1801 3396 maximopere
1815 3335 1897 3383 com·

1152 3412 1332 3486 mendatur,
1361 3419 1482 3486 tamen,
1507 3427 1578 3474 cum
1601 3413 1658 3474 hoc
1683 3413 1897 3480 adiumentum

1151 3505 1297 3582 praestari
1319 3520 1382 3566 non
1404 3497 1510 3566 valeat
1535 3505 1602 3566 sine
1623 3505 1685 3582 ipsa
1707 3505 1897 3584 episcopatus
1984 3539 1988 3553 ‹

1151 3599 1351 3675 sublimitate,
1375 3607 1409 3661 ut
1430 3599 1602 3676 plurimum
1625 3615 1663 3660 ex
1686 3599 1762 3661 vitio
1787 3600 1897 3666 insitae

1151 3691 1188 3753 tle
1209 3693 1272 3754 suis
1298 3692 1417 3753 viribus
1438 3692 1699 3770 praesumptionis
1718 3703 1822 3756 ortum
1844 3695 1896 3757 ha-

1152 3785 1218 3863 bet;
1243 3791 1310 3847 tum
1325 3787 1396 3864 quia
1415 3800 1508 3847 nemo
1522 3801 1555 3846 se
1572 3785 1607 3846 iis
1623 3786 1802 3862 virtutibus,
1818 3801 1896 3866 qua'e

1151 3881 1186 3942 ad
1208 3880 1401 3957 episcopatus
1424 3879 1634 3942 ministerium
1657 3883 1826 3944 necessario
1848 3901 1897 3947 re·

1151 3972 1334 4051 quiruntur‚
1357 3965 1501 4034 ornatum
1524 3989 1589 4035 esse
1611 3973 1677 4035 sine
1694 3982 1816 4052 peccato
1832 3979 1896 4039 exi-

1150 4067 1276 4129 stimare
1292 4073 1402 4145 potest3
1419 4066 1698 4146 atquehuiusmodi
1709 4069 1894 4133 desiderium

1151 4176 1273 4239 semper
1294 4168 1341 4222 est
1362 4161 1521 4233 vitiosum,
1544 4161 1628 4224 iuxta
1661 4162 1800 4238 hugelici
1822 4165 1896 4226 [lou

1152 4255 1226 4315 toris
1248 4255 1430 4329 doctrinam,
1451 4253 1527 4325 2-2,
1550 4259 1671 4332 quaest.
1696 4257 1773 4330 183,
1791 4261 1858 4318 ort.
1877 4256 1893 4318 1

1152 4346 1186 4408 iu
1209 4363 1347 4445 corpore,
1374 4347 1408 4408 in
1440 4345 1617 4423 Quodlibet.
1641 4351 1674 4422 2,
1699 4358 1772 4414 urta
1790 4351 1830 4414 11
1860 4353 1895 4415 iu

1151 4458 1289 4520 corpore,
1308 4444 1343 4504 iu
1361 4441 1504 4518 Quodlih.
1523 4445 1575 4516 13,
1592 4449 1656 4507 ort.
1671 4445 1691 4506 9
1705 4447 1739 4508 iu
1755 4462 1891 4524 corporo.

1151 4536 1253 4614 Atque
1266 4537 1341 4598 haec
1356 4538 1530 4599 communis
1546 4545 1591 4602 εει
1603 4540 1740 4602 doctrina
1752 4542 1894 4603 omnium

1151 4645 1274 4705 eorum,
1297 4646 1372 4708 quos
1394 4630 1559 4693 retulimus
1582 4631 1614 4693 in
1636 4640 1767 4695 tractatu
1789 4643 1894 4696 nostro

1151 4724 1187 4786 de
1201 4723 1454 4786 Cuuout'zutioue
1467 4722 1671 4796 Sanctorum,
1685 4723 1739 4788 tab.
1752 4727 1785 4798 3,
1799 4743 1824 4787 c.
1838 4725 1893 4799 31,

1151 4834 1240 4880 uum.
1258 4822 1280 4880 6
1296 4822 1327 4878 ει
1338 4833 1415 4894 seqq.
1440 4818 1572 4880 Demmn
1595 4821 1777 4883 eorumdem
1799 4821 1895 4884 oculis

1151 4911 1337 4991 exponimus
1349 4925 1472 4972 auream
1490 4909 1521 4973 S.
1532 4910 1633 4972 Basilii
1650 4913 1813 4976 Caesareae
1825 4915 1896 4993 Epi-

1151 5006 1232 5081 scopi
1254 5002 1361 5080 inolyti
1383 5002 1504 5066 Ordinis
1532 5005 1627 5066 vestri
1649 5004 1823 5068 fundatoris
1844 5010 1896 5070 do·

1151 5097 1283 5158 ctrinam
1306 5095 1447 5157 traditam
1469 5096 1500 5159 in
1529 5097 1802 5168 constitutionibus
1830 5115 1897 5162 mo-

1151 5188 1274 5251 nasticis
1295 5205 1363 5268 cap.
1387 5189 1419 5262 9,
1444 5197 1517 5252 tom.
1538 5193 1561 5252 2
1583 5191 1728 5254 editionis
1752 5194 1894 5256 monachi

1151 5283 1271 5345 loannis
1286 5284 1422 5348 Oarnier.
1438 5284 1596 5356 Ceterum,
1610 5285 1712 5363 inquit
1723 5285 1753 5348 S.
1772 5286 1893 5362 Ductor,

1088 5414 1089 5417 =
1152 5391 1350 5456 nequaquam
1381 5377 1542 5449 convenit,
1572 5381 1611 5440 ει
1642 5385 1750 5441 εεεειε
1782 5379 1895 5456 cupiat

1152 5487 1293 5550 uuquam
1324 5471 1449 5550 iuprcrli
1472 5472 1507 5532 iu
1529 5471 1649 5532 clarum
1669 5470 1760 5552 (ecce
1782 5473 1896 5550 episco-

1151 5573 1239 5643 patus
1260 5561 1469 5643 desiderium)
1490 5570 1551 5626 εει
1574 5561 1738 5645 frutribus
1765 5566 1894 5645 praefici

1150 5657 1245 5735 (ecce
1275 5655 1461 5720 desiderium
1493 5657 1779 5738 archimandriaei:
1819 5673 1894 5720 raom

1152 5747 1310 5812 diabolico
1323 5748 1399 5810 hoec
1413 5750 1510 5827 pestis
1527 5756 1572 5811 εει
1590 5747 1733 5828 labosque
1749 5747 1895 5812 lihidinis

1151 5843 1350 5915 dominandi,
1373 5859 1452 5921 quae
1474 5859 1523 5904 res
1545 5859 1688 5905 summae
1710 5841 1828 5906 dioboli
1844 5861 1895 5905 εε-

1153 5937 1274 6015 quitiae
1295 5937 1421 6018 lusique
1443 5943 1499 5998 est.
1525 5936 1563 5999 Et
1578 5943 1739 6018 postquam
1752 5937 1894 6016 grauissi-
