4764 6972
337 515 391 573 An.
406 519 436 572 0.
458 521 527 578 1544

579 519 635 586 136
678 545 680 550 ·

556 667 626 722 1111
649 660 798 739 perducti.
823 662 901 724 lluio
922 661 1004 724 malo
1021 661 1126 726 dilecti
1141 663 1198 725 frlii
1220 680 1303 743 pres-

556 753 657 831 byteri
679 754 928 831 congregationis
957 755 1088 820 Oratorii
1114 757 1145 820 S.
1170 757 1303 836 Philippi

557 845 643 909 Nerii
666 849 838 927 nuncupati
860 848 993 914 civitatis
1004 849 1099 913 Goon.
1118 852 1304 929 tempestive

555 956 719 1003 occurrere
739 950 926 1020 satagentes,
941 945 1021 1006 inito
1041 945 1181 1020 consilio,
1198 961 1259 1023 quo
1275 945 1304 1008 id

557 1037 625 1099 fieri
648 1043 762 1116 posset,
785 1039 909 1101 tandem
931 1047 1116 1118 sumptuum
1137 1039 1260 1103 ratione
1274 1047 1304 1102 ct

477 1147 479 1152 ·
556 1133 639 1193 vitae
659 1131 797 1210 periculo
819 1133 999 1211 posthabitis
1013 1132 1092 1196 clam
1114 1132 1189 1194 illuc
1203 1132 1304 1210 appel-

558 1223 639 1286 lendi
662 1225 781 1288 aditum
796 1242 812 1285 1
827 1226 1055 1308 quinquaginta
1077 1226 1201 1288 circiter
1214 1226 1304 1287 annis

479 1324 484 1333 ¹
557 1317 683 1380 favento
710 1319 841 1382 Domino
871 1318 1058 1381 adinvenere
1086 1319 1123 1380 ab
1148 1318 1305 1381 llollandis

367 4427 487 4474 Fecnltes
500 4427 543 4472 ad·

327 4481 493 4527 ministrandi
505 4493 543 4526 sa·

328 4539 450 4581 crement.
478 4546 543 4581 con-

328 4587 482 4635 firmationis
518 4591 544 4634 et

329 4642 543 4688 1111111111111-

328 4705 370 4742 crn
383 4697 515 4743 utensiiia.

558 1411 700 1490 praefatis
715 1412 849 1475 minime
870 1412 1004 1490 cogniti:
1028 1412 1102 1475 hinc
1118 1413 1305 1492 preshyteris

558 1503 700 1583 praefatis
715 1507 881 1567 haeresum
892 1505 1069 1569 huiusmodi
1081 1507 1242 1569 acerrimis
1254 1522 1306 1585 op·

558 1598 784 1676 pugnatoribus
804 1599 891 1662 factis
912 1599 984 1661 falsa
999 1599 1199 1676 dogmata,ut
1221 1616 1305 1679 prae-

557 1689 669 1767 fertur,
692 1691 800 1754 diffusa
826 1693 887 1754 1111
909 1693 1053 1756 radicitus
1081 1693 1304 1769 exterminata,

559 1786 800 1849 christianorum
812 1803 914 1849 mores
926 1787 1043 1850 dxtdum
1055 1788 1211 1866 depravati
1221 1803 1306 1850 nunc

558 1879 593 1940 ad
617 1880 784 1959 pristinum
806 1883 973 1944 candorem
994 1881 1121 1955 redacti,
1138 1880 1305 1956 gentilium

559 1973 777 2036 conversiones
798 1975 870 2036 alias
892 1974 1066 2050 derelictae,
1085 1975 1176 2037 modo
1191 1973 1306 2050 iugiter

558 2066 691 2142 habitae,
714 2067 861 2133 haeretici
884 2071 1020 2149 denique
1042 2067 1098 2146 ipsi
1116 2075 1183 2130 tum
1198 2067 1305 2143 verbo,

559 2173 628 2227 tum
650 2164 771 2242 scriptis
792 2165 887 2226 etiam
902 2179 1005 2226 coram
1020 2163 1171 2242 praefatae
1186 2164 1306 2228 insulae

558 2273 632 2336 rege
646 2259 796 2321 confutati
813 2259 912 2337 fuere,
929 2267 960 2321 et
974 2257 1122 2320 catholica
1138 2259 1213 2320 fides
1226 2267 1305 2322 sarta

558 2359 637 2414 tecta
659 2367 800 2432 pureque
820 2352 881 2416 fuit
903 2353 1055 2415 restituta.
1075 2352 1182 2416 Solum
1196 2368 1306 2416 consu·

559 2445 688 2508 lendum
706 2453 860 2523 superest,
880 2463 920 2508 ne
937 2445 1151 2509 christifideles
1174 2447 1206 2508 in
1222 2461 1308 2526 prae-

559 2538 619 2603 fata
651 2539 751 2602 insula
782 2538 931 2618 degentes
961 2541 1029 2603 sine
1060 2541 1307 2604 confirmationis

558 2641 752 2698 sacramento
774 2634 873 2695 vitam
894 2635 1007 2696 misere
1030 2635 1154 2710 ducant,
1178 2651 1249 2697 cum
1271 2633 1307 2695 ad

559 2729 640 2807 ipsos
660 2743 715 2806 pro
739 2733 880 2806 tempore
901 2729 1063 2791 existentis
1079 2729 1220 2808 Episcopi
1237 2730 1308 2792 Cac-

559 2823 662 2885 11111.
687 2839 779 2884 11111
800 2825 990 2900 commissos,
1004 2825 1095 2904 eique
1116 2827 1149 2886 in
1164 2825 1309 2904 spiritua-

559 2917 641 2980 libus
655 2917 811 2979 subiectos
825 2916 909 2980 idem
922 2917 1091 2997 Episcopus
1105 2919 1144 2980 ob
1155 2919 1306 2982 Portuum

560 3009 788 3073 Maritimorum
809 3027 825 3071 a
846 3011 990 3089 praefatis
1002 3011 1160 3074 Hollandis
1181 3029 1310 3092 occupa·

561 3113 667 3168 torum
695 3103 956 3182 impedimentum
978 3105 1015 3167 ah
1042 3106 1198 3183 octoginta
1219 3107 1309 3168 annis

561 3206 592 3262 et
614 3197 696 3261 ultra
718 3196 862 3260 accedere
885 3214 949 3261 non
972 3198 1117 3275 valuerit,
1141 3199 1309 3278 minusque

561 3293 693 3356 durante
714 3292 938 3369 impedimento
959 3293 1139 3356 huiusmodi
1165 3292 1308 3356 accedere

561 3385 673 3460 valeat,
707 3401 745 3448 ex
772 3401 834 3463 quo
864 3387 910 3463 frt,
939 3393 974 3449 ut
1003 3386 1061 3464 ipsi
1091 3383 1308 3450 christifideles

561 3479 706 3542 ministro
728 3479 905 3558 priventur,
928 3479 981 3559 qui
1004 3479 1047 3542 eis
1062 3481 1308 3544 confirmationis

560 3579 789 3634 sacramentum
805 3573 984 3635 huiusmodi
999 3572 1153 3635 conferat:
1178 3575 1305 3636 demum

560 3665 830 3745 prospiciendum,
853 3673 887 3728 ut
909 3666 1017 3728 calices
1044 3672 1122 3729 sacri
1151 3683 1223 3728 cum
1245 3667 1308 3729 suis

560 3759 679 3838 patenis
700 3766 732 3820 et
755 3758 861 3820 altaria
889 3758 1043 3838 portatilia
1071 3767 1245 3822 consecrata
1274 3777 1308 3823 11

560 3853 745 3916 indumenta
775 3851 972 3915 sacerdotalia
1008 3853 1165 3916 benedicta
1198 3854 1308 3933 hisque

559 3945 670 4008 similia
693 3952 868 4024 opportune
888 3945 952 4008 illic
973 3947 1156 4021 habeantur,
1179 3963 1251 4009 cum
1272 3964 1307 4009 11

559 4042 592 4103 11
604 4039 771 4118 praelatam
781 4039 913 4101 insulam
927 4041 1127 4119 transportari
1137 4049 1306 4120 nequeant,

559 4133 637 4212 nihil
661 4133 833 4195 etenim'in
855 4147 922 4194 eam
945 4133 1119 4208 invehitur,
1139 4135 1199 4195 nisi
1221 4135 1307 4213 prius

560 4225 593 4287 in
614 4225 822 4305 praefatorum
839 4226 1068 4298 haereticorum
1083 4227 1307 4290 Hollandorum

559 4321 684 4382 teloniis
704 4319 799 4382 fuerit
823 4321 1025 4398 descriptum.

602 4415 621 4490 5
641 4414 670 4476 2.
695 4413 757 4476 Nos
777 4413 876 4492 igitur
896 4416 929 4476 in
951 4415 1140 4493 praemissis,
1156 4423 1308 4494 quantum

562 4507 649 4570 nobis
671 4507 790 4569 exalto
818 4507 1017 4583 conceditur,
1044 4515 1217 4586 opportune
1239 4525 1308 4589 pro-

562 4599 668 4662 videre
689 4600 841 4674 volentes,
865 4605 952 4661 motu
975 4601 1099 4678 proprio
1121 4611 1152 4663 et
1174 4617 1212 4662 ex
1226 4610 1308 4664 certa

560 4693 688 4755 scientia
710 4708 858 4772 meraque
880 4692 1102 4756 deliberatione
1117 4695 1241 4770 nostris,
1258 4696 1310 4758 de-

561 4803 622 4865 que
633 4787 814 4865 apostolicae
828 4787 986 4864 potestatis
997 4787 1203 4866 plenitudine,
1219 4788 1311 4850 dum-

560 4881 652 4942 modo
674 4895 719 4955 ea,
735 4897 813 4958 qnae
829 4887 863 4942 ut
884 4880 1058 4958 accepimus
1080 4898 1152 4943 vern
1173 4881 1308 4957 1111111-

560 4971 641 5034 11111
664 4971 727 5033 filio
753 4977 889 5036 nuncet
912 4989 967 5052 pro
997 4982 1138 5051 tempore
1162 4975 1308 5038 existenti

560 5057 714 5145 praefecto
736 5064 895 5128 dumtaxat
910 5066 1163 5146 presbyterorum
1178 5083 1308 5144 congre·

561 5158 693 5236 gationis
714 5159 867 5238 praelatae
888 5159 920 5221 in
942 5159 1022 5221 dicta
1051 5160 1150 5223 insula
1171 5177 1308 5223 commo·

559 5253 653 5328 ranti,
678 5260 713 5316 ut
734 5253 799 5331 ipse
819 5251 1058 5317 sacerdotalibus
1070 5262 1194 5316 tentum
1215 5255 1308 5318 vesti-

560 5346 675 5408 mentis
697 5345 826 5409 indutus
847 5353 879 5407 et
900 5345 932 5407 in
955 5345 1083 5424 reliquis
1104 5346 1189 5409 iuxta
1210 5348 1308 5411 ritum

560 5439 594 5500 in
616 5437 786 5500 Pontificali
804 5437 944 5500 Romano
959 5438 1148 5518 descriptum
1164 5441 1308 5503 omnibns

561 5539 593 5592 et
613 5530 745 5608 singulis
769 5532 932 5610 utriusque
953 5548 1045 5594 sexus
1070 5531 1168 5594 dictae
1189 5533 1307 5596 insulae

561 5623 783 5687 habitatoribus
810 5626 966 5688 catholicis
997 5627 1243 5689 confirmationis
1263 5645 1309 5688 sa-

561 5727 757 5781 cramentum
778 5719 945 5781 chrismate
962 5735 1017 5798 per
1029 5719 1213 5800 Episcopum
1235 5737 1307 5783 con·

561 5809 651 5884 fecto,
674 5819 856 5890 servataque
877 5811 1016 5874 eiusdem
1043 5813 1228 5875 sacramenti
1248 5813 1310 5874 for·

561 5918 611 5964 ma
632 5911 663 5965 et
684 5918 749 5965 non
771 5904 855 5981 alias,
872 5903 1099 5981 administrare,
1117 5921 1240 5968 necnon
1260 5921 1309 5968 ca·

1080 545 1145 590 11111.
1170 545 1261 592 ΡΟΝΤ.
1285 545 1326 592 bn
1347 546 1376 592 P.
1399 545 1429 593 tt.
1453 548 1536 596 PARS
1558 549 1579 594 1.

1359 665 1431 729 lices
1450 676 1480 730 et
1499 675 1624 747 patenas
1646 667 1813 748 altariaque
1835 670 1989 748 portatilia
2004 670 2109 735 Chris·

1360 769 1443 822 mate
1462 767 1495 821 et
1515 759 1588 822 Oleo
1610 759 1721 823 Sancto
1741 761 2038 824 cathecumenorum
2052 777 2108 842 per

1361 853 1546 932 Episcopum
1568 856 1683 932 pariter
1709 853 1856 918 confectis
1876 862 1908 917 et
1935 855 2108 934 respective

1360 947 1504 1010 adhibitis
1525 961 1715 1021 1111111111,
1735 957 1911 1025 paramenta
1932 963 2056 1028 quoque
2077 956 2108 1011 et

1360 1039 1418 1101 alia
1434 1040 1579 1103 utensilia
1589 1040 1626 1103 ad
1641 1040 1752 1102 missae
1765 1041 1949 1104 sacrificium
1970 1057 2107 1106 necessa-

1361 1133 1406 1194 ria
1426 1133 1609 1196 benedicere
1630 1133 1726 1195 libere
1741 1142 1771 1196 et
1785 1134 1869 1197 licite
1890 1135 1984 1212 possit
2005 1141 2036 1197 et
2056 1151 2109 1196 11-

1361 1226 1439 1306 leat3
1463 1228 1498 1290 ad
1520 1227 1707 1290 decennium
1721 1228 1900 1306 proximum
1922 1229 2108 1291 111111111-

1361 1321 1537 1400 cipiendum
1560 1337 1576 1381 a
1602 1322 1651 1383 die
1681 1321 1867 1400 receptionis
1897 1323 2108 1400 praesentium

1361 1413 1497 1492 plenam,
1512 1413 1641 1476 liberam
1657 1423 1688 1476 et
1703 1414 1914 1477 omnimodam
1929 1413 2107 1478 facultatem

1361 1506 1543 1570 earumdem
1559 1516 1666 1571 tenore
1682 1509 1894 1587 praesentium
1908 1507 2107 1572 concedimus

1362 1607 1393 1662 et
1414 1601 1626 1680 impertimur.

1402 1693 1421 1768 5
1441 1692 1471 1754 3.
1495 1693 1563 1755 Non
1580 1695 1772 1759 obstantibus
1786 1697 2062 1760 constitutionibus
2076 1703 2107 1760 et

1362 1787 1607 1849 ordinationibus
1628 1788 1799 1867 apostolicis
1820 1790 1914 1851 etiam
1931 1790 1963 1852 in
1978 1790 2107 1868 synoda·

1362 1879 1455 1954 libus,
1468 1881 1708 1958 provincialibus
1723 1883 2013 1963 universalibusque
2028 1884 2108 1946 Gon·

1362 1971 1441 2034 ciliis
1458 1973 1549 2036 editis
1573 1974 1622 2035 vel
1640 1973 1766 2036 edendis
1787 1976 1970 2055 specialibus
1983 1976 2034 2039 rel
2056 1992 2108 2054 ge·

1363 2066 1531 2130 neralibus.
1567 2067 1683 2143 Quibus
1713 2070 1859 2132 omnibus
1891 2079 1922 2134 et
1953 2071 2106 2149 singulis,

1363 2160 1482 2221 etiamsi
1504 2160 1578 2222 alias
1599 2177 1654 2239 pro
1675 2177 1784 2224 earum
1804 2163 1970 2226 sufficienti
1981 2165 2110 2242 deroga·

1364 2252 1449 2315 tione
1477 2254 1514 2316 de
1541 2253 1621 2329 illis,
1646 2267 1821 2333 eorumque
1847 2257 1920 2318 totis
1948 2259 2108 2322 tenoribus

1362 2345 1561 2423 specialibus,
1584 2348 1741 2425 specifica,
1774 2365 1914 2428 expressa
1944 2360 1977 2414 et
1997 2351 2110 2414 indivi-

1363 2441 1432 2516 dua,
1453 2456 1486 2502 ao
1506 2442 1544 2502 de
1566 2442 1661 2503 verbo
1682 2442 1719 2505 ad
1744 2441 1888 2519 verbum,
1918 2459 1982 2506 non
2003 2451 2109 2508 autem

1363 2549 1419 2614 per
1440 2533 1592 2596 clausulas
1607 2536 1766 2612 generales
1788 2537 1869 2598 idem
1892 2537 2107 2616 importantes,

1364 2629 1483 2691 mentio
1500 2645 1555 2692 seu
1570 2633 1697 2709 quaevis
1711 2632 1768 2695 alia
1786 2634 1941 2711 expressio
1956 2633 2107 2712 habenda,

1363 2731 1416 2788 111
1431 2726 1532 2804 aliqua
1554 2725 1611 2787 alia
1633 2727 1783 2806 exquisita
1798 2728 1897 2790 forma
1918 2730 1954 2793 ad
1976 2731 2033 2792 hoc
2046 2745 2108 2792 ser·

1364 2819 1461 2883 vanda
1477 2820 1568 2895 foret,
1591 2837 1698 2884 earum
1715 2831 1849 2898 tenores,
1864 2839 1898 2885 ac
1918 2823 1944 2884 si
1961 2824 2000 2886 de
2013 2823 2109 2887 verbo

1364 2917 1400 2978 ad
1415 2915 1549 2986 verbum
1564 2915 1643 2978 nihil
1655 2918 1779 2995 penitus
1793 2917 1906 2980 omisso
1916 2924 1947 2979 et
1958 2918 2056 2980 formf
2074 2919 2109 2982 in

1365 3008 1426 3072 illis
1441 3009 1552 3072 1111111
1567 3009 1727 3072 observata
1748 3010 1858 3072 inserti
1880 3010 1999 3089 forent;
2023 3027 2109 3090 prae·

1363 3103 1502 3166 sentibus
1523 3117 1578 3181 pro
1593 3103 1687 3181 plene
1701 3110 1732 3165 et
1746 3102 1939 3167 sufficienter
1957 3105 2109 3186 expressis

1366 3196 1523 3272 habentes,
1539 3196 1599 3258 illis
1620 3196 1743 3259 1111111
1762 3215 1819 3261 suo
1836 3199 1946 3261 robore
1968 3215 2110 3278 perman·

1364 3290 1456 3365 suris,
1472 3289 1528 3352 hac
1548 3291 1615 3352 vice
1637 3291 1797 3354 dumtaxat
1817 3293 1991 3372 specialiter
2012 3302 2042 3356 11
2057 3309 2110 3356 ex-

1364 3398 1469 3461 presse
1489 3382 1599 3444 harum
1622 3384 1704 3446 serie
1734 3393 1833 3461 motu,
1856 3385 1984 3448 scientia
2005 3395 2036 3450 et
2057 3403 2109 3466 po·

1365 3477 1481 3538 testatis
1510 3477 1707 3554 plenitudine
1737 3478 1891 3541 similibus
1912 3480 2108 3557 derogamus,

1364 3570 1537 3648 ceterisque
1559 3571 1720 3632 contrariis
1742 3571 2002 3650 quibuscumque.

1404 3663 1423 3738 5
1444 3663 1473 3724 1.
1497 3661 1651 3725 Volumus
1666 3671 1783 3741 autem,
1800 3671 1835 3727 nt
1855 3664 2037 3728 facultatum
2052 3666 2111 3728 hu·

1365 3755 1496 3817 iusmodi
1521 3757 1676 3818 concessio
1698 3766 1729 3818 et
1750 3758 1920 3836 impartitio
1941 3760 1976 3821 ad
1999 3759 2112 3821 decen-

1363 3849 1453 3910 nium
1485 3849 1665 3927 proximum
1694 3856 1833 3927 tantum,
1856 3858 1891 3913 ut
1922 3851 2109 3930 praefertur,

1365 3941 1578 4020 incipiendum
1608 3942 1724 4020 valeat,
1746 3944 1771 4004 si
1801 3944 1917 4006 tamdiu
1943 3945 2110 4007 11111111-

1364 4036 1535 4115 pedimenti
1557 4051 1694 4100 11111111
1721 4037 1847 4118 praefati
1875 4039 2015 4118 Episcopi
2037 4040 2110 4102 Coc·

1364 4131 1480 4208 cinen,
1509 4131 1556 4192 vel
1580 4130 1708 4194 alterius
1736 4131 1893 4212 Episcopi,
1921 4141 1977 4196 aut
1995 4133 2110 4197 11111111

1364 4224 1520 4304 apostolici
1556 4224 1813 4302 congregationis
1845 4227 1883 4286 de
1913 4225 2110 4305 Propaganda

1364 4318 1438 4380 Fide
1460 4319 1495 4380 ad
1518 4317 1631 4380 dictam
1652 4317 1786 4379 insulam
1802 4317 1971 4398 duraverit,
1987 4321 2037 4382 sin
2053 4321 2111 4382 mi-

1364 4427 1424 4473 nus
1445 4427 1533 4473 causa
1555 4411 1772 4490 impedimenti
1787 4413 1950 4476 huiumodi
1972 4423 2111 4477 cessante

1364 4505 1517 4583 praelatae
1538 4503 1697 4568 facultates
1717 4513 1787 4568 tum
1801 4506 1981 4569 conferendi
2000 4509 2110 4571 contir-

1365 4599 1511 4662 mationis
1531 4606 1773 4676 sacramentum,
1798 4607 1866 4662 tum
1889 4601 1984 4662 etiam
2006 4619 2112 4665 conse·

1364 4691 1471 4755 crandi
1494 4693 1600 4754 calices
1621 4701 1652 4754 et
1672 4701 1809 4773 patenas,
1828 4711 1862 4756 ac
1883 4694 1988 4756 altaria
2009 4704 2110 4773 porta-

1364 4785 1430 4847 tilia
1451 4785 1484 4846 11
1506 4786 1659 4863 praefecto
1674 4786 1828 4866 praedicto
1844 4795 1966 4850 cessent
1980 4803 2017 4849 eo
2032 4789 2107 4868 ipso:

1364 4885 1524 4957 praeterea
1545 4879 1638 4941 etiam
1660 4880 1818 4954 volumus,
1841 4887 1876 4942 nt
1898 4881 2111 4959 praesentium

1365 4971 1570 5050 transumptis
1592 4980 1622 5035 11
1641 4972 1793 5052 exemplis
1824 4974 1919 5035 etiam
1951 4974 2110 5053 impressis

1365 5080 1460 5126 mann
1482 5065 1596 5126 notarii
1617 5065 1730 5144 publici
1752 5066 1932 5144 subscriptis
1953 5073 1984 5129 et
2008 5067 2110 5144 sigillo

1364 5173 1513 5236 personae
1534 5157 1566 5219 in
1596 5158 1746 5234 dignitate
1767 5158 1970 5222 ecclesiastica
1998 5160 2111 5222 consti·

1365 5259 1449 5314 tutae
1478 5252 1610 5315 munitis
1636 5251 1741 5314 eadem
1770 5267 1895 5330 prorsus
1924 5253 1998 5314 tides
2026 5253 2111 5316 adhi-

1364 5345 1485 5421 beatur,
1498 5361 1577 5424 quae
1589 5345 1659 5424 ipsis
1670 5344 1883 5424 praesentibus
1898 5344 2109 5422 adhiberetur,

1363 5439 1389 5500 si
1408 5437 1511 5501 forent
1526 5440 1680 5501 exhibitae
1697 5438 1745 5500 vel
1763 5447 1913 5500 ostensae.

1404 5533 1423 5606 5
1444 5531 1473 5592 5.
1498 5529 1584 5593 Nulli
1605 5546 1679 5608 ergo
1697 5531 1825 5592 omnino
1839 5530 2006 5608 hominum
2022 5531 2110 5596 liceat

1364 5625 1443 5688 hanc
1464 5624 1609 5704 paginam
1632 5630 1756 5685 nostrae
1776 5624 2025 5700 constitutionis,
2053 5626 2111 5687 im·

1364 5714 2111 5797 partitionis,derogationisetvoluntatisinfrin-

1365 5825 1450 5887 gere,
1474 5808 1525 5870 vel
1546 5809 1575 5869 ei
1597 5823 1672 5870 ausu
1696 5809 1860 5870 temerario
1884 5811 2050 5874 contraire.
2077 5811 2110 5876 Si

1364 5903 1433 5982 quis
1454 5908 1560 5964 autom
1584 5901 1642 5964 hoc
1667 5907 1820 5964 attentare
1849 5903 2108 5983 praesumpserit,

2139 527 2193 583 An.
2207 527 2238 582 Ο.
2259 529 2331 582 1744

2153 1705 2301 1762 berngario.

2177 3683 2357 3731 conditiones

2129 3738 2357 3786 concessionis

2129 3790 2230 3837 statuit
