4820 6980
969 585 1165 631 EENEDICTUS
1189 584 1251 628 mv.

334 713 499 776 hominum
519 707 736 787 vaferrimam,
760 727 818 792 qua
839 713 992 788 poterant,
1016 711 1080 767 arte

335 807 385 868 vel
407 806 514 870 fraude
536 821 657 868 errores
679 807 872 881 obtegerent.
896 803 991 864 Prava
1009 800 1080 860 bae-

334 915 436 962 reseos
451 899 593 976 dogmata
603 899 676 960 solis
691 895 890 960 familiaribus
904 892 1081 956 manifesta·

334 993 465 1067 bantur,
495 1009 597 1070 neque
625 999 711 1053 entra
743 990 846 1052 Rudni
875 996 905 1050 et
931 983 1080 1048 Melaniae

334 1084 490 1146 consocios
512 1092 542 1146 et
571 1084 697 1145 asseclas
728 1099 835 1144 arcana
865 1081 915 1142 illa
943 1075 1080 1138 doctrina

334 1175 549 1253 evulgabatur.
572 1177 616 1238 lta
638 1193 712 1238 vero
734 1174 980 1252 origenistarum
997 1169 1080 1231 calli-

334 1269 463 1332 ditatem
485 1269 629 1331 describit
650 1269 771 1349 Papius
793 1267 833 1330 ad
856 1263 995 1328 Annales
1019 1261 1080 1324 fla-

334 1363 423 1424 renii
444 1362 485 1425 etl
507 1379 584 1424 ann.
600 1362 724 1426 Christi
740 1376 904 1424 cccxcvu.
922 1373 1010 1420 uum.
1025 1353 1080 1418 1⁷.-

334 1456 482 1519 Nondum
505 1455 644 1518 haeresis
658 1457 741 1518 setis
755 1456 921 1534 patefacta
936 1459 1019 1520 erui,
1033 1449 1080 1512 id-

334 1565 391 1628 que
414 1554 545 1612 tautum
566 1550 686 1612 eccidit
707 1548 765 1612 sub
795 1548 981 1615 Anastasio,
1005 1545 1081 1606 licet

332 1658 425 1720 penes
448 1642 558 1722 Rufini
579 1649 608 1704 et
632 1642 790 1706 Melaniae
811 1631 993 1720 familiares
1014 1656 1080 1702 rnu-

335 1737 460 1796 lesanue
492 1735 659 1798 doctrinae
687 1736 828 1813 suspicio
860 1734 1077 1795 invalesceret.

334 1827 402 1888 Pari
422 1827 619 1890 solicitudine
650 1829 781 1890 Rufinus
811 1826 987 1888 versionem
1010 1825 1079 1887 libri

335 1920 531 1994 Periarchon,
555 1921 664 1984 Sir-icio
686 1922 826 1995 vivente,
842 1919 1017 1992 occultavit,
1041 1935 1081 1980 ne

334 2012 471 2090 alioquin
493 2029 531 2074 ex
552 2015 640 2075 obvia
661 2014 793 2076 lectione
815 2014 902 2076 virus
922 2013 1081 2088 detegere-

337 2114 398 2168 tur.
426 2107 537 2169 Verum
559 2124 631 2168 caut
656 2109 802 2188 Oripcuis
824 2123 958 2176 errores,
979 2107 1081 2184 inquit

335 2201 444 2277 Pagius
465 2201 530 2264 loco
552 2203 655 2271 citato,
672 2219 762 2263 num.
781 2201 834 2273 16,
853 2217 893 2263 66
914 2199 1001 2262 mala
1016 2198 1081 2262 lia·

334 2293 394 2372 fini
416 2295 685 2371 interpretatione
706 2301 781 2356 ante
801 2294 1014 2358 Anastasianas
1036 2292 1082 2354 la·

337 2393 483 2457 luerunt,
497 2387 573 2464 quid
588 2386 746 2464 culpabile
762 2387 903 2450 Siricius
925 2387 1080 2454 amiserit,

335 2471 398 2542 ueri
420 2484 572 2558 apperet;
593 2487 624 2542 et
645 2481 951 2544 communicatorias
967 2479 1081 2542 literas

334 2573 451 2652 Rufina
473 2573 615 2636 demere
636 2573 815 2644 concedens,
839 2575 915 2636 dnm
937 2574 1081 2652 dicepti-

334 2682 383 2727 me
397 2667 483 2744 apud
498 2682 602 2727 omnes
616 2675 692 2730 6666
709 2667 879 2746 culpatum
897 2667 1012 2729 demae
1026 2667 1081 2728 Pe·

335 2758 490 2820 riarcbon
512 2759 653 2829 audiret,
671 2776 735 2822 nou
757 2761 889 2822 uidetur
902 2761 937 2821 in
961 2761 1081 2821 crimen

334 2853 506 2915 recaredus.
542 2855 606 2915 luto
634 2870 709 2916 vero
740 2854 799 2916 etsi
827 2854 960 2916 Rufinus
985 2854 1081 2916 Roma

334 2946 464 3021 abesset,
488 2955 519 3009 et
540 2947 703 3025 Aquileiae
725 2957 912 3022 moraretur,
929 2947 981 3007 ubi
996 2946 1080 3008 bien·

334 3040 387 3102 nio
409 3041 699 3117 permansit,edhuc
721 3055 841 3102 errores
862 3040 1007 3103 simulare
1031 3057 1082 3102 cu·

334 3132 424 3194 ravit.
448 3132 526 3196 ilinc
548 3135 689 3196 nondum
711 3133 816 3196 fraude
839 3133 967 3210 detecta,
985 3134 1080 3196 Chro-

335 3226 419 3289 matii
442 3227 580 3304 Episcopi
604 3225 809 3288 familiaritate
830 3243 904 3288 usus
925 3235 985 3288 est:
1009 3227 1081 3290 hinc

334 3319 427 3380 etiam
449 3319 580 3397 ipsemet
608 3319 804 3382 Chromatius
825 3319 904 3397 apud
929 3321 1082 3398 Hierony-

334 3427 423 3473 mum
436 3419 467 3472 et
483 3410 635 3474 llenerius
656 3411 892 3476 Mediolanensis
915 3414 1082 3492 Episcopus

333 3505 413 3583 apud
427 3505 607 3567 Pontificem
629 3506 825 3570 Anastasium
841 3523 895 3585 pro
911 3507 1024 3570 Rufino
1039 3507 1080 3568 al-

334 3598 523 3672 laborarunt,
538 3607 572 3660 ut
587 3600 625 3662 de
640 3599 775 3662 Venerio
797 3599 947 3678 Episcopo
962 3608 1081 3662 constat

333 3707 371 3752 eu
392 3693 530 3755 eiusdem
546 3693 702 3755 Pontificis
724 3693 860 3769 Epistola
874 3693 909 3754 ad
933 3692 1081 3755 loannem

333 3785 634 3863 ierosolymitanum.
661 3784 719 3860 Qui
740 3799 815 3860 ergo
841 3785 969 3848 Siricius
991 3802 1080 3848 nosse

334 3885 453 3956 poterat
481 3878 686 3954 origenistas,
719 3893 854 3956 quorum
886 3893 1007 3942 errores
1029 3881 1080 3942 vel

333 3970 398 4048 ipso
419 3971 568 4033 Anastasii
595 3970 752 4033 Pontificis
774 3977 915 4049 tempore
943 3972 1080 4050 aliquan·

332 4063 385 4125 diu
407 4062 622 4125 delitueruntl
649 4063 680 4126 Si
702 4079 823 4124 errores
851 4079 915 4126 non
938 4073 1079 4140 noverat,

332 4156 530 4218 nullomodo
556 4154 742 4234 culpandus,
765 4157 846 4235 quod
872 4171 992 4218 errores
1015 4173 1078 4219 non

332 4248 596 4312 condemnaverit.
609 4250 755 4326 Quocirca
766 4250 905 4329 parabola
921 4249 972 4311 illa
986 4266 1079 4313 evan·

333 4342 441 4418 gelica,
457 4359 549 4420 quam
565 4343 674 4406 Siricio
696 4343 845 4406 Baronius
860 4345 1078 4418 accommodat,

333 4437 371 4498 de
385 4436 614 4515 patrefamilias,
627 4439 679 4516 qui
695 4437 804 4500 maluit
819 4438 935 4499 zizania
950 4439 986 4502 ad
1003 4455 1079 4500 mes·

334 4545 402 4592 sem
423 4547 521 4610 usque
543 4532 657 4593 intacta
674 4530 821 4609 relinqui,
841 4547 880 4593 ne
902 4533 965 4611 pari
988 4549 1080 4595 even-

334 4631 367 4686 tu
389 4624 507 4686 zizania
537 4641 570 4686 ae
592 4624 789 4688 frumentum
811 4641 872 4686 una
894 4625 1081 4688 divelleren-

335 4726 397 4792 tur,
421 4718 525 4780 minus
546 4733 680 4780 consona
702 4719 841 4794 videtur3
865 4735 936 4781 cum
951 4719 1079 4797 paterfa-

334 4812 435 4873 milias
465 4813 583 4874 zizania
612 4812 715 4874 tritico
741 4812 910 4874 commixta
939 4815 1077 4890 noverit,

334 4904 463 4968 Siricius
485 4921 560 4966 vero
581 4905 827 4982 Origenistarum
843 4921 963 4968 errores
977 4907 1079 4969 calho-

333 4998 408 5061 licae
423 4999 579 5060 doctrinae
590 4998 726 5061 infensos
738 4999 939 5075 ignoraverit.
957 4999 988 5063 Si
1005 5001 1079 5078 quial

332 5107 407 5168 ergo
422 5107 460 5154 cu
474 5092 650 5168 evangeliea
672 5092 723 5155 illa
736 5093 878 5170 parabola
892 5095 927 5156 ad
942 5109 1008 5154 rem
1024 5111 1079 5156 no·

331 5195 427 5248 stram
450 5185 539 5248 liceat
561 5187 737 5263 decerpere,
761 5187 835 5248 illud
863 5195 919 5263 est,
943 5188 1080 5250 Patrem-

332 5278 462 5340 familias
484 5279 570 5341 nullo
593 5279 684 5340 modo
705 5279 910 5358 culpandum,
933 5283 1016 5357 quod
1037 5283 1078 5342 zi-

331 5373 418 5434 zania
429 5372 461 5434 in
473 5387 547 5448 agro
557 5373 782 5446 succreverint,
795 5388 868 5434 cum
883 5372 947 5451 ipse
961 5373 1078 5435 bonum

288 5499 291 5506 n
331 5481 439 5528 semen
450 5466 647 5542 electumque
663 5463 860 5527 frumentum
876 5472 977 5528 terrae
993 5483 1079 5528 man·

331 5557 460 5622 daverit.
483 5557 553 5620 Non
574 5557 659 5619 enim
682 5555 765 5618 illius
790 5556 929 5620 incuriae
956 5559 1009 5620 setl
1032 5561 1078 5622 in-

330 5654 434 5716 scitiae
457 5655 670 5730 tribuendum,
697 5659 777 5735 quod
800 5654 945 5717 inimicus
973 5655 1077 5730 homo,

331 5749 451 5810 occulta
472 5747 590 5825 fraude,
613 5758 644 5812 et
665 5760 755 5812 nocte
777 5751 935 5825 concubia,
959 5751 1079 5812 zizania

332 5843 364 5903 in
385 5851 558 5904 sementem
587 5843 739 5906 elladerit.
771 5844 841 5905 Pari
860 5845 929 5905 iure
951 5843 1078 5907 Sinicius

331 5935 551 6011 vindicandus,
581 5953 652 5999 cam
678 5954 723 6000 eo
741 5938 907 6016 superstite
934 5937 1021 6000 nulla
1045 5939 1078 5999 in

1804 562 1862 624 765
1913 560 1966 611 an.
1981 560 2010 612 c.
2033 559 2101 610 mas

1134 701 1248 764 Christi
1272 701 1405 766 Ecclesia
1416 702 1661 780 origenistarum
1682 719 1775 782 prava
1789 703 1881 765 semi-

1134 811 1173 856 na
1194 795 1401 857 innotuerint.
1419 795 1504 871 Quod
1519 797 1545 858 si
1560 797 1709 862 anastasii
1727 797 1882 860 Pontidcis

1135 895 1233 950 aelate
1261 888 1492 951 Haereticorum
1523 889 1641 952 zizania
1668 889 1879 969 apparuerint,

1134 985 1327 1046 excusandus
1355 982 1483 1046 omnino
1513 983 1651 1058 Siricius,
1675 999 1743 1046 cum
1771 991 1824 1044 aut
1846 998 1881 1043 eo

1136 1077 1198 1137 vita
1218 1076 1336 1151 fimeto,
1362 1085 1415 1138 aaut
1435 1077 1460 1138 si
1483 1075 1622 1139 nondum
1652 1076 1715 1136 vite
1736 1082 1880 1150 cesserat,

1135 1169 1302 1247 profundae
1335 1171 1433 1231 noctis
1459 1170 1601 1244 silentio,
1633 1169 1697 1248 ipso
1731 1169 1880 1231 nimirum

1135 1263 1244 1325 Sirieio
1266 1262 1294 1324 id
1311 1264 1434 1341 penitus
1456 1262 1632 1340 ignorante,
1649 1262 1740 1328 noxia
1760 1262 1811 1323 illa
1833 1278 1881 1323 er·

1135 1373 1242 1419 rorum
1264 1356 1382 1419 zizania
1397 1356 1435 1418 ab
1449 1355 1630 1433 Origenistis
1648 1356 1767 1418 luerint
1788 1355 1882 1418 disse·

1137 1450 1261 1512 minata.

1175 1560 1305 1606 nunnus.
1331 1545 1373 1606 Ea
1393 1551 1440 1606 est
1459 1559 1627 1623 pravorum
1648 1545 1810 1606 hominum
1836 1543 1881 1605 in·
1921 1547 2063 1610 illustrium
2079 1548 2114 1647 vg

1135 1639 1232 1715 doles,
1254 1656 1288 1701 ac
1308 1639 1541 1702 Haereticorum
1564 1640 1708 1714 versutia,
1732 1646 1766 1706 ut
1788 1639 1881 1700 innu-
1901 1612 2115 1718 ilffliiicisuicic·

1138 1749 1236 1795 meras
1257 1735 1292 1796 ad
1315 1735 1530 1812 decipiendum
1554 1733 1723 1798 obtendant
1746 1734 1879 1808 fraudes,
1901 1711 2114 1818 ssllffl‘fissiffl'

1137 1826 1248 1906 quibus
1270 1826 1319 1888 vel
1342 1826 1414 1904 ipsis
1435 1827 1591 1891 Romanae
1607 1828 1757 1890 Ecclesiae
1779 1828 1882 1889 Ponti-

1136 1919 1254 1993 dcibus,
1271 1920 1328 1982 etsi
1350 1921 1489 1984 doctrina
1503 1939 1537 1984 ac
1551 1921 1711 1984 sanctitate
1726 1929 1883 2000 praestan·

1138 2013 1229 2087 tibus,
1246 2014 1409 2091 aliquando
1430 2015 1656 2094 imposuerunt.
1680 2015 1720 2078 Ut
1739 2031 1821 2076 novo
1837 2014 1882 2078 Si-

1136 2107 1202 2169 ricii
1217 2107 1447 2187 simplicitatem
1462 2108 1598 2170 vindicet
1612 2117 1811 2186 argumento,
1828 2109 1883 2170 Pe·

1138 2209 1203 2262 trus
1225 2201 1393 2276 Constant,
1407 2217 1479 2281 paq.
1496 2199 1577 2270 706,
1595 2201 1682 2263 aden
1701 2201 1883 2280 exemplum

1137 2293 1240 2356 Sancti
1262 2295 1429 2370 Augustini
1458 2312 1491 2356 ac
1513 2296 1655 2369 aliorum,
1678 2295 1730 2372 qui
1760 2295 1883 2372 Pelagio

1136 2387 1196 2448 iam
1218 2388 1256 2448 de
1278 2387 1396 2448 haeresi
1410 2394 1551 2466 suspecto
1571 2388 1801 2450 communionis
1816 2387 1885 2450 lite-

1137 2498 1184 2542 ras
1200 2496 1262 2542 non
1280 2481 1487 2558 denegarunt,
1500 2481 1612 2560 quibus
1627 2481 1680 2543 ille
1696 2483 1727 2544 in
1744 2482 1883 2546 Concilio

1136 2573 1342 2652 Diospolitano
1365 2590 1438 2636 usus
1459 2581 1516 2648 est,
1535 2582 1568 2637 ut
1590 2574 1762 2637 haereticae
1783 2576 1885 2654 pravi-

1136 2667 1206 2728 tatis
1218 2674 1323 2729 notam
1336 2667 1499 2744 edrrgeret.
1515 2668 1583 2730 llos
1595 2675 1767 2747 utrumque
1778 2685 1885 2731 evem-

1136 2759 1225 2839 plum
1239 2775 1332 2837 quam
1347 2759 1543 2822 simillimum
1555 2760 1655 2824 Siricii
1671 2768 1701 2822 et
1716 2761 1883 2838 Augustini

1138 2871 1199 2917 una
1220 2869 1428 2932 eonrponenS,
1452 2853 1492 2916 ita
1515 2855 1729 2917 ratiocinatur:
1757 2854 1826 2928 Qun
1848 2855 1884 2916 iu

1138 2965 1170 3010 re
1192 2949 1222 3009 si
1244 2946 1424 3025 culpandus
1454 2947 1606 3018 Sinicius,
1637 2955 1755 3026 quanto
1780 2949 1883 3026 erupis

1137 3040 1291 3117 culpandi
1302 3046 1403 3101 essent
1416 3056 1488 3102 cum
1499 3042 1715 3122 depastio-as,
1728 3046 1797 3102 turn
1809 3041 1881 3112 alii,

1137 3132 1192 3212 qni
1215 3131 1344 3212 Pelopia
1361 3133 1426 3194 iant
1442 3132 1582 3195 haeresis
1604 3137 1748 3210 suspecto
1762 3133 1884 3194 similes

1136 3242 1199 3286 noa
1222 3225 1423 3306 deceperunt
1446 3227 1606 3304 epistolas,
1630 3225 1745 3304 quibus
1767 3225 1884 3308 illaad

1137 3316 1352 3394 depellendum
1366 3336 1385 3379 a
1402 3335 1433 3379 se
1447 3318 1608 3380 haereseos
1623 3321 1743 3380 crimen
1756 3319 1883 3396 Diospo-

1137 3411 1241 3473 litano
1264 3412 1298 3474 in
1317 3411 1458 3474 Cerceilie
1480 3410 1601 3475 abusus
1616 3413 1680 3473 est?
1700 3413 1767 3474 Alia
1781 3431 1797 3472 a
1812 3412 1883 3474 Car·

1136 3503 1231 3566 dinali
1253 3503 1374 3565 Norisio
1402 3512 1616 3581 congeruntur
1637 3505 1780 3584 exempla
1809 3505 1883 3568 San-

1136 3604 1255 3660 ctorum
1284 3597 1471 3658 Pontificum
1493 3597 1628 3673 Aniceti,
1657 3597 1740 3673 lulii,
1770 3597 1883 3660 Zosimi

1136 3699 1167 3752 et
1188 3690 1324 3765 Damasi,
1348 3689 1402 3768 qui
1427 3689 1497 3752 lieet
1524 3691 1694 3754 sanctitatis
1723 3690 1803 3753 fama
1824 3691 1883 3754 cla-

1137 3783 1270 3858 ruerint,
1285 3783 1488 3845 nihilominus
1499 3792 1674 3862 perspectos
1689 3800 1882 3864 nequaquam

1135 3877 1315 3938 habuerunt
1330 3891 1438 3952 pravos
1453 3892 1585 3952 errores,
1602 3877 1722 3956 primus
1738 3878 1881 3954 Praxeae,

1136 3969 1214 4030 alter
1242 3969 1376 4032 llarcelli
1407 3969 1547 4048 Episcopi
1572 3971 1740 4048 Ancyrani,
1771 3972 1882 4032 tertius

1136 4063 1282 4126 Coelestii
1312 4061 1547 4138 Pelagianorum
1571 4063 1731 4141 Principis,
1755 4072 1883 4141 quartus

1137 4154 1247 4218 Vitatis
1274 4155 1519 4233 Apollinei-istae.
1555 4157 1613 4219 Sed
1645 4156 1738 4232 longe
1756 4158 1882 4232 maiora

1135 4256 1222 4324 sunt,
1245 4265 1322 4327 quae
1340 4249 1488 4313 Baronius
1509 4257 1732 4312 commemorat
1753 4250 1790 4311 de
1808 4249 1882 4311 viris

1135 4343 1320 4416 illustribus,
1342 4359 1376 4404 ac
1397 4343 1535 4406 Summis
1557 4341 1707 4405 Ecclesiae
1728 4342 1882 4404 Pontifici·

1136 4435 1205 4510 bus,
1227 4452 1303 4514 quos
1325 4437 1444 4498 insidiis
1460 4454 1492 4499 aa
1508 4436 1665 4500 fraudibus
1686 4436 1883 4498 circumven-

1137 4537 1194 4604 tos,
1212 4530 1428 4607 improborum
1450 4531 1587 4592 versutia
1601 4545 1637 4591 eo
1653 4545 1750 4608 usque
1771 4531 1883 4607 perdu-

1137 4627 1192 4702 xit,
1217 4633 1251 4687 ut
1273 4624 1416 4690 innoxios
1442 4641 1475 4686 ac
1496 4623 1635 4700 insignes
1662 4623 1777 4705 pietate
1799 4624 1882 4683 viros

1136 4739 1243 4785 exosos
1264 4723 1428 4801 aliquando
1442 4723 1619 4799 habuerint,
1638 4725 1808 4803 duriusque
1823 4733 1882 4787 tra-

1135 4817 1296 4878 ctaverint.
1315 4819 1386 4880 Non
1407 4819 1547 4889 mireris,
1565 4820 1675 4892 lector,
1698 4821 1813 4899 (inquit
1829 4820 1883 4881 Ba-

1137 4913 1243 4973 ronius
1265 4912 1306 4974 ad
1328 4928 1405 4975 666.
1435 4912 1559 4975 Christi
1583 4929 1722 4988 enimn,
1739 4930 1828 4976 unm.
1846 4919 1880 4985 8,

1137 5005 1171 5066 in
1200 5019 1323 5082 nupero
1354 5005 1493 5068 editione
1523 5005 1674 5087 Lucensi)
1703 5005 1883 5070 Romanum

1135 5097 1321 5178 Pontificem
1337 5099 1504 5161 Hilarium
1520 5099 1673 5160 adversus
1688 5101 1883 5164 Mamertinus

1136 5191 1211 5254 adeo
1242 5191 1440 5270 uehementer
1468 5193 1653 5272 inserpere,
1686 5194 1813 5264 uirum,
1844 5199 1883 5255 nt

1136 5283 1348 5348 declararunt
1370 5291 1493 5354 666666,
1509 5286 1687 5347 sanctitate
1709 5287 1883 5364 insigueum

1136 5378 1171 5438 iu
1195 5377 1245 5440 his
1268 5379 1362 5448 euim,
1387 5396 1466 5456 quae
1488 5379 1680 5444 contentiosi
1700 5380 1767 5458 fori
1791 5387 1880 5450 sunt,

1134 5471 1288 5552 perfacile
1320 5477 1365 5533 est
1398 5487 1548 5550 quemque
1579 5472 1691 5549 decipi.
1717 5471 1884 5533 Persirnile

1135 5565 1233 5626 etiarn,
1257 5565 1374 5626 Sancto
1397 5565 1491 5628 Leocn
1514 5564 1646 5634 accidit,
1670 5566 1724 5642 qui
1746 5565 1780 5626 in
1804 5565 1884 5630 San-

1135 5665 1221 5720 ctum
1243 5658 1409 5721 llilurinut
1425 5657 1532 5721 eudem
1554 5659 1653 5738 serene
1674 5675 1713 5721 66
1736 5675 1835 5721 66666
1851 5675 1883 5720 e-

1135 5752 1268 5812 cerrima
1290 5751 1431 5813 inuectus
1449 5753 1517 5811 esf.
1546 5750 1623 5825 Quis
1646 5751 1767 5813 nesciui
1793 5767 1882 5828 saepe

1134 5845 1287 5913 accidere,
1311 5853 1349 5906 66
1372 5844 1467 5925 falsis
1488 5844 1751 5908 accusationibus
1766 5853 1795 5907 et
1810 5845 1883 5909 sult-

1136 5935 1336 6016 reptianibns
1357 5954 1453 6000 aures
1469 5937 1663 6016 Pontificum
1680 5939 1881 6014 repleantur,
