4828 6990
12 38 348 180 v„

79 614 129 669 dn.
144 617 175 671 c.
197 607 267 670 nso

929 621 1124 680 texentcrcs
1145 621 1209 676 xlv.

298 755 394 836 porali
415 747 553 816 dominio
574 750 761 828 subiectum,
784 767 991 831 personasque
1013 751 1045 811 in

298 867 334 913 eo
357 857 592 923 commorantes,
609 851 645 911 ad
667 864 810 911 normam
831 845 1046 910 consiliarium

299 945 506 1018 Statutorum,
529 941 691 1020 visitandi;
718 941 871 1016 volentes,
894 948 941 1014 ut,
964 947 1045 1018 post·

298 1055 392 1118 qnam
417 1036 628 1099 visitationem
657 1034 833 1097 huiusmodi
860 1032 1045 1110 expleverit,

298 1151 332 1196 ac
352 1147 408 1211 per
427 1146 508 1205 eam,
522 1145 600 1209 quae
620 1128 677 1190 sibi
699 1135 793 1190 erunt
815 1125 985 1205 prudenter
1000 1124 1046 1186 in·

299 1225 489 1302 vestiganda,
518 1224 716 1298 cognoverim
740 1221 859 1295 omnia,
882 1233 1046 1298 quaecum·

300 1336 361 1398 que
374 1319 409 1380 ad
426 1316 587 1397 spirituale
598 1316 740 1392 regimen
754 1314 926 1394 pertinent,
939 1327 1046 1390 quam-

242 1485 244 1490 .
301 1413 436 1492 primum
458 1409 572 1472 referat
593 1409 629 1471 ad
652 1426 708 1472 nos
730 1417 760 1472 et
781 1408 946 1472 adsedem
968 1407 1048 1485 dpo-

300 1508 449 1582 stolimm,
465 1505 554 1568 cuins
576 1504 705 1567 nomine
726 1511 757 1566 et
778 1503 958 1566 auctoritate
980 1517 1049 1580 par-

302 1613 365 1666 tem
386 1601 471 1662 illam
492 1598 645 1662 [dioecesis
667 1597 873 1675 Aquileiensis
894 1596 1048 1672 guberna·

302 1697 362 1774 bit;
394 1703 487 1773 atque
515 1693 587 1755 lriuc
618 1700 791 1771 opportuna
819 1691 877 1752 sibi
909 1688 1046 1763 consilia,

301 1798 393 1868 atque
414 1789 510 1850 etiam
531 1785 643 1848 auxilia
666 1785 814 1862 requirat,
832 1783 943 1862 quibus
965 1797 1049 1843 erro-

302 1900 351 1946 res
373 1891 404 1944 et
424 1880 564 1944 scandala
591 1879 738 1940 adversus
766 1877 924 1954 religionis
949 1894 983 1938 ac
1004 1876 1048 1938 di·

302 1977 448 2056 sciplinae
475 1974 688 2051 integritatem
716 1971 911 2048 insurgentia
936 1968 1049 2032 evellat

303 2087 336 2132 ac
357 2071 505 2132 destruat.

342 2165 361 2238 ἓ
383 2162 411 2223 d.
435 2160 516 2224 Sane
538 2159 570 2222 in
586 2157 834 2238 Apostolicorum
856 2155 1049 2220 vicariorum

304 2254 569 2334 nepotationibus,
586 2269 665 2331 quae
685 2252 722 2315 ab
737 2252 793 2314 bac
813 2250 984 2331 Apostolica
997 2248 1051 2312 Se-

304 2347 353 2424 de,
375 2363 432 2427 pro
453 2346 651 2410 ecclesiarum
674 2353 705 2407 et
728 2344 867 2407 locorum
889 2343 1049 2407 necessita-

306 2441 398 2518 tibus,
415 2442 448 2503 in
463 2441 529 2502 dies
543 2439 610 2500 fleri
625 2445 872 2513 consueverunt;
896 2445 931 2499 ut
947 2435 1051 2498 omni·

305 2537 361 2599 bus
386 2536 534 2612 colligere
566 2534 637 2596 licet
664 2549 702 2594 ex
731 2531 961 2596 Constitutione
987 2545 1048 2590 rec.

306 2645 402 2694 mem.
426 2626 667 2708 praedecessoris
682 2625 779 2688 nostri
794 2624 873 2688 Sixti
888 2623 983 2702 Papae
997 2623 1049 2698 V.‚

306 2740 384 2804 qnae
405 2724 528 2801 incipit:
553 2723 709 2785 immenso
724 2717 870 2790 oeterni‚·
892 2735 951 2796 qua
972 2717 1053 2780 scili-

307 2829 355 2881 cet
378 2818 407 2881 S.
435 2817 469 2878 ll.
496 2815 531 2877 E.
561 2813 775 2877 cardinalibus
810 2811 1051 2888 congregationi

307 2911 506 2976 duodecimae
526 2925 542 2968 a
563 2925 595 2969 se
616 2906 776 2968 institutae
797 2905 988 2984 praepositio,
1005 2905 1053 2966 in-

308 3014 355 3068 ter
376 3004 445 3078 alia,
462 3000 641 3075 committit,
659 3006 706 3074 ut,
722 2997 779 3062 ndi
794 2999 967 3062 necessitas
982 3015 1053 3060 ecce·

308 3097 402 3178 perit,
427 3096 513 3157 ciros
534 3111 597 3156 nan
619 3100 649 3154 et
672 3092 821 3154 doctrino
843 3091 980 3164 idoneos,
1005 3107 1052 3152 re·

308 3199 374 3254 ctos
399 3196 431 3252 et
453 3189 601 3251 timentes
621 3187 723 3248 Deam
745 3184 899 3265 deligant,
923 3185 979 3264 qni
999 3201 1052 3246 no-

308 3292 455 3348 strorum
477 3281 651 3344 literarum
679 3282 879 3342 anctoritate
908 3278 1051 3358 suffulti,

308 3377 468 3448 ecclcsiae,
490 3383 528 3437 ιιι
553 3374 671 3436 licerii
701 3373 888 3452 apostolici,
918 3377 1053 3452 reponi,-

309 3472 448 3552 personis
469 3471 504 3532 ad
523 3470 580 3532 boc
596 3483 712 3530 munus
734 3468 840 3530 electis
861 3467 985 3530 concedi
1006 3482 1054 3529 so-

212 3643 215 3646 ,
310 3566 376 3628 lent
401 3563 560 3627 facultates
589 3562 733 3624 visitandi
759 3560 902 3623 ecclesias
929 3567 960 3623 et
989 3559 1054 3624 loca

310 3660 374 3740 pia,
397 3667 489 3737 atque
516 3655 610 3718 etiam
639 3654 825 3718 monialium
856 3655 1053 3728 monasteria,

310 3755 405 3816 etiam
435 3759 595 3829 exempta,
628 3749 726 3828 quoad
754 3748 947 3824 clausuram3
976 3748 1055 3812 cele·

311 3849 420 3912 brandi
435 3845 613 3925 Synodum;
629 3841 757 3918 iudices,
772 3842 974 3917 consiliarios,
990 3857 1055 3904 om-

312 3957 428 4020 nesque
448 3939 524 4000 alios
547 3935 732 3999 necessarios
758 3935 918 4000 ministros
938 3944 970 3999 et
990 3936 1055 3998 olli·

312 4036 403 4100 ciales
423 4031 602 4113 deputandi,
625 4045 739 4109 eosque
760 4029 925 4093 revocandi
937 4035 967 4092 et
981 4030 1056 4092 alios

312 4131 345 4192 in
365 4142 476 4192 eorum
502 4125 608 4188 locum
634 4123 839 4200 subrogandi3
872 4123 1001 4187 mulctas
1026 4131 1057 4186 et

313 4237 425 4303 poenas
445 4217 637 4300 pecuniarias
659 4216 716 4296 piis
737 4217 843 4280 usibus
864 4217 1057 4296 applicandas

312 4313 513 4396 imponendi;
538 4311 642 4373 literas
667 4309 880 4372 monitoriales
902 4311 934 4371 in
960 4310 1057 4372 lorma

312 4407 519 4491 significavit,
538 4419 593 4484 pro
610 4404 701 4466 rebus
715 4404 892 4483 deperditis,
907 4421 964 4467 sen
975 4403 1058 4466 iurto

312 4504 449 4578 sublatis,
468 4496 672 4575 concedendi;
694 4499 727 4560 in
749 4498 906 4560 beneficiis
931 4499 969 4560 de
990 4498 1059 4562 iure

314 4603 503 4678 patronatus,
525 4607 697 4668 eorumque
718 4591 872 4654 erectione
894 4597 926 4652 et
947 4589 1058 4654 consti-

315 4691 447 4764 tutione,
470 4704 527 4750 nec
552 4701 616 4747 non
646 4683 848 4746 locationibus
875 4683 1058 4764 emphyteu-

315 4783 393 4860 ticis,
415 4779 652 4844 alienationibus
667 4785 698 4840 ιι
710 4777 992 4858 permutationibus
1007 4777 1059 4840 bo-

227 4897 231 4902 ·
316 4891 431 4940 norum
458 4873 751 4946 ecclesiasticorum,
783 4872 999 4934 auctoritatem
1029 4878 1061 4933 et

316 4983 502 5035 consensum
520 4965 709 5045 praestandi3
732 4981 835 5027 causas
850 4965 1059 5026 matrimonia-

316 5065 360 5126 les
381 5072 412 5126 et
433 5059 539 5124 civiles
560 5062 596 5122 ad
617 5057 719 5120 lorum
735 5058 975 5122 ecclesiasticum
991 5075 1059 5138 spe-

317 5165 446 5230 ctantes,
469 5151 673 5230 cognoscendi
695 5160 726 5212 et
747 5151 926 5229 decidendi;
953 5161 1060 5215 contra

318 5251 535 5328 delinquentes
563 5263 619 5326 per
645 5246 881 5324 inquisitionem
907 5246 1000 5309 etiarn
1022 5263 1060 5308 ex

318 5345 417 5408 officio
445 5341 650 5421 procedendi;
678 5357 712 5402 ac
739 5341 867 5403 demum
898 5340 1001 5402 omnia
1030 5347 1061 5402 et

318 5436 441 5515 singula
471 5434 657 5509 exercendi,
686 5449 764 5513 quae
795 5432 954 5496 Ordinario
986 5432 1060 5510 loci,

319 5531 439 5593 ratione
469 5525 705 5602 iurisdictionis,
732 5526 757 5588 si
782 5525 807 5587 is
834 5525 979 5588 ecclesiae
1009 5535 1063 5590 aut

319 5621 465 5686 dioecesis
486 5623 629 5698 regimen
650 5628 720 5682 actu
742 5627 913 5692 exerceret,
936 5622 973 5683 de
994 5621 1064 5683 iure

318 5727 351 5780 ιι
371 5715 598 5780 consuetudine
623 5720 853 5792 competerent,
875 5729 939 5776 non
960 5714 1063 5776 solum

319 5812 398 5875 circa
419 5809 596 5888 praemissa,
611 5807 664 5871 sed
686 5807 779 5870 ctiam
800 5807 879 5871 circa
900 5808 969 5884 alia,
985 5823 1064 5888 qnae

320 5904 418 5983 magis
444 5903 606 5983 specialem
634 5908 664 5964 et
691 5917 866 5980 expressam
900 5903 1064 5980 exigerent

319 5996 590 6078 commissionem
611 6003 647 6060 ut
668 5994 758 6060 latius
779 5995 911 6078 exprimi
931 5995 1009 6058 solet
1031 5995 1064 6059 in

1099 749 1196 812 literis
1226 747 1417 828 apostolicis,
1439 765 1517 829 quae
1544 763 1638 828 snper
1666 749 1843 812 huiusmodi

1100 844 1292 908 vicariorum
1308 845 1560 922 deputationibus
1574 845 1796 924 expedientem
1813 857 1843 908 et

1099 957 1233 1019 quarum
1255 938 1408 1002 iormnlae
1429 940 1507 1017 apud
1529 940 1666 1002 diversos
1680 941 1844 1018 scriptores

1100 1035 1138 1096 de
1159 1034 1214 1096 bac
1235 1031 1364 1095 materia
1379 1041 1505 1110 agentes
1521 1033 1601 1111 typis
1619 1035 1786 1115 impressae
1801 1037 1843 1099 le-

1101 1142 1230 1214 guntur.
1253 1135 1360 1213 ltaque
1374 1149 1430 1194 nos
1441 1136 1710 1214 praedecessorum
1724 1141 1844 1196 nostro·

1100 1245 1172 1293 rum
1195 1229 1405 1291 Romanorum
1428 1228 1615 1290 Pontificum
1636 1229 1776 1306 vestigiis
1797 1231 1844 1293 in-

1100 1325 1256 1397 sistentes,
1279 1320 1413 1399 praelato
1439 1320 1547 1384 Garolo
1569 1320 1692 1383 vicario
1718 1325 1844 1402 Aposto-

1101 1417 1160 1480 lico
1181 1417 1213 1478 in
1236 1415 1380 1494 superius
1411 1429 1553 1493 expressa
1581 1422 1667 1493 parte
1694 1416 1846 1480 llioecesis

1102 1510 1277 1590 Aquileien.
1308 1525 1364 1586 per
1385 1524 1454 1582 nos,
1477 1516 1511 1569 nt
1539 1508 1728 1586 praefertur,
1752 1509 1846 1590 depu-

1102 1610 1176 1680 tato,
1192 1602 1362 1682 praedictas
1378 1617 1487 1663 omnes
1501 1601 1672 1678 lacultates,
1686 1619 1764 1682 quae
1779 1605 1846 1666 aliis

1103 1697 1229 1760 vicariis
1252 1693 1433 1775 Apostolicis
1454 1693 1549 1756 tribui
1564 1696 1676 1771 solent,
1693 1697 1781 1760 iuxta
1796 1699 1848 1761 de-

1101 1791 1283 1854 clarationes
1304 1798 1421 1864 tamen,
1434 1805 1511 1868 quae
1533 1790 1662 1854 interius
1683 1794 1847 1857 subiicien-

1102 1893 1165 1960 tur,
1188 1900 1243 1963 per
1263 1884 1383 1961 ipsum,
1412 1884 1545 1945 durante
1571 1885 1720 1949 vicariatu
1741 1905 1775 1950 ac
1796 1889 1847 1951 be-

1102 1978 1255 2056 neplacito
1265 1976 1438 2054 praedictis,
1456 1977 1488 2038 in
1504 1976 1611 2040 eadem
1626 1980 1771 2044 dioecesis
1783 1999 1849 2061 par·

1102 2079 1134 2132 te
1145 2072 1340 2144 exercendas,
1354 2070 1535 2132 auctoritate
1550 2074 1723 2151 apostolica,
1739 2083 1850 2140 tenore

1103 2165 1327 2243 praesentium,
1356 2162 1554 2226 concedimus
1575 2174 1606 2229 et
1631 2167 1840 2246 impertimur.

1143 2259 1213 2333 §5-
1244 2258 1283 2319 Et
1310 2259 1384 2319 baec
1414 2259 1544 2335 quidem
1570 2263 1782 2326 communiter
1812 2265 1850 2326 iis

1104 2353 1230 2415 concedi
1255 2351 1373 2425 solent,
1396 2351 1450 2429 qui
1471 2351 1649 2416 sacerdotali
1678 2356 1849 2434 dumtaxat,

1105 2453 1158 2506 aut
1179 2443 1310 2507 clericali
1326 2443 1422 2519 gradu
1445 2444 1597 2522 insigniti,
1614 2449 1649 2509 ad
1672 2449 1851 2512 huiusmodi

1106 2553 1223 2600 munus
1243 2537 1416 2614 gerendum
1439 2538 1471 2598 in
1492 2539 1566 2600 locis
1586 2549 1678 2620 atque
1706 2543 1850 2606 dioecesi-

1106 2633 1178 2706 ιιι,
1201 2645 1334 2709 quarum
1359 2631 1556 2694 necessitates
1577 2633 1606 2694 id
1635 2636 1813 2713 exegerint,
1835 2655 1851 2700 a

1105 2724 1362 2804 Sedelpostolica
1373 2724 1571 2804 deputantur.
1582 2725 1772 2793 Vernmnon
1782 2748 1852 2793 raro

1106 2819 1272 2895 contingit,
1286 2825 1320 2879 ut
1340 2819 1522 2896 specialibus
1544 2821 1726 2898 quibusdam
1748 2840 1854 2887 neces-

1106 2912 1247 2975 sitatibus
1262 2912 1290 2973 id
1307 2912 1514 2988 exigentibus,
1527 2915 1632 2992 quales
1648 2915 1679 2976 in
1696 2920 1850 2994 praesenti

1106 3023 1175 3069 casn
1197 3011 1400 3079 concurrunt,
1417 3011 1448 3067 et
1462 3007 1583 3084 quoties
1605 3009 1743 3088 Episcopi
1760 3011 1853 3074 Loco·

1107 3114 1179 3160 rum
1200 3096 1352 3162 Ordinarii
1383 3099 1554 3161 inevitabili
1580 3100 1681 3179 aliqua
1707 3119 1796 3165 causa
1817 3105 1854 3165 ab

1107 3192 1280 3255 exercendo
1294 3191 1448 3268 regimine
1463 3209 1590 3255 suarum
1612 3195 1788 3258 dioecesum
1803 3197 1853 3258 vel

1108 3286 1202 3364 partis
1223 3301 1343 3360 earum,
1367 3285 1453 3347 nulla
1476 3286 1547 3350 licet
1573 3289 1710 3366 ipsorum
1731 3291 1854 3369 propria

1109 3379 1209 3458 culpa,
1236 3379 1462 3456 impediuntur,
1488 3380 1523 3441 ad
1545 3381 1722 3446 huiusmodi
1745 3382 1855 3445 Vicarii

1109 3471 1276 3550 Apostolici
1312 3471 1453 3534 Oillcinm
1486 3473 1678 3551 deputentur
1715 3475 1855 3555 Episcopi

1109 3565 1279 3640 Titulares‚
1302 3565 1390 3627 cuius
1421 3567 1545 3642 generis
1566 3567 1661 3646 aliqui
1686 3569 1780 3631 etiam
1801 3571 1857 3631 ho-

1109 3660 1218 3720 dierno
1240 3666 1380 3738 tempore
1401 3657 1513 3722 Vicarii
1534 3661 1702 3739 Apostolici
1724 3679 1789 3726 esse
1811 3665 1855 3726 di-

1111 3759 1320 3830 gnoscuntur3
1343 3752 1453 3831 hisque
1480 3769 1543 3816 non
1565 3755 1667 3817 solum
1698 3754 1856 3820 iacultatos

1111 3844 1193 3919 illae,
1209 3859 1288 3922 quae
1303 3844 1345 3920 ¹ad
1367 3843 1615 3908 iurisdictionem
1637 3848 1807 3926 pertinent,
1819 3851 1855 3912 ad

1111 3951 1204 4016 quam
1226 3936 1370 4000 videlicet
1397 3938 1562 4015 praemissa
1583 3940 1782 4017 referuntur,
1804 3944 1856 4005 sed

1111 4029 1205 4090 etiam
1226 4027 1303 4090 aliae
1318 4029 1468 4106 quaedam
1483 4030 1519 4091 ad
1534 4031 1682 4095 Ordinem
1697 4034 1858 4112 pertinen·

1112 4131 1168 4198 tes,
1180 4137 1236 4202 pro
1258 4123 1392 4201 pleniori
1412 4123 1460 4185 sui
1475 4125 1616 4186 muneris
1639 4125 1854 4205 implemento,

1111 4215 1335 4290 concedentem
1358 4216 1533 4278 cuiusmodi
1545 4225 1620 4280 sunt
1634 4217 1792 4282 facultates
1806 4221 1858 4283 ad·

1112 4308 1310 4370 ministrandi
1342 4307 1578 4373 Sacramentum
1604 4312 1857 4376 confirmationis

1112 4403 1144 4463 in
1167 4410 1230 4465 toto
1251 4402 1300 4463 sui
1322 4403 1484 4466 vicariatus
1505 4403 1662 4482 districtu,
1679 4406 1738 4468 nisi
1759 4407 1857 4469 alium

1113 4496 1300 4575 Episcopum
1324 4495 1470 4559 advocare
1497 4500 1681 4576 maluerint,
1704 4501 1759 4580 qui
1780 4502 1858 4565 illud

1114 4589 1190 4650 inibi
1205 4585 1612 4665 administret3'conierendi
1627 4609 1746 4670 omnes,
1764 4595 1858 4657 etiam

1112 4699 1213 4745 sacros
1234 4691 1265 4744 et
1286 4683 1527 4761 presbyteratus,
1550 4686 1686 4763 ordines,
1703 4689 1738 4750 ad
1760 4705 1859 4751 sacro-

1113 4793 1185 4839 rum
1207 4777 1370 4839 Ganonum
1385 4785 1416 4839 ιι
1431 4779 1561 4841 Concilii
1584 4780 1759 4844 Tridentini
1773 4798 1860 4862 prae—

1112 4870 1274 4949 scriptum,
1296 4869 1487 4947 quibuslibet
1505 4871 1623 4934 idoneis
1645 4875 1784 4953 personis
1795 4882 1858 4938 tam

1113 4962 1317 5026 saecularibus
1328 4979 1418 5042 quarn
1431 4965 1637 5042 regularibus,
1648 4974 1679 5030 et
1691 4975 1753 5030 tam
1765 4969 1859 5047 ipsius

1113 5057 1278 5119 vicariatus
1298 5056 1439 5133 subditis,
1462 5074 1554 5137 quam
1576 5061 1670 5122 etiam
1692 5062 1857 5140 extraneis,

1113 5150 1167 5229 qui
1188 5165 1318 5212 suorum
1341 5149 1575 5214 ordinariorum
1596 5152 1699 5215 literas
1721 5155 1860 5217 testimo·

1115 5243 1211 5306 niales
1232 5251 1263 5306 et
1284 5243 1470 5306 dimissorias
1487 5245 1671 5325 exhibeant,
1694 5247 1771 5311 item
1792 5263 1861 5327 per·

1115 5355 1205 5400 sonas
1232 5337 1396 5401 vicariatus
1423 5338 1472 5401 sui
1498 5341 1652 5417 subditas,
1680 5356 1736 5420 per
1757 5341 1861 5404 literas

1116 5430 1303 5495 dimissorias
1324 5431 1513 5510 huiusmodi,
1529 5434 1565 5496 ad
1588 5433 1662 5496 alios
1684 5434 1860 5515 Episcopos,

1118 5533 1181 5587 tam
1202 5524 1386 5602 minoribus,
1400 5541 1492 5604 quam
1509 5527 1677 5590 maioribus
1697 5528 1861 5593 Ordinibus

1118 5618 1281 5682 initiandae
1293 5619 1464 5696 dirigendi;
1481 5620 1552 5684 Olea
1567 5637 1651 5683 sacra
1665 5630 1696 5684 ot
1712 5621 1862 5685 Sanctum

1119 5712 1259 5776 Cbrisma
1280 5713 1482 5791 conficiendi3
1505 5714 1646 5777 ecclesias
1661 5715 1793 5794 pollutas
1815 5733 1862 5778 re·

1118 5805 1312 5883 conciliandi;
1324 5807 1523 5872 consecrandi
1532 5807 1650 5884 altaria,
1661 5816 1754 5888 atque
1768 5809 1861 5872 etiam

1118 5899 1277 5975 ecclesias,
1293 5915 1351 5963 nec
1372 5917 1436 5963 non
1464 5901 1570 5982 calices
1595 5910 1626 5964 et
1647 5913 1788 5982 patenas,
1812 5904 1862 5967 be·

1120 5995 1282 6060 nedicendi
1304 6009 1480 6078 campanas;
1503 6003 1535 6060 et
1554 6011 1711 6062 sacrarum
1731 5996 1862 6080 supelle-

1765 601 1824 676 lid
1874 597 2062 664 ln.o.1ato
