4828 6990
933 567 1131 622 EENEDICTUS
1153 566 1216 622 hit.

301 709 369 780 gata
391 717 473 764 anno
494 714 685 775 uncorum,
708 697 761 762 ubi
782 713 812 776 p.
832 694 1047 772 serstorum

302 805 370 859 tur:
395 793 532 858 hlaioris
552 790 705 852 momenti
725 806 788 851 esec
807 788 1043 859 emistimomus,

301 888 462 951 Ecclesiae
482 884 550 958 Dei,
574 885 774 962 Apostolicoc
800 881 899 954 Sedis,
923 879 1048 958 praede·

300 997 460 1045 cessurum
488 986 674 1042 nostrorum
703 983 734 1038 ot
755 989 933 1045 sacrorum,
956 990 976 1035 a
998 989 1047 1033 ca·

302 1075 496 1139 thalicornm
528 1089 600 1136 cum
622 1071 793 1134 haereticis
826 1067 974 1146 coninpio
995 1061 1048 1127 ah·

300 1168 517 1239 horrentium,
540 1166 683 1244 requlas,
703 1163 768 1225 nisi
790 1162 824 1224 ιιι
847 1159 948 1223 totius
964 1157 1049 1219 chri-

300 1264 430 1326 stianae
451 1257 649 1338 reipublicae
670 1255 785 1320 honum
806 1258 1049 1331 carpocratem

302 1355 498 1436 tramqredi,
512 1363 543 1416 et
558 1353 590 1416 in
604 1353 671 1414 aliis
686 1350 784 1414 literis
798 1349 876 1412 datis
891 1347 940 1408 die
951 1361 1046 1407 xxrn.

302 1450 370 1513 iulii
397 1449 472 1512 anui
501 1461 646 1511 unocvn.
675 1445 708 1507 in
734 1445 840 1507 eadem
868 1439 1050 1504 collectione

229 1557 231 1564 ’
301 1544 418 1618 relatis,
431 1558 501 1623 paq.
517 1541 598 1603 391.
615 1537 756 1602 Ecclesia
771 1535 925 1612 siquidem
940 1529 979 1594 ah
992 1531 1050 1592 hu-

301 1636 441 1700 iusmodi
463 1633 634 1714 coniuqiis,
659 1647 739 1710 quac
753 1628 932 1708 plurimum
948 1625 1051 1704 defor-

302 1731 442 1804 mitatis,
466 1744 523 1790 noe
551 1742 669 1806 parurn
696 1721 883 1802 spiritualis
911 1715 1050 1801 periculi

302 1826 540 1906 praeseferunt,
515 1818 724 1885 t.abhorret

88 1926 163 2024 ὴιιιι
178 1929 284 2020 ausger
344 1917 403 1982 Sed
425 1926 456 1984 et
477 1924 621 1979 nostrum
641 1915 799 1978 haedere
815 1905 1050 1974 iudiciumsatis

89 1979 285 2078 ιῗιῗιῗιῖιῖῗιιῧ-
303 2022 409 2094 patere
423 2013 613 2074 arbitramur
625 2025 663 2071 ιι
674 2006 819 2072 decretali
835 2004 983 2082 rescripto
999 2018 1050 2062 ιιι-

88 2087 164 2133 ΝΜ
303 2108 445 2172 ctoritate
472 2110 578 2168 nostra
605 2103 699 2176 edito,
728 2101 778 2164 die
805 2117 848 2161 ιι
872 2095 1051 2159 novembris

303 2202 378 2263 anni
404 2205 625 2273 unocxn1.,et
653 2196 802 2273 impresso
830 2201 911 2254 tomo
933 2190 958 2253 l.
982 2185 1050 2251 bul-

303 2295 384 2357 larii
406 2293 523 2364 nostri,
539 2309 570 2352 n.
590 2290 738 2361 XXXIV,
762 2289 781 2363 ἓ
805 2291 836 2360 3,
854 2284 942 2348 euius
956 2282 1050 2343 verba

302 2396 389 2462 sunt,
411 2402 489 2466 quae
514 2391 705 2463 sequuntur:
738 2383 851 2444 Dolens
879 2375 1050 2454 inprimis

302 2481 540 2559 qnommauime
563 2477 730 2540 Sarectitas
754 2476 831 2548 Sua,
856 2491 904 2536 eas
923 2489 986 2536 esse
1002 2474 1051 2535 in·

304 2581 353 2635 ter
374 2571 558 2642 catholicos,
582 2571 636 2648 qui
654 2570 770 2631 insano
785 2584 891 2631 amore
908 2567 1051 2644 turpiter

304 2666 491 2738 dementari,
513 2663 552 2728 uh
575 2663 660 2726 hisce
674 2658 915 2725 detestabilibus
931 2676 1050 2722 connu-

303 2758 374 2831 biis,
399 2774 479 2838 quae
501 2757 623 2822 Sancta
651 2756 754 2818 Mater
780 2753 921 2815 Ecclesia
945 2767 1050 2830 perpe-

305 2859 360 2916 tuo
375 2852 553 2925 damnauit,
571 2858 667 2928 atque
681 2847 869 2918 interdicit,
888 2862 927 2908 ec
943 2847 1050 2909 animo

302 2966 366 3010 non
387 2945 572 3018 abhorrent,
597 2950 625 3006 ιι
647 2958 781 3021 prorsus
805 2939 867 3004 sibi
889 2937 1051 3002 obstinen-

302 3043 379 3106 dum
400 3058 464 3104 non
486 3040 625 3110 ducunt;
647 3036 845 3113 laetioresque
864 3049 1050 3114 maqnopere

301 3136 407 3200 zelum
429 3133 562 3196 illorum
577 3131 786 3202 Antistitum,
809 3130 864 3207 qui
885 3127 1050 3190 severiori·

302 3229 359 3295 hus
373 3229 548 3310 propositis
562 3223 794 3305 spiritualibus
809 3225 928 3303 poenis,
942 3221 1051 3286 catho-

302 3325 378 3386 licos
410 3338 549 3386 coercere
574 3319 716 3390 student,
746 3335 784 3380 ιιι
811 3317 966 3398 saerileqo
992 3315 1050 3378 hoc

300 3417 431 3480 ottocaro
452 3433 484 3478 se
504 3432 536 3476 se
548 3413 728 3496 lhaereticis
744 3413 954 3492 eouiunqant,
974 3412 1050 3489 Epi-

300 3528 407 3591 scopus
429 3527 534 3573 omnes
555 3515 585 3572 et
610 3507 750 3571 Vicurios
772 3506 978 3584 Apostolicos,
996 3521 1051 3584 pa-

302 3605 422 3678 rochos,
447 3602 670 3665 missioucrios
692 3608 722 3662 ct
744 3600 825 3664 alios
841 3616 1049 3678 quoscumque

302 3699 359 3762 Dei
381 3706 412 3761 ct
434 3697 594 3761 Ecclesiae
624 3693 728 3774 fideles
760 3693 927 3756 ministros
950 3693 985 3754 in
1008 3692 1049 3754 iis

299 3787 461 3870 partibus,
487 3787 678 3852 Eollondiae
698 3786 855 3858 uidelicet,
881 3791 911 3848 et
933 3785 1046 3865 Bclqii,

302 3885 456 3964 deqentos,
490 3882 574 3943 sorio
606 3881 809 3962 qrauitorque
837 3878 992 3942 hortatur
1019 3885 1049 3940 et

301 3983 418 4050 mouet,
442 3981 482 4038 ιιι
503 3973 674 4038 catholicos
700 3974 989 4050 utrimquesecus
1010 3969 1049 4035 oh

302 4070 489 4133 huiusmodi
508 4068 635 4147 nuptiis
650 4069 686 4129 in
699 4066 909 4144 propriarum
925 4065 1050 4129 anima·

302 4181 376 4227 rum
406 4163 579 4243 perniciem
610 4161 777 4233 adeundis,
801 4167 961 4238 quautam
981 4177 1049 4238 pos-

301 4258 380 4331 sint,
394 4255 608 4327 absterreant,
624 4254 805 4332 eosdemque
816 4254 951 4332 nuptias
964 4254 1049 4315 ιιιιιιιιΙ

302 4349 429 4413 meliori
450 4349 540 4411 modo
562 4348 781 4419 intervertere,
807 4354 903 4425 atque
920 4347 1049 4427 efficaci·

304 4449 353 4505 ter
373 4442 527 4520 impedire
548 4447 717 4520 autequam
737 4450 769 4504 et
784 4459 862 4521 quae
876 4442 967 4522 paulo
982 4451 1049 4521 post

301 4536 438 4600 subiecta
457 4543 542 4610 sunt,
566 4535 619 4598 ubi
640 4535 677 4596 de
699 4535 761 4598 iam
776 4543 932 4599 contracto
947 4539 1050 4598 catho-

301 4630 375 4692 licae
396 4628 490 4708 partis
511 4643 583 4691 cum
604 4627 700 4690 altera
721 4629 871 4691 haeretica
893 4629 1049 4691 connubio

301 4723 376 4784 haec
396 4723 568 4784 habentur:
593 4720 629 4783 ld
649 4736 721 4782 uero
743 4717 851 4783 dehere
871 4718 933 4783 sihi
951 4721 1049 4798 potis-

301 4817 379 4877 sime
401 4815 437 4876 in
462 4814 608 4880 animum
637 4815 790 4877 inducere
810 4815 976 4894 couiuqom
998 4832 1050 4876 oa·

304 4907 459 4980 thelicum
477 4907 542 4969 siae
555 4907 663 4969 uirum
677 4909 743 4969 siue
757 4909 920 4987 seminam,
939 4914 977 4970 ut
992 4923 1049 4986 pro

302 5002 492 5082 qroaissimo
518 5001 644 5076 scelere,
669 5000 750 5079 quoa
775 5001 919 5075 admisit,
943 5001 1049 5079 poeui-

304 5095 440 5158 tentiam
461 5101 549 5175 oqat,
575 5111 613 5157 cc
634 5094 759 5158 ueniam
774 5111 794 5157 a
809 5095 871 5156 Deo
886 5100 1045 5172 procetur,

303 5193 496 5268 conaturque
515 5203 572 5267 pro
587 5185 713 5250 viribus
727 5188 869 5250 alterum
884 5187 1048 5268 coniuqem

303 5297 418 5343 avora
438 5281 498 5362 fide
519 5279 722 5344 oberrantem
743 5280 786 5343 acl
807 5281 966 5361 premium
992 5281 1049 5345 Ca-

304 5375 441 5439 tholicae
453 5377 613 5440 Ecclesiae
622 5373 819 5452 pertrahere,
834 5376 964 5454 eiusque
978 5377 1050 5439 aui·

302 5485 386 5532 mom
411 5469 557 5542 lucrari,
577 5470 657 5548 quod
684 5485 779 5547 porro
801 5469 842 5532 ad
864 5471 989 5532 certium
1012 5470 1049 5531 ιιι

300 5568 434 5642 patrato
462 5563 598 5624 crimine
629 5561 866 5640 impetrandam
899 5571 1048 5642 opportu-

302 5657 474 5718 nissimum
490 5656 704 5736 [orcescions
720 5655 904 5730 decaetero,
920 5664 958 5718 nt
974 5673 1048 5719 mou

303 5749 427 5812 dictum
448 5756 504 5822 est,
528 5767 559 5810 se
581 5750 680 5812 istius
701 5749 904 5812 matrimonii
919 5748 1048 5812 uinculo

301 5849 452 5924 perpetuo
475 5843 613 5924 liqatum
634 5843 690 5906 iri.

106 5939 285 5994 ιιιιιιιιιιιιι·
341 5939 395 6000 llis
416 5945 521 6000 autem
542 5937 641 6001 veluti
665 5936 948 6001 lundomentalibns
968 5936 1047 6017 Αρι-

1771 539 1829 612 373
1879 543 1933 600 Au.
1948 544 1978 599 0.
1999 537 2068 597 mas

1103 693 1226 756 stelione
1248 693 1334 756 Sedis
1359 691 1488 769 regulis,
1511 689 1649 773 eiusdem
1671 687 1781 764 agendi
1803 705 1850 748 ra·
1867 691 2081 795 {lurormgiffiam

1104 790 1147 851 tin
1168 787 1324 851 constanti
1345 803 1402 850 usu
1424 795 1544 863 recepta
1566 799 1640 862 appr
1644 799 1704 844 rme
1726 797 1849 860 respon·
1868 802 1993 848 ιιιιιιιιιιι.
2004 800 2081 847 ιιιιι

1104 883 1165 946 det.
1190 881 1267 944 Nam
1297 880 1419 958 quoties
1450 880 1547 958 ipsam
1578 875 1655 940 adiri
1683 875 1848 950 contingit,
1869 854 2083 955 {ggqoriusnae-

1103 976 1170 1038 sive
1192 991 1245 1052 pro
1267 973 1433 1036 obtinenda
1454 971 1586 1050 simplici
1613 968 1756 1031 facultate
1778 985 1850 1030 con-

1105 1069 1248 1132 trahendi
1262 1067 1497 1130 matrimonium
1513 1067 1596 1128 inter
1610 1080 1765 1144 personas,
1778 1081 1851 1142 qua·

1104 1179 1174 1226 rum
1195 1163 1288 1226 altera
1311 1161 1462 1224 haeresim
1484 1159 1662 1238 proiectum
1685 1159 1751 1220 sive
1766 1175 1851 1239 prae-

1105 1263 1188 1320 terea
1219 1273 1274 1335 pro
1305 1255 1473 1320 obtinenda
1502 1253 1598 1316 simul
1624 1253 1851 1332 dispensatione

1103 1366 1196 1427 snper
1217 1349 1320 1428 aliquo
1341 1349 1449 1426 gradu,
1472 1348 1573 1409 aliove
1593 1348 1739 1410 canonico
1755 1346 1853 1424 impe-

1105 1443 1255 1518 dimento,
1278 1442 1360 1521 quod
1383 1443 1466 1505 inter
1486 1441 1705 1504 contrahentes
1720 1440 1851 1502 interce-

1105 1538 1170 1613 dat3
1194 1552 1296 1615 neque
1313 1535 1445 1610 licentia,
1462 1551 1565 1614 neque
1579 1534 1766 1612 dispensatio
1779 1551 1853 1597 oon-

1106 1632 1237 1706 ceditur,
1260 1631 1320 1692 nisi
1340 1630 1397 1694 hac
1418 1645 1560 1708 expressa
1583 1629 1650 1706 lege
1671 1645 1727 1691 seu
1748 1629 1851 1692 condi-

1106 1725 1190 1788 tione
1222 1725 1353 1800 adiecta,
1387 1723 1540 1786 nimirum
1572 1722 1728 1786 abiurata
1758 1723 1852 1800 prius

1107 1819 1241 1882 haeresi.
1264 1819 1344 1892 Quin
1367 1819 1460 1879 etiarn
1481 1817 1663 1880 recolendae
1684 1817 1853 1879 memoriae

1106 1913 1320 1990 praedecessor
1351 1918 1456 1972 noster
1484 1911 1686 1974 Innocentius
1714 1911 1791 1990 Papa
1813 1912 1850 1976 X.

1106 2005 1238 2068 ulterius
1252 2004 1466 2082 progrediens,
1483 2006 1570 2068 iussit
1586 2014 1617 2066 et
1631 2005 1722 2080 cavit,
1739 2019 1778 2066 ne
1794 2005 1852 2067 dis·

1106 2099 1301 2177 pausationes
1317 2099 1494 2161 huiusmodi
1505 2099 1635 2162 omnino
1647 2100 1852 2162 concederen-

1106 2199 1169 2267 tur,
1193 2191 1251 2253 nisi
1274 2207 1330 2270 per
1357 2192 1533 2254 authentica
1562 2191 1746 2254 documenta
1768 2191 1852 2271 prius

1106 2286 1232 2348 doctum
1254 2292 1345 2359 esset,
1366 2283 1552 2347 haereticam
1575 2285 1675 2348 labem
1697 2303 1712 2346 a
1734 2295 1853 2348 contra·

1106 2378 1201 2440 hente
1232 2377 1423 2441 heterodoxo
1454 2379 1606 2440 eiuratam
1637 2377 1748 2455 luisse;
1771 2379 1858 2457 quod

1107 2478 1251 2534 testatum
1273 2471 1400 2550 reliquit
1422 2472 1562 2534 laudatus
1585 2471 1754 2536 cardinalis
1770 2472 1853 2534 hlbi·

1107 2568 1168 2628 tius
1189 2565 1447 2643 Congregationis
1468 2564 1658 2627 Universalis
1678 2564 1853 2642 Inquisitio-

1106 2661 1154 2722 nis
1177 2669 1251 2723 tunc
1274 2661 1420 2739 temporis
1441 2675 1584 2734 assessor,
1612 2659 1644 2720 in
1666 2659 1853 2737 supracitato

1106 2761 1238 2817 tractatu
1262 2754 1304 2815 De
1327 2753 1550 2816 inconstantia
1571 2753 1607 2813 in
1621 2751 1691 2830 fide,
1710 2767 1777 2830 cap.
1796 2754 1849 2826 18,

1106 2862 1194 2909 num.
1214 2847 1271 2910 44.
1296 2846 1452 2910 Praelatus
1467 2863 1541 2908 rer«)
1557 2848 1771 2924 praedecessor
1787 2846 1854 2909 Cle·

1106 2957 1196 3004 mens
1217 2941 1269 3005 xl.
1294 2941 1596 3018 incongregatione
1618 2941 1722 3004 Sancti
1742 2941 1852 3018 Oihcii,

1105 3052 1208 3098 coram
1222 3051 1255 3097 se
1270 3035 1372 3096 habita
1389 3034 1438 3096 die
1452 3049 1516 3095 ιιι.
1535 3034 1612 3096 iunii
1630 3035 1703 3096 anni
1718 3053 1851 3112 uncam,

1105 3128 1263 3191 mandavit
1280 3127 1416 3190 inhiberi
1430 3143 1486 3206 per
1499 3127 1603 3190 literas
1618 3128 1854 3209 archiepiscopo

1105 3221 1330 3304 blecbliniensi,
1343 3235 1383 3282 ne
1397 3220 1475 3282 ullas
1490 3221 1619 3283 omnino
1641 3221 1779 3285 licentias
1801 3231 1854 3286 aut

1105 3315 1347 3394 dispensationes
1375 3314 1590 3394 impertiretur
1617 3331 1673 3394 pro
1694 3317 1855 3380 matrimo-

1105 3409 1166 3473 niis
1187 3410 1269 3471 inter
1290 3409 1527 3472 contrahentem
1549 3409 1744 3485 catholicum,
1761 3419 1792 3472 et
1812 3412 1854 3472 al·

1106 3510 1209 3565 teram
1231 3503 1420 3566 haereticum
1451 3501 1652 3578 celebrandis,
1675 3505 1747 3580 nisi,
1769 3505 1854 3568 abiu-

1104 3597 1182 3658 ratio
1202 3596 1338 3658 haeresis
1359 3596 1458 3675 reipsa
1486 3597 1713 3675 praecessisset3
1738 3598 1854 3661 theolo-

1105 3707 1159 3769 gos
1180 3698 1296 3764 autem,
1319 3690 1373 3768 qui
1394 3697 1500 3752 eontra
1532 3690 1712 3754 huiusmodi
1732 3693 1853 3771 praxim

1104 3784 1220 3864 opinati
1242 3784 1377 3859 inerant,
1400 3783 1511 3846 acriter
1525 3785 1735 3847 admonendos
1749 3785 1854 3848 decre-

1104 3878 1161 3952 ιιι,
1184 3875 1447 3955 quemadmodum
1470 3877 1638 3940 memoriae
1654 3878 1787 3955 prodidit
1801 3880 1852 3940 bo·

1105 3987 1164 4034 nae
1195 3970 1365 4032 memoriae
1395 3969 1578 4032 Vincentius
1608 3971 1702 4034 huius
1724 3972 1854 4036 Sanctae

1104 4066 1260 4128 llomanae
1281 4064 1433 4128 Ecclesiae
1464 4063 1634 4128 cardinalis
1661 4066 1749 4128 Petra
1770 4084 1852 4131 nun·

1104 4167 1231 4238 stipatus
1253 4159 1286 4220 in
1306 4174 1362 4222 suo
1393 4160 1615 4221 commentario
1646 4162 1682 4223 ed
1704 4162 1852 4224 eonstitu-

1105 4253 1224 4316 tionem
1245 4252 1311 4316 ΧΗ.
1345 4253 1467 4315 loannis
1497 4253 1592 4322 xxll.
1627 4255 1724 4333 ipsius
1752 4257 1852 4335 operis

1105 4353 1177 4409 tout.
1201 4347 1234 4418 4,
1259 4361 1330 4426 paq.
1354 4347 1411 4420 76,
1440 4363 1528 4408 num.
1555 4347 1609 4410 14.

1144 4440 1228 4518 Quod
1257 4441 1283 4502 si
1311 4440 1462 4502 nonnulla
1493 4443 1679 4504 eveniantur
1709 4445 1851 4523 exempla
1911 4454 2084 4500 contrariae·

1104 4536 1316 4598 homanorum
1338 4534 1537 4609 Pontificum,
1553 4535 1607 4615 qui
1622 4545 1675 4598 aut
1694 4535 1851 4599 licentiam
1870 4507 2085 4624 iueffl'e'acu'rss‘ffl

1104 4627 1309 4692 contrahendi
1331 4628 1581 4703 matrimonium,
1603 4631 1771 4692 autetiam
1793 4631 1852 4692 dis·
1870 4625 1894 4660 vr
1910 4625 1994 4662 ΗΜ

1104 4721 1852 4802 pensatiouemsuperimpedimentoaliquocon·

1104 4823 1277 4889 cesserunt,
1299 4829 1364 4876 nou
1386 4813 1501 4877 adiecta
1522 4817 1700 4878 conditione
1716 4819 1752 4880 de
1766 4818 1853 4882 abiu-

1104 4907 1199 4970 randa
1229 4909 1314 4985 prius
1346 4908 1480 4984 haeresi;
1512 4909 1682 4970 rarissimas
1714 4912 1853 4990 primum

1105 5002 1247 5064 omnium
1268 5001 1401 5064 dicimus
1431 5001 1610 5064 huiusmodi
1639 5007 1852 5067 concessiones

1104 5096 1210 5172 luisse,
1226 5103 1257 5158 et
1277 5096 1405 5175 quidem
1420 5094 1581 5174 plerasque
1597 5113 1704 5159 earnm
1718 5115 1774 5176 pro
1789 5115 1852 5161 rna·

1105 5189 1260 5252 trimoniis
1282 5190 1365 5252 inter
1385 5205 1547 5268 supremos
1562 5189 1718 5269 principes
1732 5199 1853 5254 coutra-

1105 5283 1225 5359 hendis,
1249 5298 1307 5345 nec
1328 5282 1389 5344 nisi
1409 5283 1588 5359 gravissima
1603 5294 1737 5360 urgente
1751 5301 1851 5361 cansa,

1104 5392 1201 5455 eaque
1221 5376 1257 5438 ad
1279 5375 1437 5454 publicum
1460 5376 1577 5439 bonum
1598 5379 1787 5456 pertinente,
1810 5379 1853 5441 la-

1103 5478 1165 5530 ctas
1185 5469 1297 5545 luisse;
1320 5469 1449 5549 insuper
1469 5470 1600 5533 adiectas
1621 5487 1744 5575 semper
1758 5472 1853 5535 luisse

1103 5571 1293 5640 opportunas
1314 5563 1458 5639 cautelas,
1481 5570 1549 5626 tum
1565 5580 1605 5626 ne
1620 5565 1736 5629 coniux
1750 5567 1853 5630 catha·
1923 5574 2062 5621 casurae
2057 5585 2083 5620 ιι

1103 5654 1179 5716 licus
1201 5655 1238 5716 ab
1253 5655 1406 5719 haeretico
1424 5657 1560 5736 perverti
1575 5668 1690 5736 posset,
1706 5660 1784 5738 quin
1800 5675 1852 5763 po·
1871 5626 2084 5730 ἓιῗῗῗιιιιῗὲεώω

1106 5747 1165 5810 tius
1186 5747 1239 5810 ille
1262 5750 1363 5811 teneri
1383 5766 1416 5811 se
1437 5749 1530 5812 sciret
1550 5751 1587 5812 ad
1610 5752 1693 5814 bunc
1708 5769 1763 5832 pro
1777 5753 1852 5814 viri-

1103 5842 1160 5903 bus
1181 5843 1218 5904 ab
1232 5857 1339 5905 errore
1355 5844 1595 5923 retrahendum3
1613 5846 1801 5922 tumetium,
1818 5856 1851 5908 ut

1104 5934 1205 6016 proles
1226 5938 1389 6017 utriusque
1415 5954 1507 6002 sexus
1534 5955 1571 6001 ιι
1594 5955 1630 6000 eo
1653 5940 1852 6006 matrimonio
