4764 6972
85 539 122 591 Aa.
133 533 156 584 (l.
174 528 234 580 titt

896 554 1093 600 BENEDIGTUS
1114 554 1179 600 xlv.

260 686 441 742 nostrorum
469 673 644 736 Clementis
665 671 734 747 lll.,
761 671 937 735 innocentii
959 671 1007 733 lV.

260 782 291 835 et
311 768 456 846 Gregorii
476 767 529 830 lll.
553 765 667 827 eximia
690 771 720 826 et
747 781 909 842 nunquam
931 764 1011 826 inte-

259 865 359 927 ritura
381 867 589 923 monumenta
611 858 794 920 extiterunt.

123 949 242 1000 emanans
299 959 318 1032 5
339 957 388 1019 32.
406 951 665 1030 Congregationis
679 949 717 1010 de
731 951 926 1029 Propaganda
938 951 1012 1013 Fide

89 1017 242 1157 Μῖξὲἷῗέ·
260 1050 433 1131 praefectus
454 1054 501 1108 est
528 1060 601 1106 ven.
625 1043 720 1104 trater
742 1052 849 1104 noster
877 1043 1011 1106 l'incen·

80 1132 98 1166 M
235 1143 241 1163 s

36 1189 37 1192 ¹
80 1166 204 1220 commendat

260 1146 320 1208 tius
343 1142 374 1206 S.
401 1142 437 1203 lt.
467 1139 502 1200 Ε.
531 1137 700 1201 cardinatis
726 1136 815 1198 Petra
843 1137 1012 1214 Episcopus

258 1232 496 1304 Praenestinus,
530 1228 619 1290 euius
641 1227 716 1288 adeo
743 1227 864 1288 illustre
893 1243 1009 1288 nomen

258 1327 375 1404 ubique
395 1332 454 1400 est,
477 1323 516 1383 oh
536 1322 635 1383 multa
651 1329 682 1382 et
704 1321 839 1398 proficua
862 1335 953 1398 opera
974 1319 1012 1382 ab

257 1421 322 1498 ipso
352 1417 523 1492 conscripta
545 1422 576 1476 et
601 1413 733 1490 publicis
763 1413 843 1491 typis
870 1413 1007 1490 vulgata.

258 1511 379 1576 ilerum
395 1526 470 1572 vero
483 1507 681 1585 negotiorum
694 1507 808 1568 relator
819 1507 899 1584 apud
913 1507 1009 1584 ipsam

258 1604 545 1683 congregationem
561 1608 607 1662 est
620 1599 808 1661 venerabilis
830 1599 936 1662 itidem
952 1599 1012 1662 tra-

257 1708 307 1763 ter
329 1709 438 1762 noster
460 1697 569 1758 Petrus
591 1693 733 1771 hloysius
755 1693 832 1756 SR.
847 1694 882 1754 E.
907 1693 1011 1756 Cardi-

258 1794 337 1857 nalis
349 1791 453 1855 Geraia
471 1790 638 1867 Episcopus
650 1787 844 1860 lllbanensis,
857 1787 909 1864 qui
926 1803 1012 1848 sum-

256 1903 307 1948 ma
330 1885 501 1961 diligentia,
517 1900 551 1944 ec
571 1881 678 1943 sedulo
690 1879 793 1942 studio
814 1887 907 1956 atque
927 1880 1010 1941 labo-

256 1997 303 2054 re,
328 1994 439 2042 eorum
460 1976 574 2038 seriem
597 1983 660 2036 tam
681 1973 795 2050 scripto
816 1989 910 2050 quam
934 1989 1009 2034 voce

256 2072 385 2148 digessit
403 2079 495 2149 atque
516 2068 704 2146 explanarit.
729 2068 810 2130 llaec
824 2067 911 2129 vobis
926 2083 1011 2130 com-

255 2173 344 2244 perta
359 2181 425 2225 esse
440 2163 609 2236 voluimus,
623 2169 658 2223 nt
673 2161 902 2239 intelligeretis,
916 2178 1009 2239 quam

255 2259 337 2320 bene
359 2257 452 2318 rebus
473 2255 585 2317 restris
606 2255 786 2316 consultum
808 2255 858 2330 sit,
877 2270 932 2332 per
952 2255 1009 2316 hu·

255 2351 393 2412 iusmodi
427 2348 628 2411 laudabilium
661 2347 794 2410 fratrum
827 2357 1008 2410 nostrorum

254 2443 444 2506 industriam
473 2449 566 2519 atque
594 2441 755 2520 peritiam3
782 2458 918 2519 quorum
940 2457 1008 2518 pro-

254 2536 337 2598 lecto
351 2551 477 2614 operam
489 2535 521 2595 in
538 2534 585 2607 iis,
602 2549 681 2611 quae
696 2536 814 2610 agenda
830 2540 1006 2608 remanent,

254 2647 360 2708 neque
381 2628 584 2700 defecturam,
602 2641 706 2704 neque
727 2635 912 2689 cessaturam
928 2642 1006 2699 esse,

36 2713 37 2740 l
83 2727 236 2839 tillim}
254 2724 343 2785 robis
372 2737 508 2784 asserere
536 2737 599 2782 non
628 2719 824 2796 dubitamus;
846 2725 883 2780 ut
908 2736 1007 2798 quum

82 2836 167 2892 promitit.

253 2832 310 2895 pro
334 2815 462 2892 reliquis
484 2813 688 2892 pendentium
708 2811 805 2873 adhuc
828 2827 936 2874 rerum
957 2811 1009 2872 de-

254 2906 454 2971 finitionibus
476 2913 647 2983 opportuna
669 2921 684 2964 a
707 2904 794 2966 vohis
823 2905 1008 2966 documenta

253 3019 312 3081 pro
333 3000 432 3062 animi
463 2999 562 3061 nostri
592 2998 799 3060 instructione
831 2999 1008 3059 transmissa

253 3094 389 3166 tuerint,
405 3091 499 3154 iidem
516 3090 620 3151 statim
637 3089 799 3166 nobiscum
814 3105 906 3166 egere
921 3106 1008 3168 prae-

254 3185 432 3249 termissuri
453 3199 516 3246 non
532 3184 606 3256 sint,
623 3191 658 3244 ut
674 3182 752 3244 tanti
768 3181 911 3260 ponderis
923 3183 1008 3261 operi

253 3295 402 3358 suprema
429 3279 557 3339 demum
585 3291 695 3336 ananus
724 3277 914 3352 imponatur.
946 3274 1007 3336 Nos

254 3373 386 3433 interim
408 3370 506 3444 vobis,
520 3384 597 3447 quos
619 3375 764 3444 paternae
778 3367 951 3430 dilectionis
966 3367 1008 3428 at-

254 3465 338 3526 teetu
350 3463 600 3541 complectimur,
614 3459 810 3538 apostolicam
822 3459 1009 3522 benedictio

253 3573 330 3619 nem
352 3555 566 3633 impertimur.

294 3651 411 3712 Datum
440 3648 572 3722 llomae,
598 3645 678 3724 apud
708 3645 738 3708 S.
763 3645 890 3706 llariarn
917 3647 1009 3708 Maio·

254 3761 335 3819 rem,
358 3743 417 3805 sub
447 3741 566 3804 annulo
592 3740 765 3816 Piscatoris,
793 3741 842 3803 die
868 3755 912 3801 xi.
937 3741 1009 3802 maii

256 3853 432 3900 unccxmr.
450 3834 650 3914 pontificatus
671 3834 768 3894 nostri
790 3850 873 3896 anno
895 3850 938 3894 rr.

578 4117 686 4181 xulx.

256 4305 437 4368 schismate
459 4304 605 4365 eatiacto
627 4305 663 4364 in
684 4302 837 4364 electione
858 4301 1011 4363 Patriar-

297 4399 375 4460 cboe
389 4397 635 4463 Maronitarum
651 4402 775 4467 esserto,
791 4394 930 4472 pallium
945 4393 1009 4470 ipsi

296 4491 403 4554 tradit
426 4489 482 4569 (l).

297 4707 328 4760 (lt
344 4707 382 4749 Ex
396 4704 472 4750 Arch.
495 4704 637 4750 consister.
653 4707 679 4749 et
698 4715 729 4750 er
750 4703 851 4750 collect.
873 4703 946 4749 card.
962 4705 1010 4748 Va-

254 4771 320 4817 lent.
335 4774 385 4815 sub
400 4775 438 4815 ιιι,
455 4772 548 4815 Bened.
564 4773 626 4816 xlv.
643 4775 728 4816 const.
745 4772 771 4815 et
786 4773 858 4816 Brev.
875 4774 937 4816 torn.
954 4773 971 4814 1.
982 4794 1009 4802 -

254 4839 282 4882 in
297 4838 374 4882 Arch.
391 4839 490 4882 Domus
504 4837 638 4882 Protessae
654 4841 707 4882 Soc.
723 4841 790 4892 lesu,
805 4840 911 4882 Romae.

296 4905 441 4961 Postquam
456 4907 485 4949 R.
501 4907 527 4948 P.
543 4906 569 4947 D.
586 4905 675 4948 Simon
690 4907 784 4950 Petrus
799 4904 912 4949 Evodius
927 4903 1010 4949 Patri-

253 4971 339 5016 archa
348 4971 538 5022 antiochenus,
549 4972 576 5015 et
591 4969 786 5028 archiepiscopi
798 4973 878 5027 atque
889 4969 1010 5027 Episcopi

256 5037 375 5083 nationis
400 5037 594 5083 Maronitarum
621 5037 711 5082 omnia
739 5047 919 5094 quaecumque
945 5035 1009 5093 ipsis

256 5105 447 5150 sanctissimus
462 5104 588 5150 Dominus
598 5107 692 5149 Noster
702 5103 857 5149 Benedictus
868 5107 937 5162 Papa
946 5105 1008 5148 xlv.

256 5183 381 5229 persnas
396 5171 561 5229 apostolicas
582 5171 676 5216 literas
692 5169 720 5214 in
734 5170 819 5216 forma
833 5169 920 5215 brevis
935 5169 1007 5214 dier.

256 5238 417 5296 septembris
432 5249 566 5294 unccxur,
580 5247 635 5282 xrv.
651 5237 780 5282 februarii
793 5249 937 5292 neccaram,
951 5248 1008 5282 1111.

257 5307 283 5351 et
297 5317 350 5350 ιη.
367 5304 460 5350 martii
473 5315 619 5350 nnccxarrr.
632 5304 785 5350 iniunxerat
795 5307 821 5348 et
832 5306 1010 5360 praeceperat,

257 5376 348 5417 exacte
362 5373 539 5428 accurateque
553 5370 580 5415 in
595 5372 725 5416 conventu
744 5370 867 5416 iturissae
881 5371 908 5414 in
923 5373 1010 5415 Monte

258 5439 357 5484 Libano
368 5449 459 5484 mense
468 5437 571 5482 octobri
580 5437 644 5482 anni
653 5447 796 5482 nnccxnnr.
806 5436 932 5494 exequuti
939 5439 1010 5490 sunt;

258 5505 398 5562 synodicas
412 5497 508 5550 literas
523 5515 615 5549 rerum
629 5505 766 5560 gestarum
780 5503 876 5548 seriem
886 5502 1011 5558 complec-

259 5573 344 5617 tentes
359 5572 393 5617 ad
408 5571 583 5617 sanctitatem
599 5575 679 5616 Suam
694 5572 767 5616 etad
783 5573 890 5616 Sacram
901 5573 1010 5628 congre

258 5639 394 5695 gationem
416 5639 448 5683 de
469 5639 642 5695 propaganda
662 5637 724 5682 Fide
747 5638 922 5694 scripserunt,
945 5648 1010 5693 quas

260 5705 371 5750 Romam
391 5715 461 5750 anno
479 5715 621 5750 nuceram.
638 5703 680 5750 die
694 5715 767 5749 xxxi.
784 5703 849 5749 maii
868 5707 894 5748 P.
910 5703 1011 5749 Deside-

258 5771 316 5816 rius
330 5771 362 5816 ds
376 5772 456 5818 domo
470 5771 605 5827 Basciana,
620 5774 645 5816 P.
659 5771 746 5816 lacobi
755 5770 879 5816 Lucensis
889 5770 1011 5826 Ablegatt

258 5837 403 5895 apostolici
418 5837 591 5892 secretarius,
605 5836 726 5894 pertulit.
739 5837 785 5882 His
796 5837 823 5881 in
833 5836 921 5883 literis
930 5836 1011 5893 signi·

259 5903 347 5961 ticam,
363 5903 533 5949 teterrimum
548 5903 672 5960 schisma,
687 5903 756 5960 quod
769 5914 802 5948 ex
815 5901 914 5960 duplici
928 5902 956 5948 in
965 5905 1010 5948 Pa·

1744 542 1800 604 151
1852 545 1907 597 An.
1922 547 1951 604 0.
1975 549 2045 602 1744

1177 721 1713 794 Mmmwmmmfflwd

1249 881 1455 950 senioreti
1478 884 1539 951 ΡΡ.
1565 884 1636 951 ltllt.

1148 1044 1250 1113 habita
1273 1045 1300 1112 in
1324 1047 1511 1115 concistorio
1540 1048 1738 1132 semipublteo

1305 1137 1350 1206 die
1366 1139 1405 1207 13
1421 1139 1480 1208 lulli
1494 1139 1585 1210 rtet.

1263 1325 1461 1396 venerabiles
1484 1329 1623 1410 Fratres,

1108 1519 1284 1593 Antequam
1306 1532 1361 1577 vos
1383 1518 1531 1580 certiores
1553 1518 1701 1580 iaciamus
1722 1520 1760 1582 de
1783 1519 1819 1580 iis

1066 1623 1143 1684 quae
1173 1608 1375 1684 contigerunt
1396 1609 1428 1670 in
1450 1610 1603 1672 electione
1632 1613 1817 1674 venerabilis

1066 1699 1169 1762 fratris
1191 1701 1328 1764 Simonis
1341 1703 1423 1764 Petri
1445 1704 1638 1766 Patriarchae
1660 1706 1818 1768 antioche·

1069 1794 1113 1868 ni,
1137 1794 1289 1857 nonnulla
1317 1796 1405 1857 robis
1427 1797 1459 1858 in
1482 1804 1678 1860 antecessum
1700 1799 1817 1862 referre

1064 1903 1189 1948 necesse
1213 1895 1268 1948 est.

1103 1979 1172 2041 Non
1195 1981 1374 2043 dubitamus
1396 1983 1567 2046 eruditioni
1588 1992 1712 2048 vestrae
1733 2002 1816 2048 com·
1854 2012 2051 2069 nasoniassy-

1065 2081 1190 2150 pertum
1212 2087 1296 2148 esse,
1319 2074 1484 2137 Maronitas
1511 2077 1700 2143 Christianos
1722 2079 1816 2156 Syros
1835 2065 1904 2164 {ffl
1917 2064 2051 2175 ²323?ssss

1065 2167 1100 2226 ad
1123 2165 1362 2243 patriarchatum
1392 2169 1614 2231 antiochenum
1636 2172 1812 2249 pertinere:
1835 2170 1941 2271 inactum
1969 2173 2051 2229 perrr-

1066 2259 1181 2337 quippe
1201 2260 1255 2336 qui
1277 2259 1399 2336 Syriam
1422 2270 1454 2322 et.
1478 2262 1675 2324 Phoeniciam
1697 2265 1817 2325 mariti·
1835 2235 1905 2270 nan.

1065 2365 1148 2411 marn
1172 2369 1205 2414 ac
1227 2351 1499 2428 mediterraneam,
1517 2357 1694 2417 tumeliam
1714 2357 1815 2418 Palae·

1063 2445 1189 2519 atinam,
1201 2445 1350 2522 Cyprum,
1367 2447 1546 2524 Aegyptum
1561 2448 1696 2526 aliasque
1708 2449 1815 2511 Orien·

1067 2537 1104 2597 tis
1126 2546 1228 2614 partes
1249 2538 1409 2615 incolunt,
1432 2556 1568 2616 quorum
1591 2548 1695 2602 temen
1719 2542 1815 2603 maxi·

1064 2645 1113 2690 ma
1135 2645 1204 2706 pars
1226 2631 1258 2691 in
1282 2640 1390 2693 monte
1410 2631 1527 2694 Libano
1549 2641 1771 2696 commoratur.

1105 2722 1281 2784 Eruditioni
1313 2725 1428 2802 pariter
1456 2734 1577 2787 vestrae
1606 2737 1717 2788 notum
1749 2744 1815 2790 esse
1847 2753 2060 2800 mammem..

1063 2832 1244 2891 censemus,
1268 2817 1347 2894 quod
1377 2819 1491 2880 saeculi
1512 2821 1636 2897 septimi
1663 2837 1759 2899 prope
1780 2823 1816 2882 h·
1833 2807 2051 2916 ξξξζξξξξξῇξξζ

1064 2925 1148 2983 nean,
1166 2925 1238 2970 cum
1260 2910 1396 2972 haeresis
1417 2912 1692 2975 ltlonothelitarum
1715 2915 1748 2975 in
1763 2929 1814 2992 pe·
1834 2913 2049 3013 gffiggss‘ffffissxff

1064 3001 1266 3063 triarchatum
1281 3003 1506 3065 antiochenum
1529 3015 1734 3082 grassaretur,
1751 3023 1814 3068 rna-
1834 3023 1906 3066 ortus
1933 3021 2048 3066 patriar-

1064 3094 1196 3168 ronitae,
1212 3111 1273 3172 quo
1293 3111 1326 3156 se
1350 3096 1387 3156 ab
1412 3113 1446 3158 ea
1468 3100 1652 3174 contagione
1673 3101 1814 3176 integros
1833 3073 2050 3173 fflffiffffiffll

1062 3196 1237 3260 servarent,
1254 3194 1432 3261 statuerunt
1452 3188 1510 3250 sibi
1532 3191 1738 3252 Patriarcbam
1760 3192 1815 3254 eli·
1833 3179 1931 3288 3223?
1950 3191 2049 3280 Μ·

1064 3295 1156 3355 gere,
1184 3279 1274 3356 quia
1302 3280 1442 3342 Romano
1470 3283 1621 3345 Pontifice
1650 3285 1816 3346 contirma-

1064 3379 1164 3446 retur,
1187 3371 1225 3432 ah
1254 3388 1353 3450 eoque
1374 3374 1459 3451 pallii
1487 3371 1672 3451 dignitatem
1700 3377 1815 3455 accipe-

1063 3473 1123 3526 ret.
1147 3465 1228 3528 Cum
1250 3474 1367 3540 autem,
1391 3466 1532 3545 pluribus
1553 3467 1665 3530 deinde
1686 3470 1815 3532 saeculis

1064 3557 1183 3636 elapsis,
1207 3557 1350 3620 Saraceni
1371 3560 1580 3635 Antiochiam,
1611 3561 1747 3639 depulsis
1768 3563 1816 3624 in·

1064 3651 1101 3711 de
1134 3649 1266 3724 Latinis,
1300 3660 1517 3729 occupassent;
1545 3669 1682 3731 cumque
1713 3654 1816 3716 Latini

1066 3743 1122 3820 ipsi
1144 3743 1285 3805 catholici
1308 3744 1340 3804 in
1366 3745 1504 3807 Mentem
1530 3746 1700 3822 Libanum,
1724 3747 1815 3809 ubia

1064 3835 1238 3896 Patriarcha
1264 3837 1486 3899 Maronitarum
1514 3839 1708 3916 perbenigne
1732 3857 1815 3902 rece·-

1064 3927 1110 4004 pti
1129 3935 1215 4002 sunt,
1245 3929 1456 4007 secessissent3
1480 3931 1655 3994 Alexander
1676 3931 1726 3993 lV.
1755 3933 1815 3994 llo-

1066 4035 1176 4081 manus
1197 4020 1340 4082 Pontifex
1360 4021 1570 4084 Patriarcbam
1592 4023 1693 4101 ipsum
1716 4025 1814 4087 hiaro-

1066 4112 1203 4175 nitarum
1226 4113 1413 4176 hntiocheni
1435 4115 1628 4176 Patriarchae
1650 4115 1742 4178 titulo
1763 4117 1815 4179 de·

1064 4206 1195 4268 coravit:
1232 4222 1326 4284 quem
1359 4209 1487 4284 quidem
1519 4209 1646 4270 titulum
1672 4209 1708 4272 ad
1736 4211 1815 4273 hanc

1066 4315 1162 4376 usque
1174 4297 1257 4359 diem
1272 4299 1464 4364 Patriarchee
1479 4301 1648 4362 Maronitas
1664 4301 1814 4377 retinent,

1065 4392 1186 4454 etiamsi
1208 4392 1239 4452 in
1260 4391 1365 4456 llonte
1379 4393 1497 4455 Libano
1512 4393 1617 4455 sedern
1632 4403 1815 4472 perpetuam

1065 4484 1243 4547 habuerint.

1065 4701 1212 4747 triarcham
1234 4701 1427 4747 Maronitarum
1450 4701 1578 4746 electione
1597 4701 1742 4747 conflatum
1762 4701 1816 4746 hre-

1063 4771 1115 4824 rat,
1131 4773 1244 4825 utroque
1265 4769 1348 4814 electo
1371 4768 1504 4814 mandatis
1524 4767 1670 4814 Pontificiis
1684 4769 1815 4824 obtempe·

1063 4839 1153 4892 rante,
1174 4835 1281 4892 penitus
1303 4836 1455 4890 evanuisse;
1479 4847 1510 4882 ac
1531 4835 1664 4880 Simonem
1686 4835 1815 4881 Evodium

1064 4903 1225 4949 auctoritate
1248 4903 1397 4958 apostolica
1420 4902 1534 4946 electum
1557 4902 1757 4958 Patriarcbam,
1781 4901 1815 4947 ab

1066 4970 1198 5014 universis
1212 4969 1351 5014 Maronitis
1366 4973 1502 5026 exceptum
1517 4968 1611 5014 tuisse:
1631 4968 1728 5026 synodi
1742 4979 1816 5026 prae·

1064 5038 1138 5083 terea
1153 5035 1248 5081 Montis
1269 5035 1362 5081 Libani
1375 5047 1391 5081 a
1406 5035 1553 5080 Sanctitate
1573 5039 1626 5080 Sua
1644 5035 1771 5092 probatae
1785 5047 1816 5081 ac

1065 5103 1239 5148 confirmatae
1254 5104 1357 5148 statute
1371 5102 1495 5158 legesque
1514 5114 1571 5148 sese
1584 5101 1748 5147 adamussim
1764 5113 1816 5147 ser·

1064 5171 1181 5224 saturos,
1196 5169 1380 5214 Patriarcbam
1391 5168 1487 5226 ipsum,
1497 5168 1711 5226 archiepiscopos
1722 5171 1748 5213 et
1759 5168 1816 5225 lipi-

1065 5247 1155 5292 scopos
1166 5246 1256 5281 cerain
1266 5235 1400 5282 antedicto
1411 5234 1539 5291 ablegato
1549 5234 1697 5291 apostolico
1708 5245 1817 5291 spopon-

1063 5302 1140 5348 disse.

1105 5373 1169 5413 Tam
1179 5369 1250 5413 laeto
1260 5369 1366 5424 accepto
1376 5367 1481 5422 nuncio,
1493 5366 1679 5412 sanctissimus
1689 5365 1815 5410 Dominus

1065 5437 1159 5480 Noster
1173 5434 1270 5480 statuit
1284 5434 1311 5478 in
1328 5433 1448 5490 proximo
1457 5432 1614 5478 consistorio
1624 5431 1687 5477 raeti
1697 5434 1753 5477 tam
1764 5441 1816 5476 me-

1065 5502 1202 5547 morabilis
1217 5501 1313 5546 seriem
1333 5499 1460 5545 tratribus
1480 5499 1536 5544 suis
1551 5501 1662 5544 Sanctae
1679 5501 1815 5543 Romanae

1065 5568 1197 5614 Ecclesiae
1211 5565 1394 5612 cardinalibus
1405 5565 1494 5622 palam
1504 5565 1602 5619 sacere;
1614 5575 1696 5620 eaque
1706 5563 1816 5621 insuper

1065 5645 1200 5692 peragere,
1215 5644 1282 5690 quae
1297 5632 1395 5678 electus
1411 5631 1501 5676 simon
1515 5634 1609 5676 Petrus
1622 5629 1779 5676 patriarcha
1789 5631 1816 5675 et

1065 5701 1203 5748 Praesules
1217 5699 1363 5745 Maronitas
1377 5699 1554 5755 postulabant.
1577 5698 1708 5742 Indictum
1723 5697 1816 5753 itaque

1065 5767 1115 5815 fuit
1134 5769 1165 5813 de
1184 5778 1257 5812 more
1279 5767 1410 5812 secretum
1432 5764 1624 5810 consistorium
1646 5764 1689 5809 die
1703 5775 1761 5809 xnr.
1777 5764 1818 5809 iu·

1065 5836 1096 5880 lii
1110 5845 1253 5882 unccmv.
1269 5833 1297 5878 in
1311 5844 1363 5890 quo
1377 5832 1457 5878 istam
1472 5830 1660 5878 allocutionem
1675 5830 1783 5876 habuit:
