<?xml version="1.0" encoding="UTF-8"?>
<!DOCTYPE html PUBLIC "-//W3C//DTD XHTML 1.0 Transitional//EN"
    "http://www.w3.org/TR/xhtml1/DTD/xhtml1-transitional.dtd">
<html xmlns="http://www.w3.org/1999/xhtml" xml:lang="en" lang="en">
 <head>
  <title>
</title>
<meta http-equiv="Content-Type" content="text/html;charset=utf-8" />
  <meta name='ocr-system' content='tesseract 3.04.00' />
  <meta name='ocr-capabilities' content='ocr_page ocr_carea ocr_par ocr_line ocrx_word'/>
</head>
<body>
  <div class='ocr_page' id='page_1' title='image "./iurispontificii02martgoog_0546.png"; bbox 0 0 4838 6982; ppageno 0'>
   <div class='ocr_carea' id='block_1_1' title="bbox 369 545 557 602">
    <p class='ocr_par' dir='ltr' id='par_1_1' title="bbox 369 545 557 602">
     <span class='ocr_line' id='line_1_1' title="bbox 369 545 557 602; baseline 0.016 -4"><span class='ocrx_word' id='word_1_1' title='bbox 369 545 423 600; x_wconf 77' lang='lat' dir='ltr'><strong>An.</strong></span> <span class='ocrx_word' id='word_1_2' title='bbox 437 549 467 600; x_wconf 80' lang='grc'><strong>0.</strong></span> <span class='ocrx_word' id='word_1_3' title='bbox 490 549 557 602; x_wconf 80' lang='grc'><strong>1753</strong></span> 
     </span>
    </p>
   </div>
   <div class='ocr_carea' id='block_1_2' title="bbox 607 550 666 615">
    <p class='ocr_par' dir='ltr' id='par_1_2' title="bbox 607 550 666 615">
     <span class='ocr_line' id='line_1_2' title="bbox 607 550 666 615; baseline 0.068 -3"><span class='ocrx_word' id='word_1_4' title='bbox 607 550 666 615; x_wconf 81' lang='grc'><strong>530</strong></span> 
     </span>
    </p>
   </div>
   <div class='ocr_carea' id='block_1_3' title="bbox 584 690 1332 2648">
    <p class='ocr_par' dir='ltr' id='par_1_3' title="bbox 584 690 1332 2648">
     <span class='ocr_line' id='line_1_3' title="bbox 587 690 1328 770; baseline 0.001 -14"><span class='ocrx_word' id='word_1_5' title='bbox 587 692 700 756; x_wconf 90' lang='lat' dir='ltr'><strong>ducere</strong></span> <span class='ocrx_word' id='word_1_6' title='bbox 721 691 895 755; x_wconf 89' lang='lat' dir='ltr'><strong>videantur.</strong></span> <span class='ocrx_word' id='word_1_7' title='bbox 917 690 1035 754; x_wconf 79' lang='lat' dir='ltr'><strong>Pariter</strong></span> <span class='ocrx_word' id='word_1_8' title='bbox 1055 699 1250 770; x_wconf 86' lang='lat' dir='ltr'><strong>compertum</strong></span> <span class='ocrx_word' id='word_1_9' title='bbox 1271 701 1328 768; x_wconf 87' lang='lat' dir='ltr'><strong>est,</strong></span> 
     </span>
     <span class='ocr_line' id='line_1_4' title="bbox 587 784 1331 864; baseline 0.003 -16"><span class='ocrx_word' id='word_1_10' title='bbox 587 786 753 864; x_wconf 82' lang='lat' dir='ltr'>collegium</span> <span class='ocrx_word' id='word_1_11' title='bbox 772 784 954 863; x_wconf 85' lang='lat' dir='ltr'><strong>Ulyssiponc</strong></span> <span class='ocrx_word' id='word_1_12' title='bbox 975 801 1030 864; x_wconf 94' lang='lat' dir='ltr'><strong>pro</strong></span> <span class='ocrx_word' id='word_1_13' title='bbox 1052 785 1160 863; x_wconf 80' lang='lat' dir='ltr'><strong>Anglis</strong></span> <span class='ocrx_word' id='word_1_14' title='bbox 1182 786 1331 863; x_wconf 89' lang='lat' dir='ltr'><strong>recipien-</strong></span> 
     </span>
     <span class='ocr_line' id='line_1_5' title="bbox 586 878 1329 958; baseline 0 -18"><span class='ocrx_word' id='word_1_15' title='bbox 586 879 632 941; x_wconf 89' lang='lat' dir='ltr'><strong>dis</strong></span> <span class='ocrx_word' id='word_1_16' title='bbox 654 886 793 940; x_wconf 91' lang='lat' dir='ltr'><strong>erectum</strong></span> <span class='ocrx_word' id='word_1_17' title='bbox 815 894 891 953; x_wconf 89' lang='lat' dir='ltr'><strong>esse,</strong></span> <span class='ocrx_word' id='word_1_18' title='bbox 905 878 1037 942; x_wconf 90' lang='lat' dir='ltr'><strong>alterum</strong></span> <span class='ocrx_word' id='word_1_19' title='bbox 1061 879 1194 955; x_wconf 90' lang='lat' dir='ltr'><strong>Parisiis,</strong></span> <span class='ocrx_word' id='word_1_20' title='bbox 1216 878 1329 958; x_wconf 78' lang='lat' dir='ltr'>Hispali</span> 
     </span>
     <span class='ocr_line' id='line_1_6' title="bbox 587 971 1328 1048; baseline 0 -12"><span class='ocrx_word' id='word_1_21' title='bbox 587 989 699 1048; x_wconf 93' lang='lat' dir='ltr'><strong>unum,</strong></span> <span class='ocrx_word' id='word_1_22' title='bbox 732 971 915 1037; x_wconf 82' lang='lat' dir='ltr'><strong>Vallisoletti</strong></span> <span class='ocrx_word' id='word_1_23' title='bbox 938 972 1082 1036; x_wconf 88' lang='lat' dir='ltr'><strong>alterum.</strong></span> <span class='ocrx_word' id='word_1_24' title='bbox 1107 973 1328 1038; x_wconf 74' lang='lat' dir='ltr'><strong>Verumtamen</strong></span> 
     </span>
     <span class='ocr_line' id='line_1_7' title="bbox 586 1067 1330 1148; baseline -0.004 -18"><span class='ocrx_word' id='word_1_25' title='bbox 586 1085 657 1132; x_wconf 93' lang='lat' dir='ltr'><strong>cum</strong></span> <span class='ocrx_word' id='word_1_26' title='bbox 678 1068 859 1130; x_wconf 90' lang='lat' dir='ltr'><strong>eorumdem</strong></span> <span class='ocrx_word' id='word_1_27' title='bbox 882 1067 1037 1131; x_wconf 92' lang='lat' dir='ltr'><strong>institutio</strong></span> <span class='ocrx_word' id='word_1_28' title='bbox 1059 1075 1151 1148; x_wconf 91' lang='lat' dir='ltr'><strong>atque</strong></span> <span class='ocrx_word' id='word_1_29' title='bbox 1169 1068 1330 1132; x_wconf 79' lang='lat' dir='ltr'><strong>existentia</strong></span> 
     </span>
     <span class='ocr_line' id='line_1_8' title="bbox 586 1161 1329 1240; baseline -0.004 -16"><span class='ocrx_word' id='word_1_30' title='bbox 586 1161 663 1224; x_wconf 88' lang='lat' dir='ltr'>nihil</span> <span class='ocrx_word' id='word_1_31' title='bbox 695 1169 850 1240; x_wconf 87' lang='lat' dir='ltr'><strong>praetcrea</strong></span> <span class='ocrx_word' id='word_1_32' title='bbox 884 1161 1074 1238; x_wconf 88' lang='lat' dir='ltr'><strong>innotescat,</strong></span> <span class='ocrx_word' id='word_1_33' title='bbox 1104 1177 1195 1225; x_wconf 90' lang='lat' dir='ltr'><strong>curae</strong></span> <span class='ocrx_word' id='word_1_34' title='bbox 1224 1161 1283 1224; x_wconf 90' lang='lat' dir='ltr'><strong>erit</strong></span> <span class='ocrx_word' id='word_1_35' title='bbox 1314 1177 1329 1222; x_wconf 89' lang='lat' dir='ltr'><strong>a</strong></span> 
     </span>
     <span class='ocr_line' id='line_1_9' title="bbox 586 1253 1332 1337; baseline 0.003 -21"><span class='ocrx_word' id='word_1_36' title='bbox 586 1253 718 1318; x_wconf 89' lang='lat' dir='ltr'><strong>Secretis</strong></span> <span class='ocrx_word' id='word_1_37' title='bbox 741 1256 997 1333; x_wconf 73' lang='lat' dir='ltr'><strong>congregationis</strong></span> <span class='ocrx_word' id='word_1_38' title='bbox 1012 1259 1049 1320; x_wconf 92' lang='lat' dir='ltr'><strong>de</strong></span> <span class='ocrx_word' id='word_1_39' title='bbox 1070 1258 1268 1337; x_wconf 75' lang='lat' dir='ltr'>Propagandi</span> <span class='ocrx_word' id='word_1_40' title='bbox 1284 1258 1332 1320; x_wconf 82' lang='lat' dir='ltr'><strong>Fi-</strong></span> 
     </span>
     <span class='ocr_line' id='line_1_10' title="bbox 585 1348 1330 1430; baseline 0.003 -19"><span class='ocrx_word' id='word_1_41' title='bbox 585 1351 633 1423; x_wconf 91' lang='lat' dir='ltr'><strong>de,</strong></span> <span class='ocrx_word' id='word_1_42' title='bbox 656 1348 792 1411; x_wconf 88' lang='lat' dir='ltr'><strong>consiliis</strong></span> <span class='ocrx_word' id='word_1_43' title='bbox 814 1365 886 1410; x_wconf 92' lang='lat' dir='ltr'><strong>cum</strong></span> <span class='ocrx_word' id='word_1_44' title='bbox 902 1350 1064 1413; x_wconf 86' lang='lat' dir='ltr'><strong>(lardirrale</strong></span> <span class='ocrx_word' id='word_1_45' title='bbox 1085 1351 1186 1430; x_wconf 92' lang='lat' dir='ltr'><strong>primo</strong></span> <span class='ocrx_word' id='word_1_46' title='bbox 1207 1352 1330 1429; x_wconf 86' lang='lat' dir='ltr'><strong>pontin-</strong></span> 
     </span>
     <span class='ocr_line' id='line_1_11' title="bbox 585 1441 1331 1519; baseline 0.003 -15"><span class='ocrx_word' id='word_1_47' title='bbox 585 1445 646 1504; x_wconf 90' lang='lat' dir='ltr'><strong>ciae</strong></span> <span class='ocrx_word' id='word_1_48' title='bbox 669 1443 794 1506; x_wconf 90' lang='lat' dir='ltr'><strong>ditionis</strong></span> <span class='ocrx_word' id='word_1_49' title='bbox 815 1441 997 1506; x_wconf 89' lang='lat' dir='ltr'><strong>administro</strong></span> <span class='ocrx_word' id='word_1_50' title='bbox 1015 1443 1144 1519; x_wconf 91' lang='lat' dir='ltr'><strong>collatis,</strong></span> <span class='ocrx_word' id='word_1_51' title='bbox 1161 1453 1196 1506; x_wconf 91' lang='lat' dir='ltr'><strong>ut</strong></span> <span class='ocrx_word' id='word_1_52' title='bbox 1217 1445 1331 1507; x_wconf 92' lang='lat' dir='ltr'><strong>dentur</strong></span> 
     </span>
     <span class='ocr_line' id='line_1_12' title="bbox 585 1525 1328 1616; baseline 0.007 -19"><span class='ocrx_word' id='word_1_53' title='bbox 585 1537 693 1598; x_wconf 89' lang='lat' dir='ltr'><strong>literae</strong></span> <span class='ocrx_word' id='word_1_54' title='bbox 724 1535 851 1598; x_wconf 90' lang='lat' dir='ltr'><strong>Nunciis</strong></span> <span class='ocrx_word' id='word_1_55' title='bbox 885 1525 1065 1616; x_wconf 79' lang='lat' dir='ltr'><strong>Apostolicis</strong></span> <span class='ocrx_word' id='word_1_56' title='bbox 1097 1540 1129 1600; x_wconf 93' lang='lat' dir='ltr'><strong>in</strong></span> <span class='ocrx_word' id='word_1_57' title='bbox 1159 1539 1328 1613; x_wconf 83' lang='lat' dir='ltr'><strong>Lusitanid,</strong></span> 
     </span>
     <span class='ocr_line' id='line_1_13' title="bbox 584 1628 1331 1707; baseline 0.007 -17"><span class='ocrx_word' id='word_1_58' title='bbox 584 1628 678 1690; x_wconf 78' lang='lat' dir='ltr'><strong>Gallia</strong></span> <span class='ocrx_word' id='word_1_59' title='bbox 700 1636 731 1690; x_wconf 91' lang='lat' dir='ltr'><strong>et</strong></span> <span class='ocrx_word' id='word_1_60' title='bbox 753 1629 895 1707; x_wconf 83' lang='lat' dir='ltr'><strong>hispania</strong></span> <span class='ocrx_word' id='word_1_61' title='bbox 918 1631 1194 1707; x_wconf 80' lang='lat' dir='ltr'><strong>commorantibus,</strong></span> <span class='ocrx_word' id='word_1_62' title='bbox 1218 1642 1253 1695; x_wconf 92' lang='lat' dir='ltr'><strong>ut</strong></span> <span class='ocrx_word' id='word_1_63' title='bbox 1275 1633 1331 1695; x_wconf 91' lang='lat' dir='ltr'><strong>im·</strong></span> 
     </span>
     <span class='ocr_line' id='line_1_14' title="bbox 585 1719 1329 1803; baseline 0.007 -22"><span class='ocrx_word' id='word_1_64' title='bbox 585 1721 710 1798; x_wconf 85' lang='lat' dir='ltr'><strong>pensius</strong></span> <span class='ocrx_word' id='word_1_65' title='bbox 733 1723 767 1784; x_wconf 88' lang='lat' dir='ltr'><strong>de</strong></span> <span class='ocrx_word' id='word_1_66' title='bbox 790 1719 952 1800; x_wconf 88' lang='lat' dir='ltr'><strong>praedictis</strong></span> <span class='ocrx_word' id='word_1_67' title='bbox 975 1722 1118 1800; x_wconf 86' lang='lat' dir='ltr'><strong>Collegiis</strong></span> <span class='ocrx_word' id='word_1_68' title='bbox 1141 1724 1329 1803; x_wconf 92' lang='lat' dir='ltr'><strong>inquiratur,</strong></span> 
     </span>
     <span class='ocr_line' id='line_1_15' title="bbox 585 1815 1327 1896; baseline 0.003 -20"><span class='ocrx_word' id='word_1_69' title='bbox 585 1815 1327 1896; x_wconf 87' lang='lat' dir='ltr'><strong>eorumquegubcrnatioomninoexploratatiat.</strong></span> 
     </span>
     <span class='ocr_line' id='line_1_16' title="bbox 586 1906 1330 1989; baseline 0.008 -21"><span class='ocrx_word' id='word_1_70' title='bbox 586 1906 693 1986; x_wconf 91' lang='lat' dir='ltr'><strong>Neque</strong></span> <span class='ocrx_word' id='word_1_71' title='bbox 720 1908 749 1970; x_wconf 95' lang='lat' dir='ltr'><strong>id</strong></span> <span class='ocrx_word' id='word_1_72' title='bbox 770 1925 807 1969; x_wconf 88' lang='lat' dir='ltr'><strong>eo</strong></span> <span class='ocrx_word' id='word_1_73' title='bbox 837 1910 967 1972; x_wconf 89' lang='lat' dir='ltr'><strong>tendere</strong></span> <span class='ocrx_word' id='word_1_74' title='bbox 996 1910 1186 1989; x_wconf 90' lang='lat' dir='ltr'><strong>opinandum</strong></span> <span class='ocrx_word' id='word_1_75' title='bbox 1214 1919 1272 1986; x_wconf 89' lang='lat' dir='ltr'><strong>est,</strong></span> <span class='ocrx_word' id='word_1_76' title='bbox 1296 1921 1330 1974; x_wconf 91' lang='lat' dir='ltr'><strong>ut</strong></span> 
     </span>
     <span class='ocr_line' id='line_1_17' title="bbox 586 2001 1331 2082; baseline 0.005 -19"><span class='ocrx_word' id='word_1_77' title='bbox 586 2001 755 2080; x_wconf 87' lang='lat' dir='ltr'><strong>quidquam</strong></span> <span class='ocrx_word' id='word_1_78' title='bbox 777 2002 955 2064; x_wconf 91' lang='lat' dir='ltr'><strong>detrahatur</strong></span> <span class='ocrx_word' id='word_1_79' title='bbox 983 2003 1157 2065; x_wconf 79' lang='lat' dir='ltr'><strong>auctoritati</strong></span> <span class='ocrx_word' id='word_1_80' title='bbox 1178 2005 1229 2066; x_wconf 90' lang='lat' dir='ltr'><strong>vel</strong></span> <span class='ocrx_word' id='word_1_81' title='bbox 1250 2005 1331 2082; x_wconf 91' lang='lat' dir='ltr'><strong>regi·</strong></span> 
     </span>
     <span class='ocr_line' id='line_1_18' title="bbox 585 2094 1328 2176; baseline 0.009 -21"><span class='ocrx_word' id='word_1_82' title='bbox 585 2094 664 2156; x_wconf 92' lang='lat' dir='ltr'><strong>mini</strong></span> <span class='ocrx_word' id='word_1_83' title='bbox 686 2095 925 2174; x_wconf 88' lang='lat' dir='ltr'><strong>cuiuscumque,</strong></span> <span class='ocrx_word' id='word_1_84' title='bbox 949 2095 1002 2174; x_wconf 91' lang='lat' dir='ltr'><strong>qui</strong></span> <span class='ocrx_word' id='word_1_85' title='bbox 1024 2096 1161 2174; x_wconf 81' lang='lat' dir='ltr'><strong>legitimi</strong></span> <span class='ocrx_word' id='word_1_86' title='bbox 1193 2099 1328 2176; x_wconf 88' lang='lat' dir='ltr'><strong>ipsorum</strong></span> 
     </span>
     <span class='ocr_line' id='line_1_19' title="bbox 586 2187 1327 2268; baseline 0.005 -18"><span class='ocrx_word' id='word_1_87' title='bbox 586 2187 707 2251; x_wconf 81' lang='lat' dir='ltr'><strong>fruatur</strong></span> <span class='ocrx_word' id='word_1_88' title='bbox 729 2191 933 2268; x_wconf 70' lang='lat' dir='ltr'><strong>possessione,</strong></span> <span class='ocrx_word' id='word_1_89' title='bbox 956 2193 1007 2254; x_wconf 89' lang='lat' dir='ltr'><strong>sed</strong></span> <span class='ocrx_word' id='word_1_90' title='bbox 1030 2209 1066 2254; x_wconf 92' lang='lat' dir='ltr'><strong>eo</strong></span> <span class='ocrx_word' id='word_1_91' title='bbox 1081 2193 1239 2254; x_wconf 81' lang='lat' dir='ltr'><strong>dumtaxat</strong></span> <span class='ocrx_word' id='word_1_92' title='bbox 1255 2194 1327 2268; x_wconf 88' lang='lat' dir='ltr'><strong>line,</strong></span> 
     </span>
     <span class='ocr_line' id='line_1_20' title="bbox 587 2284 1329 2364; baseline 0.003 -16"><span class='ocrx_word' id='word_1_93' title='bbox 587 2293 621 2348; x_wconf 92' lang='lat' dir='ltr'><strong>ut</strong></span> <span class='ocrx_word' id='word_1_94' title='bbox 643 2286 726 2348; x_wconf 86' lang='lat' dir='ltr'><strong>inter</strong></span> <span class='ocrx_word' id='word_1_95' title='bbox 747 2301 802 2348; x_wconf 88' lang='lat' dir='ltr'><strong>nos</strong></span> <span class='ocrx_word' id='word_1_96' title='bbox 822 2284 1199 2364; x_wconf 89' lang='lat' dir='ltr'><strong>eosdemqueplenissime</strong></span> <span class='ocrx_word' id='word_1_97' title='bbox 1217 2303 1329 2350; x_wconf 87' lang='lat' dir='ltr'><strong>eonve-</strong></span> 
     </span>
     <span class='ocr_line' id='line_1_21' title="bbox 586 2377 1329 2460; baseline 0.008 -22"><span class='ocrx_word' id='word_1_98' title='bbox 586 2380 652 2445; x_wconf 87' lang='lat' dir='ltr'><strong>niat</strong></span> <span class='ocrx_word' id='word_1_99' title='bbox 674 2379 710 2440; x_wconf 92' lang='lat' dir='ltr'><strong>iis</strong></span> <span class='ocrx_word' id='word_1_100' title='bbox 725 2377 757 2440; x_wconf 89' lang='lat' dir='ltr'><strong>in</strong></span> <span class='ocrx_word' id='word_1_101' title='bbox 772 2378 876 2455; x_wconf 90' lang='lat' dir='ltr'><strong>rebus,</strong></span> <span class='ocrx_word' id='word_1_102' title='bbox 889 2396 968 2457; x_wconf 90' lang='lat' dir='ltr'><strong>quae</strong></span> <span class='ocrx_word' id='word_1_103' title='bbox 989 2380 1024 2441; x_wconf 95' lang='lat' dir='ltr'><strong>ad</strong></span> <span class='ocrx_word' id='word_1_104' title='bbox 1036 2379 1178 2444; x_wconf 90' lang='lat' dir='ltr'><strong>alumnos</strong></span> <span class='ocrx_word' id='word_1_105' title='bbox 1192 2389 1329 2460; x_wconf 87' lang='lat' dir='ltr'><strong>spectant</strong></span> 
     </span>
     <span class='ocr_line' id='line_1_22' title="bbox 587 2473 1329 2552; baseline -0.007 -13"><span class='ocrx_word' id='word_1_106' title='bbox 587 2494 624 2540; x_wconf 90' lang='lat' dir='ltr'><strong>ex</strong></span> <span class='ocrx_word' id='word_1_107' title='bbox 658 2473 837 2538; x_wconf 90' lang='lat' dir='ltr'><strong>Seminariis</strong></span> <span class='ocrx_word' id='word_1_108' title='bbox 866 2477 898 2538; x_wconf 94' lang='lat' dir='ltr'><strong>in</strong></span> <span class='ocrx_word' id='word_1_109' title='bbox 929 2475 1074 2552; x_wconf 79' lang='lat' dir='ltr'><strong>angliam</strong></span> <span class='ocrx_word' id='word_1_110' title='bbox 1104 2476 1139 2538; x_wconf 89' lang='lat' dir='ltr'><strong>ad</strong></span> <span class='ocrx_word' id='word_1_111' title='bbox 1169 2475 1329 2537; x_wconf 87' lang='lat' dir='ltr'><strong>missiones</strong></span> 
     </span>
     <span class='ocr_line' id='line_1_23' title="bbox 585 2569 1179 2648; baseline -0.008 -15"><span class='ocrx_word' id='word_1_112' title='bbox 585 2571 740 2634; x_wconf 89' lang='lat' dir='ltr'><strong>obeundas</strong></span> <span class='ocrx_word' id='word_1_113' title='bbox 762 2569 954 2648; x_wconf 86' lang='lat' dir='ltr'><strong>proiecturis.</strong></span> <span class='ocrx_word' id='word_1_114' title='bbox 1177 2581 1179 2586; x_wconf 88' lang='lat'>·</span> 
     </span>
    </p>
   </div>
   <div class='ocr_carea' id='block_1_4' title="bbox 356 2661 1328 2776">
    <p class='ocr_par' dir='ltr' id='par_1_4' title="bbox 356 2661 1328 2776">
     <span class='ocr_line' id='line_1_24' title="bbox 356 2661 1328 2776; baseline -0.007 -47"><span class='ocrx_word' id='word_1_115' title='bbox 356 2663 567 2776; x_wconf 47' lang='lat' dir='ltr'><strong>nffiftlglffigfilggi</strong></span> <span class='ocrx_word' id='word_1_116' title='bbox 626 2665 644 2740; x_wconf 72' lang='grc' dir='ltr'><strong>ἓ</strong></span> <span class='ocrx_word' id='word_1_117' title='bbox 666 2664 695 2726; x_wconf 85' lang='grc'><strong>3.</strong></span> <span class='ocrx_word' id='word_1_118' title='bbox 718 2663 868 2738; x_wconf 86' lang='lat' dir='ltr'><strong>Quoniam</strong></span> <span class='ocrx_word' id='word_1_119' title='bbox 891 2679 966 2724; x_wconf 88' lang='lat' dir='ltr'><strong>vero</strong></span> <span class='ocrx_word' id='word_1_120' title='bbox 982 2669 1144 2726; x_wconf 85' lang='lat' dir='ltr'><strong>versantur</strong></span> <span class='ocrx_word' id='word_1_121' title='bbox 1166 2663 1197 2724; x_wconf 94' lang='lat' dir='ltr'><strong>in</strong></span> <span class='ocrx_word' id='word_1_122' title='bbox 1217 2661 1328 2739; x_wconf 86' lang='lat' dir='ltr'><strong>huglia</strong></span> 
     </span>
    </p>
   </div>
   <div class='ocr_carea' id='block_1_5' title="bbox 355 2755 1329 2832">
    <p class='ocr_par' dir='ltr' id='par_1_5' title="bbox 355 2755 1329 2832">
     <span class='ocr_line' id='line_1_25' title="bbox 355 2755 1329 2832; baseline 0 -16"><span class='ocrx_word' id='word_1_123' title='bbox 355 2773 513 2819; x_wconf 75' lang='lat' dir='ltr'><strong>mittantur</strong></span> <span class='ocrx_word' id='word_1_124' title='bbox 533 2774 566 2820; x_wconf 80' lang='lat' dir='ltr'><strong>aa</strong></span> <span class='ocrx_word' id='word_1_125' title='bbox 586 2757 770 2819; x_wconf 86' lang='lat' dir='ltr'><strong>missionarii</strong></span> <span class='ocrx_word' id='word_1_126' title='bbox 793 2771 829 2816; x_wconf 90' lang='lat' dir='ltr'><strong>ex</strong></span> <span class='ocrx_word' id='word_1_127' title='bbox 852 2755 976 2817; x_wconf 83' lang='lat' dir='ltr'><strong>laminis</strong></span> <span class='ocrx_word' id='word_1_128' title='bbox 998 2755 1203 2832; x_wconf 89' lang='lat' dir='ltr'><strong>regularibus,</strong></span> <span class='ocrx_word' id='word_1_129' title='bbox 1215 2755 1329 2818; x_wconf 89' lang='lat' dir='ltr'><strong>scilicet</strong></span> 
     </span>
    </p>
   </div>
   <div class='ocr_carea' id='block_1_6' title="bbox 354 2827 566 2873">
    <p class='ocr_par' dir='ltr' id='par_1_6' title="bbox 354 2827 566 2873">
     <span class='ocr_line' id='line_1_26' title="bbox 354 2827 566 2873; baseline 0.009 -3"><span class='ocrx_word' id='word_1_130' title='bbox 354 2830 422 2870; x_wconf 85' lang='lat' dir='ltr'><strong>certa</strong></span> <span class='ocrx_word' id='word_1_131' title='bbox 432 2827 566 2873; x_wconf 87' lang='lat' dir='ltr'><strong>dumtaxat</strong></span> 
     </span>
    </p>
   </div>
   <div class='ocr_carea' id='block_1_7' title="bbox 354 2847 1327 2926">
    <p class='ocr_par' dir='ltr' id='par_1_7' title="bbox 354 2847 1327 2926">
     <span class='ocr_line' id='line_1_27' title="bbox 354 2847 1327 2926; baseline -0.007 -11"><span class='ocrx_word' id='word_1_132' title='bbox 354 2877 437 2926; x_wconf 56' lang='lat' dir='ltr'><strong>offla„</strong></span> <span class='ocrx_word' id='word_1_133' title='bbox 451 2891 567 2926; x_wconf 56' lang='lat' dir='ltr'><strong>„meg</strong></span> <span class='ocrx_word' id='word_1_134' title='bbox 586 2850 745 2914; x_wconf 88' lang='lat' dir='ltr'><strong>Societatis</strong></span> <span class='ocrx_word' id='word_1_135' title='bbox 766 2849 846 2922; x_wconf 90' lang='lat' dir='ltr'><strong>lesu,</strong></span> <span class='ocrx_word' id='word_1_136' title='bbox 869 2848 901 2913; x_wconf 87' lang='lat' dir='ltr'><strong>S.</strong></span> <span class='ocrx_word' id='word_1_137' title='bbox 926 2848 1095 2924; x_wconf 83' lang='lat' dir='ltr'><strong>Benedicti,</strong></span> <span class='ocrx_word' id='word_1_138' title='bbox 1119 2847 1149 2911; x_wconf 90' lang='lat' dir='ltr'><strong>S.</strong></span> <span class='ocrx_word' id='word_1_139' title='bbox 1163 2847 1327 2923; x_wconf 66' lang='lat' dir='ltr'><strong>[lominich</strong></span> 
     </span>
    </p>
   </div>
   <div class='ocr_carea' id='block_1_8' title="bbox 354 2933 567 2986">
    <p class='ocr_par' dir='ltr' id='par_1_8' title="bbox 354 2933 567 2986">
     <span class='ocr_line' id='line_1_28' title="bbox 354 2933 567 2986; baseline 0.014 -9"><span class='ocrx_word' id='word_1_140' title='bbox 354 2933 567 2986; x_wconf 82' lang='lat' dir='ltr'><strong>da,otexiistau-</strong></span> 
     </span>
    </p>
   </div>
   <div class='ocr_carea' id='block_1_9' title="bbox 354 2987 565 3042">
    <p class='ocr_par' dir='ltr' id='par_1_9' title="bbox 354 2987 565 3042">
     <span class='ocr_line' id='line_1_29' title="bbox 354 2987 565 3042; baseline 0 -10"><span class='ocrx_word' id='word_1_141' title='bbox 354 2989 409 3032; x_wconf 90' lang='lat' dir='ltr'><strong>tum</strong></span> <span class='ocrx_word' id='word_1_142' title='bbox 421 2987 565 3042; x_wconf 83' lang='lat' dir='ltr'><strong>ordinibus,</strong></span> 
     </span>
    </p>
   </div>
   <div class='ocr_carea' id='block_1_10' title="bbox 586 2941 1327 3016">
    <p class='ocr_par' dir='ltr' id='par_1_10' title="bbox 586 2941 1327 3016">
     <span class='ocr_line' id='line_1_30' title="bbox 586 2941 1327 3016; baseline -0.008 -8"><span class='ocrx_word' id='word_1_143' title='bbox 586 2943 616 3008; x_wconf 90' lang='lat' dir='ltr'><strong>S.</strong></span> <span class='ocrx_word' id='word_1_144' title='bbox 633 2943 798 3015; x_wconf 81' lang='lat' dir='ltr'><strong>Francisci,</strong></span> <span class='ocrx_word' id='word_1_145' title='bbox 812 2941 1047 3004; x_wconf 83' lang='lat' dir='ltr'><strong>Carmelitarurn</strong></span> <span class='ocrx_word' id='word_1_146' title='bbox 1065 2941 1327 3016; x_wconf 87' lang='lat' dir='ltr'><strong>Excalceatorum;</strong></span> 
     </span>
    </p>
   </div>
   <div class='ocr_carea' id='block_1_11' title="bbox 353 3032 1328 3140">
    <p class='ocr_par' dir='ltr' id='par_1_11' title="bbox 353 3032 1328 3140">
     <span class='ocr_line' id='line_1_31' title="bbox 353 3032 1328 3140; baseline -0.003 -43"><span class='ocrx_word' id='word_1_147' title='bbox 353 3040 566 3140; x_wconf 42' lang='lat' dir='ltr'><strong>tqgkpsroeqreiffi</strong></span> <span class='ocrx_word' id='word_1_148' title='bbox 585 3052 694 3099; x_wconf 88' lang='lat' dir='ltr'><strong>cavere</strong></span> <span class='ocrx_word' id='word_1_149' title='bbox 717 3035 845 3100; x_wconf 91' lang='lat' dir='ltr'><strong>omnino</strong></span> <span class='ocrx_word' id='word_1_150' title='bbox 862 3034 974 3096; x_wconf 90' lang='lat' dir='ltr'><strong>debent</strong></span> <span class='ocrx_word' id='word_1_151' title='bbox 990 3049 1096 3097; x_wconf 87' lang='lat' dir='ltr'><strong>earum</strong></span> <span class='ocrx_word' id='word_1_152' title='bbox 1112 3032 1328 3111; x_wconf 83' lang='lat' dir='ltr'><strong>provinciales,</strong></span> 
     </span>
    </p>
   </div>
   <div class='ocr_carea' id='block_1_12' title="bbox 353 3126 1330 3202">
    <p class='ocr_par' dir='ltr' id='par_1_12' title="bbox 353 3126 1330 3202">
     <span class='ocr_line' id='line_1_32' title="bbox 353 3126 1330 3202; baseline -0.002 -11"><span class='ocrx_word' id='word_1_153' title='bbox 353 3145 566 3194; x_wconf 71' lang='lat' dir='ltr'><strong>lunationem-</strong></span> <span class='ocrx_word' id='word_1_154' title='bbox 585 3146 625 3192; x_wconf 91' lang='lat' dir='ltr'><strong>ne</strong></span> <span class='ocrx_word' id='word_1_155' title='bbox 645 3146 678 3191; x_wconf 90' lang='lat' dir='ltr'><strong>rn</strong></span> <span class='ocrx_word' id='word_1_156' title='bbox 702 3126 909 3190; x_wconf 88' lang='lat' dir='ltr'><strong>missionarios</strong></span> <span class='ocrx_word' id='word_1_157' title='bbox 933 3127 1081 3202; x_wconf 89' lang='lat' dir='ltr'><strong>deligant,</strong></span> <span class='ocrx_word' id='word_1_158' title='bbox 1099 3127 1157 3189; x_wconf 90' lang='lat' dir='ltr'><strong>nisi</strong></span> <span class='ocrx_word' id='word_1_159' title='bbox 1174 3127 1256 3189; x_wconf 91' lang='lat' dir='ltr'><strong>viros</strong></span> <span class='ocrx_word' id='word_1_160' title='bbox 1272 3143 1330 3189; x_wconf 92' lang='lat' dir='ltr'><strong>nn-</strong></span> 
     </span>
    </p>
   </div>
   <div class='ocr_carea' id='block_1_13' title="bbox 353 3200 564 3300">
    <p class='ocr_par' dir='ltr' id='par_1_13' title="bbox 353 3200 564 3300">
     <span class='ocr_line' id='line_1_33' title="bbox 353 3200 564 3300; baseline 0.009 -54"><span class='ocrx_word' id='word_1_161' title='bbox 353 3200 504 3300; x_wconf 55' lang='lat' dir='ltr'><strong>gggtnihus</strong></span> <span class='ocrx_word' id='word_1_162' title='bbox 523 3201 564 3248; x_wconf 88' lang='lat' dir='ltr'><strong>ha·</strong></span> 
     </span>
    </p>
   </div>
   <div class='ocr_carea' id='block_1_14' title="bbox 352 4812 564 4912">
    <p class='ocr_par' dir='ltr' id='par_1_14' title="bbox 352 4812 564 4912">
     <span class='ocr_line' id='line_1_34' title="bbox 385 4812 564 4858; baseline 0 0"><span class='ocrx_word' id='word_1_163' title='bbox 385 4813 488 4858; x_wconf 83' lang='lat' dir='ltr'><strong>Hiberni</strong></span> <span class='ocrx_word' id='word_1_164' title='bbox 507 4812 564 4858; x_wconf 77' lang='lat' dir='ltr'><strong>inis</strong></span> 
     </span>
     <span class='ocr_line' id='line_1_35' title="bbox 352 4867 564 4912; baseline 0.005 -2"><span class='ocrx_word' id='word_1_165' title='bbox 352 4867 498 4912; x_wconf 87' lang='lat' dir='ltr'><strong>sionibus</strong></span> <span class='ocrx_word' id='word_1_166' title='bbox 517 4869 564 4912; x_wconf 77' lang='lat' dir='ltr'><strong>An-</strong></span> 
     </span>
    </p>
   </div>
   <div class='ocr_carea' id='block_1_15' title="bbox 352 4919 565 5028">
    <p class='ocr_par' dir='ltr' id='par_1_15' title="bbox 352 4919 565 5028">
     <span class='ocr_line' id='line_1_36' title="bbox 352 4919 565 5016; baseline 0.014 -53"><span class='ocrx_word' id='word_1_167' title='bbox 352 4919 417 5016; x_wconf 59' lang='lat' dir='ltr'><strong>gliac</strong></span> <span class='ocrx_word' id='word_1_168' title='bbox 433 4930 483 4965; x_wconf 95' lang='lat' dir='ltr'><strong>non</strong></span> <span class='ocrx_word' id='word_1_169' title='bbox 494 4919 565 4984; x_wconf 71' lang='lat' dir='ltr'><strong>adhi-</strong></span> 
     </span>
     <span class='ocr_line' id='line_1_37' title="bbox 361 4976 565 5028; baseline 0.029 -14"><span class='ocrx_word' id='word_1_170' title='bbox 361 4976 469 5028; x_wconf 82' lang='lat' dir='ltr'><strong>icantur,</strong></span> <span class='ocrx_word' id='word_1_171' title='bbox 486 4984 565 5020; x_wconf 78' lang='lat' dir='ltr'><strong>nasta</strong></span> 
     </span>
    </p>
   </div>
   <div class='ocr_carea' id='block_1_16' title="bbox 351 5027 563 5181">
    <p class='ocr_par' dir='ltr' id='par_1_16' title="bbox 351 5027 563 5181">
     <span class='ocr_line' id='line_1_38' title="bbox 352 5027 561 5075; baseline 0.01 -6"><span class='ocrx_word' id='word_1_172' title='bbox 352 5027 457 5070; x_wconf 85' lang='lat' dir='ltr'><strong>Vicariis</strong></span> <span class='ocrx_word' id='word_1_173' title='bbox 478 5029 495 5072; x_wconf 92' lang='grc' dir='ltr'><strong>Α</strong></span> <span class='ocrx_word' id='word_1_174' title='bbox 516 5032 561 5075; x_wconf 89' lang='lat' dir='ltr'><strong>ost.</strong></span> 
     </span>
     <span class='ocr_line' id='line_1_39' title="bbox 352 5079 563 5128; baseline 0.028 -5"><span class='ocrx_word' id='word_1_175' title='bbox 352 5079 377 5124; x_wconf 88' lang='lat' dir='ltr'><strong>in</strong></span> <span class='ocrx_word' id='word_1_176' title='bbox 400 5079 479 5125; x_wconf 86' lang='lat' dir='ltr'><strong>subsi</strong></span> <span class='ocrx_word' id='word_1_177' title='bbox 507 5081 563 5128; x_wconf 90' lang='lat' dir='ltr'><strong>ium</strong></span> 
     </span>
     <span class='ocr_line' id='line_1_40' title="bbox 351 5136 482 5181; baseline 0.038 -5"><span class='ocrx_word' id='word_1_178' title='bbox 351 5136 482 5181; x_wconf 89' lang='lat' dir='ltr'><strong>vocentur.</strong></span> 
     </span>
    </p>
   </div>
   <div class='ocr_carea' id='block_1_17' title="bbox 581 3221 1329 5995">
    <p class='ocr_par' dir='ltr' id='par_1_17' title="bbox 581 3221 1329 5995">
     <span class='ocr_line' id='line_1_41' title="bbox 585 3221 1327 3297; baseline -0.003 -13"><span class='ocrx_word' id='word_1_179' title='bbox 585 3224 679 3285; x_wconf 89' lang='lat' dir='ltr'><strong>meris</strong></span> <span class='ocrx_word' id='word_1_180' title='bbox 701 3221 848 3284; x_wconf 90' lang='lat' dir='ltr'><strong>omnibus</strong></span> <span class='ocrx_word' id='word_1_181' title='bbox 870 3221 1042 3297; x_wconf 88' lang='lat' dir='ltr'><strong>absolutos,</strong></span> <span class='ocrx_word' id='word_1_182' title='bbox 1065 3221 1215 3297; x_wconf 79' lang='lat' dir='ltr'><strong>singulari</strong></span> <span class='ocrx_word' id='word_1_183' title='bbox 1237 3221 1327 3283; x_wconf 90' lang='lat' dir='ltr'><strong>nimi·</strong></span> 
     </span>
     <span class='ocr_line' id='line_1_42' title="bbox 584 3314 1329 3395; baseline -0.001 -18"><span class='ocrx_word' id='word_1_184' title='bbox 584 3331 656 3378; x_wconf 92' lang='lat' dir='ltr'><strong>rum</strong></span> <span class='ocrx_word' id='word_1_185' title='bbox 669 3315 792 3395; x_wconf 90' lang='lat' dir='ltr'><strong>pietate,</strong></span> <span class='ocrx_word' id='word_1_186' title='bbox 807 3314 924 3390; x_wconf 91' lang='lat' dir='ltr'><strong>ingenii</strong></span> <span class='ocrx_word' id='word_1_187' title='bbox 940 3314 1061 3378; x_wconf 91' lang='lat' dir='ltr'><strong>dotibus</strong></span> <span class='ocrx_word' id='word_1_188' title='bbox 1074 3315 1237 3393; x_wconf 88' lang='lat' dir='ltr'><strong>praeditos,</strong></span> <span class='ocrx_word' id='word_1_189' title='bbox 1250 3331 1329 3393; x_wconf 89' lang='lat' dir='ltr'><strong>quae</strong></span> 
     </span>
     <span class='ocr_line' id='line_1_43' title="bbox 583 3405 1327 3486; baseline -0.004 -15"><span class='ocrx_word' id='word_1_190' title='bbox 583 3407 618 3470; x_wconf 88' lang='lat' dir='ltr'><strong>ad</strong></span> <span class='ocrx_word' id='word_1_191' title='bbox 641 3416 758 3470; x_wconf 89' lang='lat' dir='ltr'><strong>tantam</strong></span> <span class='ocrx_word' id='word_1_192' title='bbox 781 3407 973 3486; x_wconf 89' lang='lat' dir='ltr'><strong>provinciam</strong></span> <span class='ocrx_word' id='word_1_193' title='bbox 1002 3416 1126 3484; x_wconf 90' lang='lat' dir='ltr'><strong>tamque</strong></span> <span class='ocrx_word' id='word_1_194' title='bbox 1148 3405 1327 3470; x_wconf 88' lang='lat' dir='ltr'><strong>laboriosam</strong></span> 
     </span>
     <span class='ocr_line' id='line_1_44' title="bbox 583 3500 1328 3581; baseline -0.004 -17"><span class='ocrx_word' id='word_1_195' title='bbox 583 3502 799 3581; x_wconf 86' lang='lat' dir='ltr'><strong>requiruntur.</strong></span> <span class='ocrx_word' id='word_1_196' title='bbox 832 3501 1039 3576; x_wconf 84' lang='lat' dir='ltr'><strong>Quamobrem</strong></span> <span class='ocrx_word' id='word_1_197' title='bbox 1060 3516 1100 3562; x_wconf 88' lang='lat' dir='ltr'><strong>nc</strong></span> <span class='ocrx_word' id='word_1_198' title='bbox 1121 3500 1159 3561; x_wconf 90' lang='lat' dir='ltr'><strong>oh</strong></span> <span class='ocrx_word' id='word_1_199' title='bbox 1187 3500 1328 3562; x_wconf 92' lang='lat' dir='ltr'><strong>immodi-</strong></span> 
     </span>
     <span class='ocr_line' id='line_1_45' title="bbox 583 3591 1328 3674; baseline -0.004 -16"><span class='ocrx_word' id='word_1_200' title='bbox 583 3610 793 3659; x_wconf 91' lang='lat' dir='ltr'><strong>cumeorum</strong></span> <span class='ocrx_word' id='word_1_201' title='bbox 823 3609 994 3657; x_wconf 83' lang='lat' dir='ltr'><strong>nanterum</strong></span> <span class='ocrx_word' id='word_1_202' title='bbox 1022 3591 1273 3674; x_wconf 88' lang='lat' dir='ltr'><strong>perturbationes</strong></span> <span class='ocrx_word' id='word_1_203' title='bbox 1298 3603 1328 3655; x_wconf 91' lang='lat' dir='ltr'><strong>et</strong></span> 
     </span>
     <span class='ocr_line' id='line_1_46' title="bbox 582 3687 1327 3766; baseline -0.001 -16"><span class='ocrx_word' id='word_1_204' title='bbox 582 3689 777 3752; x_wconf 89' lang='lat' dir='ltr'><strong>incommoda</strong></span> <span class='ocrx_word' id='word_1_205' title='bbox 807 3687 1004 3761; x_wconf 89' lang='lat' dir='ltr'><strong>oboriantur,</strong></span> <span class='ocrx_word' id='word_1_206' title='bbox 1033 3687 1104 3766; x_wconf 90' lang='lat' dir='ltr'><strong>ipsis</strong></span> <span class='ocrx_word' id='word_1_207' title='bbox 1133 3687 1327 3762; x_wconf 79' lang='lat' dir='ltr'><strong>regularium</strong></span> 
     </span>
     <span class='ocr_line' id='line_1_47' title="bbox 582 3780 1326 3861; baseline -0.004 -17"><span class='ocrx_word' id='word_1_208' title='bbox 582 3781 825 3861; x_wconf 87' lang='lat' dir='ltr'><strong>provincialibus</strong></span> <span class='ocrx_word' id='word_1_209' title='bbox 847 3780 1326 3860; x_wconf 87' lang='lat' dir='ltr'><strong>immutabiliterpraescribitur,</strong></span> 
     </span>
     <span class='ocr_line' id='line_1_48' title="bbox 582 3872 1328 3953; baseline -0.005 -15"><span class='ocrx_word' id='word_1_210' title='bbox 582 3883 617 3938; x_wconf 92' lang='lat' dir='ltr'><strong>ut</strong></span> <span class='ocrx_word' id='word_1_211' title='bbox 639 3891 689 3936; x_wconf 90' lang='lat' dir='ltr'><strong>eos</strong></span> <span class='ocrx_word' id='word_1_212' title='bbox 717 3873 878 3937; x_wconf 85' lang='lat' dir='ltr'><strong>dumtaxat</strong></span> <span class='ocrx_word' id='word_1_213' title='bbox 902 3873 932 3935; x_wconf 91' lang='lat' dir='ltr'><strong>in</strong></span> <span class='ocrx_word' id='word_1_214' title='bbox 955 3872 1100 3951; x_wconf 84' lang='lat' dir='ltr'><strong>hugliam</strong></span> <span class='ocrx_word' id='word_1_215' title='bbox 1123 3874 1258 3949; x_wconf 89' lang='lat' dir='ltr'><strong>mittant,</strong></span> <span class='ocrx_word' id='word_1_216' title='bbox 1275 3875 1328 3953; x_wconf 93' lang='lat' dir='ltr'><strong>qui</strong></span> 
     </span>
     <span class='ocr_line' id='line_1_49' title="bbox 582 3967 1326 4046; baseline -0.005 -16"><span class='ocrx_word' id='word_1_217' title='bbox 582 3969 632 4030; x_wconf 90' lang='lat' dir='ltr'><strong>vel</strong></span> <span class='ocrx_word' id='word_1_218' title='bbox 652 3969 770 4030; x_wconf 86' lang='lat' dir='ltr'><strong>sacellis</strong></span> <span class='ocrx_word' id='word_1_219' title='bbox 786 3969 878 4045; x_wconf 92' lang='lat' dir='ltr'><strong>regiis</strong></span> <span class='ocrx_word' id='word_1_220' title='bbox 889 3968 1011 4046; x_wconf 84' lang='lat' dir='ltr'><strong>practici</strong></span> <span class='ocrx_word' id='word_1_221' title='bbox 1027 3967 1168 4042; x_wconf 90' lang='lat' dir='ltr'><strong>debeant,</strong></span> <span class='ocrx_word' id='word_1_222' title='bbox 1182 3972 1234 4028; x_wconf 88' lang='lat' dir='ltr'><strong>aut</strong></span> <span class='ocrx_word' id='word_1_223' title='bbox 1249 3969 1326 4044; x_wconf 91' lang='lat' dir='ltr'><strong>apud</strong></span> 
     </span>
     <span class='ocr_line' id='line_1_50' title="bbox 581 4060 1328 4140; baseline -0.004 -16"><span class='ocrx_word' id='word_1_224' title='bbox 581 4062 718 4140; x_wconf 91' lang='lat' dir='ltr'><strong>aliquem</strong></span> <span class='ocrx_word' id='word_1_225' title='bbox 733 4061 831 4123; x_wconf 90' lang='lat' dir='ltr'><strong>nobili</strong></span> <span class='ocrx_word' id='word_1_226' title='bbox 842 4061 995 4137; x_wconf 90' lang='lat' dir='ltr'><strong>sanguine</strong></span> <span class='ocrx_word' id='word_1_227' title='bbox 1010 4067 1119 4122; x_wconf 90' lang='lat' dir='ltr'><strong>natum</strong></span> <span class='ocrx_word' id='word_1_228' title='bbox 1135 4060 1262 4135; x_wconf 84' lang='lat' dir='ltr'><strong>versari,</strong></span> <span class='ocrx_word' id='word_1_229' title='bbox 1275 4069 1328 4122; x_wconf 91' lang='lat' dir='ltr'><strong>aut</strong></span> 
     </span>
     <span class='ocr_line' id='line_1_51' title="bbox 581 4151 1328 4232; baseline -0.003 -16"><span class='ocrx_word' id='word_1_230' title='bbox 581 4157 614 4216; x_wconf 93' lang='lat' dir='ltr'><strong>in</strong></span> <span class='ocrx_word' id='word_1_231' title='bbox 638 4154 722 4230; x_wconf 92' lang='lat' dir='ltr'><strong>locis,</strong></span> <span class='ocrx_word' id='word_1_232' title='bbox 745 4170 823 4232; x_wconf 91' lang='lat' dir='ltr'><strong>quae</strong></span> <span class='ocrx_word' id='word_1_233' title='bbox 845 4168 900 4232; x_wconf 94' lang='lat' dir='ltr'><strong>pro</strong></span> <span class='ocrx_word' id='word_1_234' title='bbox 926 4153 1121 4229; x_wconf 81' lang='lat' dir='ltr'><strong>regularibus</strong></span> <span class='ocrx_word' id='word_1_235' title='bbox 1148 4151 1275 4214; x_wconf 82' lang='lat' dir='ltr'><strong>fundata</strong></span> <span class='ocrx_word' id='word_1_236' title='bbox 1297 4161 1328 4214; x_wconf 92' lang='lat' dir='ltr'><strong>et</strong></span> 
     </span>
     <span class='ocr_line' id='line_1_52' title="bbox 581 4245 1328 4310; baseline -0.001 -1"><span class='ocrx_word' id='word_1_237' title='bbox 581 4247 749 4310; x_wconf 86' lang='lat' dir='ltr'><strong>constituta</strong></span> <span class='ocrx_word' id='word_1_238' title='bbox 776 4255 860 4306; x_wconf 90' lang='lat' dir='ltr'><strong>sunt.</strong></span> <span class='ocrx_word' id='word_1_239' title='bbox 885 4245 979 4306; x_wconf 92' lang='lat' dir='ltr'><strong>Porro</strong></span> <span class='ocrx_word' id='word_1_240' title='bbox 1001 4261 1016 4304; x_wconf 92' lang='lat' dir='ltr'><strong>a</strong></span> <span class='ocrx_word' id='word_1_241' title='bbox 1039 4245 1236 4308; x_wconf 86' lang='lat' dir='ltr'><strong>missionibus</strong></span> <span class='ocrx_word' id='word_1_242' title='bbox 1266 4247 1328 4308; x_wconf 83' lang='lat' dir='ltr'><strong>hn-</strong></span> 
     </span>
     <span class='ocr_line' id='line_1_53' title="bbox 582 4338 1327 4418; baseline 0 -18"><span class='ocrx_word' id='word_1_243' title='bbox 582 4339 710 4416; x_wconf 88' lang='lat' dir='ltr'><strong>glicanis</strong></span> <span class='ocrx_word' id='word_1_244' title='bbox 725 4354 756 4400; x_wconf 92' lang='lat' dir='ltr'><strong>se</strong></span> <span class='ocrx_word' id='word_1_245' title='bbox 772 4338 880 4418; x_wconf 88' lang='lat' dir='ltr'><strong>repelli</strong></span> <span class='ocrx_word' id='word_1_246' title='bbox 893 4338 1069 4414; x_wconf 88' lang='lat' dir='ltr'><strong>intelligant</strong></span> <span class='ocrx_word' id='word_1_247' title='bbox 1087 4338 1258 4415; x_wconf 89' lang='lat' dir='ltr'><strong>regulares,</strong></span> <span class='ocrx_word' id='word_1_248' title='bbox 1275 4340 1327 4418; x_wconf 94' lang='lat' dir='ltr'><strong>qui</strong></span> 
     </span>
     <span class='ocr_line' id='line_1_54' title="bbox 582 4432 1328 4512; baseline -0.001 -17"><span class='ocrx_word' id='word_1_249' title='bbox 582 4449 619 4495; x_wconf 92' lang='lat' dir='ltr'><strong>ex</strong></span> <span class='ocrx_word' id='word_1_250' title='bbox 634 4433 756 4512; x_wconf 74' lang='lat' dir='ltr'><strong>proprii</strong></span> <span class='ocrx_word' id='word_1_251' title='bbox 771 4432 896 4493; x_wconf 89' lang='lat' dir='ltr'><strong>natione</strong></span> <span class='ocrx_word' id='word_1_252' title='bbox 911 4446 973 4494; x_wconf 91' lang='lat' dir='ltr'><strong>non</strong></span> <span class='ocrx_word' id='word_1_253' title='bbox 989 4432 1133 4494; x_wconf 90' lang='lat' dir='ltr'><strong>obtinent</strong></span> <span class='ocrx_word' id='word_1_254' title='bbox 1144 4433 1328 4494; x_wconf 91' lang='lat' dir='ltr'><strong>coenobium</strong></span> 
     </span>
     <span class='ocr_line' id='line_1_55' title="bbox 582 4523 1328 4602; baseline 0.003 -18"><span class='ocrx_word' id='word_1_255' title='bbox 582 4523 632 4586; x_wconf 94' lang='lat' dir='ltr'><strong>vel</strong></span> <span class='ocrx_word' id='word_1_256' title='bbox 648 4523 838 4602; x_wconf 88' lang='lat' dir='ltr'><strong>provinciam</strong></span> <span class='ocrx_word' id='word_1_257' title='bbox 854 4523 1056 4588; x_wconf 89' lang='lat' dir='ltr'><strong>incatholicis</strong></span> <span class='ocrx_word' id='word_1_258' title='bbox 1072 4525 1267 4602; x_wconf 89' lang='lat' dir='ltr'><strong>regionibus:</strong></span> <span class='ocrx_word' id='word_1_259' title='bbox 1292 4526 1328 4587; x_wconf 93' lang='lat' dir='ltr'><strong>iis</strong></span> 
     </span>
     <span class='ocr_line' id='line_1_56' title="bbox 584 4615 1326 4695; baseline 0 -17"><span class='ocrx_word' id='word_1_260' title='bbox 584 4624 698 4692; x_wconf 89' lang='lat' dir='ltr'><strong>tamen,</strong></span> <span class='ocrx_word' id='word_1_261' title='bbox 722 4617 776 4695; x_wconf 94' lang='lat' dir='ltr'><strong>qui</strong></span> <span class='ocrx_word' id='word_1_262' title='bbox 797 4617 912 4678; x_wconf 90' lang='lat' dir='ltr'><strong>ibidem</strong></span> <span class='ocrx_word' id='word_1_263' title='bbox 936 4615 968 4677; x_wconf 93' lang='lat' dir='ltr'><strong>in</strong></span> <span class='ocrx_word' id='word_1_264' title='bbox 984 4617 1230 4694; x_wconf 88' lang='lat' dir='ltr'><strong>praesentiarum</strong></span> <span class='ocrx_word' id='word_1_265' title='bbox 1245 4635 1326 4679; x_wconf 90' lang='lat' dir='ltr'><strong>com-</strong></span> 
     </span>
     <span class='ocr_line' id='line_1_57' title="bbox 582 4709 1328 4784; baseline 0.001 -14"><span class='ocrx_word' id='word_1_266' title='bbox 582 4717 759 4784; x_wconf 88' lang='lat' dir='ltr'><strong>morantur,</strong></span> <span class='ocrx_word' id='word_1_267' title='bbox 775 4709 952 4771; x_wconf 90' lang='lat' dir='ltr'><strong>revertendi</strong></span> <span class='ocrx_word' id='word_1_268' title='bbox 974 4709 1139 4771; x_wconf 88' lang='lat' dir='ltr'><strong>necessitas</strong></span> <span class='ocrx_word' id='word_1_269' title='bbox 1155 4725 1219 4772; x_wconf 92' lang='lat' dir='ltr'><strong>non</strong></span> <span class='ocrx_word' id='word_1_270' title='bbox 1235 4709 1328 4772; x_wconf 91' lang='lat' dir='ltr'><strong>inier-</strong></span> 
     </span>
     <span class='ocr_line' id='line_1_58' title="bbox 583 4801 1326 4865; baseline -0.001 -2"><span class='ocrx_word' id='word_1_271' title='bbox 583 4808 646 4864; x_wconf 90' lang='lat' dir='ltr'><strong>tur.</strong></span> <span class='ocrx_word' id='word_1_272' title='bbox 671 4802 841 4865; x_wconf 86' lang='lat' dir='ltr'><strong>Enimvero</strong></span> <span class='ocrx_word' id='word_1_273' title='bbox 862 4817 934 4864; x_wconf 91' lang='lat' dir='ltr'><strong>cum</strong></span> <span class='ocrx_word' id='word_1_274' title='bbox 956 4801 1084 4864; x_wconf 88' lang='lat' dir='ltr'><strong>Hiberni</strong></span> <span class='ocrx_word' id='word_1_275' title='bbox 1106 4801 1276 4864; x_wconf 88' lang='lat' dir='ltr'><strong>sacerdotes</strong></span> <span class='ocrx_word' id='word_1_276' title='bbox 1291 4804 1326 4864; x_wconf 88' lang='lat' dir='ltr'><strong>ad</strong></span> 
     </span>
     <span class='ocr_line' id='line_1_59' title="bbox 582 4894 1326 4958; baseline 0.003 -2"><span class='ocrx_word' id='word_1_277' title='bbox 582 4895 796 4957; x_wconf 89' lang='lat' dir='ltr'><strong>sustinendam</strong></span> <span class='ocrx_word' id='word_1_278' title='bbox 825 4894 944 4958; x_wconf 80' lang='lat' dir='ltr'><strong>insulae</strong></span> <span class='ocrx_word' id='word_1_279' title='bbox 975 4895 1114 4956; x_wconf 88' lang='lat' dir='ltr'><strong>eiusdem</strong></span> <span class='ocrx_word' id='word_1_280' title='bbox 1148 4895 1326 4958; x_wconf 89' lang='lat' dir='ltr'><strong>missionem</strong></span> 
     </span>
     <span class='ocr_line' id='line_1_60' title="bbox 583 4988 1327 5067; baseline -0.003 -17"><span class='ocrx_word' id='word_1_281' title='bbox 583 4988 789 5067; x_wconf 89' lang='lat' dir='ltr'><strong>deputentur,</strong></span> <span class='ocrx_word' id='word_1_282' title='bbox 821 5005 899 5066; x_wconf 91' lang='lat' dir='ltr'><strong>quac</strong></span> <span class='ocrx_word' id='word_1_283' title='bbox 931 4989 1080 5066; x_wconf 87' lang='lat' dir='ltr'><strong>plurimos</strong></span> <span class='ocrx_word' id='word_1_284' title='bbox 1112 4988 1327 5066; x_wconf 84' lang='lat' dir='ltr'><strong>sapientesque</strong></span> 
     </span>
     <span class='ocr_line' id='line_1_61' title="bbox 582 5079 1327 5160; baseline 0 -18"><span class='ocrx_word' id='word_1_285' title='bbox 582 5081 701 5160; x_wconf 85' lang='lat' dir='ltr'><strong>expetit</strong></span> <span class='ocrx_word' id='word_1_286' title='bbox 721 5081 887 5158; x_wconf 88' lang='lat' dir='ltr'><strong>operarios,</strong></span> <span class='ocrx_word' id='word_1_287' title='bbox 916 5095 1051 5158; x_wconf 87' lang='lat' dir='ltr'><strong>cumque</strong></span> <span class='ocrx_word' id='word_1_288' title='bbox 1073 5081 1104 5142; x_wconf 95' lang='lat' dir='ltr'><strong>in</strong></span> <span class='ocrx_word' id='word_1_289' title='bbox 1127 5079 1238 5156; x_wconf 79' lang='lat' dir='ltr'><strong>hughe</strong></span> <span class='ocrx_word' id='word_1_290' title='bbox 1259 5096 1327 5160; x_wconf 91' lang='lat' dir='ltr'><strong>per-</strong></span> 
     </span>
     <span class='ocr_line' id='line_1_62' title="bbox 584 5174 1327 5250; baseline 0.001 -14"><span class='ocrx_word' id='word_1_291' title='bbox 584 5175 675 5237; x_wconf 92' lang='lat' dir='ltr'><strong>multi</strong></span> <span class='ocrx_word' id='word_1_292' title='bbox 696 5175 758 5236; x_wconf 90' lang='lat' dir='ltr'><strong>sint</strong></span> <span class='ocrx_word' id='word_1_293' title='bbox 779 5177 951 5235; x_wconf 87' lang='lat' dir='ltr'><strong>sacerdotes</strong></span> <span class='ocrx_word' id='word_1_294' title='bbox 974 5174 1137 5250; x_wconf 88' lang='lat' dir='ltr'><strong>indigenae</strong></span> <span class='ocrx_word' id='word_1_295' title='bbox 1159 5184 1221 5235; x_wconf 90' lang='lat' dir='ltr'><strong>tarn</strong></span> <span class='ocrx_word' id='word_1_296' title='bbox 1242 5192 1327 5238; x_wconf 91' lang='lat' dir='ltr'><strong>secu·</strong></span> 
     </span>
     <span class='ocr_line' id='line_1_63' title="bbox 583 5266 1327 5347; baseline 0.003 -17"><span class='ocrx_word' id='word_1_297' title='bbox 583 5269 661 5330; x_wconf 90' lang='lat' dir='ltr'><strong>lares</strong></span> <span class='ocrx_word' id='word_1_298' title='bbox 682 5283 776 5347; x_wconf 91' lang='lat' dir='ltr'><strong>quam</strong></span> <span class='ocrx_word' id='word_1_299' title='bbox 793 5266 971 5344; x_wconf 82' lang='lat' dir='ltr'><strong>regulares,</strong></span> <span class='ocrx_word' id='word_1_300' title='bbox 999 5275 1241 5332; x_wconf 83' lang='lat' dir='ltr'><strong>consentaneum</strong></span> <span class='ocrx_word' id='word_1_301' title='bbox 1262 5286 1327 5332; x_wconf 88' lang='lat' dir='ltr'><strong>esse</strong></span> 
     </span>
     <span class='ocr_line' id='line_1_64' title="bbox 582 5362 1327 5439; baseline 0.003 -17"><span class='ocrx_word' id='word_1_302' title='bbox 582 5363 780 5438; x_wconf 90' lang='lat' dir='ltr'><strong>arbitramur,</strong></span> <span class='ocrx_word' id='word_1_303' title='bbox 796 5363 820 5422; x_wconf 91' lang='lat' dir='ltr'><strong>si</strong></span> <span class='ocrx_word' id='word_1_304' title='bbox 837 5363 931 5423; x_wconf 90' lang='lat' dir='ltr'><strong>lidern</strong></span> <span class='ocrx_word' id='word_1_305' title='bbox 955 5362 1015 5439; x_wconf 85' lang='lat' dir='ltr'><strong>ipsai</strong></span> <span class='ocrx_word' id='word_1_306' title='bbox 1037 5363 1069 5422; x_wconf 94' lang='lat' dir='ltr'><strong>in</strong></span> <span class='ocrx_word' id='word_1_307' title='bbox 1093 5363 1187 5438; x_wconf 82' lang='lat' dir='ltr'><strong>patria</strong></span> <span class='ocrx_word' id='word_1_308' title='bbox 1212 5364 1327 5424; x_wconf 87' lang='lat' dir='ltr'><strong>labores</strong></span> 
     </span>
     <span class='ocr_line' id='line_1_65' title="bbox 582 5455 1325 5535; baseline 0 -18"><span class='ocrx_word' id='word_1_309' title='bbox 582 5473 651 5518; x_wconf 85' lang='lat' dir='ltr'><strong>suos</strong></span> <span class='ocrx_word' id='word_1_310' title='bbox 679 5457 876 5535; x_wconf 88' lang='lat' dir='ltr'><strong>potissimum</strong></span> <span class='ocrx_word' id='word_1_311' title='bbox 904 5455 1095 5534; x_wconf 89' lang='lat' dir='ltr'><strong>impendant,</strong></span> <span class='ocrx_word' id='word_1_312' title='bbox 1122 5462 1154 5516; x_wconf 92' lang='lat' dir='ltr'><strong>et</strong></span> <span class='ocrx_word' id='word_1_313' title='bbox 1181 5457 1325 5532; x_wconf 89' lang='lat' dir='ltr'><strong>praedicti</strong></span> 
     </span>
     <span class='ocr_line' id='line_1_66' title="bbox 583 5548 1326 5626; baseline -0.001 -14"><span class='ocrx_word' id='word_1_314' title='bbox 583 5551 711 5612; x_wconf 90' lang='lat' dir='ltr'><strong>ilibernl</strong></span> <span class='ocrx_word' id='word_1_315' title='bbox 726 5552 897 5614; x_wconf 88' lang='lat' dir='ltr'><strong>sacerdotes</strong></span> <span class='ocrx_word' id='word_1_316' title='bbox 913 5549 1113 5612; x_wconf 87' lang='lat' dir='ltr'><strong>missionariis</strong></span> <span class='ocrx_word' id='word_1_317' title='bbox 1128 5548 1237 5626; x_wconf 82' lang='lat' dir='ltr'><strong>Anglis</strong></span> <span class='ocrx_word' id='word_1_318' title='bbox 1254 5559 1326 5611; x_wconf 93' lang='lat' dir='ltr'><strong>tunc</strong></span> 
     </span>
     <span class='ocr_line' id='line_1_67' title="bbox 583 5643 1325 5724; baseline -0.003 -20"><span class='ocrx_word' id='word_1_319' title='bbox 583 5645 687 5706; x_wconf 92' lang='lat' dir='ltr'><strong>solum</strong></span> <span class='ocrx_word' id='word_1_320' title='bbox 710 5654 906 5724; x_wconf 89' lang='lat' dir='ltr'><strong>cooptentur,</strong></span> <span class='ocrx_word' id='word_1_321' title='bbox 923 5659 994 5706; x_wconf 89' lang='lat' dir='ltr'><strong>cum</strong></span> <span class='ocrx_word' id='word_1_322' title='bbox 1017 5643 1129 5704; x_wconf 89' lang='lat' dir='ltr'><strong>horum</strong></span> <span class='ocrx_word' id='word_1_323' title='bbox 1151 5643 1325 5720; x_wconf 84' lang='lat' dir='ltr'><strong>paucitasitl</strong></span> 
     </span>
     <span class='ocr_line' id='line_1_68' title="bbox 583 5734 1327 5814; baseline -0.003 -16"><span class='ocrx_word' id='word_1_324' title='bbox 583 5737 708 5814; x_wconf 87' lang='lat' dir='ltr'><strong>exigere</strong></span> <span class='ocrx_word' id='word_1_325' title='bbox 729 5738 886 5814; x_wconf 73' lang='lat' dir='ltr'><strong>vitientur,</strong></span> <span class='ocrx_word' id='word_1_326' title='bbox 910 5737 1040 5814; x_wconf 89' lang='lat' dir='ltr'><strong>ideoque</strong></span> <span class='ocrx_word' id='word_1_327' title='bbox 1062 5753 1079 5797; x_wconf 91' lang='lat' dir='ltr'><strong>a</strong></span> <span class='ocrx_word' id='word_1_328' title='bbox 1100 5734 1227 5798; x_wconf 75' lang='lat' dir='ltr'><strong>vicariis</strong></span> <span class='ocrx_word' id='word_1_329' title='bbox 1248 5736 1327 5814; x_wconf 81' lang='lat' dir='ltr'><strong>lipo-</strong></span> 
     </span>
     <span class='ocr_line' id='line_1_69' title="bbox 581 5830 1328 5910; baseline 0 -19"><span class='ocrx_word' id='word_1_330' title='bbox 581 5830 696 5893; x_wconf 88' lang='lat' dir='ltr'><strong>stoliois</strong></span> <span class='ocrx_word' id='word_1_331' title='bbox 725 5831 853 5907; x_wconf 81' lang='lat' dir='ltr'><strong>Angllae</strong></span> <span class='ocrx_word' id='word_1_332' title='bbox 875 5833 910 5892; x_wconf 92' lang='lat' dir='ltr'><strong>ad</strong></span> <span class='ocrx_word' id='word_1_333' title='bbox 934 5830 1112 5892; x_wconf 88' lang='lat' dir='ltr'><strong>missionem</strong></span> <span class='ocrx_word' id='word_1_334' title='bbox 1140 5839 1328 5910; x_wconf 87' lang='lat' dir='ltr'><strong>exoptentur</strong></span> 
     </span>
     <span class='ocr_line' id='line_1_70' title="bbox 583 5931 816 5995; baseline -0.013 -7"><span class='ocrx_word' id='word_1_335' title='bbox 583 5931 613 5995; x_wconf 86' lang='lat' dir='ltr'><strong>et</strong></span> <span class='ocrx_word' id='word_1_336' title='bbox 635 5933 816 5988; x_wconf 88' lang='lat' dir='ltr'><strong>evocentur.</strong></span> 
     </span>
    </p>
   </div>
   <div class='ocr_carea' id='block_1_18' title="bbox 1112 565 1606 618">
    <p class='ocr_par' dir='ltr' id='par_1_18' title="bbox 1112 565 1606 618">
     <span class='ocr_line' id='line_1_71' title="bbox 1112 565 1606 618; baseline 0.006 -6"><span class='ocrx_word' id='word_1_337' title='bbox 1112 565 1176 612; x_wconf 81' lang='lat' dir='ltr'><strong>ltin.</strong></span> <span class='ocrx_word' id='word_1_338' title='bbox 1201 569 1291 614; x_wconf 79' lang='lat' dir='ltr'><strong>nont&#39;l.</strong></span> <span class='ocrx_word' id='word_1_339' title='bbox 1315 569 1355 614; x_wconf 78' lang='lat' dir='ltr'><strong>DE</strong></span> <span class='ocrx_word' id='word_1_340' title='bbox 1377 569 1404 616; x_wconf 82' lang='lat' dir='ltr'><strong>P·</strong></span> <span class='ocrx_word' id='word_1_341' title='bbox 1430 569 1457 616; x_wconf 75' lang='lat' dir='ltr'><strong>F·</strong></span> <span class='ocrx_word' id='word_1_342' title='bbox 1483 573 1564 618; x_wconf 75' lang='lat' dir='ltr'><strong>l’nlts</strong></span> <span class='ocrx_word' id='word_1_343' title='bbox 1588 571 1606 616; x_wconf 92' lang='lat' dir='ltr'><strong>l.</strong></span> 
     </span>
    </p>
   </div>
   <div class='ocr_carea' id='block_1_19' title="bbox 2149 544 2337 614">
    <p class='ocr_par' dir='ltr' id='par_1_19' title="bbox 2149 544 2337 614">
     <span class='ocr_line' id='line_1_72' title="bbox 2149 544 2337 614; baseline 0.032 -6"><span class='ocrx_word' id='word_1_344' title='bbox 2149 544 2216 610; x_wconf 64' lang='lat' dir='ltr'><strong>&#39;aa</strong></span> <span class='ocrx_word' id='word_1_345' title='bbox 2230 561 2258 611; x_wconf 90' lang='lat' dir='ltr'><strong>c.</strong></span> <span class='ocrx_word' id='word_1_346' title='bbox 2279 561 2337 614; x_wconf 83' lang='lat' dir='ltr'><strong>usa</strong></span> 
     </span>
    </p>
   </div>
   <div class='ocr_carea' id='block_1_20' title="bbox 1382 687 2346 5920">
    <p class='ocr_par' dir='ltr' id='par_1_20' title="bbox 1385 687 2346 2346">
     <span class='ocr_line' id='line_1_73' title="bbox 1425 687 2346 775; baseline 0.008 -22"><span class='ocrx_word' id='word_1_347' title='bbox 1425 691 1494 765; x_wconf 74' lang='lat' dir='ltr'><strong>§ln</strong></span> <span class='ocrx_word' id='word_1_348' title='bbox 1520 687 1578 758; x_wconf 88' lang='lat' dir='ltr'><strong>Sed</strong></span> <span class='ocrx_word' id='word_1_349' title='bbox 1602 696 1693 758; x_wconf 89' lang='lat' dir='ltr'><strong>ulad</strong></span> <span class='ocrx_word' id='word_1_350' title='bbox 1716 693 1850 760; x_wconf 88' lang='lat' dir='ltr'><strong>Vicarios</strong></span> <span class='ocrx_word' id='word_1_351' title='bbox 1877 695 2063 775; x_wconf 77' lang='lat' dir='ltr'><strong>Apostolicos</strong></span> <span class='ocrx_word' id='word_1_352' title='bbox 2085 715 2132 761; x_wconf 91' lang='lat' dir='ltr'><strong>re·</strong></span> <span class='ocrx_word' id='word_1_353' title='bbox 2164 707 2346 772; x_wconf 69' lang='lat' dir='ltr'><strong>vicariorum-</strong></span> 
     </span>
     <span class='ocr_line' id='line_1_74' title="bbox 1387 761 2346 866; baseline 0.006 -18"><span class='ocrx_word' id='word_1_354' title='bbox 1387 795 1563 865; x_wconf 88' lang='lat' dir='ltr'><strong>vertamur,</strong></span> <span class='ocrx_word' id='word_1_355' title='bbox 1587 795 1709 866; x_wconf 87' lang='lat' dir='ltr'><strong>praeter</strong></span> <span class='ocrx_word' id='word_1_356' title='bbox 1730 805 1797 852; x_wconf 90' lang='lat' dir='ltr'><strong>eam</strong></span> <span class='ocrx_word' id='word_1_357' title='bbox 1819 804 1945 852; x_wconf 89' lang='lat' dir='ltr'><strong>ornnem</strong></span> <span class='ocrx_word' id='word_1_358' title='bbox 1971 791 2133 854; x_wconf 90' lang='lat' dir='ltr'><strong>auctorita·</strong></span> <span class='ocrx_word' id='word_1_359' title='bbox 2152 761 2346 864; x_wconf 59' lang='grc' dir='ltr'><strong>ἓῗξξιῖἷῖἶῖἳαὲιὶἶ</strong></span> 
     </span>
     <span class='ocr_line' id='line_1_75' title="bbox 1388 871 2346 976; baseline -0.001 -32"><span class='ocrx_word' id='word_1_360' title='bbox 1388 892 1449 944; x_wconf 93' lang='lat' dir='ltr'><strong>tem</strong></span> <span class='ocrx_word' id='word_1_361' title='bbox 1472 898 1549 961; x_wconf 92' lang='lat' dir='ltr'><strong>quae</strong></span> <span class='ocrx_word' id='word_1_362' title='bbox 1578 882 1649 960; x_wconf 91' lang='lat' dir='ltr'><strong>ipsis</strong></span> <span class='ocrx_word' id='word_1_363' title='bbox 1675 883 1852 946; x_wconf 90' lang='lat' dir='ltr'><strong>communis</strong></span> <span class='ocrx_word' id='word_1_364' title='bbox 1873 888 1918 946; x_wconf 90' lang='lat' dir='ltr'><strong>est</strong></span> <span class='ocrx_word' id='word_1_365' title='bbox 1940 885 1972 944; x_wconf 93' lang='lat' dir='ltr'><strong>in</strong></span> <span class='ocrx_word' id='word_1_366' title='bbox 2000 883 2132 962; x_wconf 91' lang='lat' dir='ltr'><strong>propriis</strong></span> <span class='ocrx_word' id='word_1_367' title='bbox 2151 871 2346 976; x_wconf 55' lang='lat' dir='ltr'><strong>{ssffiffigffi&#39;slffg</strong></span> 
     </span>
     <span class='ocr_line' id='line_1_76' title="bbox 1386 975 2346 1071; baseline -0.002 -33"><span class='ocrx_word' id='word_1_368' title='bbox 1386 975 1528 1038; x_wconf 81' lang='lat' dir='ltr'><strong>confiniis</strong></span> <span class='ocrx_word' id='word_1_369' title='bbox 1556 991 1626 1038; x_wconf 90' lang='lat' dir='ltr'><strong>cum</strong></span> <span class='ocrx_word' id='word_1_370' title='bbox 1659 975 1797 1053; x_wconf 89' lang='lat' dir='ltr'><strong>quolibet</strong></span> <span class='ocrx_word' id='word_1_371' title='bbox 1826 975 1987 1040; x_wconf 84' lang='lat' dir='ltr'><strong>Ordinario</strong></span> <span class='ocrx_word' id='word_1_372' title='bbox 2017 975 2049 1037; x_wconf 92' lang='lat' dir='ltr'><strong>in</strong></span> <span class='ocrx_word' id='word_1_373' title='bbox 2078 976 2132 1037; x_wconf 83' lang='lat' dir='ltr'><strong>sul</strong></span> <span class='ocrx_word' id='word_1_374' title='bbox 2152 975 2267 1071; x_wconf 56' lang='lat' dir='ltr'><strong>{iussisse</strong></span> <span class='ocrx_word' id='word_1_375' title='bbox 2287 981 2346 1026; x_wconf 77' lang='lat' dir='ltr'><strong>suffl-</strong></span> 
     </span>
     <span class='ocr_line' id='line_1_77' title="bbox 1385 1038 2227 1148; baseline -0.001 -17"><span class='ocrx_word' id='word_1_376' title='bbox 1385 1069 1508 1131; x_wconf 86' lang='lat' dir='ltr'><strong>civitate</strong></span> <span class='ocrx_word' id='word_1_377' title='bbox 1531 1076 1561 1130; x_wconf 87' lang='lat' dir='ltr'><strong>et</strong></span> <span class='ocrx_word' id='word_1_378' title='bbox 1584 1069 1726 1143; x_wconf 92' lang='lat' dir='ltr'><strong>dioecesi,</strong></span> <span class='ocrx_word' id='word_1_379' title='bbox 1740 1068 1912 1148; x_wconf 68' lang='lat' dir='ltr'><strong>apostolica</strong></span> <span class='ocrx_word' id='word_1_380' title='bbox 1934 1067 1964 1131; x_wconf 90' lang='lat' dir='ltr'><strong>S.</strong></span> <span class='ocrx_word' id='word_1_381' title='bbox 1983 1068 2076 1134; x_wconf 89' lang='lat' dir='ltr'><strong>Sedes</strong></span> <span class='ocrx_word' id='word_1_382' title='bbox 2091 1068 2133 1130; x_wconf 89' lang='lat' dir='ltr'><strong>ia·</strong></span> <span class='ocrx_word' id='word_1_383' title='bbox 2176 1038 2227 1072; x_wconf 82' lang='lat' dir='ltr'><strong>aas.</strong></span> 
     </span>
     <span class='ocr_line' id='line_1_78' title="bbox 1386 1151 2132 1243; baseline -0.003 -17"><span class='ocrx_word' id='word_1_384' title='bbox 1386 1163 1516 1226; x_wconf 89' lang='lat' dir='ltr'><strong>cultates</strong></span> <span class='ocrx_word' id='word_1_385' title='bbox 1537 1162 1699 1243; x_wconf 74' lang='lat' dir='ltr'><strong>farinulae</strong></span> <span class='ocrx_word' id='word_1_386' title='bbox 1713 1151 1869 1224; x_wconf 81' lang='lat' dir='ltr'><strong>secundae</strong></span> <span class='ocrx_word' id='word_1_387' title='bbox 1884 1162 1956 1240; x_wconf 88' lang='lat' dir='ltr'><strong>ipsis</strong></span> <span class='ocrx_word' id='word_1_388' title='bbox 1970 1162 2132 1238; x_wconf 88' lang='lat' dir='ltr'><strong>elargitur,</strong></span> 
     </span>
     <span class='ocr_line' id='line_1_79' title="bbox 1385 1254 2132 1337; baseline -0.005 -17"><span class='ocrx_word' id='word_1_389' title='bbox 1385 1274 1458 1320; x_wconf 92' lang='lat' dir='ltr'><strong>cum</strong></span> <span class='ocrx_word' id='word_1_390' title='bbox 1472 1265 1622 1337; x_wconf 90' lang='lat' dir='ltr'><strong>potestate</strong></span> <span class='ocrx_word' id='word_1_391' title='bbox 1634 1256 1700 1318; x_wconf 87' lang='lat' dir='ltr'><strong>illas</strong></span> <span class='ocrx_word' id='word_1_392' title='bbox 1710 1254 1901 1334; x_wconf 90' lang='lat' dir='ltr'><strong>simplicibus</strong></span> <span class='ocrx_word' id='word_1_393' title='bbox 1911 1255 2132 1330; x_wconf 89' lang='lat' dir='ltr'><strong>sacerdotibus,</strong></span> 
     </span>
     <span class='ocr_line' id='line_1_80' title="bbox 1385 1349 2134 1429; baseline -0.005 -17"><span class='ocrx_word' id='word_1_394' title='bbox 1385 1355 1438 1429; x_wconf 87' lang='lat' dir='ltr'><strong>qui</strong></span> <span class='ocrx_word' id='word_1_395' title='bbox 1462 1350 1563 1414; x_wconf 87' lang='lat' dir='ltr'><strong>idonci</strong></span> <span class='ocrx_word' id='word_1_396' title='bbox 1585 1349 1787 1424; x_wconf 87' lang='lat' dir='ltr'><strong>videbuntur,</strong></span> <span class='ocrx_word' id='word_1_397' title='bbox 1811 1349 2072 1423; x_wconf 82' lang='lat' dir='ltr'><strong>communicandi,</strong></span> <span class='ocrx_word' id='word_1_398' title='bbox 2097 1349 2134 1410; x_wconf 87' lang='lat' dir='ltr'><strong>iis</strong></span> 
     </span>
     <span class='ocr_line' id='line_1_81' title="bbox 1388 1439 2133 1520; baseline -0.007 -15"><span class='ocrx_word' id='word_1_399' title='bbox 1388 1449 1490 1505; x_wconf 86' lang='lat' dir='ltr'><strong>tamen</strong></span> <span class='ocrx_word' id='word_1_400' title='bbox 1513 1443 1660 1519; x_wconf 83' lang='lat' dir='ltr'><strong>exceptis,</strong></span> <span class='ocrx_word' id='word_1_401' title='bbox 1683 1458 1761 1520; x_wconf 90' lang='lat' dir='ltr'><strong>quae</strong></span> <span class='ocrx_word' id='word_1_402' title='bbox 1782 1440 1832 1502; x_wconf 93' lang='lat' dir='ltr'><strong>vel</strong></span> <span class='ocrx_word' id='word_1_403' title='bbox 1853 1439 1996 1505; x_wconf 89' lang='lat' dir='ltr'><strong>ordinem</strong></span> <span class='ocrx_word' id='word_1_404' title='bbox 2019 1442 2133 1518; x_wconf 90' lang='lat' dir='ltr'><strong>episco-</strong></span> 
     </span>
     <span class='ocr_line' id='line_1_82' title="bbox 1386 1534 2133 1613; baseline -0.003 -17"><span class='ocrx_word' id='word_1_405' title='bbox 1386 1534 1487 1612; x_wconf 90' lang='lat' dir='ltr'><strong>palem</strong></span> <span class='ocrx_word' id='word_1_406' title='bbox 1509 1535 1599 1600; x_wconf 88' lang='lat' dir='ltr'><strong>unice</strong></span> <span class='ocrx_word' id='word_1_407' title='bbox 1612 1543 1762 1613; x_wconf 89' lang='lat' dir='ltr'><strong>spectant,</strong></span> <span class='ocrx_word' id='word_1_408' title='bbox 1779 1534 1830 1596; x_wconf 91' lang='lat' dir='ltr'><strong>vel</strong></span> <span class='ocrx_word' id='word_1_409' title='bbox 1845 1534 1984 1600; x_wconf 87' lang='lat' dir='ltr'><strong>exerceri</strong></span> <span class='ocrx_word' id='word_1_410' title='bbox 2005 1534 2074 1596; x_wconf 88' lang='lat' dir='ltr'><strong>sinc</strong></span> <span class='ocrx_word' id='word_1_411' title='bbox 2087 1549 2133 1594; x_wconf 88' lang='lat' dir='ltr'><strong>sa·</strong></span> 
     </span>
     <span class='ocr_line' id='line_1_83' title="bbox 1386 1623 2133 1705; baseline -0.003 -16"><span class='ocrx_word' id='word_1_412' title='bbox 1386 1643 1511 1690; x_wconf 88' lang='lat' dir='ltr'><strong>crorum</strong></span> <span class='ocrx_word' id='word_1_413' title='bbox 1532 1628 1675 1692; x_wconf 90' lang='lat' dir='ltr'><strong>oleorum</strong></span> <span class='ocrx_word' id='word_1_414' title='bbox 1693 1646 1748 1690; x_wconf 92' lang='lat' dir='ltr'><strong>usu</strong></span> <span class='ocrx_word' id='word_1_415' title='bbox 1764 1628 2057 1705; x_wconf 83' lang='lat' dir='ltr'><strong>minimepossunt.</strong></span> <span class='ocrx_word' id='word_1_416' title='bbox 2080 1623 2133 1687; x_wconf 88' lang='lat' dir='ltr'><strong>Ni·</strong></span> 
     </span>
     <span class='ocr_line' id='line_1_84' title="bbox 1386 1721 2132 1801; baseline -0.003 -17"><span class='ocrx_word' id='word_1_417' title='bbox 1386 1722 1429 1784; x_wconf 93' lang='lat' dir='ltr'><strong>hil</strong></span> <span class='ocrx_word' id='word_1_418' title='bbox 1451 1721 1580 1801; x_wconf 84' lang='lat' dir='ltr'><strong>proinde</strong></span> <span class='ocrx_word' id='word_1_419' title='bbox 1603 1723 1762 1787; x_wconf 82' lang='lat' dir='ltr'><strong>recensitis</strong></span> <span class='ocrx_word' id='word_1_420' title='bbox 1783 1721 1909 1786; x_wconf 80' lang='lat' dir='ltr'><strong>vicariis</strong></span> <span class='ocrx_word' id='word_1_421' title='bbox 1931 1721 2026 1796; x_wconf 88' lang='lat' dir='ltr'><strong>deest,</strong></span> <span class='ocrx_word' id='word_1_422' title='bbox 2041 1721 2132 1799; x_wconf 37' lang='lat' dir='ltr'><strong>,quod</strong></span> 
     </span>
     <span class='ocr_line' id='line_1_85' title="bbox 1385 1814 2136 1895; baseline 0 -19"><span class='ocrx_word' id='word_1_423' title='bbox 1385 1814 1420 1876; x_wconf 92' lang='lat' dir='ltr'><strong>ad</strong></span> <span class='ocrx_word' id='word_1_424' title='bbox 1442 1831 1551 1877; x_wconf 88' lang='lat' dir='ltr'><strong>sanum</strong></span> <span class='ocrx_word' id='word_1_425' title='bbox 1574 1816 1714 1892; x_wconf 91' lang='lat' dir='ltr'><strong>regimen</strong></span> <span class='ocrx_word' id='word_1_426' title='bbox 1731 1824 1761 1877; x_wconf 89' lang='lat' dir='ltr'><strong>et</strong></span> <span class='ocrx_word' id='word_1_427' title='bbox 1782 1816 1987 1895; x_wconf 83' lang='lat' dir='ltr'><strong>directionem</strong></span> <span class='ocrx_word' id='word_1_428' title='bbox 2009 1823 2071 1881; x_wconf 79' lang='lat' dir='ltr'><strong>tam</strong></span> <span class='ocrx_word' id='word_1_429' title='bbox 2086 1829 2136 1876; x_wconf 89' lang='lat' dir='ltr'><strong>re-</strong></span> 
     </span>
     <span class='ocr_line' id='line_1_86' title="bbox 1386 1907 2131 1986; baseline -0.003 -17"><span class='ocrx_word' id='word_1_430' title='bbox 1386 1908 1544 1986; x_wconf 91' lang='lat' dir='ltr'><strong>gularium</strong></span> <span class='ocrx_word' id='word_1_431' title='bbox 1572 1924 1665 1986; x_wconf 90' lang='lat' dir='ltr'><strong>quarn</strong></span> <span class='ocrx_word' id='word_1_432' title='bbox 1694 1907 1768 1972; x_wconf 91' lang='lat' dir='ltr'><strong>cleri</strong></span> <span class='ocrx_word' id='word_1_433' title='bbox 1793 1908 1939 1978; x_wconf 88' lang='lat' dir='ltr'><strong>secularis</strong></span> <span class='ocrx_word' id='word_1_434' title='bbox 1967 1908 2131 1980; x_wconf 90' lang='lat' dir='ltr'><strong>conducat,</strong></span> 
     </span>
     <span class='ocr_line' id='line_1_87' title="bbox 1385 2001 2135 2081; baseline -0.008 -16"><span class='ocrx_word' id='word_1_435' title='bbox 1385 2003 1438 2081; x_wconf 94' lang='lat' dir='ltr'><strong>qui</strong></span> <span class='ocrx_word' id='word_1_436' title='bbox 1461 2001 1562 2065; x_wconf 90' lang='lat' dir='ltr'><strong>nullas</strong></span> <span class='ocrx_word' id='word_1_437' title='bbox 1584 2002 1615 2063; x_wconf 93' lang='lat' dir='ltr'><strong>in</strong></span> <span class='ocrx_word' id='word_1_438' title='bbox 1630 2001 1717 2064; x_wconf 89' lang='lat' dir='ltr'><strong>hanc</strong></span> <span class='ocrx_word' id='word_1_439' title='bbox 1738 2002 1819 2064; x_wconf 91' lang='lat' dir='ltr'><strong>diem</strong></span> <span class='ocrx_word' id='word_1_440' title='bbox 1831 2001 2058 2064; x_wconf 88' lang='lat' dir='ltr'><strong>controversias</strong></span> <span class='ocrx_word' id='word_1_441' title='bbox 2079 2015 2135 2060; x_wconf 87' lang='lat' dir='ltr'><strong>ex·</strong></span> 
     </span>
     <span class='ocr_line' id='line_1_88' title="bbox 1385 2093 2134 2174; baseline -0.008 -17"><span class='ocrx_word' id='word_1_442' title='bbox 1385 2096 1507 2171; x_wconf 87' lang='lat' dir='ltr'><strong>citavit,</strong></span> <span class='ocrx_word' id='word_1_443' title='bbox 1522 2111 1608 2174; x_wconf 89' lang='lat' dir='ltr'><strong>quae</strong></span> <span class='ocrx_word' id='word_1_444' title='bbox 1630 2096 1765 2160; x_wconf 79' lang='lat' dir='ltr'><strong>debitam</strong></span> <span class='ocrx_word' id='word_1_445' title='bbox 1794 2094 1923 2159; x_wconf 82' lang='lat' dir='ltr'><strong>llicariis</strong></span> <span class='ocrx_word' id='word_1_446' title='bbox 1951 2093 2134 2173; x_wconf 84' lang='lat' dir='ltr'><strong>hpastolicis</strong></span> 
     </span>
     <span class='ocr_line' id='line_1_89' title="bbox 1386 2186 2133 2255; baseline -0.005 -4"><span class='ocrx_word' id='word_1_447' title='bbox 1386 2189 1592 2255; x_wconf 88' lang='lat' dir='ltr'><strong>obedientiam</strong></span> <span class='ocrx_word' id='word_1_448' title='bbox 1612 2196 1643 2250; x_wconf 91' lang='lat' dir='ltr'><strong>et</strong></span> <span class='ocrx_word' id='word_1_449' title='bbox 1664 2189 1950 2254; x_wconf 87' lang='lat' dir='ltr'><strong>subordinationem</strong></span> <span class='ocrx_word' id='word_1_450' title='bbox 1975 2186 2133 2250; x_wconf 85' lang='lat' dir='ltr'><strong>labetacta-</strong></span> 
     </span>
     <span class='ocr_line' id='line_1_90' title="bbox 1386 2293 1466 2346; baseline -0.013 -2"><span class='ocrx_word' id='word_1_451' title='bbox 1386 2293 1466 2346; x_wconf 81' lang='lat' dir='ltr'><strong>rent.</strong></span> 
     </span>
    </p>

    <p class='ocr_par' dir='ltr' id='par_1_21' title="bbox 1383 2375 2340 3568">
     <span class='ocr_line' id='line_1_91' title="bbox 1425 2375 2340 2454; baseline -0.004 -14"><span class='ocrx_word' id='word_1_452' title='bbox 1425 2377 1444 2452; x_wconf 70' lang='grc' dir='ltr'><strong>ἓ</strong></span> <span class='ocrx_word' id='word_1_453' title='bbox 1465 2379 1494 2440; x_wconf 80' lang='grc'><strong>5.</strong></span> <span class='ocrx_word' id='word_1_454' title='bbox 1519 2379 1676 2453; x_wconf 77' lang='lat' dir='ltr'><strong>Attamen,</strong></span> <span class='ocrx_word' id='word_1_455' title='bbox 1692 2378 1840 2454; x_wconf 89' lang='lat' dir='ltr'><strong>quoniam</strong></span> <span class='ocrx_word' id='word_1_456' title='bbox 1857 2377 1939 2438; x_wconf 91' lang='lat' dir='ltr'><strong>inter</strong></span> <span class='ocrx_word' id='word_1_457' title='bbox 1956 2375 2131 2454; x_wconf 88' lang='lat' dir='ltr'><strong>privilegia,</strong></span> <span class='ocrx_word' id='word_1_458' title='bbox 2182 2387 2217 2450; x_wconf 65' lang='lat' dir='ltr'><strong>pq</strong></span> <span class='ocrx_word' id='word_1_459' title='bbox 2253 2387 2340 2454; x_wconf 69' lang='lat' dir='ltr'><strong>taran</strong></span> 
     </span>
     <span class='ocr_line' id='line_1_92' title="bbox 1385 2442 2340 2556; baseline 0.007 -22"><span class='ocrx_word' id='word_1_460' title='bbox 1385 2473 1496 2552; x_wconf 93' lang='lat' dir='ltr'><strong>quibus</strong></span> <span class='ocrx_word' id='word_1_461' title='bbox 1512 2473 1647 2550; x_wconf 90' lang='lat' dir='ltr'><strong>gaudent</strong></span> <span class='ocrx_word' id='word_1_462' title='bbox 1661 2470 1830 2546; x_wconf 86' lang='lat' dir='ltr'><strong>regulares,</strong></span> <span class='ocrx_word' id='word_1_463' title='bbox 1842 2469 1969 2534; x_wconf 90' lang='lat' dir='ltr'><strong>cuilibet</strong></span> <span class='ocrx_word' id='word_1_464' title='bbox 1984 2469 2130 2548; x_wconf 90' lang='lat' dir='ltr'><strong>peculiari</strong></span> <span class='ocrx_word' id='word_1_465' title='bbox 2154 2451 2236 2556; x_wconf 59' lang='grc' dir='ltr'><strong>Εῗιῖἑῑ</strong></span> <span class='ocrx_word' id='word_1_466' title='bbox 2252 2442 2340 2554; x_wconf 64' lang='lat' dir='ltr'><strong>ilidii</strong></span> 
     </span>
     <span class='ocr_line' id='line_1_93' title="bbox 1385 2547 2340 2657; baseline -0.009 -26"><span class='ocrx_word' id='word_1_467' title='bbox 1385 2568 1491 2631; x_wconf 87' lang='lat' dir='ltr'><strong>Ordini</strong></span> <span class='ocrx_word' id='word_1_468' title='bbox 1513 2583 1528 2628; x_wconf 89' lang='lat' dir='ltr'><strong>a</strong></span> <span class='ocrx_word' id='word_1_469' title='bbox 1549 2565 1680 2629; x_wconf 90' lang='lat' dir='ltr'><strong>summis</strong></span> <span class='ocrx_word' id='word_1_470' title='bbox 1701 2565 1899 2627; x_wconf 85' lang='lat' dir='ltr'><strong>Pontificibus</strong></span> <span class='ocrx_word' id='word_1_471' title='bbox 1920 2563 2078 2638; x_wconf 90' lang='lat' dir='ltr'><strong>attributa,</strong></span> <span class='ocrx_word' id='word_1_472' title='bbox 2096 2561 2133 2623; x_wconf 93' lang='lat' dir='ltr'><strong>il·</strong></span> <span class='ocrx_word' id='word_1_473' title='bbox 2153 2547 2245 2657; x_wconf 51' lang='lat' dir='ltr'><strong>{Rim-</strong></span> <span class='ocrx_word' id='word_1_474' title='bbox 2276 2559 2340 2595; x_wconf 71' lang='lat' dir='ltr'><strong>eiam-</strong></span> 
     </span>
     <span class='ocr_line' id='line_1_94' title="bbox 1387 2655 2133 2737; baseline -0.005 -15"><span class='ocrx_word' id='word_1_475' title='bbox 1387 2661 1438 2722; x_wconf 93' lang='lat' dir='ltr'><strong>lud</strong></span> <span class='ocrx_word' id='word_1_476' title='bbox 1461 2668 1704 2734; x_wconf 88' lang='lat' dir='ltr'><strong>annumeratur,</strong></span> <span class='ocrx_word' id='word_1_477' title='bbox 1728 2675 1782 2736; x_wconf 88' lang='lat' dir='ltr'><strong>per</strong></span> <span class='ocrx_word' id='word_1_478' title='bbox 1804 2657 1884 2737; x_wconf 93' lang='lat' dir='ltr'><strong>quod</strong></span> <span class='ocrx_word' id='word_1_479' title='bbox 1910 2656 2067 2733; x_wconf 88' lang='lat' dir='ltr'><strong>regulares</strong></span> <span class='ocrx_word' id='word_1_480' title='bbox 2089 2655 2133 2718; x_wconf 88' lang='lat' dir='ltr'><strong>la-</strong></span> 
     </span>
     <span class='ocr_line' id='line_1_95' title="bbox 1385 2750 2134 2835; baseline -0.007 -19"><span class='ocrx_word' id='word_1_481' title='bbox 1385 2754 1489 2817; x_wconf 92' lang='lat' dir='ltr'><strong>miliae</strong></span> <span class='ocrx_word' id='word_1_482' title='bbox 1511 2756 1549 2817; x_wconf 92' lang='lat' dir='ltr'><strong>ab</strong></span> <span class='ocrx_word' id='word_1_483' title='bbox 1569 2753 1730 2835; x_wconf 88' lang='lat' dir='ltr'><strong>episcopali</strong></span> <span class='ocrx_word' id='word_1_484' title='bbox 1754 2751 1805 2814; x_wconf 92' lang='lat' dir='ltr'><strong>vel</strong></span> <span class='ocrx_word' id='word_1_485' title='bbox 1826 2750 1979 2813; x_wconf 84' lang='lat' dir='ltr'><strong>ordinaria</strong></span> <span class='ocrx_word' id='word_1_486' title='bbox 2001 2750 2134 2814; x_wconf 90' lang='lat' dir='ltr'><strong>auctori·</strong></span> 
     </span>
     <span class='ocr_line' id='line_1_96' title="bbox 1387 2845 2133 2923; baseline -0.007 -13"><span class='ocrx_word' id='word_1_487' title='bbox 1387 2857 1447 2911; x_wconf 91' lang='lat' dir='ltr'><strong>tate</strong></span> <span class='ocrx_word' id='word_1_488' title='bbox 1469 2849 1665 2923; x_wconf 89' lang='lat' dir='ltr'><strong>eximuntur,</strong></span> <span class='ocrx_word' id='word_1_489' title='bbox 1689 2847 1739 2910; x_wconf 90' lang='lat' dir='ltr'><strong>vel</strong></span> <span class='ocrx_word' id='word_1_490' title='bbox 1761 2847 1792 2911; x_wconf 86' lang='lat' dir='ltr'><strong>S.</strong></span> <span class='ocrx_word' id='word_1_491' title='bbox 1817 2847 1904 2912; x_wconf 92' lang='lat' dir='ltr'><strong>Sedis</strong></span> <span class='ocrx_word' id='word_1_492' title='bbox 1926 2845 2133 2908; x_wconf 91' lang='lat' dir='ltr'><strong>iurisdictioni</strong></span> 
     </span>
     <span class='ocr_line' id='line_1_97' title="bbox 1385 2938 2133 3015; baseline -0.004 -13"><span class='ocrx_word' id='word_1_493' title='bbox 1385 2940 1564 3004; x_wconf 87' lang='lat' dir='ltr'><strong>immediate</strong></span> <span class='ocrx_word' id='word_1_494' title='bbox 1584 2942 1803 3015; x_wconf 89' lang='lat' dir='ltr'><strong>subiiciuntur,</strong></span> <span class='ocrx_word' id='word_1_495' title='bbox 1817 2957 1858 3002; x_wconf 90' lang='lat' dir='ltr'><strong>ue</strong></span> <span class='ocrx_word' id='word_1_496' title='bbox 1869 2939 2082 3002; x_wconf 89' lang='lat' dir='ltr'><strong>altercationes</strong></span> <span class='ocrx_word' id='word_1_497' title='bbox 2097 2938 2133 2999; x_wconf 79' lang='lat' dir='ltr'><strong>ed</strong></span> 
     </span>
     <span class='ocr_line' id='line_1_98' title="bbox 1386 3030 2132 3114; baseline -0.008 -18"><span class='ocrx_word' id='word_1_498' title='bbox 1386 3037 1423 3096; x_wconf 92' lang='lat' dir='ltr'><strong>de</strong></span> <span class='ocrx_word' id='word_1_499' title='bbox 1445 3051 1478 3096; x_wconf 94' lang='lat' dir='ltr'><strong>re</strong></span> <span class='ocrx_word' id='word_1_500' title='bbox 1502 3036 1706 3114; x_wconf 88' lang='lat' dir='ltr'><strong>inposterum</strong></span> <span class='ocrx_word' id='word_1_501' title='bbox 1729 3040 1924 3109; x_wconf 88' lang='lat' dir='ltr'><strong>enascantur,</strong></span> <span class='ocrx_word' id='word_1_502' title='bbox 1942 3049 2017 3111; x_wconf 93' lang='lat' dir='ltr'><strong>quas</strong></span> <span class='ocrx_word' id='word_1_503' title='bbox 2034 3030 2132 3109; x_wconf 92' lang='lat' dir='ltr'><strong>pluri-</strong></span> 
     </span>
     <span class='ocr_line' id='line_1_99' title="bbox 1386 3123 2135 3206; baseline -0.008 -16"><span class='ocrx_word' id='word_1_504' title='bbox 1386 3143 1449 3190; x_wconf 91' lang='lat' dir='ltr'><strong>mas</strong></span> <span class='ocrx_word' id='word_1_505' title='bbox 1471 3128 1579 3206; x_wconf 88' lang='lat' dir='ltr'><strong>elapsis</strong></span> <span class='ocrx_word' id='word_1_506' title='bbox 1602 3128 1791 3206; x_wconf 89' lang='lat' dir='ltr'><strong>temporibus</strong></span> <span class='ocrx_word' id='word_1_507' title='bbox 1807 3131 1926 3189; x_wconf 91' lang='lat' dir='ltr'><strong>constat</strong></span> <span class='ocrx_word' id='word_1_508' title='bbox 1946 3123 2086 3186; x_wconf 87' lang='lat' dir='ltr'><strong>extitisse</strong></span> <span class='ocrx_word' id='word_1_509' title='bbox 2101 3132 2135 3184; x_wconf 90' lang='lat' dir='ltr'><strong>et</strong></span> 
     </span>
     <span class='ocr_line' id='line_1_100' title="bbox 1384 3219 2133 3298; baseline -0.004 -17"><span class='ocrx_word' id='word_1_510' title='bbox 1384 3221 1416 3282; x_wconf 92' lang='lat' dir='ltr'><strong>in</strong></span> <span class='ocrx_word' id='word_1_511' title='bbox 1439 3221 1502 3283; x_wconf 88' lang='lat' dir='ltr'><strong>dies</strong></span> <span class='ocrx_word' id='word_1_512' title='bbox 1523 3221 1669 3296; x_wconf 91' lang='lat' dir='ltr'><strong>suboriri,</strong></span> <span class='ocrx_word' id='word_1_513' title='bbox 1692 3221 1856 3284; x_wconf 87' lang='lat' dir='ltr'><strong>necessitas</strong></span> <span class='ocrx_word' id='word_1_514' title='bbox 1878 3219 2024 3298; x_wconf 90' lang='lat' dir='ltr'><strong>postulat,</strong></span> <span class='ocrx_word' id='word_1_515' title='bbox 2041 3225 2075 3280; x_wconf 90' lang='lat' dir='ltr'><strong>ut</strong></span> <span class='ocrx_word' id='word_1_516' title='bbox 2098 3219 2133 3278; x_wconf 82' lang='lat' dir='ltr'><strong>st·</strong></span> 
     </span>
     <span class='ocr_line' id='line_1_101' title="bbox 1385 3313 2133 3393; baseline -0.007 -18"><span class='ocrx_word' id='word_1_517' title='bbox 1385 3313 1433 3375; x_wconf 89' lang='lat' dir='ltr'><strong>nis</strong></span> <span class='ocrx_word' id='word_1_518' title='bbox 1448 3315 1609 3393; x_wconf 90' lang='lat' dir='ltr'><strong>aliquando</strong></span> <span class='ocrx_word' id='word_1_519' title='bbox 1626 3315 1662 3376; x_wconf 93' lang='lat' dir='ltr'><strong>iis</strong></span> <span class='ocrx_word' id='word_1_520' title='bbox 1679 3315 1871 3392; x_wconf 87' lang='lat' dir='ltr'><strong>imponatur:</strong></span> <span class='ocrx_word' id='word_1_521' title='bbox 1896 3313 1976 3391; x_wconf 91' lang='lat' dir='ltr'><strong>quod</strong></span> <span class='ocrx_word' id='word_1_522' title='bbox 1994 3313 2033 3372; x_wconf 91' lang='lat' dir='ltr'><strong>ita</strong></span> <span class='ocrx_word' id='word_1_523' title='bbox 2046 3326 2133 3389; x_wconf 92' lang='lat' dir='ltr'><strong>prae-</strong></span> 
     </span>
     <span class='ocr_line' id='line_1_102' title="bbox 1383 3406 2132 3487; baseline -0.005 -19"><span class='ocrx_word' id='word_1_524' title='bbox 1383 3410 1456 3469; x_wconf 91' lang='lat' dir='ltr'><strong>stari</strong></span> <span class='ocrx_word' id='word_1_525' title='bbox 1479 3415 1600 3487; x_wconf 91' lang='lat' dir='ltr'><strong>oportet</strong></span> <span class='ocrx_word' id='word_1_526' title='bbox 1615 3408 1876 3487; x_wconf 83' lang='lat' dir='ltr'><strong>quemadmodum</strong></span> <span class='ocrx_word' id='word_1_527' title='bbox 1893 3406 2024 3468; x_wconf 91' lang='lat' dir='ltr'><strong>inlerius</strong></span> <span class='ocrx_word' id='word_1_528' title='bbox 2038 3419 2132 3482; x_wconf 89' lang='lat' dir='ltr'><strong>expo-</strong></span> 
     </span>
     <span class='ocr_line' id='line_1_103' title="bbox 1384 3519 1505 3568; baseline -0.041 0"><span class='ocrx_word' id='word_1_529' title='bbox 1384 3519 1505 3568; x_wconf 90' lang='lat' dir='ltr'><strong>nemus.</strong></span> 
     </span>
    </p>

    <p class='ocr_par' dir='ltr' id='par_1_22' title="bbox 1382 3593 2339 5358">
     <span class='ocr_line' id='line_1_104' title="bbox 1422 3593 2339 3675; baseline -0.004 -15"><span class='ocrx_word' id='word_1_530' title='bbox 1422 3598 1491 3673; x_wconf 75' lang='lat' dir='ltr'><strong>§d</strong></span> <span class='ocrx_word' id='word_1_531' title='bbox 1520 3598 1624 3675; x_wconf 86' lang='lat' dir='ltr'><strong>ltaque</strong></span> <span class='ocrx_word' id='word_1_532' title='bbox 1654 3597 1812 3674; x_wconf 88' lang='lat' dir='ltr'><strong>regulares</strong></span> <span class='ocrx_word' id='word_1_533' title='bbox 1843 3593 2029 3658; x_wconf 88' lang='lat' dir='ltr'><strong>missionarii</strong></span> <span class='ocrx_word' id='word_1_534' title='bbox 2057 3607 2129 3657; x_wconf 90' lang='lat' dir='ltr'><strong>cum</strong></span> <span class='ocrx_word' id='word_1_535' title='bbox 2167 3611 2339 3674; x_wconf 68' lang='lat' dir='ltr'><strong>¹streperas-</strong></span> 
     </span>
     <span class='ocr_line' id='line_1_105' title="bbox 1384 3666 2339 3770; baseline -0.007 -16"><span class='ocrx_word' id='word_1_536' title='bbox 1384 3691 1572 3770; x_wconf 89' lang='lat' dir='ltr'><strong>provinciam</strong></span> <span class='ocrx_word' id='word_1_537' title='bbox 1594 3690 1844 3764; x_wconf 81' lang='lat' dir='ltr'><strong>adventaverint,</strong></span> <span class='ocrx_word' id='word_1_538' title='bbox 1864 3690 1916 3751; x_wconf 92' lang='lat' dir='ltr'><strong>ubi</strong></span> <span class='ocrx_word' id='word_1_539' title='bbox 1938 3705 2036 3750; x_wconf 89' lang='lat' dir='ltr'><strong>sacras</strong></span> <span class='ocrx_word' id='word_1_540' title='bbox 2057 3688 2131 3748; x_wconf 90' lang='lat' dir='ltr'><strong>ruis·</strong></span> <span class='ocrx_word' id='word_1_541' title='bbox 2151 3666 2339 3762; x_wconf 55' lang='lat' dir='ltr'><strong>{22¹¹}3&#39;lfffllssg</strong></span> 
     </span>
     <span class='ocr_line' id='line_1_106' title="bbox 1383 3771 2339 3870; baseline -0.005 -25"><span class='ocrx_word' id='word_1_542' title='bbox 1383 3786 1484 3848; x_wconf 91' lang='lat' dir='ltr'><strong>siones</strong></span> <span class='ocrx_word' id='word_1_543' title='bbox 1504 3785 1589 3848; x_wconf 87' lang='lat' dir='ltr'><strong>obire</strong></span> <span class='ocrx_word' id='word_1_544' title='bbox 1604 3785 1728 3859; x_wconf 81' lang='lat' dir='ltr'><strong>debean,</strong></span> <span class='ocrx_word' id='word_1_545' title='bbox 1745 3783 1956 3862; x_wconf 74' lang='lat' dir='ltr'><strong>apostolicum</strong></span> <span class='ocrx_word' id='word_1_546' title='bbox 1973 3781 2130 3844; x_wconf 89' lang='lat' dir='ltr'><strong>Vicarium</strong></span> <span class='ocrx_word' id='word_1_547' title='bbox 2150 3771 2339 3870; x_wconf 64' lang='lat' dir='ltr'><strong>},¹22{¹⁰,¹{⁰¹{„{{j</strong></span> 
     </span>
     <span class='ocr_line' id='line_1_107' title="bbox 1383 3877 2339 3976; baseline -0.008 -35"><span class='ocrx_word' id='word_1_548' title='bbox 1383 3881 1589 3954; x_wconf 90' lang='lat' dir='ltr'><strong>convenient,</strong></span> <span class='ocrx_word' id='word_1_549' title='bbox 1617 3879 1662 3940; x_wconf 91' lang='lat' dir='ltr'><strong>uti</strong></span> <span class='ocrx_word' id='word_1_550' title='bbox 1687 3877 1787 3940; x_wconf 88' lang='lat' dir='ltr'><strong>iacere</strong></span> <span class='ocrx_word' id='word_1_551' title='bbox 1815 3893 1939 3956; x_wconf 90' lang='lat' dir='ltr'><strong>semper</strong></span> <span class='ocrx_word' id='word_1_552' title='bbox 1960 3889 2130 3940; x_wconf 79' lang='lat' dir='ltr'><strong>causaeve</strong></span> <span class='ocrx_word' id='word_1_553' title='bbox 2150 3877 2339 3976; x_wconf 49' lang='lat' dir='ltr'><strong>iigi&#39;ffiriifl?</strong></span> 
     </span>
     <span class='ocr_line' id='line_1_108' title="bbox 1385 3971 2309 4048; baseline -0.006 -14"><span class='ocrx_word' id='word_1_554' title='bbox 1385 3981 1470 4048; x_wconf 90' lang='lat' dir='ltr'><strong>runt,</strong></span> <span class='ocrx_word' id='word_1_555' title='bbox 1495 3975 1526 4036; x_wconf 92' lang='lat' dir='ltr'><strong>in</strong></span> <span class='ocrx_word' id='word_1_556' title='bbox 1542 3974 1629 4034; x_wconf 93' lang='lat' dir='ltr'><strong>cuius</strong></span> <span class='ocrx_word' id='word_1_557' title='bbox 1645 3973 1764 4034; x_wconf 89' lang='lat' dir='ltr'><strong>ditione</strong></span> <span class='ocrx_word' id='word_1_558' title='bbox 1778 3971 1988 4034; x_wconf 88' lang='lat' dir='ltr'><strong>ministerium</strong></span> <span class='ocrx_word' id='word_1_559' title='bbox 2010 3977 2129 4048; x_wconf 91' lang='lat' dir='ltr'><strong>aposto·</strong></span> <span class='ocrx_word' id='word_1_560' title='bbox 2150 3995 2177 4030; x_wconf 79' lang='lat' dir='ltr'><strong>rs</strong></span> <span class='ocrx_word' id='word_1_561' title='bbox 2195 3989 2309 4030; x_wconf 73' lang='lat' dir='ltr'><strong>tenantur.</strong></span> 
     </span>
     <span class='ocr_line' id='line_1_109' title="bbox 1384 4064 2128 4145; baseline -0.005 -17"><span class='ocrx_word' id='word_1_562' title='bbox 1384 4066 1478 4130; x_wconf 87' lang='lat' dir='ltr'><strong>licum</strong></span> <span class='ocrx_word' id='word_1_563' title='bbox 1490 4066 1663 4145; x_wconf 88' lang='lat' dir='ltr'><strong>suscepturi</strong></span> <span class='ocrx_word' id='word_1_564' title='bbox 1675 4074 1760 4128; x_wconf 90' lang='lat' dir='ltr'><strong>sunt.</strong></span> <span class='ocrx_word' id='word_1_565' title='bbox 1776 4064 1935 4143; x_wconf 90' lang='lat' dir='ltr'><strong>Siquidem</strong></span> <span class='ocrx_word' id='word_1_566' title='bbox 1948 4066 2128 4128; x_wconf 89' lang='lat' dir='ltr'><strong>institutum</strong></span> 
     </span>
     <span class='ocr_line' id='line_1_110' title="bbox 1384 4157 2129 4222; baseline -0.001 -1"><span class='ocrx_word' id='word_1_567' title='bbox 1384 4159 1566 4222; x_wconf 89' lang='lat' dir='ltr'><strong>canonicum</strong></span> <span class='ocrx_word' id='word_1_568' title='bbox 1578 4167 1625 4222; x_wconf 90' lang='lat' dir='ltr'><strong>est</strong></span> <span class='ocrx_word' id='word_1_569' title='bbox 1639 4163 1713 4221; x_wconf 87' lang='lat' dir='ltr'><strong>sacri</strong></span> <span class='ocrx_word' id='word_1_570' title='bbox 1728 4157 1855 4222; x_wconf 80' lang='lat' dir='ltr'><strong>Consilii</strong></span> <span class='ocrx_word' id='word_1_571' title='bbox 1871 4159 2129 4221; x_wconf 87' lang='lat' dir='ltr'><strong>Chalcedonensis</strong></span> 
     </span>
     <span class='ocr_line' id='line_1_111' title="bbox 1383 4252 2128 4326; baseline -0.007 -9"><span class='ocrx_word' id='word_1_572' title='bbox 1383 4253 1564 4316; x_wconf 88' lang='lat' dir='ltr'><strong>auctoritate</strong></span> <span class='ocrx_word' id='word_1_573' title='bbox 1593 4253 1768 4326; x_wconf 78' lang='lat' dir='ltr'><strong>sarmatum,</strong></span> <span class='ocrx_word' id='word_1_574' title='bbox 1792 4252 1912 4314; x_wconf 88' lang='lat' dir='ltr'><strong>nemini</strong></span> <span class='ocrx_word' id='word_1_575' title='bbox 1938 4254 2075 4314; x_wconf 88' lang='lat' dir='ltr'><strong>advenae</strong></span> <span class='ocrx_word' id='word_1_576' title='bbox 2096 4252 2128 4313; x_wconf 94' lang='lat' dir='ltr'><strong>in</strong></span> 
     </span>
     <span class='ocr_line' id='line_1_112' title="bbox 1383 4344 2126 4424; baseline -0.001 -17"><span class='ocrx_word' id='word_1_577' title='bbox 1383 4348 1473 4409; x_wconf 87' lang='lat' dir='ltr'><strong>sacris</strong></span> <span class='ocrx_word' id='word_1_578' title='bbox 1501 4347 1670 4408; x_wconf 89' lang='lat' dir='ltr'><strong>constituto</strong></span> <span class='ocrx_word' id='word_1_579' title='bbox 1692 4345 1802 4420; x_wconf 91' lang='lat' dir='ltr'><strong>licere,</strong></span> <span class='ocrx_word' id='word_1_580' title='bbox 1829 4344 1988 4421; x_wconf 90' lang='lat' dir='ltr'><strong>ordinem,</strong></span> <span class='ocrx_word' id='word_1_581' title='bbox 2011 4360 2126 4424; x_wconf 88' lang='lat' dir='ltr'><strong>quase</strong></span> 
     </span>
     <span class='ocr_line' id='line_1_113' title="bbox 1384 4439 2126 4517; baseline -0.001 -16"><span class='ocrx_word' id='word_1_582' title='bbox 1384 4440 1567 4517; x_wconf 83' lang='lat' dir='ltr'><strong>insignitum</strong></span> <span class='ocrx_word' id='word_1_583' title='bbox 1590 4440 1714 4512; x_wconf 90' lang='lat' dir='ltr'><strong>asserit,</strong></span> <span class='ocrx_word' id='word_1_584' title='bbox 1737 4454 1899 4514; x_wconf 90' lang='lat' dir='ltr'><strong>exercere,</strong></span> <span class='ocrx_word' id='word_1_585' title='bbox 1925 4439 2061 4517; x_wconf 90' lang='lat' dir='ltr'><strong>adeoque</strong></span> <span class='ocrx_word' id='word_1_586' title='bbox 2082 4455 2126 4500; x_wconf 91' lang='lat' dir='ltr'><strong>sa-</strong></span> 
     </span>
     <span class='ocr_line' id='line_1_114' title="bbox 1383 4532 2129 4610; baseline -0.004 -15"><span class='ocrx_word' id='word_1_587' title='bbox 1383 4548 1471 4596; x_wconf 92' lang='lat' dir='ltr'><strong>crum</strong></span> <span class='ocrx_word' id='word_1_588' title='bbox 1494 4547 1652 4609; x_wconf 89' lang='lat' dir='ltr'><strong>peragere,</strong></span> <span class='ocrx_word' id='word_1_589' title='bbox 1669 4532 1693 4592; x_wconf 91' lang='lat' dir='ltr'><strong>si</strong></span> <span class='ocrx_word' id='word_1_590' title='bbox 1710 4533 1900 4594; x_wconf 88' lang='lat' dir='ltr'><strong>sacerdotem</strong></span> <span class='ocrx_word' id='word_1_591' title='bbox 1920 4547 1953 4593; x_wconf 91' lang='lat' dir='ltr'><strong>se</strong></span> <span class='ocrx_word' id='word_1_592' title='bbox 1973 4547 2040 4593; x_wconf 89' lang='lat' dir='ltr'><strong>esse</strong></span> <span class='ocrx_word' id='word_1_593' title='bbox 2061 4546 2129 4610; x_wconf 91' lang='lat' dir='ltr'><strong>pru·</strong></span> 
     </span>
     <span class='ocr_line' id='line_1_115' title="bbox 1383 4624 2127 4700; baseline 0 -14"><span class='ocrx_word' id='word_1_594' title='bbox 1383 4626 1523 4700; x_wconf 87' lang='lat' dir='ltr'><strong>sileatur,</strong></span> <span class='ocrx_word' id='word_1_595' title='bbox 1547 4625 1605 4686; x_wconf 90' lang='lat' dir='ltr'><strong>nisi</strong></span> <span class='ocrx_word' id='word_1_596' title='bbox 1630 4624 1733 4686; x_wconf 87' lang='lat' dir='ltr'><strong>literas</strong></span> <span class='ocrx_word' id='word_1_597' title='bbox 1755 4625 1947 4686; x_wconf 90' lang='lat' dir='ltr'><strong>authenticas</strong></span> <span class='ocrx_word' id='word_1_598' title='bbox 1975 4624 2127 4688; x_wconf 87' lang='lat' dir='ltr'><strong>Ordiuarii</strong></span> 
     </span>
     <span class='ocr_line' id='line_1_116' title="bbox 1383 4717 2127 4798; baseline 0.004 -19"><span class='ocrx_word' id='word_1_599' title='bbox 1383 4719 1480 4797; x_wconf 89' lang='lat' dir='ltr'><strong>palam</strong></span> <span class='ocrx_word' id='word_1_600' title='bbox 1502 4717 1603 4794; x_wconf 85' lang='lat' dir='ltr'><strong>iaciat,</strong></span> <span class='ocrx_word' id='word_1_601' title='bbox 1627 4718 1904 4798; x_wconf 85' lang='lat' dir='ltr'><strong>testimoniumque</strong></span> <span class='ocrx_word' id='word_1_602' title='bbox 1926 4717 2127 4794; x_wconf 63' lang='lat' dir='ltr'><strong>exhibuisse</strong></span> 
     </span>
     <span class='ocr_line' id='line_1_117' title="bbox 1383 4810 2127 4890; baseline 0.001 -16"><span class='ocrx_word' id='word_1_603' title='bbox 1383 4811 1471 4874; x_wconf 91' lang='lat' dir='ltr'><strong>nullo</strong></span> <span class='ocrx_word' id='word_1_604' title='bbox 1492 4811 1702 4890; x_wconf 88' lang='lat' dir='ltr'><strong>suspensionis</strong></span> <span class='ocrx_word' id='word_1_605' title='bbox 1724 4811 1774 4872; x_wconf 90' lang='lat' dir='ltr'><strong>vel</strong></span> <span class='ocrx_word' id='word_1_606' title='bbox 1802 4810 2039 4886; x_wconf 88' lang='lat' dir='ltr'><strong>irregularitatis</strong></span> <span class='ocrx_word' id='word_1_607' title='bbox 2061 4814 2127 4875; x_wconf 91' lang='lat' dir='ltr'><strong>vin·</strong></span> 
     </span>
     <span class='ocr_line' id='line_1_118' title="bbox 1382 4904 2128 4985; baseline -0.001 -17"><span class='ocrx_word' id='word_1_608' title='bbox 1382 4906 1452 4968; x_wconf 89' lang='lat' dir='ltr'><strong>culo</strong></span> <span class='ocrx_word' id='word_1_609' title='bbox 1467 4905 1594 4966; x_wconf 88' lang='lat' dir='ltr'><strong>irretiri.</strong></span> <span class='ocrx_word' id='word_1_610' title='bbox 1619 4905 1661 4966; x_wconf 91' lang='lat' dir='ltr'><strong>lta</strong></span> <span class='ocrx_word' id='word_1_611' title='bbox 1677 4920 1789 4968; x_wconf 85' lang='lat' dir='ltr'><strong>conon.</strong></span> <span class='ocrx_word' id='word_1_612' title='bbox 1803 4904 1837 4975; x_wconf 87' lang='lat'><strong>⁷,</strong></span> <span class='ocrx_word' id='word_1_613' title='bbox 1850 4905 1925 4968; x_wconf 82' lang='lat' dir='ltr'><strong>dist.</strong></span> <span class='ocrx_word' id='word_1_614' title='bbox 1944 4904 2000 4976; x_wconf 85' lang='grc'><strong>71,</strong></span> <span class='ocrx_word' id='word_1_615' title='bbox 2017 4906 2067 4967; x_wconf 92' lang='lat' dir='ltr'><strong>cui</strong></span> <span class='ocrx_word' id='word_1_616' title='bbox 2078 4923 2128 4985; x_wconf 92' lang='lat' dir='ltr'><strong>ap-</strong></span> 
     </span>
     <span class='ocr_line' id='line_1_119' title="bbox 1383 4997 2129 5077; baseline 0.003 -17"><span class='ocrx_word' id='word_1_617' title='bbox 1383 5001 1482 5077; x_wconf 89' lang='lat' dir='ltr'><strong>prime</strong></span> <span class='ocrx_word' id='word_1_618' title='bbox 1494 4999 1649 5064; x_wconf 86' lang='lat' dir='ltr'><strong>consentit</strong></span> <span class='ocrx_word' id='word_1_619' title='bbox 1669 5014 1791 5060; x_wconf 89' lang='lat' dir='ltr'><strong>sacrum</strong></span> <span class='ocrx_word' id='word_1_620' title='bbox 1810 4997 1985 5060; x_wconf 85' lang='lat' dir='ltr'><strong>Concilium</strong></span> <span class='ocrx_word' id='word_1_621' title='bbox 2001 4998 2129 5062; x_wconf 86' lang='lat' dir='ltr'><strong>Triden-</strong></span> 
     </span>
     <span class='ocr_line' id='line_1_120' title="bbox 1384 5091 2128 5169; baseline 0.003 -14"><span class='ocrx_word' id='word_1_622' title='bbox 1384 5093 1486 5155; x_wconf 90' lang='lat' dir='ltr'><strong>tinum</strong></span> <span class='ocrx_word' id='word_1_623' title='bbox 1500 5110 1574 5156; x_wconf 87' lang='lat' dir='ltr'><strong>sess.</strong></span> <span class='ocrx_word' id='word_1_624' title='bbox 1590 5091 1637 5155; x_wconf 81' lang='lat'><strong>22</strong></span> <span class='ocrx_word' id='word_1_625' title='bbox 1654 5091 1859 5169; x_wconf 76' lang='lat' dir='ltr'><strong>desacrificio</strong></span> <span class='ocrx_word' id='word_1_626' title='bbox 1871 5091 1988 5155; x_wconf 84' lang='lat' dir='ltr'><strong>Missae</strong></span> <span class='ocrx_word' id='word_1_627' title='bbox 2005 5091 2128 5157; x_wconf 87' lang='lat' dir='ltr'><strong>decreto</strong></span> 
     </span>
     <span class='ocr_line' id='line_1_121' title="bbox 1384 5183 2128 5248; baseline 0 0"><span class='ocrx_word' id='word_1_628' title='bbox 1384 5185 1419 5248; x_wconf 82' lang='lat' dir='ltr'><strong>tc</strong></span> <span class='ocrx_word' id='word_1_629' title='bbox 1440 5184 1644 5248; x_wconf 83' lang='lat' dir='ltr'><strong>observandis</strong></span> <span class='ocrx_word' id='word_1_630' title='bbox 1660 5192 1691 5246; x_wconf 86' lang='lat' dir='ltr'><strong>ct</strong></span> <span class='ocrx_word' id='word_1_631' title='bbox 1712 5184 1873 5246; x_wconf 80' lang='lat' dir='ltr'><strong>evitandis</strong></span> <span class='ocrx_word' id='word_1_632' title='bbox 1897 5185 1930 5245; x_wconf 89' lang='lat' dir='ltr'><strong>in</strong></span> <span class='ocrx_word' id='word_1_633' title='bbox 1946 5183 2128 5248; x_wconf 83' lang='lat' dir='ltr'><strong>celebratio·</strong></span> 
     </span>
     <span class='ocr_line' id='line_1_122' title="bbox 1384 5278 2124 5358; baseline -0.001 -16"><span class='ocrx_word' id='word_1_634' title='bbox 1384 5296 1420 5342; x_wconf 88' lang='lat' dir='ltr'><strong>oe</strong></span> <span class='ocrx_word' id='word_1_635' title='bbox 1441 5281 1568 5352; x_wconf 79' lang='lat' dir='ltr'><strong>Missus,</strong></span> <span class='ocrx_word' id='word_1_636' title='bbox 1587 5285 1619 5340; x_wconf 87' lang='lat' dir='ltr'><strong>ct</strong></span> <span class='ocrx_word' id='word_1_637' title='bbox 1634 5295 1703 5356; x_wconf 85' lang='lat' dir='ltr'><strong>cop.</strong></span> <span class='ocrx_word' id='word_1_638' title='bbox 1722 5278 1777 5352; x_wconf 86' lang='lat'><strong>13,</strong></span> <span class='ocrx_word' id='word_1_639' title='bbox 1796 5279 1876 5343; x_wconf 86' lang='lat' dir='ltr'><strong>Sess.</strong></span> <span class='ocrx_word' id='word_1_640' title='bbox 1893 5279 1953 5352; x_wconf 84' lang='lat'><strong>23,</strong></span> <span class='ocrx_word' id='word_1_641' title='bbox 1966 5281 2003 5344; x_wconf 87' lang='lat' dir='ltr'><strong>dc</strong></span> <span class='ocrx_word' id='word_1_642' title='bbox 2017 5279 2124 5358; x_wconf 74' lang='lat' dir='ltr'><strong>Refor.</strong></span> 
     </span>
    </p>

    <p class='ocr_par' dir='ltr' id='par_1_23' title="bbox 1383 5375 2190 5920">
     <span class='ocr_line' id='line_1_123' title="bbox 1384 5375 2127 5454; baseline 0.003 -18"><span class='ocrx_word' id='word_1_643' title='bbox 1384 5376 1477 5436; x_wconf 89' lang='lat' dir='ltr'><strong>Porro</strong></span> <span class='ocrx_word' id='word_1_644' title='bbox 1507 5375 1684 5436; x_wconf 92' lang='lat' dir='ltr'><strong>huiusmodi</strong></span> <span class='ocrx_word' id='word_1_645' title='bbox 1717 5377 1941 5454; x_wconf 89' lang='lat' dir='ltr'><strong>praescriptum</strong></span> <span class='ocrx_word' id='word_1_646' title='bbox 1972 5376 2127 5452; x_wconf 89' lang='lat' dir='ltr'><strong>regulares</strong></span> 
     </span>
     <span class='ocr_line' id='line_1_124' title="bbox 1384 5468 2128 5546; baseline -0.003 -14"><span class='ocrx_word' id='word_1_647' title='bbox 1384 5469 1475 5532; x_wconf 86' lang='lat' dir='ltr'><strong>etiam</strong></span> <span class='ocrx_word' id='word_1_648' title='bbox 1497 5468 1631 5546; x_wconf 85' lang='lat' dir='ltr'><strong>respicit,</strong></span> <span class='ocrx_word' id='word_1_649' title='bbox 1644 5468 1764 5546; x_wconf 87' lang='lat' dir='ltr'><strong>quoties</strong></span> <span class='ocrx_word' id='word_1_650' title='bbox 1779 5475 1865 5530; x_wconf 88' lang='lat' dir='ltr'><strong>extra</strong></span> <span class='ocrx_word' id='word_1_651' title='bbox 1880 5469 2045 5532; x_wconf 91' lang='lat' dir='ltr'><strong>dioecesim</strong></span> <span class='ocrx_word' id='word_1_652' title='bbox 2061 5485 2128 5532; x_wconf 88' lang='lat' dir='ltr'><strong>ver·</strong></span> 
     </span>
     <span class='ocr_line' id='line_1_125' title="bbox 1383 5561 2190 5640; baseline 0.002 -20"><span class='ocrx_word' id='word_1_653' title='bbox 1383 5568 1502 5634; x_wconf 88' lang='lat' dir='ltr'><strong>santur,</strong></span> <span class='ocrx_word' id='word_1_654' title='bbox 1527 5561 1558 5621; x_wconf 92' lang='lat' dir='ltr'><strong>in</strong></span> <span class='ocrx_word' id='word_1_655' title='bbox 1580 5577 1639 5637; x_wconf 90' lang='lat' dir='ltr'><strong>qua</strong></span> <span class='ocrx_word' id='word_1_656' title='bbox 1664 5561 1699 5622; x_wconf 91' lang='lat' dir='ltr'><strong>ad</strong></span> <span class='ocrx_word' id='word_1_657' title='bbox 1721 5577 1822 5622; x_wconf 90' lang='lat' dir='ltr'><strong>sacros</strong></span> <span class='ocrx_word' id='word_1_658' title='bbox 1849 5561 1974 5624; x_wconf 89' lang='lat' dir='ltr'><strong>ordines</strong></span> <span class='ocrx_word' id='word_1_659' title='bbox 1996 5561 2127 5640; x_wconf 92' lang='lat' dir='ltr'><strong>promoti</strong></span> <span class='ocrx_word' id='word_1_660' title='bbox 2188 5630 2190 5633; x_wconf 87' lang='lat'>.</span> 
     </span>
     <span class='ocr_line' id='line_1_126' title="bbox 1384 5653 2128 5732; baseline 0 -18"><span class='ocrx_word' id='word_1_661' title='bbox 1384 5653 1482 5728; x_wconf 86' lang='lat' dir='ltr'><strong>luere,</strong></span> <span class='ocrx_word' id='word_1_662' title='bbox 1496 5655 1687 5732; x_wconf 89' lang='lat' dir='ltr'><strong>proindeque</strong></span> <span class='ocrx_word' id='word_1_663' title='bbox 1697 5663 1875 5732; x_wconf 88' lang='lat' dir='ltr'><strong>susceptum</strong></span> <span class='ocrx_word' id='word_1_664' title='bbox 1887 5655 2030 5716; x_wconf 90' lang='lat' dir='ltr'><strong>ordinem</strong></span> <span class='ocrx_word' id='word_1_665' title='bbox 2042 5669 2128 5716; x_wconf 87' lang='lat' dir='ltr'><strong>exer-</strong></span> 
     </span>
     <span class='ocr_line' id='line_1_127' title="bbox 1384 5747 2129 5827; baseline 0.001 -17"><span class='ocrx_word' id='word_1_666' title='bbox 1384 5763 1454 5810; x_wconf 87' lang='lat' dir='ltr'><strong>cere</strong></span> <span class='ocrx_word' id='word_1_667' title='bbox 1476 5747 1605 5810; x_wconf 88' lang='lat' dir='ltr'><strong>minime</strong></span> <span class='ocrx_word' id='word_1_668' title='bbox 1627 5754 1766 5827; x_wconf 89' lang='lat' dir='ltr'><strong>possunt,</strong></span> <span class='ocrx_word' id='word_1_669' title='bbox 1782 5749 1962 5825; x_wconf 88' lang='lat' dir='ltr'><strong>praesertim</strong></span> <span class='ocrx_word' id='word_1_670' title='bbox 1986 5751 2018 5810; x_wconf 96' lang='lat' dir='ltr'><strong>in</strong></span> <span class='ocrx_word' id='word_1_671' title='bbox 2035 5747 2129 5811; x_wconf 90' lang='lat' dir='ltr'><strong>eccle-</strong></span> 
     </span>
     <span class='ocr_line' id='line_1_128' title="bbox 1384 5841 2128 5920; baseline 0 -18"><span class='ocrx_word' id='word_1_672' title='bbox 1384 5842 1436 5902; x_wconf 91' lang='lat' dir='ltr'><strong>siis</strong></span> <span class='ocrx_word' id='word_1_673' title='bbox 1457 5857 1535 5919; x_wconf 90' lang='lat' dir='ltr'><strong>quae</strong></span> <span class='ocrx_word' id='word_1_674' title='bbox 1550 5841 1584 5901; x_wconf 90' lang='lat' dir='ltr'><strong>ad</strong></span> <span class='ocrx_word' id='word_1_675' title='bbox 1601 5841 1756 5920; x_wconf 87' lang='lat' dir='ltr'><strong>propriam</strong></span> <span class='ocrx_word' id='word_1_676' title='bbox 1777 5842 1968 5903; x_wconf 90' lang='lat' dir='ltr'><strong>sodalitatem</strong></span> <span class='ocrx_word' id='word_1_677' title='bbox 1984 5857 2047 5904; x_wconf 93' lang='lat' dir='ltr'><strong>non</strong></span> <span class='ocrx_word' id='word_1_678' title='bbox 2062 5857 2128 5919; x_wconf 87' lang='lat' dir='ltr'><strong>spo-</strong></span> 
     </span>
    </p>
   </div>
   <div class='ocr_carea' id='block_1_21' title="bbox 1384 5933 2128 6013">
    <p class='ocr_par' dir='ltr' id='par_1_24' title="bbox 1384 5933 2128 6013">
     <span class='ocr_line' id='line_1_129' title="bbox 1384 5933 2128 6013; baseline 0.003 -17"><span class='ocrx_word' id='word_1_679' title='bbox 1384 5941 1486 6011; x_wconf 88' lang='lat' dir='ltr'><strong>ctant,</strong></span> <span class='ocrx_word' id='word_1_680' title='bbox 1517 5934 1577 5995; x_wconf 92' lang='lat' dir='ltr'><strong>uisi</strong></span> <span class='ocrx_word' id='word_1_681' title='bbox 1608 5936 1693 6013; x_wconf 87' lang='lat' dir='ltr'><strong>prius</strong></span> <span class='ocrx_word' id='word_1_682' title='bbox 1721 5933 1895 6013; x_wconf 86' lang='lat' dir='ltr'><strong>Episcopis,</strong></span> <span class='ocrx_word' id='word_1_683' title='bbox 1919 5942 1972 5998; x_wconf 85' lang='lat' dir='ltr'><strong>aut</strong></span> <span class='ocrx_word' id='word_1_684' title='bbox 2001 5933 2128 5998; x_wconf 83' lang='lat' dir='ltr'><strong>Vicariis</strong></span> 
     </span>
    </p>
   </div>
   <div class='ocr_carea' id='block_1_22' title="bbox 0 0 2424 6981">
    <p class='ocr_par' dir='ltr' id='par_1_25' title="bbox 0 0 2424 6981">
     <span class='ocr_line' id='line_1_130' title="bbox 0 0 2424 6981; baseline 0 0"><span class='ocrx_word' id='word_1_685' title='bbox 0 0 2424 6981; x_wconf 95' lang='lat' dir='ltr'><strong> </strong></span> 
     </span>
    </p>
   </div>
  </div>
 </body>
</html>
