4744 6976
911 576 1109 622 nnnnntcuus
1130 575 1196 622 ΧΠ.

277 693 518 771 publicationem
545 693 634 755 robis
662 693 869 770 iniungimus,
892 693 1027 770 dirigere

277 786 414 849 valeatis.
440 787 645 850 Eorumrero
667 786 922 865 exequutionem,
939 784 1026 860 dunt,

277 881 362 942 iuxta
384 895 431 955 ea,
454 896 534 959 quae
550 880 582 941 in
598 879 813 958 praesentibus
836 877 971 940 tenenda
983 885 1027 939 at-

277 988 339 1052 que
369 973 523 1035 servanda
551 971 806 1050 praescribimus,
836 971 939 1046 omni,
967 987 1027 1050 qua

277 1066 383 1138 decet,
420 1064 619 1128 solicitudine
653 1081 688 1128 sc
718 1064 880 1142 vigilantia
903 1050 1027 1140 'urgere

112 1169 259 1230 rimarunt
277 1157 453 1232 studebitis,
469 1157 602 1219 minime
622 1155 830 1221 dubitandum
851 1156 939 1218 vohis
954 1157 1025 1231 erit,

27 1231 29 1264 i
90 1231 185 1280 renota,
204 1233 260 1269 exa-

27 1279 29 1316 t
90 1281 179 1342 queunte

277 1266 318 1312 ne
336 1255 528 1314 statutorum
539 1257 719 1311 vestrorum
734 1249 942 1328 implemento
962 1249 1029 1312 obi-

276 1357 344 1405 cem
367 1351 419 1405 aut
447 1358 569 1406 moram
594 1342 705 1404 ailerre
733 1343 857 1404 valeant
882 1360 1027 1406 recursus

276 1438 313 1499 ad
334 1437 429 1498 huius
451 1445 576 1500 nostrae
592 1436 702 1499 Curiae
718 1435 884 1497 tribunalia
899 1437 1026 1499 forsitan

275 1529 429 1607 habendi;
458 1536 568 1608 utpote
588 1544 665 1607 quos
686 1529 818 1589 omnino
844 1529 1028 1592 reiiciendos

276 1637 343 1683 esse
358 1621 575 1701 praecipimus,
588 1637 622 1684 ao
641 1621 796 1683 iubemus.
820 1621 1026 1696 Quamobrem

275 1715 331 1776 has
353 1715 432 1792 ipsas
454 1713 559 1775 literas
580 1719 700 1775 nostras
715 1713 746 1774 iu
759 1713 957 1790 singulorum
974 1715 1029 1776 tri-

275 1806 441 1870 bunalium
453 1807 585 1883 regestis
597 1806 748 1868 asservari
763 1805 922 1882 volumus,
934 1814 1027 1886 atque

275 1901 313 1961 ad
335 1914 445 1962 earum
465 1898 704 1977 praescriptum,
729 1905 791 1961 tam
813 1899 952 1976 ipsorum
973 1901 1027 1961 tri-

275 1991 442 2054 bunalium
475 1992 698 2066 resolutioneS,
727 2007 822 2070 quant
851 1993 889 2054 de
915 1993 1027 2054 restris

275 2083 421 2159 decretis,
445 2099 523 2162 quae
538 2084 611 2163 ipsis
626 2083 841 2162 praesentibus
861 2084 1029 2147 inhaeren-

275 2185 325 2239 tes
346 2177 463 2239 edituri
484 2177 569 2252 estis,
592 2176 704 2240 iudicia
730 2177 814 2253 exigi
837 2183 868 2238 et
889 2176 1027 2239 conferri

275 2271 473 2332 mandamus.
1019 2277 1023 2282 ’

92 2387 258 2450 replicationis
316 2363 387 2438 §2-
411 2364 450 2425 Et
474 2363 602 2442 quidem
625 2362 707 2440 quod
726 2377 827 2441 nuper
846 2362 1028 2425 enunciari.

94 2507 119 2550 gp

27 2573 28 2576 =
93 2529 163 2608 orni.
177 2551 199 2592 et
218 2547 257 2608 se·

27 2635 29 2642 ,
88 2601 256 2662 trstpdeeretrs

27 2677 28 2684 τ
88 2661 160 2700 emens

27 2457 29 2468 '
88 2441 257 2540 ⁵²‘„²,‘⁰‘{¹„'„l,‘ss
276 2471 361 2530 mus,
395 2455 631 2519 Saorosanctum
658 2456 765 2518 Missae
796 2455 1026 2519 Sacrificinma

274 2548 455 2612 Pastoribus
475 2551 652 2610 animarum
673 2548 817 2628 applicari
838 2549 951 2612 dehere
971 2567 1027 2629 pro

275 2642 394 2721 populo
413 2643 552 2722 ipsorum
574 2657 667 2702 curae
688 2643 865 2717 commisso,
882 2643 912 2704 id
926 2643 1027 2706 veluti

275 2751 315 2798 ex
330 2735 437 2797 divino
449 2743 612 2814 praecepto
623 2735 851 2810 descendenS,a
864 2736 952 2799 Sacra
961 2737 1029 2799 Ττί-

275 2829 405 2890 dentina
418 2828 543 2906 synodo
559 2829 675 2890 diserte
685 2829 874 2908 exprimitur
887 2847 961 2891 sess.
971 2828 1024 2889 23.

275 2936 347 2998 cap.
374 2922 404 2980 1.
429 2921 466 2982 de
492 2919 671 3002 deformat.
696 2937 751 3001 per
778 2922 851 2985 haec
879 2923 1027 2985 notabilia

274 3013 387 3075 rerba:
414 3013 495 3076 Gom
514 3019 684 3092 praecepto
706 3013 814 3076 divino
835 3015 1028 3078 mandatam

275 3106 323 3166 sit
346 3104 632 3184 chramnoaldus
647 3106 836 3171 animorum
852 3125 932 3171 iecra
947 3125 1029 3170 com-

276 3198 379 3261 misso
401 3204 460 3272 cst,
484 3216 650 3263 caesenas
682 3199 876 3279 dignoscere,
898 3218 957 3280 pro
977 3201 1027 3263 itis

275 3292 479 3369 sacrificinm
508 3291 630 3372 offerre.
659 3293 698 3355 Et
724 3294 867 3371 quemvis
894 3295 1030 3356 minime

276 3385 451 3460 defuerint,
474 3388 527 3464 qui
548 3401 605 3464 per
616 3385 724 3448 inanes
739 3395 770 3448 et
784 3386 909 3449 irivolas
931 3389 1028 3448 inter·

275 3479 468 3558 precationes
489 3478 667 3540 huiusmodi
689 3479 911 3556 obligationem
926 3477 1030 3543 aSan·

275 3581 325 3634 cta
348 3570 474 3648 Synodo
496 3579 699 3632 memoratam
722 3573 883 3634 demedio
904 3573 1027 3647 tollere,

276 3663 329 3724 vel
352 3662 462 3725 saltem
482 3671 666 3738 extenuare,
689 3663 905 3742 contenderit;
928 3681 1027 3744 quum

277 3763 386 3817 tamen
408 3755 503 3817 relata
527 3755 658 3818 Concilii
678 3755 773 3816 rerba
801 3755 874 3818 satis
895 3757 976 3818 clara
996 3767 1028 3818 et

276 3847 440 3926 perspicua
460 3848 535 3922 sint,
547 3861 709 3925 quumque
723 3847 876 3924 praedicta
893 3851 1028 3926 Congre-

277 3941 363 4017 gotio
385 3941 525 4003 eiusdem
546 3939 678 4003 Concilii
700 3941 951 4019 interpretationi
965 3943 1028 4022 pri-

277 4035 384 4095 vative
404 4033 588 4112 praeposita,
611 4040 790 4096 constanter
811 4035 955 4110 edixerit,
976 4052 1028 4098 eos

276 4127 392 4206 quibus
414 4128 590 4188 animarum
605 4142 677 4187 cura
692 4127 873 4189 demandata
888 4136 946 4203 est,
963 4145 1026 4190 non

276 4222 372 4283 modo
394 4215 588 4282 Sacrificium
608 4218 715 4280 blissae
733 4219 900 4296 celebrare,
923 4221 976 4282 sed
992 4222 1026 4283 il-

275 4311 339 4374 lius
370 4314 463 4376 etiam
493 4311 632 4374 fructum
661 4311 801 4374 medium
827 4327 884 4390 pro
912 4315 1027 4392 populo

275 4405 335 4466 sibi
358 4403 522 4466 commisso
543 4403 695 4482 applicare
717 4403 846 4479 debere,
870 4419 928 4467 neo
949 4406 1026 4469 illud

276 4513 334 4575 pro
356 4497 422 4558 aliis
444 4496 606 4575 applicare,
623 4502 676 4556 aut
697 4511 753 4574 pro
774 4496 953 4559 huiusmodi
976 4516 1028 4578 ap-

275 4588 445 4668 plicatione
472 4589 703 4665 eleemosynam
728 4589 888 4666 percipere
918 4606 1025 4668 posse;

275 4685 423 4760 quodque
445 4682 542 4759 magis
563 4681 706 4757 interest,
718 4696 819 4759 quum
839 4683 913 4745 hacc
935 4684 1026 4746 intel-

275 4774 405 4852 ligentia
416 4791 432 4834 a
444 4773 728 4853 praedecessoribus
750 4774 864 4836 uostris
879 4775 1025 4838 Romanis

275 4867 480 4930 Pontificibus
501 4867 663 4946 approbata
679 4866 774 4928 luerit
789 4874 819 4928 et
834 4869 1024 4945 confirmata3

275 4961 357 5022 nihil
378 4961 441 5021 iam
461 4960 593 5039 amplius
615 4959 673 5021 ulli
692 4964 836 5020 restrum
849 4959 1025 5024 desideran-

274 5055 353 5116 dum
372 5061 526 5131 superest,
543 5059 578 5114 ut
594 5067 663 5113 eam
684 5053 842 5130 amplecti,
859 5053 1025 5133 eidemque

275 5145 417 5224 obsequi,
432 5161 556 5208 necnon
580 5145 664 5207 illius
679 5153 855 5222 promptam
869 5147 1027 5208 executio-

274 5254 349 5300 nem
370 5239 404 5300 iu
419 5239 532 5300 restris
546 5238 719 5316 respective
733 5237 924 5302 dioecesibus
937 5241 1025 5302 omni

273 5331 378 5394 studio
400 5346 567 5410 procurare
587 5329 734 5392 debeatis.

102 5455 210 5506 smmi,
223 5463 257 5509 0„
316 5425 336 5500 ἓ
356 5425 386 5486 3.
410 5423 518 5502 Neque
540 5438 597 5485 nos
619 5431 735 5498 tomen,
751 5423 816 5500 qui,
833 5431 868 5486 ut
882 5425 1025 5503 superius

85 5506 231 5610 {afflictura

232 5517 254 5562 rr
275 5518 456 5592 innuimus,
481 5517 513 5578 in
539 5516 713 5578 minoribus
740 5516 839 5578 adhuc
863 5515 1023 5594 degentes,

275 5626 394 5672 munus
404 5610 561 5672 secretarii
577 5609 750 5688 praedictae
764 5609 1025 5686 congregationis

276 5702 408 5768 Concilii
436 5702 613 5765 Tridentini
642 5703 823 5781 interpretis
845 5703 949 5782 plures
970 5719 1026 5764 an·

273 5811 331 5857 nos
352 5795 520 5869 obirimus,
535 5795 672 5872 aliosque
693 5810 757 5856 non
778 5811 889 5873 paucos
910 5796 1024 5874 partim

274 5890 307 5950 in
328 5889 539 5950 Anconitanae
560 5887 762 5963 cathedralis,
779 5889 893 5966 partim
913 5889 947 5950 in
962 5890 1023 5953 lle·

381 6032 433 6078 lar.
451 6033 521 6078 Post.
537 6031 567 6078 de
580 6038 653 6091 prop.
669 6030 732 6078 Fide
745 6032 828 6080 Partis
842 6034 860 6078 l.
877 6033 929 6079 vol.
946 6035 988 6080 111.

1757 567 1813 628 {61
1866 564 1920 619 An.
1935 567 1966 620 0.
1987 561 2059 622 1744

1084 694 1289 772 tropolitanae
1315 697 1539 773 bononiensis,
1569 701 1685 780 patriae
1711 707 1836 763 nostrae

1083 786 1311 865 dilectissimae,
1335 807 1428 868 quarn
1450 792 1549 854 adhuc
1570 793 1756 870 retinemus,
1780 809 1837 871 gu-

1084 878 1268 944 bernatione
1300 882 1419 946 assidue
1447 886 1670 963 transegimus,
1700 903 1765 949 non
1787 888 1834 949 in-

1084 989 1178 1051 quam
1194 990 1250 1036 nus
1262 975 1359 1038 latent
1372 977 1554 1057 multiplicis
1570 981 1692 1056 generis
1707 979 1834 1057 effugia,

1085 1083 1142 1146 per
1163 1084 1240 1146 quae
1264 1069 1411 1132 nonnulli
1437 1071 1610 1150 praedictae
1638 1071 1835 1148 obligationis

1084 1159 1326 1239 implementum
1348 1163 1504 1225 declinare
1524 1172 1680 1242 satagunt,
1707 1165 1834 1244 quibus·

1085 1270 1146 1333 que
1167 1255 1298 1332 proinde
1319 1264 1494 1334 opportune
1514 1273 1530 1316 a
1553 1257 1641 1319 nobis
1658 1264 1706 1320 est
1728 1275 1834 1320 occur-

1083 1348 1227 1410 rendum.

1125 1439 1193 1515 §h
1218 1441 1321 1516 Quom
1343 1441 1428 1502 enirn
1456 1441 1584 1505 Sacrum
1611 1442 1832 1506 tridentinum
1875 1455 1958 1522 noan
1973 1457 2067 1507 rison

1084 1533 1272 1608 Concilium,
1295 1549 1336 1595 ue
1357 1534 1533 1597 animarum
1549 1551 1623 1597 cura
1642 1536 1831 1614 negligatur,
1853 1507 2016 1621 ῗὲῃηῗζὲξὲξῗῗ,
2037 1514 2069 1612 ἓξ

1085 1640 1149 1686 non
1165 1640 1229 1686 uno
1245 1625 1277 1686 in
1293 1624 1360 1686 loco
1375 1625 1531 1703 Episcopis
1554 1628 1692 1702 mandet,
1708 1635 1743 1689 ut
1758 1645 1834 1706 quc·
1853 1617 2026 1719 {gggffiffiffffl
2042 1617 2068 1666 ¹⁶¹

1084 1715 1278 1796 tiescumque
1299 1733 1376 1795 opus
1398 1717 1514 1793 luerit,
1544 1717 1671 1780 idoneos
1697 1719 1834 1783 vicarios

1083 1825 1155 1872 cum
1183 1815 1342 1872 certorum
1370 1808 1532 1873 fructuum
1560 1811 1769 1887 assignatione
1797 1815 1836 1876 ad

1082 1901 1225 1964 eamdem
1246 1918 1354 1965 curam
1376 1899 1585 1966 exercendam
1602 1903 1720 1979 eligant
1735 1922 1768 1968 ac
1782 1906 1833 1969 de·

1084 2002 1208 2072 putent,
1221 1993 1267 2056 uti
1279 1994 1388 2056 ridere
1399 2001 1445 2058 est
1458 1995 1494 2057 ia
1504 2011 1578 2056 sess.
1588 1996 1620 2055 6.
1633 2012 1659 2056 c.
1669 1997 1702 2057 2.
1711 2013 1785 2060 sess.
1798 1998 1831 2060 7.

1085 2103 1110 2148 c.
1128 2089 1160 2146 5.
1184 2092 1216 2148 et
1235 2086 1268 2146 7.
1286 2104 1360 2150 sess.
1373 2087 1429 2148 21.
1454 2105 1479 2148 c.
1491 2090 1523 2148 6.
1548 2106 1622 2150 sess.
1638 2089 1694 2150 25.
1719 2109 1744 2152 c.
1764 2092 1833 2166 16,-

1085 2195 1148 2242 uon
1165 2196 1233 2242 raro
1247 2191 1353 2242 autern
1365 2182 1499 2255 eveniat,
1512 2189 1559 2258 ut,
1575 2183 1677 2261 aliqua
1699 2183 1833 2248 Ecclesia

1085 2273 1251 2353 parochiali
1271 2282 1411 2350 vacante,
1427 2273 1568 2337 vicarius
1589 2276 1703 2353 pariter
1724 2279 1761 2340 ad
1776 2278 1835 2340 im-

1083 2365 1194 2444 plenda
1216 2365 1394 2429 huiusmodi
1423 2365 1577 2428 Ecclesiae
1601 2383 1712 2443 onera,
1735 2386 1835 2449 usque

1084 2459 1119 2520 ad
1142 2459 1216 2520 novi
1237 2459 1366 2521 rectoris
1394 2457 1596 2534 electionem,
1620 2459 1657 2521 ab
1683 2461 1834 2542 Episcopo

1083 2552 1224 2629 deputari
1237 2551 1356 2626 debeat,
1370 2552 1479 2612 eodem
1496 2550 1636 2614 Concilio
1648 2553 1833 2618 Tridentino

1084 2643 1114 2706 id
1135 2644 1263 2705 iubente
1284 2659 1358 2704 sess.
1375 2643 1430 2704 24.
1455 2660 1524 2722 cop.
1543 2645 1598 2706 18.
1624 2644 1660 2706 de
1675 2645 1834 2726 Reform.;

1084 2737 1232 2799 nonuulli
1246 2752 1285 2798 ex
1299 2737 1480 2799 huiusmodi
1497 2736 1623 2799 Vicariis
1639 2739 1787 2802 nituntur
1800 2757 1834 2803 se

1082 2829 1201 2908 ipsosa
1229 2830 1383 2907 praedicta
1414 2828 1606 2906 obligatione
1632 2831 1832 2909 subtrahere,

1084 2921 1184 2982 velex
1199 2938 1235 2984 eo
1250 2921 1344 3000 quod,
1366 2921 1517 2983 habituali
1537 2939 1610 2984 cura
1625 2939 1721 3003 penes
1735 2924 1833 2987 altum

1082 3031 1137 3077 seu
1159 3014 1233 3075 alios
1254 3013 1422 3088 residente,
1435 3013 1493 3092 ipsi
1507 3013 1659 3076 actualem
1673 3014 1834 3079 dumtaxat

1083 3113 1264 3183 exerceant3
1297 3105 1349 3167 rel
1374 3107 1459 3184 quod
1482 3105 1541 3184 ipsi
1567 3106 1631 3170 sint
1652 3107 1687 3168 ad
1717 3117 1834 3172 nutum

1084 3199 1281 3275 amorihilcs3
1297 3199 1348 3261 vel
1359 3197 1393 3259 ad
1409 3198 1504 3260 breve
1517 3205 1640 3277 tempus
1655 3201 1835 3263 huiusmodi

1083 3309 1175 3355 curae
1195 3292 1259 3353 sint
1279 3289 1408 3354 addicti:
1432 3300 1468 3353 ut
1490 3291 1570 3352 nihil
1595 3292 1647 3354 hic
1667 3292 1833 3371 loquamur

1083 3386 1121 3446 de
1142 3384 1282 3463 parochis
1313 3384 1530 3460 regularibus,
1561 3385 1652 3463 quia
1679 3385 1833 3463 praedicta

1083 3476 1285 3555 applicatione
1311 3477 1423 3538 missae
1443 3492 1499 3554 pro
1527 3477 1641 3555 populo
1672 3493 1833 3541 nonnum-

1083 3585 1176 3648 quam
1203 3568 1320 3630 alienos
1341 3584 1374 3630 se
1400 3570 1582 3632 ostendunt.
1614 3569 1720 3649 ltaque
1743 3585 1833 3632 mens

1083 3669 1188 3724 nostra
1209 3668 1240 3724 et
1255 3661 1410 3723 sententia
1424 3669 1483 3739 est,
1497 3662 1591 3726 sicuti
1607 3663 1700 3724 etiam
1715 3663 1833 3742 pluries

1082 3771 1099 3814 a
1121 3753 1322 3832 praelaudatis
1336 3754 1634 3831 congregationibus
1662 3755 1832 3817 iudicatum

1083 3846 1143 3909 luit
1164 3863 1199 3908 ac
1220 3847 1398 3923 delinitum,
1415 3847 1496 3925 quod
1518 3863 1628 3909 omnes
1650 3852 1680 3908 et
1700 3847 1830 3924 singuli,

1082 3940 1136 4017 qui
1150 3945 1220 4001 actu
1234 3940 1408 4000 animarum
1424 3955 1529 4001 curam
1545 3947 1703 4015 exercent,
1719 3947 1751 4001 et
1767 3955 1832 4001 non

1081 4031 1183 4093 solum
1199 4031 1322 4109 parochi
1345 4038 1398 4093 aut
1415 4009 1522 4094 ricbrii
1536 4031 1702 4107 seculares,
1718 4047 1832 4096 rerum

1083 4123 1177 4186 etiam
1199 4124 1322 4202 parochi
1353 4129 1407 4186 aut
1427 4124 1534 4186 vicarii
1565 4124 1737 4200 regulares,
1766 4139 1832 4186 uno

1081 4216 1120 4279 de
1141 4217 1249 4292 verbo,
1272 4230 1380 4277 omnes
1400 4221 1432 4276 et
1446 4217 1577 4292 singuli,
1593 4215 1631 4278 de
1652 4217 1764 4294 quihus
1779 4233 1830 4278 su-

1082 4325 1136 4389 pra
1151 4310 1340 4384 dictumest,
1356 4317 1449 4386 atque
1465 4308 1517 4370 alii
1530 4309 1721 4387 quicumque
1737 4309 1831 4372 etiam

1080 4403 1221 4482 specifica
1242 4408 1274 4463 et
1295 4401 1453 4464 individua
1475 4402 1638 4463 mentione
1657 4401 1756 4478 digni,
1782 4418 1832 4464 ae-

1081 4511 1142 4576 que
1163 4503 1331 4557 teneantur
1357 4495 1481 4556 missam
1508 4493 1715 4572 parochialem
1736 4494 1831 4575 appli-

1080 4605 1149 4649 care
1171 4604 1226 4667 pro
1256 4587 1382 4668 populo,
1405 4595 1441 4648 ut
1469 4587 1660 4665 praefertur,
1690 4587 1829 4666 ipsorum

1080 4695 1173 4742 curae
1193 4681 1369 4742 commisso.
1709 4693 1712 4700 ·

1121 4775 1140 4850 5
1161 4774 1189 4834 5.
1215 4771 1365 4835 Nonnulli
1390 4787 1466 4833 vero
1497 4771 1534 4832 ad
1562 4772 1748 4834 evitandum
1772 4773 1831 4835 hu·
1879 4809 1935 4853 non
1954 4809 2062 4856 sosan-

1078 4867 1213 4930 iusmcdi
1225 4865 1423 4942 obligationis
1434 4863 1831 4944 implementum,allegare
1847 4860 1991 4972 {effaes‘ffi‘rii
2003 4873 2063 4964 Ἥ

1064 4959 1193 5040 solent,
1222 4973 1379 5036 congruos
1398 4958 1456 5019 sihi
1477 4957 1640 5036 parochiae
1666 4974 1740 5020 suae
1761 4957 1829 5021 red-
1848 4977 2009 5026 cumauecon
2023 4979 2062 5016 rs

1080 5053 1163 5116 ditus
1191 5067 1256 5114 non
1281 5059 1462 5130 suppetere;
1486 5049 1537 5111 alii
1564 5049 1700 5129 denique
1722 5050 1759 5112 ad
1782 5052 1829 5113 in·
1848 5021 1887 5120 {1¹ss
1896 5022 2062 5070 ⁰⁰¹¹⁸¹¹⁰‘¹¹‘¹¹·

1080 5152 1250 5208 veteratam
1272 5143 1530 5205 consuetudinem
1556 5143 1755 5219 confugiunt,
1778 5160 1830 5206 su·

1079 5239 1228 5300 stiuentes
1255 5237 1286 5297 id
1314 5251 1418 5314 neque
1447 5235 1525 5311 sibi,
1557 5249 1661 5313 neque
1692 5237 1829 5298 decesso·

1080 5333 1165 5394 ribus
1199 5331 1283 5407 suis,
1316 5346 1372 5409 per
1404 5329 1536 5406 longum
1568 5336 1712 5406 tempus,
1746 5332 1829 5409 quod

1080 5423 1327 5485 immemorabile
1359 5413 1530 5496 affirmant,
1553 5437 1693 5500 unquam
1715 5422 1747 5484 in
1769 5440 1829 5485 usu

1078 5516 1184 5579 luisse.
1209 5515 1272 5578 Nos
1293 5522 1399 5577 autem
1419 5515 1455 5576 ad
1477 5514 1695 5592 praecedentes
1709 5513 1830 5592 praedi-

1079 5621 1146 5673 ctae
1175 5607 1433 5686 Gongregationis
1463 5606 1594 5668 concilii
1621 5605 1829 5669 resolutiones

1080 5711 1218 5766 nostram
1240 5689 1492 5782 approbationem
1508 5706 1539 5761 et
1557 5699 1829 5762 confirmationem

1079 5797 1295 5873 extendimus;
1319 5802 1361 5870 et,
1384 5803 1539 5872 quatenus
1560 5807 1638 5869 opus
1656 5792 1708 5868 sit,
1724 5799 1830 5855 aucto-

1080 5891 1171 5952 ritate
1182 5889 1355 5969 apostolica,
1368 5887 1485 5949 iterum
1497 5893 1605 5947 tenore
1616 5885 1827 5963 praesentium

1693 6031 1720 6074 21
