4798 6978
368 553 421 605 nn.
436 559 465 604 a.
489 555 555 604 raso
605 553 664 614 dtu

587 690 679 752 tionis
707 691 816 752 ordine
843 690 1010 763 instructo,
1033 691 1067 751 ad
1093 703 1214 750 marum
1236 687 1330 748 altare

355 781 502 880 ,olrfflffiffii
514 791 568 879 ἔξ,-
587 783 780 846 deierantur.
807 784 909 860 ltaque
924 783 955 844 in
970 781 1106 844 seeundo
1127 782 1224 855 capite
1239 780 1331 842 huius

357 889 552 934 sacromentum.
586 877 706 951 Moniti,
731 892 792 938 non
816 875 943 954 quidem
965 877 1069 952 agitur
1089 875 1127 936 de
1148 875 1262 936 minori
1285 873 1332 934 in-

587 986 710 1046 gressu,
732 969 783 1032 sed
813 970 851 1030 de
880 969 1007 1045 maiori,
1031 969 1063 1030 in
1089 984 1151 1046 quo
1179 965 1331 1029 nimirum

587 1063 666 1124 ritus
697 1061 875 1124 huiusmodi
904 1063 1105 1136 observatur,
1129 1067 1163 1121 ut
1190 1059 1276 1138 panis
1300 1057 1330 1118 in

586 1156 695 1234 patent
716 1155 856 1218 obtectus
870 1155 940 1218 velo
954 1171 1046 1233 supra
1067 1162 1158 1232 caput
1178 1152 1332 1215 deleratur

586 1249 636 1311 vel
659 1267 674 1310 a
696 1250 823 1313 diacono
845 1251 895 1312 vel
917 1267 932 1312 a
953 1251 1128 1325 sacerdote;
1155 1247 1330 1319 adiacens,

585 1347 714 1422 scilicet,
727 1349 847 1425 quando
858 1346 998 1410 solemne
1013 1345 1119 1408 Missae
1133 1342 1270 1404 cilicium
1285 1354 1332 1402 ce·

587 1443 723 1505 lebratur
745 1458 817 1504 cum
838 1441 1009 1506 assistentia
1031 1447 1062 1500 et
1077 1434 1250 1499 ministerio
1271 1433 1334 1495 dia-

587 1537 676 1614 cani3
701 1547 776 1600 tnnc
801 1537 889 1598 enim
910 1534 959 1598 hic
980 1531 1105 1596 sinistri
1134 1545 1229 1591 manu
1252 1532 1333 1606 pate-

588 1645 659 1692 nam
681 1644 753 1692 cum
768 1645 848 1708 pane
862 1645 952 1706 supra
967 1632 1057 1705 caput
1068 1623 1212 1697 sustinet,
1228 1622 1333 1683 dexte·

587 1723 621 1785 ra
643 1740 718 1786 vero
738 1725 928 1787 sacerdotem
952 1721 1118 1794 thurificat,
1134 1718 1186 1796 qui
1209 1715 1349 1791 calicem¹

588 1833 658 1879 cum
681 1819 755 1879 vino
770 1817 902 1894 utraque
917 1833 1011 1878 mann
1028 1821 1142 1892 gestat:
1160 1811 1185 1872 si
1200 1826 1275 1872 xero
1290 1825 1334 1869 sa·

587 1912 692 1972 aer-dos
712 1911 781 1972 sine
795 1910 922 1972 diacono
937 1909 1083 1984 celebret,
1100 1912 1174 1969 tunc
1188 1921 1204 1965 a
1219 1902 1334 1964 lectore

589 2003 661 2065 thus
676 2004 827 2084 adoletur,
839 2004 978 2064 sacerdos
990 2009 1096 2063 autem
1107 2007 1251 2078 patenam
1262 2011 1333 2058 oum

590 2112 667 2175 pane
681 2113 773 2176 supra
789 2105 879 2174 caput
893 2111 987 2157 suam
998 2086 1123 2158 sinistri
1138 2107 1231 2154 manu
1245 2089 1335 2150 susti·

590 2197 655 2263 net,
679 2190 805 2252 dextera
826 2197 930 2251 autem
950 2203 1071 2252 sacrum
1093 2185 1218 2247 calicem
1234 2183 1268 2243 ad
1285 2196 1334 2259 pe

360 2290 572 2402 ,Mliilll‘iialll
590 2290 656 2345 ctus
667 2283 776 2345 deleri.
791 2283 835 2345 Ad
849 2283 932 2344 hrrnc
948 2281 1044 2358 igitur
1058 2280 1205 2340 maiorem
1216 2275 1336 2350 ingres·

359 2399 407 2498 ἕως
434 2396 570 2460 ausaausa,
589 2393 659 2440 sum
681 2379 846 2455 contingit,
869 2387 904 2440 ut
924 2375 1056 2455 populus
1078 2373 1258 2453 inclinetur,
1281 2385 1335 2432 seu

360 2451 572 2562 οξῑὲᾞῗξθξῗξζ
590 2488 646 2551 pro
667 2473 752 2534 vario
774 2472 941 2550 regionum
967 2485 1054 2532 more
1076 2469 1108 2528 in
1131 2475 1245 2528 terram
1267 2478 1335 2544 pro-

360 2559 467 2659 }ffil‘
484 2569 571 2616 propo·
589 2569 732 2643 cumbat,
747 2584 780 2628 aa
802 2565 904 2628 lronte
929 2566 1061 2628 humum
1084 2562 1185 2635 leriat,
1208 2557 1336 2640 perinde

590 2680 622 2724 ac
643 2663 669 2724 si
683 2662 740 2724 sub
753 2661 912 2739 speciebus
927 2660 1014 2737 panis
1030 2662 1061 2718 et
1077 2655 1155 2730 vini,
1172 2655 1243 2718 licet
1258 2668 1338 2715 non·

590 2757 666 2816 dum
688 2753 869 2828 consecrati,
893 2753 1012 2831 Corpus
1027 2757 1057 2812 et
1072 2747 1205 2825 Sanguis
1221 2746 1336 2810 Christi

591 2849 714 2911 Domini
730 2849 956 2910 contineretur.
980 2844 1149 2923 <Populus
1163 2841 1286 2922 passim,
1303 2841 1335 2902 in

590 2943 712 3007 Graecia
734 2943 859 3022 quidem
881 2941 969 3003 valde
987 2941 1119 3004 demisse
1139 2956 1171 3002 se
1194 2938 1335 3012 inclinat,

592 3055 693 3118 neque
716 3037 801 3100 enim
827 3053 928 3113 genua
950 3037 1075 3098 flectere
1096 3033 1181 3111 vult,
1205 3049 1246 3096 ne
1268 3031 1336 3094 imi·

533 3189 535 3196 .
580 3132 648 3196 'tari
671 3130 811 3194 videatur
831 3130 967 3204 Latinos,
989 3129 1132 3207 quamvis
1151 3134 1240 3189 extra
1254 3127 1336 3188 diem

590 3226 799 3289 dominicum:
826 3225 858 3286 in
879 3223 985 3286 Massia
1007 3237 1081 3284 vero
1103 3220 1271 3299 prosternit
1291 3235 1343 3294 se,

592 3327 708 3382 terram
730 3318 834 3381 ironte
855 3317 1000 3396 percutit,
1020 3333 1053 3378 ac
1074 3315 1174 3377 veluti
1194 3298 1338 3394 praesen'·

577 3419 656 3486 ¹tem
679 3414 710 3475 in
732 3413 766 3474 ea
788 3411 942 3473 oblatione
964 3410 1119 3472 caelorum
1141 3408 1258 3486 Regem
1278 3405 1337 3469 col-

592 3506 732 3585 loquitur
753 3511 784 3568 et
805 3504 950 3567 adorat.»
972 3504 1074 3567 Verba
1095 3511 1169 3564 sunt
1185 3501 1267 3563 Petri
1282 3503 1337 3562 Ar-

592 3600 674 3664 audii
695 3597 740 3660 De
772 3599 949 3662 Concordia
971 3597 1089 3658 Esaias.
1123 3595 1283 3660 Occiderat.
1307 3600 1337 3654 et

597 3695 732 3766 niteat,
758 3689 812 3754 lib.
838 3696 870 3765 3,
895 3707 962 3769 cap.
991 3693 1043 3754 19.

407 3799 574 3862 superponam
633 3789 652 3864 ς
672 3787 722 3849 ai.
747 3787 941 3850 Christianus
951 3784 1055 3863 Lupus
1066 3789 1154 3862 port.
1169 3787 1190 3846 3
1204 3796 1338 3842 suoram

363 3855 575 3970 hillidii&
595 3897 723 3960 operam
747 3895 843 3958 super
877 3877 1040 3948 Consiliis,
1076 3877 1163 3939 Edit.
1188 3869 1338 3946 Brisaei„

363 3961 575 4070 ξᾞῗξξίξρξζοδῖ
594 3992 666 4055 paq.
681 3972 764 4045 760,
788 3975 884 4035 ritum
906 3971 1049 4035 describit
1071 3969 1197 4032 maioris
1220 3969 1338 4045 ingres-

362 4066 464 4168 {ffiltal
479 4064 576 4123 paragr·
594 4087 657 4146 sus,
680 4069 803 4148 quando
824 4066 995 4128 Patriarcha
1017 4072 1069 4126 aut
1084 4062 1339 4140 Metropolitanus

594 4164 716 4228 Missam
737 4161 880 4224 celebrat.
899 4159 995 4236 Magri
1011 4157 1044 4218 ia
1064 4156 1269 4221 Vacabalario
1283 4155 1339 4217 Ea·

595 4257 785 4328 olcsiastioo‚
797 4255 892 4317 verbo
904 4252 1078 4324 Pratbesis,
1091 4251 1274 4328 singillatim
1290 4252 1340 4312 de·

593 4352 700 4416 scribit
721 4363 935 4428 quaecumque
957 4346 1073 4409 itabant
1087 4345 1124 4407 ab
1138 4346 1338 4422 imperatore,

594 4462 694 4508 sacrae
710 4443 825 4521 Synaxi
846 4445 997 4515 adstante,
1013 4456 1049 4502 eo
1064 4441 1124 4515 die,
1137 4455 1199 4518 qno
1215 4437 1340 4516 imperii

595 4554 740 4602 coronam
769 4535 952 4599 assumebat.
976 4533 1103 4596 Goarius
1129 4533 1164 4594 ia
1192 4531 1278 4592 actis
1299 4531 1340 4593 ad

596 4632 782 4710 bitalapiam
795 4629 826 4692 S.
837 4627 966 4692 laaaois
981 4626 1207 4704 chrysostomi,
1219 4641 1251 4686 a.
1262 4624 1340 4697 110,

597 4731 693 4788 totam
714 4725 867 4786 actionem
889 4724 1047 4798 ingressus
1076 4721 1199 4782 maioris
1221 4735 1341 4781 accura-

598 4819 715 4881 tissime
747 4817 887 4896 exponit.
917 4815 1064 4892 idemque
1089 4813 1158 4874 lita
1187 4812 1340 4876 Cardiaali

598 4913 678 4974 Bona
690 4909 764 4972 liar.
778 4909 937 4990 Litaapic.
955 4906 1010 4970 tit.
1023 4910 1057 4980 2,
1075 4921 1142 4984 cap.
1160 4905 1190 4980 9,
1204 4921 1295 4968 aum.
1305 4906 1340 4968 4.

596 5006 815 5082 Quaecumque
841 5019 915 5065 vero
944 5003 978 5064 ea
1004 5002 1198 5063 occasiones
1221 5001 1342 5063 Graecis

598 5099 690 5173 liunt,
703 5098 809 5158 eadem
824 5095 968 5158 similiter
983 5103 1121 5170 aguntur
1135 5093 1171 5154 ab
1186 5095 1341 5170 Armenis,

599 5191 735 5271 Cophtis,
758 5187 960 5267 Aethiopibus
981 5203 1015 5248 ac
1036 5186 1121 5266 Syris
1136 5187 1285 5261 lambitis,
1309 5193 1343 5248 ut

598 5286 697 5348 rideri
720 5290 818 5362 potest
834 5281 912 5360 apud
927 5281 956 5342 le
972 5281 1056 5342 Brun
1080 5279 1114 5340 ia
1132 5280 1343 5356 Eaptaaatia-

566 5383 570 5394 '
599 5379 776 5447 tremissae,
796 5381 868 5437 tara.
885 5375 917 5446 3,
935 5374 1013 5453 apud
1032 5373 1173 5436 Chardon
1189 5373 1224 5434 ia
1239 5373 1344 5435 Histo-

600 5472 651 5534 ria
664 5473 959 5540 Sacramaotoram,
973 5473 1047 5528 tora.
1061 5469 1096 5538 2,
1111 5482 1178 5544 cop.
1192 5468 1227 5537 2,
1240 5473 1272 5527 et
1286 5467 1345 5528 lle-

600 5567 715 5628 naudot
748 5569 820 5624 tam.
854 5562 871 5621 1
905 5563 940 5623 io
967 5562 1053 5624 actis
1085 5560 1126 5624 ad
1157 5559 1343 5641 Litarpiam

396 5675 464 5736 raam
487 5673 582 5718 friusa
603 5657 806 5735 capitatam.
842 5655 923 5730 Quin
951 5657 1044 5717 etiam
1072 5655 1104 5716 in
1132 5655 1188 5716 hac
1208 5653 1345 5715 Romana

370 5729 582 5830 &reaciffmw
600 5753 682 5814 Urbe
704 5751 735 5812 in
753 5751 840 5812 Festo
852 5747 881 5812 S.
896 5748 1052 5813 Athanasii
1075 5747 1179 5809 ridere
1192 5753 1239 5808 est
1253 5746 1343 5807 Grae·

600 5863 651 5908 cos
666 5846 697 5906 in
713 5845 766 5905 sua
781 5844 907 5906 ecclesia
919 5859 951 5904 ea
967 5841 1072 5903 omnia
1093 5839 1250 5913 iacientes,
1266 5853 1345 5917 quae

601 5953 693 6017 supra
716 5936 944 5998 recensuimus:
968 5939 999 5996 et
1021 5937 1070 5998 ita
1093 5934 1272 5997 etiamnum
1294 5931 1346 5996 lta·

1110 570 1172 614 llllt.
1199 569 1287 612 bonu.
1312 568 1351 611 bu
1375 569 1401 610 b.
1427 569 1455 612 tt.
1482 571 1561 614 PARS
1585 571 1603 612 l.

2155 548 2214 599 An.
2227 553 2255 602 O.
2274 556 2328 608 tiss

1386 685 1436 746 die
1457 686 1588 765 {deluat
1607 683 1721 748 Graeci
1736 685 1771 745 ia
1786 685 1868 762 sesto
1881 699 1920 744 ac
1935 682 1971 742 ia
1986 679 2133 744 Romanii

1387 777 1531 841 Basilici
1553 779 1584 841 S.
1608 776 1797 849 Athanasii,
1820 776 1862 837 ait
1883 775 1989 853 Lupus
2011 773 2075 836 loco
2091 775 2133 839 ai-

1388 876 1467 934 tato.

1426 965 1445 1040 ὅ
1460 964 1507 1028 32.
1522 964 1721 1042 Perspectum
1731 978 1856 1040 quoque
1866 962 1952 1023 robis
1963 967 2021 1036 est,
2034 976 2131 1023 rann.
2192 975 2336 1040 ermenoar-

1386 1058 1514 1132 lratres,
1544 1057 1647 1120 dilecti
1675 1056 1748 1131 filii,
1772 1057 1856 1118 iuxta
1885 1056 1983 1117 ritum
2006 1030 2336 1144 rerum,3‘1²1⁸r⁰s‘u¹¹smpffi{{{

1387 1150 1495 1214 diebus
1516 1151 1626 1212 ieiunii
1653 1149 1923 1229 quadragesimalis
1946 1149 2042 1211 solam
2066 1154 2136 1210 tan·
2153 1137 2334 1234 {pflhlss'eglllt

1387 1245 1549 1307 tummodo
1563 1244 1900 1307 Praesanctiiicatorum
1916 1243 2038 1304 Missam
2053 1242 2135 1320 apud

1387 1353 1441 1398 vos
1462 1338 1621 1414 celebrari,
1644 1337 1778 1416 exceptis
1799 1336 1929 1399 sabbatis
1950 1345 1982 1398 et
2002 1335 2138 1397 domini·

1387 1430 1430 1494 cis
1457 1432 1581 1506 diebus,
1610 1445 1733 1494 necnon
1763 1431 1842 1493 lesio
1872 1429 2137 1493 Annunciationis

1389 1525 1421 1586 Β.
1445 1525 1557 1587 Mariae
1585 1524 1740 1602 Virginis,
1762 1526 1787 1586 si
1809 1525 1842 1586 in
1868 1523 2137 1602 quadragesimam

1388 1618 1543 1694 inciderit,
1566 1618 1600 1679 ad
1625 1633 1766 1681 normam
1788 1617 1914 1680 canonis
1938 1615 2080 1679 'trullani
2097 1614 2138 1677 52

1389 1713 1436 1774 his
1459 1712 1561 1774 verbis
1588 1711 1745 1790 concepti:
1770 1712 1805 1773 ia
1834 1709 1980 1773 omuibus
2004 1717 2139 1772 sanctae

1390 1806 1654 1885 quadragesimae
1683 1806 1800 1868 ieiunii
1834 1802 1965 1875 diebus,
1994 1809 2139 1881 praeter-

1390 1915 1485 1978 qaam
1505 1897 1636 1962 sabbato
1657 1903 1688 1960 et
1710 1897 1884 1969 domiaicd,
1900 1903 1931 1959 et
1945 1905 2056 1960 sarecto
2073 1899 2140 1959 Aa·

1390 1993 1614 2056 sauciationes
1630 1992 1690 2064 alie,
1707 1991 1765 2070 fiat
1786 2006 1916 2054 sacram
1935 1990 2140 2053 Praesartcti-

1390 2085 1561 2165 ficatoraaa
1582 2084 1814 2148 ministeriam.
1840 2083 1942 2146 Nostis
1963 2083 2070 2157 etiam,
2094 2099 2141 2144 sa-

1391 2181 1559 2252 cerdotem,
1583 2178 1637 2258 qui
1658 2177 1780 2239 Missam
1800 2174 1937 2238 celebrat'
1954 2177 1986 2236 in
2008 2177 2142 2252 qnadra-

1391 2273 1517 2348 gesimi,
1531 2269 1637 2333 diebus
1652 2270 1832 2348 quibusboa
1854 2269 1921 2330 beri
1944 2269 2140 2343 conceditur,

1390 2366 1513 2429 sabbato
1534 2364 1650 2427 scilicet
1666 2369 1695 2425 et
1711 2361 1865 2426 dominico
1886 2363 1945 2438 die,
1960 2379 2055 2425 unam
2069 2362 2142 2440 qui-

1392 2459 1460 2522 dem
1483 2458 1616 2520 hostiam
1644 2472 1823 2520 consecrare
1849 2461 1880 2518 et
1906 2471 2139 2531 consummare,

1391 2552 1520 2614 alteram
1532 2567 1607 2613 vero
1623 2559 1827 2613 consecratam
1842 2564 2028 2629 supponere3
2044 2565 2142 2629 qnam

1391 2647 1517 2725 quidem
1540 2646 1573 2710 ln
1596 2652 1641 2708 tot
1663 2644 1826 2723 particulas
1847 2643 1969 2718 dividit,
1981 2651 2058 2722 quot
2080 2659 2142 2706 nu·

1392 2745 1556 2802 merantur
1583 2737 1807 2816 subsequentes
1835 2736 1899 2798 dies
1927 2735 2039 2814 quibus
2061 2736 2143 2798 cele·

1392 2833 1505 2894 branda
1532 2837 1578 2892 cst
1610 2829 1948 2893 Praesanctillcatorum
1976 2828 2082 2906 Missa,
2108 2830 2141 2892 iu

1392 2945 1451 3008 qua
1480 2927 1630 2991 nimirum
1654 2933 1685 2988 et
1705 2925 1841 3004 seipsum
1869 2931 1900 2986 et
1922 2925 2014 3002 alios,
2036 2927 2141 3005 siqui

1391 3023 1453 3084 sint
1474 3019 1750 3094 communicantes,
1773 3018 1975 3083 eucharistico
1996 3035 2075 3099 pane
2089 3038 2143 3083 su·

1392 3115 1564 3195 perioribus
1585 3114 1692 3177 diebus
1715 3120 1890 3176 consecrato
1911 3114 2141 3191 communicat3

1392 3208 1653 3288 quemadmodum
1688 3214 1772 3269 recte
1804 3207 1907 3268 omnia
1940 3209 2143 3288 persequitur

1392 3301 1453 3366 Leo
1476 3301 1607 3366 Allatius
1622 3302 1654 3362 in
1669 3301 1900 3379 prolegomenis
1914 3300 1949 3362 ad
1964 3301 2142 3364 Gabrielem

1393 3397 1573 3460 Mendaeum
1595 3395 1631 3456 de
1653 3393 2139 3472 MissaiPraesaactificatoram,

1392 3507 1464 3570 pag.
1497 3488 1598 3560 1531,
1629 3503 1717 3550 aaut.
1749 3489 1779 3548 1.
1809 3487 1977 3563 «Quilibet
2001 3490 2143 3551 sacerdos

1393 3591 1543 3646 venturae
1566 3581 1763 3646 hebdomadis
1784 3581 1860 3656 dies,
1876 3581 1987 3660 quibus
2009 3581 2144 3644 celebra·

1395 3685 1483 3739 turus
1503 3681 1563 3751 est,
1586 3675 1690 3752 digitis
1712 3674 1776 3751 ipse
1797 3675 1861 3736 suis
1883 3679 2042 3736 numerat:
2067 3674 2143 3736 inde

1395 3775 1439 3832 tot
1461 3767 1625 3847 particulas
1646 3767 1732 3845 panis
1754 3768 1786 3829 in
1804 3767 1960 3830 oblatione
1977 3767 2141 3843 abscindit,

1393 3868 1469 3942 quot
1481 3862 1586 3924 missas
1601 3861 1741 3923 dicturus
1755 3867 1818 3936 est3
1842 3875 1892 3921 eas
1907 3875 1978 3922 oum
1994 3861 2143 3938 particuli

1394 3972 1430 4018 eo
1452 3955 1501 4017 die
1515 3954 1702 4016 absumendi
1717 3961 1888 4027 consecrat,
1900 3961 1930 4014 et
1951 3959 2143 4015 consecratas

1393 4046 1609 4126 sanguineque
1629 4044 1783 4108 dominico
1805 4045 1962 4119 intinctas,
1985 4046 2030 4106 uti
2046 4046 2144 4107 moris

1394 4151 1451 4218 est,
1474 4148 1636 4204 conservat
1657 4141 1691 4202 in
1721 4141 1836 4218 pixide,
1859 4157 1897 4202 ex
1918 4157 1977 4220 qna
2005 4151 2142 4224 postmo-

1394 4237 1468 4300 dum
1491 4235 1714 4308 celebraturus,
1734 4241 1875 4314 tempore
1890 4242 2076 4313 opportuno,
2091 4253 2144 4298 co-

1395 4330 1522 4404 chleari,
1534 4328 1601 4391 aliis
1612 4327 1655 4389 ibi
1670 4327 1704 4390 ad
1717 4327 1813 4390 alium
1825 4343 1918 4390 usum
1930 4329 2054 4404 cellatis,
2067 4331 2143 4392 hau·
2160 4319 2162 4325 ’

1395 4425 1441 4484 rit¹
1457 4432 1488 4485 et
1507 4423 1540 4484 in
1562 4422 1643 4484 disco
1664 4421 1798 4499 reponit,
1821 4426 1854 4483 et
1874 4423 1911 4484 ad
1932 4423 2027 4484 altare
2042 4423 2143 4487 maius

1395 4516 1553 4579 advectam
1574 4515 1771 4577 consumit.»

1435 4611 1454 4686 ὅ
1475 4610 1523 4672 33.
1548 4609 1608 4670 Mac
1629 4609 1705 4670 item
1725 4609 1883 4670 occasione
1904 4625 1960 4688 per
1983 4610 2143 4672 ecclesiam
2173 4629 2331 4680 proscaenia

1395 4704 1524 4765 solemni
1547 4703 1609 4766 ritu
1628 4704 1816 4780 proceditur,
1840 4703 2004 4765 diaconum
2024 4719 2141 4766 sacram
2161 4687 2231 4744 ΡΜ
2260 4683 2326 4728 ⁰¹¹⁶l³¹

2255 4774 2256 4778 ,
2290 4749 2298 4780 S
2370 4759 2371 4764 =

1397 4797 1553 4876 pyxidem,
1576 4796 1609 4862 iu
1630 4813 1688 4875 qua
1709 4803 1940 4858 sacramentum
1960 4796 2018 4858 sub
2041 4797 2143 4875 specie
2160 4737 2332 4840 ffiifflfgffl
2370 4768 2371 4842 l

1397 4891 1483 4969 panis
1514 4889 1711 4965 continetur,
1733 4904 1825 4967 supra
1853 4895 1943 4968 caput
1970 4888 2142 4967 deferente,
2161 4845 2318 4895 mmm
2370 4875 2371 4890 ¹

1397 4985 1554 5046 sacerdote
1574 4989 1679 5044 autem
1700 4981 1843 5044 manibus
1864 4989 2006 5060 gestante
2016 4984 2142 5046 calicem

1397 5093 1470 5139 cum
1492 5077 1566 5138 vino
1587 5092 1663 5155 aqua
1684 5075 1793 5150 mixto,
1811 5091 1872 5137 non
1889 5075 2017 5154 quidem
2038 5093 2143 5138 conse-

1398 5177 1481 5232 crato
1502 5169 1555 5231 sed
1587 5174 1710 5230 tantum
1738 5168 1914 5230 benedicto:
1939 5176 1969 5230 et
1995 5169 2143 5246 quoniam

1400 5277 1462 5323 non
1493 5276 1653 5338 sempera
1678 5261 1834 5324 sacerdote
1859 5263 1951 5324 missa
1979 5277 2051 5324 cum
2072 5264 2143 5324 assi-

1398 5356 1509 5418 stentii
1521 5355 1641 5418 diaconi
1662 5354 1846 5432 celebratur,
1862 5358 1887 5418 si
1900 5357 1984 5419 solus
2004 5357 2144 5420 sacerdos

1398 5451 1548 5526 celebret,-
1561 5451 1625 5528 ipse
1642 5451 1765 5512 sinistra
1781 5467 1874 5514 manu
1885 5451 1984 5514 deleri
1999 5452 2144 5530 pyxidem

1399 5545 1489 5623 capiti
1521 5543 1711 5622 impositam,
1734 5545 1858 5606 dexteri
1886 5553 1991 5606 autem
2018 5545 2144 5606 calicem

1398 5638 1549 5700 sustinet:
1573 5646 1665 5716 atque
1685 5638 1727 5698 ita
1748 5653 1875 5716 aparro
1896 5637 1984 5699 altari
2006 5639 2042 5700 ad
2059 5653 2143 5699 aram

1401 5733 1549 5793 maiorem
1564 5729 1777 5809 progreditur;
1794 5731 1839 5792 uti
1851 5736 1982 5792 testatur
1993 5728 2144 5792 Arcadius

1402 5826 1436 5887 iu
1458 5825 1558 5886 citata
1580 5838 1682 5900 opere,
1704 5821 1759 5886 tib.
1786 5823 1815 5896 3,
1840 5839 1909 5902 cop.
1922 5824 1978 5885 58.
2001 5823 2144 5888 «Solent

1401 5920 1506 5982 Graeci
1527 5918 1560 5980 in
1589 5917 1858 5997 praesanctificatis
1886 5917 2038 5994 liturgiis,
2060 5927 2144 5980 ante·
2171 5915 2172 5918 ’
