4838 6982
967 607 1162 654 OENEDIGTUS
1184 607 1246 654 Xll’.

332 744 384 789 sus
395 734 426 789 et
442 725 640 805 provincialis
655 726 831 807 provinciae
853 725 1008 790 caroniae
1022 725 1080 787 lra-

332 811 418 882 trum
430 819 552 884 Ordinis
568 818 695 884 Sanctae
709 820 820 883 Mariae
835 821 872 882 dc
888 819 993 884 alonte
1009 820 1079 882 Car-

332 912 414 974 melo
435 912 529 992 primi
552 914 701 988 instituti,
714 929 746 975 ac
768 913 940 992 praefectus
960 913 1079 974 missio-

332 1008 425 1070 nibus
450 1007 483 1070 in
509 1006 620 1072 insulis
645 1007 850 1084 amaricanis,
866 1023 980 1086 nempe
1001 1007 1080 1070 cua-

332 1101 471 1178 dalnpae,
494 1101 586 1163 illaria
610 1101 749 1176 calante,
772 1097 883 1163 Sancto
904 1102 1078 1175 Dominico,

333 1194 445 1258 Sancto
466 1195 689 1273 christophoro
703 1202 734 1258 et
749 1192 878 1269 Sanctis,
902 1195 1081 1256 charissimo

333 1290 365 1351 in
382 1290 503 1352 cbristo
519 1288 583 1350 lilio
600 1297 706 1351 nostro
720 1289 878 1351 Ludoxico
889 1290 1080 1351 Francorum
1108 1310 1110 1327 ·

268 1375 270 1380 ’
333 1382 400 1458 regi
420 1382 675 1445 christianissimo
695 1382 854 1458 subiectis,
871 1398 926 1461 per
940 1381 1081 1443 eiusdem

333 1475 455 1538 Ordinis
477 1475 514 1538 de
535 1475 640 1538 113333
662 1475 805 1538 carmelo
832 1475 974 1537 alumnos
995 1489 1082 1552 pera·

334 1569 455 1646 gentis,
468 1569 656 1632 constitutus
678 1568 767 1630 nobis
783 1568 946 1630 humiliter
968 1568 1080 1646 exponi

333 1661 416 1736 lecit,
433 1661 466 1723 in
480 1663 660 1724 memoratis
682 1662 834 1723 nimirum
857 1661 969 1724 insulis
991 1661 1081 1723 ame-

335 1755 444 1816 ricanis
458 1754 591 1818 Gallicae
605 1754 715 1817 ditioni
730 1753 877 1838 subiectis
892 1753 1016 1816 nullum
1033 1753 1081 1815 ad-

334 1849 395 1911 buc
422 1849 602 1911 antistitem
634 1848 840 1910 constitutum
870 1865 955 1923 esse,
977 1865 994 1908 3
1019 1863 1081 1925 quo

334 1941 481 2020 neophyti
497 1947 725 2003 sacramentum
742 1940 997 2005 confirmationis
1013 1939 1081 2002 liac-

334 2040 425 2096 tenus
453 2033 598 2110 insigniri
621 2033 802 2112 potuerint;
826 2035 909 2098 unde
932 2033 995 2095 lere
1017 2049 1082 2094 om-

334 2143 389 2189 nes
404 2143 489 2189 sacro
504 2126 699 2206 Baptismatis
720 2128 842 2190 lavacro
857 2127 1018 2190 dumtaxat
1033 2127 1083 2188 ab·

335 2219 404 2294 luti,
427 2219 557 2298 aliisque
571 2220 685 2282 muniti
701 2220 901 2282 sacramentis
915 2220 997 2282 3133
1013 2221 1084 2283 331-

334 2327 440 2376 versae
456 2313 557 2374 carnis
579 2312 804 2389 ingrediantur.
830 2314 999 2392 llapropter
1013 2329 1085 2392 sup-

335 2407 428 2487 plices
456 2406 571 2468 addidit
598 2423 716 2486 preces,
743 2414 778 2469 ut
802 2407 910 2468 bacin
939 2413 1025 2485 parte
1046 2408 1084 2469 de

334 2500 497 2581 apostolica
518 2500 712 2577 benignitate
732 2507 763 2562 et
777 2500 971 2575 auctoritate,
988 2508 1022 2561 ut
1037 2499 1083 2561 in·

335 2594 380 2656 lra
402 2593 565 2673 providere
586 2601 617 2656 et
639 2592 803 2669 indulgere
823 2594 1037 2670 dignaremur.

111 2703 317 2750 concaotttoxta
375 2687 444 2763 52.
467 2686 531 2750 Nos
552 2687 668 2765 itaque,
692 2703 707 2747 a
728 2686 841 2764 quibas
865 2701 1013 2764 supremo
1035 2702 1085 2765 pa·

102 2759 217 2805 modum.

335 2788 456 2843 storum
481 2780 616 2859 Principi
645 2779 713 2843 lesu
736 2781 860 2844 cbristo
888 2793 1015 2843 aeterno
1036 2779 1086 2842 lu-

335 2872 406 2948 dici,
429 2873 525 2951 ipsius
547 2873 580 2935 in
603 2875 694 2935 terris
709 2874 791 2936 vices
807 2874 1000 2951 gerentibus,
1018 2890 1084 2952 gra·

336 2966 461 3028 sissima
482 2967 626 3030 omnium
647 2967 824 3030 animarum
846 2983 902 3028 suo
925 2966 1085 3043 Sanguine

336 3061 568 3137 redemptarum
590 3061 667 3121 ratio
689 3062 842 3124 reddenda
868 3066 925 3135 est,
947 3076 1085 3122 summas

337 3157 382 3213 tot
398 3151 582 3231 populorum
599 3152 769 3228 angustias,
785 3169 949 3216 aerumnas
971 3169 1004 3214 ac
1020 3159 1085 3215 tan-

337 3251 399 3306 tam
414 3243 630 3306 infelicitatem
648 3246 804 3307 exanimo
819 3247 1084 3322 commiserantes,

336 3344 430 3416 atque
451 3337 575 3400 eosdem
596 3338 818 3414 missionarios,
841 3341 895 3418 qui
920 3355 1008 3402 suam
1029 3356 1085 3418 pro

337 3430 492 3493 lucrandis
519 3429 664 3494 iratribus
690 3433 754 3494 suis
782 3433 918 3504 animam
949 3440 1083 3512 ponunt,

337 3523 510 3602 apostolicis
531 3524 672 3588 laudibus
694 3525 958 3604 commendantes,
976 3527 1086 3590 huius·

337 3617 421 3680 modi
442 3617 720 3696 supplicationibus
744 3619 896 3694 inclinati,
919 3621 1085 3700 ipsumque

337 3710 473 3772 Felicem
488 3725 503 3769 a
519 3710 632 3774 Sancto
654 3712 798 3788 arsenio,
813 3720 1012 3792 caeterosque
1026 3714 1085 3776 ini-

336 3803 367 3864 bi
384 3801 593 3865 missionarios
607 3804 680 3867 dicti
696 3804 819 3869 Ordinis
830 3805 959 3869 Sanctae
974 3807 1086 3870 1133133

337 3894 376 3958 de
404 3895 510 3959 blonte
536 3897 677 3960 Carmeia
703 3897 741 3960 de
770 3898 924 3962 catholica
952 3901 1084 3964 Ecclesia

338 3995 369 4051 et
390 3997 517 4052 aeterna
532 3990 788 4054 christifidelium
807 3993 906 4055 salute
927 3993 1085 4073 inprimis

338 4081 650 4157 commendatissimi,
683 4084 882 4162 amplioribus
914 4087 1084 4172 gratiarnm

339 4174 495 4237 favoribus
506 4177 651 4255 prosequi
666 4177 819 4253 volentes,
836 4194 1010 4256 eorumque
1023 4179 1086 4241 sin-

338 4267 462 4344 gulares
484 4268 632 4347 personas*
650 4287 665 4330 a
687 4269 849 4348 quibusvis
871 4272 1086 4334 excommuni-

338 4361 479 4434 cationis,
493 4362 705 4439 suspensionis
720 4370 752 4424 et
768 4363 938 4440 interdicti,
957 4364 1085 4444 aliisque

339 4453 550 4516 ecclesiasticis
567 4455 743 4530 sententiis,
767 4456 906 4518 censuris
927 4462 958 4518 et
979 4457 1086 4534 poenis

337 4565 354 4608 3
375 4546 443 4609 1333
465 4546 515 4608 331
540 4547 577 4609 ab
592 4546 720 4610 homine
734 4549 842 4626 quavis
863 4550 1020 4612 occasione
1035 4549 1086 4611 vel

338 4655 426 4701 causa
446 4638 526 4712 latis,
540 4640 565 4701 si
580 4641 692 4718 quibus
709 4641 940 4720 quomodolibet
959 4643 1087 4705 innoda-

339 4739 388 4794 333
404 4731 554 4808 existunt,
568 4733 604 4794 ad
620 4731 765 4795 31133333
777 4733 987 4812 praesentium
998 4736 1087 4797 dum-

339 4831 422 4890 taxat
451 4827 723 4904 consequendum,
746 4825 858 4888 harum
886 4826 966 4888 serie
991 4826 1088 4890 absol·

339 4924 449 4981 ventes
469 4924 500 4980 et
521 4920 674 4981 absolutas
698 4919 764 4980 lore
791 4926 964 4996 censentes,
987 4927 1087 4982 atten-

339 5013 378 5074 tis
400 5011 591 5090 praemissis,
607 5013 789 5074 auctoritate
804 5013 967 5091 apostolica
980 5022 1088 5077 333333

340 5105 549 5184 praesentium
566 5105 725 5168 modernis
736 5112 766 5166 et
780 5121 835 5185 pro
851 5115 991 5185 tempore
1004 5123 1088 5185 prae·

340 5195 420 5259 lccto
439 5203 472 5259 et
493 5197 739 5277 rice-praelecto
767 5199 907 5262 eiusdem
932 5200 1088 5262 missionis

340 5291 597 5356 amaricabarum
618 5291 793 5355 insularum
814 5292 1032 5369 existentibus,
1055 5309 1089 5355 ac

340 5385 484 5464 praelecti
505 5391 537 5447 et
558 5385 625 5448 vice
646 5383 790 5464 praelecti
819 5384 998 5448 huiusmodi
1019 5401 1089 5446 mu·

341 5477 468 5540 neribus
489 5477 683 5552 durantibus,
700 5485 735 5539 ut
756 5485 986 5540 sacramentum
1009 5479 1087 5542 con·

285 5607 291 5620 3
341 5569 527 5632 firmationis
541 5587 626 5632 sacro
638 5570 825 5647 chrismate,
836 5571 931 5633 etiam
946 5571 1087 5651 antiquo,

341 5664 366 5726 si
388 5679 507 5726 33333
529 5664 636 5726 baberi
657 5681 721 5726 nou
750 5665 861 5744 possit,
885 5681 941 5744 per
961 5665 1088 5729 catholi-

341 5773 415 5820 cum
429 5757 612 5819 antistitem
630 5759 761 5835 gratiam
780 5764 812 5820 et
832 5759 1088 5821 communionem

310 5841 314 5849 '
342 5847 428 5912 Sedis
449 5850 640 5928 Apostolicae
653 5851 822 5914 habentem
834 5851 1008 5929 benedicto,
1023 5869 1088 5915 om-

343 5943 437 6006 nibus
458 5950 489 6005 et
509 5943 642 6020 singulis
662 5945 827 6024 utriusque
847 5961 938 6008 sexus
961 5946 1088 6010 christi-

1136 725 1277 790 fidelibus
1305 726 1428 790 illarum
1462 727 1623 790 dumtaxat
1655 719 1909 806 paroeciarum,

1135 835 1212 900 3333
1245 820 1447 898 33333133333
1478 820 1535 882 sub
1565 837 1637 882 3333
1668 831 1699 881 33
1729 819 1884 896 regimine

1136 913 1268 977 iratrum
1289 910 1418 975 Sanctae
1439 913 1548 975 Mariae
1565 913 1603 976 dc
1622 915 1726 977 113333
1740 910 1885 974 Carmelo

1135 1007 1275 1070 eiusdem
1297 1005 1469 1081 missionis,
1493 1007 1580 1068 iaxta
1602 1005 1732 1068 liitaalis
1752 1003 1882 1065 Romani

1136 1101 1233 1162 ritum
1248 1099 1344 1162 libere
1356 1107 1386 1161 et
1403 1099 1486 1161 licite
1497 1098 1639 1161 conlerre
1650 1104 1680 1161 et
1691 1097 1885 1161 administra·

1137 1210 1171 1258 re
1189 1194 1306 1272 possint
1327 1199 1358 1255 et
1373 1193 1508 1262 valeant,
1522 1209 1555 1254 33
1573 1200 1676 1254 tamen
1697 1191 1767 1268 lege
1788 1191 1825 1252 ad
1840 1191 1887 1252 31-

1137 1288 1215 1364 ginti
1239 1289 1398 1350 dumtaxat
1427 1303 1525 1349 annos
1546 1285 1583 1348 ab
1604 1302 1640 1346 eo
1670 1293 1822 1364 tempore,
1846 1301 1884 1346 ex

1137 1397 1199 1458 quo
1220 1385 1397 1459 praesentes
1413 1385 1530 1442 nostras
1552 1379 1585 1440 in
1600 1378 1702 1440 torma
1713 1377 1821 1439 Brevis
1836 1378 1886 1438 lit-

1139 1481 1217 1536 teras
1238 1472 1432 1551 acceperint,
1460 1472 1683 1548 computandos
1706 1472 1883 1547 tribuimus,

1137 1575 1168 1628 et
1181 1567 1390 1643 impertimur,
1405 1575 1452 1642 ut,
1464 1566 1489 1627 si
1501 1566 1621 1628 interea
1634 1565 1785 1643 temporis
1797 1579 1885 1626 nem·

1138 1675 1176 1738 pe
1197 1659 1311 1736 viginti
1341 1675 1497 1722 annorum
1523 1658 1684 1735 contingat
1714 1657 1745 1720 in
1776 1657 1884 1718 iisdem

1139 1753 1250 1818 insulis
1278 1754 1469 1816 americanis
1494 1752 1627 1816 Gallicae
1649 1753 1760 1816 ditioni
1784 1752 1886 1814 sabie-

1138 1849 1195 1912 ctis
1215 1849 1267 1912 vel
1288 1847 1501 1912 residentiales
1516 1849 1679 1910 antistites
1693 1848 1743 1910 331
1760 1848 1887 1926 Aposto-

1139 1944 1212 2004 licos
1223 1941 1358 2006 Vicarios
1371 1940 1533 2020 episcopali
1550 1941 1727 2004 charactere
1742 1949 1772 2003 et
1783 1949 1889 2004 aucto-

1139 2035 1230 2098 ritate
1252 2035 1418 2112 insignitos
1439 2034 1476 2096 ab
1497 2035 1604 2096 eadem
1621 2034 1791 2112 apostolica
1808 2035 1886 2099 Sede

1139 2129 1293 2209 deputari,
1306 2127 1789 2208 133333113113133333113331333
1802 2129 1886 2191 nulla

1139 2223 1231 2286 31333
1252 2221 1371 2284 nullius
1392 2237 1518 2300 prorsus
1540 2221 1658 2283 roboris
1680 2237 1713 2282 ac
1735 2222 1887 2284 momenti

1138 2315 1300 2388 habeatur,
1324 2329 1412 2377 secus
1433 2329 1508 2374 rero
1536 2321 1601 2374 rata
1629 2332 1662 2376 ac
1684 2314 1773 2375 firma
1795 2315 1887 2377 intel-

1140 2409 1267 2487 ligatur,
1296 2424 1367 2470 oum
1396 2407 1446 2468 331
1473 2407 1684 2470 residentiales
1712 2408 1885 2484 antistites,

1140 2503 1189 2565 331
1211 2501 1378 2581 apostolici
1401 2501 1512 2562 Vicarii
1535 2501 1711 2564 charactere
1733 2507 1764 2562 et
1785 2510 1887 2564 aucto·

1140 2595 1232 2656 ritate
1253 2592 1415 2674 episcopali
1431 2593 1583 2670 insigniti,
1601 2593 1749 2670 legitimis
1764 2595 1888 2657 canoni-

1140 2688 1245 2766 cisque
1267 2687 1498 2765 impedimentis
1519 2687 1638 2749 detenti
1661 2686 1772 2750 iisdem
1802 2703 1889 2767 prae·

1140 2781 1221 2843 lecto
1243 2786 1274 2842 et
1303 2779 1546 2858 vice-praelecto
1567 2794 1624 2858 pro
1647 2785 1786 2858 tempore
1817 2797 1889 2843 con-

1140 2874 1302 2949 cesserint,
1328 2873 1410 2936 utin
1427 2872 1464 2934 113
1478 2872 1552 2936 13313
1573 2873 1743 2960 dumtaxat,
1759 2875 1889 2953 adquae

1140 2967 1197 3045 ipsi
1219 2967 1385 3029 antistites
1407 2965 1494 3028 nullo
1516 2975 1602 3044 pacto
1624 2981 1658 3028 33
1680 2971 1821 3044 3333333
1843 2985 1890 3030 33-

1141 3061 1252 3122 cedere
1272 3060 1440 3134 valuerint,
1466 3068 1695 3123 sacramentum
1718 3061 1889 3123 confirma-

1142 3152 1251 3227 tionis,
1275 3169 1315 3214 ne
1338 3151 1560 3215 christifideles
1587 3153 1697 3214 codem
1716 3147 1889 3216 'destitutos

1141 3262 1180 3306 ex
1202 3246 1258 3307 hac
1288 3246 1351 3308 rita
1378 3245 1513 3321 migrare
1541 3246 1719 3321 contingat,
1748 3247 1890 3308 conlerre

1141 3339 1270 3417 possint.

1180 3433 1200 3507 ἓ
1221 3432 1250 3494 3.
1275 3433 1403 3511 insuper
1428 3431 1573 3494 omnibus
1594 3438 1625 3494 et
1650 3433 1782 3508 singulis
1810 3433 1890 3496 eins·

1142 3526 1213 3588 dem
1228 3524 1591 3588 missionismissionariis
1605 3524 1812 3588 sacerdotibus
1826 3543 1889 3588 sae-

1142 3619 1253 3698 pedicti
1282 3619 1402 3683 Ordinis
1428 3618 1556 3682 Sanctae
1583 3618 1696 3682 1133133
1726 3619 1764 3680 de
1785 3619 1891 3682 alonte

1143 3713 1285 3777 Carmelo
1299 3715 1439 3776 eamdem
1459 3713 1639 3776 conterendi
1660 3720 1889 3776 sacramentum

1143 3805 1396 3870 confirmationis
1413 3805 1538 3871 cuilibet
1551 3805 1751 3868 cbristisxdeli
1762 3823 1890 3870 333333

1142 3901 1301 3963 dumtaxat
1322 3900 1534 3979 paroeciarum
1556 3900 1589 3961 13
1611 3900 1750 3977 33313313
1772 3900 1823 3962 331
1843 3919 1890 3963 ar-

1143 3993 1237 4056 ticulo
1259 3993 1369 4055 mortis
1382 3993 1564 4069 constituto,
1580 3992 1757 4056 facultatem
1779 3994 1891 4057 tribui-

1143 4102 1224 4149 mus.

1182 4181 1201 4256 ἓ
1223 4181 1251 4242 a.
1277 4182 1485 4243 Decernentes
1506 4182 1627 4244 easdem
1645 4175 1821 4260 praesentes
1841 4183 1892 4245 lit·

1143 4281 1222 4336 teras
1244 4281 1275 4336 et
1296 4274 1329 4336 13
1344 4273 1388 4336 313
1404 4278 1550 4335 contenta
1571 4289 1787 4353 quaecumque
1802 4276 1891 4337 rirma

1143 4366 1296 4428 33113333
1325 4365 1456 4428 efficacia
1483 4367 1818 4445 13333333333313333
1845 4367 1891 4428 31-

1144 4459 1224 4536 giuti
1245 4460 1405 4522 dumtaxat
1426 4474 1581 4520 annorum
1602 4459 1736 4538 3333133
1758 4460 1892 4522 existere

1143 4558 1174 4614 et
1195 4551 1272 4627 lore,
1294 4557 1429 4631 suosque
1458 4551 1612 4630 plenarios
1633 4556 1665 4612 33
1688 4551 1828 4628 integros
1849 4552 1892 4614 el·

1143 4643 1241 4707 lectus
1262 4643 1367 4708 sortiri
1389 4649 1419 4706 et
1442 4643 1596 4719 obtinere,
1609 4651 1640 4706 et
1662 4644 1735 4721 illis,
1757 4643 1793 4706 ad
1815 4661 1892 4724 qnos

1143 4743 1259 4817 spectat
1273 4743 1305 4799 et
1319 4753 1375 4817 pro
1391 4743 1531 4816 tempore
1552 4737 1812 4817 quandocumque
1825 4755 1892 4817 spe·

1144 4830 1249 4906 ctabit,
1273 4831 1305 4892 in
1327 4830 1472 4892 omnibus
1494 4837 1525 4891 33
1548 4845 1603 4909 333
1624 4829 1729 4892 33313
1750 4830 1892 4910 plenissi-

1145 4941 1196 4986 me
1225 4923 1405 5001 sutiragari3
1437 4923 1543 5001 sicque
1574 4929 1605 4985 33
1634 4940 1698 4986 333
1725 4923 1832 4999 311333,
1857 4923 1891 4986 13

1144 5017 1321 5098 praemissis
1336 5033 1390 5095 per
1405 5033 1618 5096 quoscumque
1641 5017 1756 5081 iudices
1771 5017 1891 5080 ordina·

1145 5113 1206 5173 rios
1226 5115 1258 5171 et
1280 5109 1447 5186 delegatos,
1471 5110 1565 5173 31133
1595 5126 1757 5173 causarum
1787 5111 1890 5190 palatii

1144 5201 1303 5280 apostolici
1331 5202 1497 5278 auditores,
1521 5203 1552 5265 S.
1576 5203 1672 5264 1313.
1701 5202 1890 5278 cardinales,

1143 5303 1175 5358 et
1190 5294 1375 5358 eorumdem
1390 5295 1600 5358 cardinalium
1613 5297 1888 5373 congregationes,

1145 5406 1203 5451 nec
1223 5405 1287 5452 non
1310 5388 1603 5466 apostolicaesedis
1624 5389 1757 5451 Nuntios
1771 5397 1802 5452 et
1817 5390 1891 5451 alios

1144 5481 1299 5560 quoslibet
1329 5496 1526 5560 quacumque
1553 5483 1735 5544 auctoritate
1755 5490 1786 5544 et
1807 5488 1893 5560 pote-
1979 5539 1981 5544 ,

1143 5581 1222 5638 state
1243 5574 1412 5652 iungentes
1426 5579 1457 5637 et
1479 5573 1651 5651 iuncturos,
1666 5574 1783 5637 sublata
1798 5575 1843 5637 eis
1860 5584 1891 5638 33

1144 5683 1256 5730 33333
1286 5667 1415 5730 cuilibet
1442 5667 1551 5747 quavis
1572 5667 1662 5730 aliter
1686 5667 1839 5732 iudicandi
1860 5677 1892 5730 et

1144 5761 1371 5840 interpretandi
1392 5760 1537 5824 facultate
1557 5768 1589 5823 et
1609 5761 1791 5824 auctoritate
1813 5763 1892 5826 iudi-

1145 5855 1206 5915 cari
1222 5860 1253 5915 et
1268 5853 1393 5917 deliniri
1415 5853 1585 5929 deberc,ac
1599 5853 1726 5916 1331333
1739 5861 1772 5916 33
1786 5854 1890 5932 13333,

1144 5947 1170 6008 31
1194 5961 1282 6010 33333
1303 5960 1397 6025 33333
1423 5946 1471 6008 1313
1492 5963 1508 6008 3
1529 5961 1685 6026 quoquam
1709 5947 1818 6024 quavis
1839 5963 1892 6012 33-

1805 587 1864 651 559
1915 587 1968 639 aa.
1983 589 2013 638 c.
2035 585 2104 640 1754
