4708 6978
92 1815 209 1861 ttordium.

86 3976 149 4037 ,Super
160 3978 240 4022 erario

71 4028 148 4074 illudio
160 4029 241 4075 dolens

20 4111 21 4120 ,
72 4083 240 4140 tntnptsco-

70 4146 110 4194 pun
127 4137 241 4181 tutiorem

71 4191 112 4242 torn
125 4190 149 4233 de
166 4190 241 4236 literis

72 4241 93 4284 nt
104 4243 138 4287 ior
148 4242 213 4289 dctis.

79 4775 241 4834 leoninorum

75 4830 171 4890 tinomao
195 4843 242 4876 err·

74 4887 163 4930 minent
202 4884 243 4930 itti

74 4937 179 4983 inundat.

889 649 1085 698 BENEDICTUS
1108 651 1171 696 tlt.

567 770 690 836 LXXX.

256 955 420 1020 Nonnulla
443 955 634 1036 praescribit
656 959 744 1022 circo
771 958 911 1038 rogirnen
932 973 1003 1018 con-

295 1053 523 1132 fraternitatis
554 1054 727 1132 tttriusque
756 1069 853 1115 senus
874 1049 932 1114 aab
955 1051 1002 1112 in·

295 1147 460 1208 vocatione
477 1145 655 1210 Cotltalroc
671 1147 702 1211 S.
718 1146 821 1218 Petri,
833 1161 928 1224 propo
943 1161 1002 1205 ine-

297 1240 527 1318 tropoliloncnt
558 1240 723 1306 ecclesium
757 1238 892 1320 Ropitst'i
921 1255 1003 1300 erec·

298 1339 349 1396 tna
369 1335 425 1416 (l).

424 1504 670 1599 tenebititis
687 1504 746 1573 ΡΡ.
764 1503 835 1572 ttttt.

396 1628 863 1696 mmmmmmm

296 1804 477 1866 iniunctum
510 1805 714 1868 imbecillitati
746 1810 871 1866 nostrae
897 1802 929 1864 in
955 1817 1005 1861 su·

253 1913 361 1976 prema
377 1898 541 1961 catholicae
553 1899 697 1961 ecclesiae
708 1897 926 1976 procuratione
939 1909 1006 1970 gro-

254 1992 419 2053 rissimum
433 2007 550 2054 munus
565 1991 752 2068 advigilandi
769 2007 831 2053 non
849 1990 940 2052 modo
951 2003 1005 2066 pro

252 2100 411 2146 sacrarum
433 2092 550 2145 'rerum
583 2084 681 2158 cultu,
710 2083 762 2146 sed
788 2097 844 2161 pro
869 2081 1003 2161 publica·

253 2191 327 2238 rum
349 2176 442 2237 etiam
473 2191 579 2238 rerum
605 2174 844 2256 ‘tranquillitate
868 2192 884 2235 a
905 2181 1003 2252 pasto-

254 2268 310 2329 rali
333 2274 437 2330 nostra
464 2268 674 2331 sollicitudine
694 2277 725 2330 et
751 2267 914 2346 apostolica
936 2283 1006 2328 auc-

253 2361 382 2424 toritate
409 2362 477 2424 iure
503 2379 536 2424 ac
567 2361 679 2424 merito
712 2360 820 2436 exigit,
844 2367 878 2423 ut
899 2359 925 2421 si
946 2375 1006 2438 qua

253 2454 390 2529 dissidia,
413 2471 492 2534 quae
513 2456 592 2518 bene
619 2455 825 2517 constitutum
847 2461 1006 2516 utrarum·

253 2562 315 2626 que
347 2549 490 2610 ordinem
525 2546 756 2626 quomodolibet
787 2547 944 2608 invertere
975 2552 1007 2607 et

254 2641 441 2719 perturbare
474 2648 609 2720 possent,
640 2641 746 2702 statim
778 2648 950 2719 opportuna
972 2654 1005 2700 ac

252 2732 399 2797 salutaria
431 2734 539 2796 iisdem
561 2733 691 2796 dissidiis
713 2731 934 2811 componendis
956 2747 1007 2792 ex·

256 2826 501 2906 tinguendisque
522 2827 703 2906 apostolicae
724 2826 937 2905 providentiae
956 2840 1008 2903 po·

256 2921 439 3000 testatisque
461 2926 584 3016 nostrae
608 2919 744 2982 remedia
766 2917 910 2980 adbibere
931 2925 1008 2978 sata-

255 3029 379 3092 gamus.

298 3220 331 3277 lt)
346 3223 383 3266 llx
397 3219 509 3278 Regcsto
527 3219 607 3277 epist.
623 3219 656 3264 ad
670 3217 753 3263 Princ.
769 3219 796 3262 et
809 3215 875 3262 alios
886 3225 955 3262 anno
970 3225 1005 3259 vr.

257 3287 394 3333 Benedicti
407 3289 479 3344 XIV„
493 3285 521 3332 in
534 3287 611 3331 arch.
623 3285 704 3331 vatic.
717 3287 754 3330 tax
767 3284 857 3329 eodem
871 3293 926 3338 reg.
937 3282 1008 3327 tran·

257 3353 403 3400 scribimus
418 3363 455 3410 ep.
471 3353 505 3399 ad
519 3351 748 3410 archiepiscopum
763 3349 927 3406 nagustnum
938 3353 965 3394 et
974 3348 1008 3393 ad

258 3425 392 3468 rectorem
407 3425 433 3466 et
447 3419 613 3467 consiliarios
627 3418 788 3477 reipublicae
802 3421 931 3474 Ragusae.

274 3557 425 3602 Venerabili
432 3557 515 3606 tratri
524 3557 622 3608 Anneio
632 3557 836 3607 ircbiepiscopo
846 3555 993 3605 Raoustna

454 3665 646 3710 annuntiatus
661 3665 741 3708 Plan
755 3663 816 3708 XIV.

500 3775 661 3818 Venerabilis
678 3775 772 3824 fratem

349 3845 465 3888 salutern
478 3845 503 3886 ct
516 3843 691 3895 apostolicam
709 3839 920 3884 benedictionem.

299 3963 357 4007 Non
371 3961 428 4006 sine
442 3959 518 4017 grani
531 3959 618 4004 cordis
633 3955 718 4004 nostri
731 3957 822 4002 dolore
836 3954 1007 4012 concepimus,

258 4028 372 4074 dissidia
385 4028 456 4073 inter
469 4027 580 4072 dilectos
595 4025 664 4070 tilios
678 4023 824 4070 confratres
834 4019 1009 4070 commaterni-

259 4095 326 4140 tatis
341 4095 389 4140 sub
404 4093 568 4140 invocatione
583 4092 729 4138 cathedrae
739 4090 828 4136 sancti
838 4088 910 4134 Petri
920 4088 947 4134 in
957 4087 1009 4133 ista

257 4161 370 4226 civitate
383 4163 486 4206 erectae
504 4171 581 4218 saepe
594 4158 706 4204 excitari
725 4156 813 4212 solita,
828 4168 858 4202 eo
872 4154 1011 4213 processis-

258 4241 297 4286 se,
312 4237 351 4284 ut,
371 4227 563 4286 nequidquam
582 4227 623 4272 vel
646 4225 788 4271 minimum
810 4222 966 4282 praeiudicii
979 4233 1010 4267 ac

257 4295 416 4344 detrimenti
430 4293 623 4351 tranquillitati
638 4291 798 4348 reipublicae
817 4289 961 4348 ragusinae
975 4289 1009 4335 ai·

257 4362 326 4407 terri
339 4360 482 4418 aliquando
501 4359 646 4416 contingat,
661 4359 748 4404 nostri
768 4356 907 4414 apostolici
922 4366 1011 4401 mune·

258 4430 299 4474 ris
314 4436 370 4474 esee
384 4428 520 4483 nummus,
538 4425 666 4472 nonnulla
680 4425 713 4470 ad
727 4433 818 4481 pacem
832 4423 1009 4470 concordiam·

257 4507 312 4554 que
324 4495 499 4540 inducendam
513 4491 746 4550 providentissime
760 4492 909 4546 demanare,
920 4501 1009 4547 quem-

257 4563 403 4609 admodum
416 4573 449 4606 ex
462 4559 523 4607 aliis
544 4559 643 4605 uostris
664 4559 692 4604 in
713 4558 796 4604 simili
816 4558 901 4604 torma
923 4557 1010 4603 brevis

257 4629 348 4674 literis
362 4627 412 4674 bac
429 4627 487 4686 ipsa
500 4627 543 4672 die
560 4627 594 4672 ad
608 4627 727 4672 suturam
741 4625 782 4671 rei
796 4624 953 4671 memoriam
968 4624 1010 4670 da-

258 4695 297 4742 tis
312 4699 338 4742 te
351 4695 550 4741 intellecturum
564 4693 620 4740 lore
633 4691 797 4739 confidimus.

301 4763 477 4810 Fraternitati
496 4763 587 4820 itaque
608 4763 671 4808 tuae
693 4760 885 4807 committimus
899 4763 927 4806 et
940 4770 1011 4806 man·

259 4831 364 4887 damus,
379 4832 410 4876 ut
424 4830 516 4876 statim
531 4832 611 4887 atque
625 4829 659 4876 ad
674 4831 700 4874 te
714 4828 833 4874 redditae
847 4829 947 4874 uterini
956 4827 1011 4873 lau-

260 4899 342 4945 datae
356 4900 463 4944 nostrae
484 4897 588 4954 literas,
603 4898 708 4944 medem
727 4896 761 4942 iis
775 4896 809 4942 ad
822 4907 887 4953 quos
902 4899 1012 4954 spectat,

259 4969 340 5012 notas
353 4966 434 5012 lacus
448 4964 642 5019 accedentiam
654 4975 700 5010 nee
710 4967 762 5009 non
771 4963 861 5010 omnia
870 4966 897 5008 et
906 4962 1012 5019 singula

259 5031 290 5078 in
305 5032 398 5078 iisdem
416 5035 541 5078 coeterna
557 5030 660 5077 debitae
677 5031 865 5088 promptaeque
883 5029 1012 5076 executio·

260 5099 298 5157 ni,
313 5100 404 5156 etiam,
421 5103 553 5158 quatenus
570 5111 636 5157 opus
655 5098 744 5154 buerit,
759 5098 808 5144 sub
826 5097 1011 5144 ecclesiasticis

259 5168 382 5215 censuris
396 5167 538 5226 possumne
553 5166 685 5214 canonicis
699 5165 854 5212 demandari
869 5168 895 5210 et
910 5165 1012 5211 servari

260 5247 348 5291 cures,
362 5237 469 5292 satagas
482 5237 510 5280 et
522 5234 661 5288 adniteris,
676 5233 750 5279 salva
763 5243 867 5290 semper
885 5232 1012 5289 arehiepi-

261 5302 362 5360 scopali
383 5305 431 5348 tua
450 5300 633 5347 iurisdictione
654 5301 680 5346 et
700 5299 869 5346 auctoritate,
889 5302 1011 5346 ceterum

260 5370 296 5415 de
309 5369 438 5427 pastorali
457 5369 601 5415 obstrictae
622 5369 684 5413 tuae
702 5377 766 5424 ergo.
785 5377 832 5413 nos
847 5369 873 5413 et
887 5367 1012 5426 Apostoli-

261 5447 322 5484 cam
336 5437 405 5482 banc
418 5437 510 5481 sedem
524 5433 689 5482 obedientiae
703 5433 732 5479 in
742 5435 900 5492 exequendis
910 5437 1012 5492 aposto

262 5505 323 5550 licis
338 5503 471 5550 mandatis
492 5503 591 5549 nostris
605 5501 689 5548 officio
709 5502 835 5548 alacriter
853 5503 1011 5559 praestando

262 5571 339 5625 certi,
353 5572 386 5618 ad
400 5572 518 5630 prosperi
534 5581 669 5616 successus
684 5567 830 5626 auspicium
847 5570 1011 5616 fraternitati

263 5641 328 5686 tuae
340 5637 510 5696 apostolicam
521 5636 729 5684 benedictionem
739 5641 909 5694 peramanter
917 5637 1012 5695 tmper-

263 5707 358 5763 timur,

305 5777 400 5821 Datum
411 5777 519 5828 Romae,
528 5772 598 5831 apud
608 5775 632 5818 S.
643 5771 754 5818 Mariam
764 5771 898 5828 Maiorem,
909 5774 957 5819 sub
966 5785 1010 5820 an·

264 5841 330 5888 uulo
343 5841 492 5898 Piscatoris,
506 5839 548 5886 die
557 5851 593 5886 xr.
608 5839 669 5886 iulii
679 5849 830 5898 unccxtvt,
841 5841 1009 5898 pontificatus

264 5909 351 5956 nostri
364 5919 433 5956 anno
446 5919 481 5954 vt.

1725 632 1781 694 ι287
1835 637 1886 686 An.
1902 635 1932 686 (i.
1955 634 2023 686 tito
2072 669 2077 696 ,

1097 771 1115 844 ἓ
1129 769 1155 830 l.
1165 769 1316 845 Quoniam
1329 770 1805 850 autem,sioutaccepimuscon-
1849 782 1974 829 narratio.

1059 862 1234 925 fraternitas
1254 864 1414 941 utriusque
1434 879 1526 925 sexus
1540 862 1800 937 christifidelium,

1058 954 1095 1016 de
1116 972 1269 1020 consensu
1300 957 1348 1018 bo.
1384 973 1443 1018 me.
1477 955 1619 1020 Andreae
1646 957 1804 1036 Arcltiepi-

1057 1049 1139 1128 scopi
1161 1050 1321 1126 Ragusini,
1333 1057 1365 1112 et
1386 1065 1456 1112 curu
1478 1050 1670 1128 beneplacito
1684 1051 1805 1113 consilii

1058 1150 1088 1204 et
1111 1142 1265 1205 nobilium
1287 1143 1416 1205 civitatis
1432 1144 1614 1220 Rugusinae,
1631 1160 1685 1224 pro
1706 1146 1807 1207 direr-

1057 1235 1097 1296 sis
1119 1234 1177 1314 piis
1208 1235 1350 1314 operibus
1378 1236 1581 1314 adimplendis
1606 1237 1665 1298 sub
1686 1238 1806 1300 invoca·

1060 1329 1145 1389 tione
1177 1327 1344 1392 Catbedrae
1376 1328 1479 1394 Sancti
1512 1330 1594 1393 Petri
1624 1330 1807 1394 incivitate

1060 1421 1213 1498 Ragusina
1240 1420 1315 1482 olim
1347 1422 1489 1485 instituta
1521 1425 1691 1501 reperitur,
1721 1423 1807 1486 citius

1060 1512 1170 1574 deinde
1192 1514 1356 1592 peculiaria
1384 1515 1532 1594 quaedam
1554 1524 1666 1579 statuta
1689 1522 1807 1596 aposto·

1060 1607 1117 1668 lica
1139 1605 1245 1668 itidem
1267 1609 1459 1684 auctoritate,
1479 1626 1534 1688 per
1555 1609 1732 1689 apostolicas
1754 1609 1806 1671 iel.

1062 1715 1121 1761 reo.
1146 1698 1234 1776 xysti
1263 1699 1314 1762 lv.
1339 1709 1370 1764 et
1399 1702 1570 1764 Clementis
1602 1702 1679 1765 thl.
1710 1718 1808 1763 roma-

1061 1807 1173 1853 norum
1195 1793 1381 1856 Pontificum
1403 1797 1674 1873 praedecessorum
1689 1804 1809 1858 nostro·

1061 1899 1132 1946 rum
1154 1885 1267 1961 literas,
1291 1903 1423 1964 quarum
1447 1897 1588 1951 tenorem
1605 1891 1652 1950 bis
1667 1906 1830 1969 praesen·-

1062 1978 1142 2039 tibus
1173 1979 1287 2040 nostris
1309 1981 1340 2040 in
1371 1979 1467 2043 torma
1501 1983 1602 2046 brevis
1634 1983 1732 2044 literis
1755 1999 1809 2062 pro

1061 2072 1212 2149 expressis
1233 2079 1265 2133 el
1285 2065 1410 2135 insertis
1432 2075 1537 2138 baberi
1557 2076 1715 2151 volumus,
1731 2083 1761 2138 et
1777 2076 1809 2138 in

1061 2166 1171 2243 quibus
1193 2166 1320 2228 uberius
1335 2165 1449 2229 dicitur
1464 2170 1628 2244 contineri,
1645 2170 1809 2249 approbata

1061 2267 1091 2322 et
1112 2259 1293 2322 confirmata
1315 2259 1463 2322 luerunt:
1488 2255 1588 2324 buius
1602 2279 1677 2324 vero
1692 2261 1811 2325 cottion·

1063 2351 1216 2414 tenuitatis
1237 2351 1408 2416 contraires
1427 2356 1612 2435 presbyteri,
1630 2355 1810 2434 praesertim

1062 2446 1242 2521 saeculares,
1262 2462 1358 2525 penes
1379 2465 1455 2526 quos
1477 2449 1630 2511 bonorum
1654 2466 1687 2512 ac
1710 2437 1811 2511 reddi'-

1064 2549 1154 2602 tuum
1175 2541 1329 2619 privative
1361 2542 1474 2606 residet
1495 2545 1734 2618 administratio,
1756 2557 1811 2622 pro

1065 2641 1201 2710 tempore
1222 2634 1402 2709 existentes,
1419 2650 1490 2698 cum
1506 2638 1545 2698 de
1560 2637 1651 2699 rebus
1666 2635 1812 2714 negotiis·

1063 2743 1123 2805 que
1144 2727 1395 2806 quibuscumque
1417 2731 1451 2792 ad
1475 2737 1677 2792 memoratam
1693 2729 1812 2791 contra-

1065 2820 1244 2882 ternitatem
1273 2821 1505 2898 quomodolibet
1526 2822 1735 2902 spectantibus
1757 2837 1811 2900 per

1065 2914 1143 2992 ipsos
1158 2915 1314 2989 agendum
1327 2913 1625 2994 deliberandumque
1636 2923 1726 2990 esset,
1739 2932 1811 2977 suos

1065 3015 1182 3083 coetus,
1195 3008 1446 3070 siraconventus
1461 3009 1528 3070 sive
1542 3009 1810 3086 congregationes,

1233 3215 1336 3258 Dilectio
1349 3215 1413 3267 fltits
1428 3215 1559 3258 nobilibus
1574 3215 1641 3256 airis

1101 3282 1199 3324 rectori
1212 3283 1235 3324 et
1249 3283 1412 3324 consiliariis
1431 3283 1592 3334 reipublicae
1606 3282 1769 3332 Rabannae,

1256 3387 1449 3432 BllNlbDlC‘lUS
1463 3389 1543 3430 ΡΛΡΑ
1557 3387 1618 3432 xlv.

1267 3498 1358 3540 Dilectt
1371 3499 1421 3548 filii
1436 3497 1534 3540 nobiles
1548 3498 1610 3544 oiri,

1133 3529 1137 3546 ¹
1151 3566 1266 3608 salntem
1279 3567 1304 3607 et
1317 3566 1492 3617 apostolicam
1511 3565 1722 3608 benedictionem.

1104 3685 1207 3734 Quanta
1233 3685 1344 3740 paterna
1371 3681 1553 3729 benevolentia
1581 3681 1708 3738 inclytam
1732 3681 1812 3728 letam

1871 3703 1933 3752 illos
1953 3703 2044 3750 laudat

1065 3749 1264 3806 rempublicam,
1278 3749 1330 3796 etsi
1350 3749 1496 3796 catholicae
1516 3749 1577 3794 tidei
1591 3748 1713 3796 hostibus
1728 3748 1811 3794 veluti
1832 3762 1853 3804 ei
1868 3759 1898 3804 dg
1917 3759 2045 3806 exauditis

1063 3816 1276 3874 circumseptam,
1290 3817 1322 3862 de
1336 3817 1483 3863 orthodoxa
1498 3819 1587 3862 tamen
1598 3816 1726 3873 religione
1736 3816 1810 3862 bene
1830 3811 1947 3876 precibus
1958 3813 2045 3859 certio·

1067 3884 1165 3930 mereri
1183 3886 1346 3942 pergentem,
1368 3895 1569 3942 prosequamur,
1589 3887 1741 3942 quantaque
1754 3895 1813 3941 apo·
1831 3878 1870 3913 ’¹0⁸
1885 3866 1954 3922 iacti·

1063 3951 1157 3998 stolica
1178 3951 1343 4009 benignitate
1357 3951 1456 4008 optatis
1477 3951 1647 3998 nobilitatum
1662 3955 1813 3997 vestrarum

1064 4019 1240 4065 obsecundare
1261 4019 1420 4076 gestiamus,
1443 4017 1516 4065 vobis
1534 4018 1625 4076 reipsa
1646 4020 1812 4075 compertum

1064 4085 1281 4143 exploratumque
1295 4097 1352 4131 esse
1367 4097 1419 4132 uon
1433 4085 1595 4130 dubitamus.
1612 4086 1683 4136 Quod
1698 4096 1762 4131 saue
1771 4097 1814 4130 ro-

1064 4153 1104 4198 bis
1118 4151 1232 4210 amplius
1253 4152 1441 4198 confirmatum
1456 4151 1491 4196 iri
1505 4151 1662 4198 confidimus
1682 4163 1728 4208 per
1746 4151 1813 4197 alias

1064 4221 1168 4264 nostras
1183 4218 1210 4263 in
1225 4217 1308 4264 simili
1330 4218 1413 4265 torma
1428 4218 1514 4264 brevis
1530 4218 1622 4264 literas
1637 4219 1686 4264 bac
1699 4219 1756 4276 ipsa
1771 4218 1814 4265 die

1064 4286 1096 4331 ad
1110 4285 1230 4332 futuram
1251 4286 1290 4330 rei
1305 4285 1462 4332 memoriam
1483 4285 1568 4340 datas,
1583 4299 1614 4331 ex
1629 4286 1725 4343 quibus
1739 4285 1814 4332 intel-

1064 4353 1153 4410 ligetis
1167 4364 1219 4410 qua
1232 4351 1371 4398 alacritate
1386 4352 1509 4399 demissis
1524 4353 1645 4408 precibus
1661 4354 1756 4400 restris
1771 4365 1815 4400 an-

1064 4421 1211 4476 nuerimus,
1225 4422 1252 4466 et
1273 4432 1324 4477 quo
1345 4423 1422 4478 pacto
1444 4425 1623 4478 opportunum
1645 4432 1675 4468 ac
1696 4421 1815 4467 salutare

1064 4499 1112 4544 pro
1126 4488 1304 4534 conservanda
1318 4487 1436 4533 eiusdem
1447 4488 1609 4546 reipublicae
1619 4487 1815 4546 tranquillitate
1827 4533 1830 4543 ,

1064 4555 1221 4612 apostolicae
1235 4554 1416 4612 providentiae
1431 4555 1653 4614 auctoritatisque
1666 4555 1813 4602 remedium

1064 4622 1274 4668 adhibuerimus.

1104 4689 1143 4733 Ad
1162 4688 1280 4734 eiusdem
1302 4689 1393 4746 itaque
1416 4689 1578 4746 reipublicae
1602 4691 1706 4736 restrae
1727 4689 1814 4746 decus,

1066 4757 1233 4802 commodum
1247 4759 1274 4801 et
1289 4757 1483 4802 incrementum
1497 4768 1545 4816 pro
1559 4768 1683 4814 supremo
1692 4757 1814 4815 apostoli·

1065 4835 1110 4870 cae
1124 4823 1320 4880 procurationis
1335 4826 1443 4870 nostrae
1452 4835 1562 4870 munere
1573 4833 1620 4870 nos
1630 4823 1813 4881 advigilantes,

1066 4902 1156 4950 parem
1170 4901 1187 4936 a
1201 4890 1386 4938 nobilitatibus
1400 4891 1497 4938 restris
1514 4891 1678 4950 requirimus
1692 4903 1743 4937 non
1758 4893 1813 4937 tant

1066 4961 1218 5016 perspectae
1227 4959 1554 5017 commendatissimaeque
1564 4963 1668 5004 vestrae
1678 4969 1742 5016 erga
1751 4963 1815 5016 Apo

1066 5027 1187 5072 stolicam
1201 5025 1269 5071 banc
1284 5029 1407 5072 sanctam
1422 5027 1515 5071 sedern
1529 5037 1629 5082 nosque
1643 5025 1714 5083 ipsos
1729 5026 1815 5072 obser·

1066 5094 1172 5140 santiae
1193 5093 1409 5152 reverentiaeque
1429 5093 1521 5149 ricem,
1536 5104 1616 5150 quam
1635 5093 1751 5140 debitam
1767 5105 1815 5151 pro

1066 5161 1148 5206 divini
1170 5161 1278 5207 honoris
1299 5162 1373 5208 cultu
1393 5161 1556 5218 adaugendo,
1572 5171 1716 5218 rerumque
1730 5172 1815 5208 sacra·

1067 5239 1128 5274 rum
1142 5228 1282 5286 disciplina
1296 5230 1425 5276 servanda
1439 5240 1546 5286 oporam
1556 5240 1586 5275 ac
1596 5229 1722 5274 studium.
1734 5232 1815 5275 Porro

1067 5295 1251 5342 nobilitatibus
1265 5297 1361 5343 restris
1382 5307 1539 5354 persuasum
1553 5307 1611 5342 esse
1625 5295 1754 5354 cupimus,
1770 5307 1815 5342 vos

1067 5365 1116 5410 hac
1129 5365 1234 5411 ratione
1248 5363 1367 5410 divinum
1379 5363 1486 5422 quidem
1496 5363 1659 5421 praesidium
1669 5365 1702 5411 ad
1712 5375 1816 5423 prospe-

1067 5429 1166 5476 riorem
1181 5430 1380 5488 breuioremque
1394 5431 1511 5476 eiusdem
1522 5431 1683 5488 reipublicae
1693 5430 1816 5478 conditio·

1066 5509 1135 5553 nem,
1152 5497 1428 5555 tranquillitatemque
1442 5499 1645 5556 comparandam
1657 5499 1816 5556 promeritu-

1066 5577 1118 5622 ros,
1132 5577 1148 5611 a
1162 5565 1237 5610 nobis
1252 5576 1313 5612 vero
1327 5566 1418 5612 omnia
1427 5568 1585 5624 apostolicae
1595 5566 1717 5613 caritatis
1727 5569 1814 5614 aucto

1065 5633 1208 5690 citatisque
1222 5631 1306 5678 officia
1318 5636 1391 5678 certo
1412 5633 1497 5680 tacere
1517 5633 1688 5692 pollicituros.
1704 5635 1814 5680 Interim

1859 4696 1982 4743 Hortott'o.

1065 5700 1237 5758 apostolicam
1253 5699 1471 5757 benedictionem,
1481 5712 1542 5748 cum
1556 5701 1710 5748 coelestium
1726 5713 1815 5748 muue-
1872 5736 1876 5742 .

1065 5783 1127 5819 rum
1149 5773 1223 5830 copia
1241 5771 1418 5828 coniunctam,
1437 5770 1622 5818 nobilitatibus
1644 5769 1738 5817 vestris
1758 5782 1815 5828 per·

1064 5843 1188 5886 amanter
1202 5839 1380 5896 impertimur.

1104 5910 1199 5955 batum
1221 5909 1328 5964 Romae,
1348 5907 1417 5964 apud
1440 5906 1590 5953 suarium
1612 5906 1747 5964 Maiorem,
1764 5907 1814 5953 sub

1064 5975 1163 6022 annulo
1177 5975 1326 6031 Paestanis,
1340 5975 1382 6021 die
1397 5975 1811 6033 xr.iulttnaocxnv1.,pontibca·

1039 6081 1041 6089 ,
1064 6049 1108 6093 tus
1123 6043 1208 6091 nestri
1222 6054 1290 6091 anno
1304 6055 1340 6090 vt.
