4820 6980
961 579 1169 630 -nencnrcros
1190 579 1254 630 rur.
1804 559 1873 630 723·
1913 559 1967 617 An.
1980 565 2011 619 ο.
2032 561 2100 618 tate

336 710 485 781 gesserat,
506 699 666 780 relaxarit,
694 702 898 782 indulsitque,
919 710 955 766 ut
976 702 1009 767 in
1030 718 1081 782 po·
1136 701 1313 766 Britanniae
1326 701 1422 781 Rege.
1446 702 1606 784 Perspecta
1627 703 1717 768 nobis
1731 719 1797 769 esse
1817 720 1882 769 non

335 805 465 873 sterum,
478 797 572 860 etiam
592 805 660 875 post
681 804 842 877 sumptum
863 795 1014 874 exiguum
1027 796 1082 859 ali·
1136 805 1237 881 potest
1258 799 1419 864 imbecillis
1440 800 1584 864 valetudo
1610 799 1806 880 imperatoris
1827 799 1883 864 Ga-

335 892 416 970 quod
432 890 634 967 ientaculum,
650 898 752 971 posset
766 906 883 954 sacram
898 891 1080 971 participare
1136 893 1195 956 roli
1216 893 1254 956 V.
1278 911 1294 956 a
1315 893 1442 958 medicis
1462 901 1646 973 contestata,
1668 895 1782 958 scimus
1797 893 1883 974 equi·

334 984 600 1047 communionem.
1136 985 1219 1062 dem,
1231 988 1333 1067 ipsum
1349 991 1458 1050 natum
1470 1003 1518 1050 an.
1533 1003 1615 1063 nnn,
1626 1003 1761 1068 cumque
1775 989 1882 1052 datum

374 1078 393 1154 5
417 1077 463 1140 12.
486 1076 556 1141 Non
578 1078 756 1142 censuimus
778 1078 858 1141 inre
879 1086 963 1141 tauta
984 1077 1080 1142 lideo-
1136 1078 1230 1142 luerit
1258 1080 1452 1160 pontificium
1477 1081 1576 1144 Breve
1602 1081 1660 1146 sub
1685 1097 1735 1144 an.
1759 1098 1879 1158 nourr,

334 1171 410 1234 dum
431 1187 497 1234 esse
510 1172 679 1236 authorum
700 1172 943 1251 assererentque
964 1170 1080 1234 cursim
1135 1173 1294 1249 eumdem,
1316 1172 1393 1236 dum
1413 1175 1513 1237 Breve
1533 1173 1680 1248 obtinuit,
1694 1188 1756 1238 non
1778 1190 1881 1238 exces-

334 1264 471 1329 innuont
491 1265 598 1329 datum
612 1265 792 1345 imperatori
816 1264 924 1330 carolo
950 1263 984 1327 ll.
1001 1281 1016 1324 a
1031 1265 1081 1326 lu·
1134 1267 1210 1328 sisse
1230 1267 1269 1330 ot
1288 1267 1396 1330 aetatis
1415 1283 1488 1330 suae
1509 1283 1638 1330 annum.
1662 1269 1744 1344 Quae
1764 1267 1882 1346 patitur

219 1391 223 1398 ·
334 1359 375 1421 lio
397 1359 446 1422 lll.
464 1361 697 1438 praedecessore
716 1365 823 1423 nostro
837 1359 1009 1422 indultum.
1034 1357 1080 1419 Bu
1135 1359 1332 1424 Britannicus
1360 1377 1417 1423 reu
1443 1368 1549 1424 noster
1577 1360 1786 1436 incommoda,
1806 1369 1881 1424 sunt

333 1453 493 1516 secretiori
515 1452 663 1518 Vaticano
688 1452 834 1516 hrcbirio
862 1452 965 1516 aderri
991 1452 1080 1514 iussi·
1135 1454 1224 1517 nobis
1234 1456 1306 1518 satis
1320 1471 1477 1536 superque
1491 1461 1574 1532 ncta,
1586 1455 1763 1535 scimusque
1773 1455 1879 1532 etiam,

333 1563 404 1610 mus
424 1548 620 1626 pontificium
635 1547 733 1610 Breve
754 1555 914 1626 repertum
931 1555 1004 1610 tom.
1021 1545 1078 1617 70,
1135 1565 1206 1612 eum
1229 1566 1321 1628 agere
1334 1549 1376 1614 68
1389 1551 1495 1614 aetatis
1508 1565 1581 1612 suae
1602 1566 1732 1614 annum.
1756 1549 1801 1612 Ex
1817 1550 1880 1614 ani-

334 1657 423 1704 num.
448 1641 523 1712 152,
547 1641 579 1704 in
602 1657 664 1720 quo
690 1641 887 1720 imperatoris
908 1657 1012 1720 preces
1032 1659 1079 1706 se-
1135 1660 1186 1706 mo
1207 1645 1373 1722 credimus,
1396 1644 1544 1724 quidquid
1570 1645 1722 1724 scripsere
1741 1643 1880 1707 historici

333 1736 499 1814 ouantibus
521 1735 624 1799 verbis
649 1735 845 1798 relocantur:
879 1735 1003 1814 liuponi
1026 1752 1079 1797 no·
1134 1737 1171 1798 de
1192 1738 1304 1817 pietate
1337 1755 1370 1802 ac
1400 1737 1552 1816 religione
1577 1737 1678 1802 Caroli
1699 1738 1816 1814 Quinti.
1840 1741 1879 1800 ht

333 1827 380 1893 bis
402 1834 462 1893 tua
483 1830 634 1894 maiestas
665 1830 754 1912 facit,
777 1846 809 1890 ss
834 1843 1077 1907 nonuunquam,
1134 1829 1286 1895 historicis
1308 1832 1438 1895 minime
1460 1831 1648 1910 indigemus,
1667 1839 1701 1895 ut
1723 1839 1879 1912 perspecta

332 1925 461 1988 catione
481 1942 559 1988 suae
579 1924 777 1988 valetudinis
799 1925 848 1986 ita
868 1922 1023 1986 suadente
1047 1928 1077 1984 et
1134 1922 1222 1984 uobis
1243 1924 1295 1986 liat
1321 1925 1485 2002 singularis
1506 1925 1678 1988 charissimi
1700 1925 1732 1988 in
1754 1924 1878 1989 Christo

331 2015 1001 2098 cogente,dielrus,auibnssacratissimam
1014 2016 1080 2078 llu-
1133 2015 1188 2077 lilii
1215 2017 1314 2079 nostri
1342 2018 1440 2081 lacobi
1468 2017 1560 2096 Regis
1588 2018 1750 2098 integritas
1778 2020 1876 2097 vitae,

332 2111 525 2176 abacistiom
552 2127 675 2175 samara
697 2111 861 2184 instituit,
885 2111 921 2172 de
945 2110 1078 2174 medico-
1132 2109 1227 2186 pietas
1243 2119 1273 2174 et
1287 2111 1409 2189 religio,
1422 2113 1534 2191 quibus
1548 2115 1623 2176 dum
1639 2119 1736 2176 totam
1751 2113 1878 2176 vivendi

332 2221 406 2267 rum
434 2204 579 2279 consilio,
614 2205 774 2268 modicam
805 2204 1007 2267 ientaculum
1036 2202 1078 2264 ad
1131 2205 1285 2267 rationem
1316 2205 1514 2282 moderatur,
1544 2205 1709 2268 universae
1737 2207 1776 2269 sit
1802 2207 1877 2270 Urbi

331 2300 542 2362 neceesarium
577 2296 865 2362 substentationem
902 2295 1076 2359 uentriculi
1131 2298 1291 2376 exemplo;
1319 2314 1391 2362 cum
1418 2299 1475 2377 ipsi
1498 2299 1597 2362 simus
1622 2300 1733 2362 horum
1765 2299 1875 2364 oculati

329 2407 455 2454 sumere
468 2399 544 2456 ante
559 2392 768 2464 consuevisse,
791 2397 822 2454 et
836 2389 938 2462 nobis,
955 2395 994 2452 ut
1010 2395 1075 2452 tam
1131 2397 1235 2452 testes.
1259 2391 1306 2454 Tu
1328 2391 1443 2472 itaque,
1466 2393 1519 2471 qui
1541 2392 1577 2454 ad
1598 2409 1654 2456 nos
1681 2394 1803 2470 regium
1825 2393 1877 2456 de·
1893 2399 2105 2500 ingerannum

330 2485 367 2549 de
388 2485 565 2563 praeterito
586 2486 712 2549 ueniam
734 2485 786 2549 illi
812 2485 900 2555 darc,
924 2497 1019 2560 auant
1040 2483 1076 2544 in
1130 2483 1277 2546 siderium
1299 2485 1443 2560 attulisti,
1465 2486 1599 2548 nuncius
1621 2493 1726 2548 nostro
1748 2487 1875 2550 nomine
1894 2455 2026 2556 ergastulum
2048 2467 2106 2503 Μ’

330 2582 487 2661 saturum
507 2595 613 2642 secum
634 2595 731 2658 super
751 2595 784 2640 ao
813 2578 996 2657 dispensare
1016 2595 1071 2639 an·
1130 2578 1232 2640 eidem
1254 2579 1326 2654 eris,
1349 2578 1512 2658 apostolica
1534 2595 1602 2657 nos,
1618 2596 1678 2660 qua
1698 2578 1873 2658 tangimur,

330 2675 486 2738 ctoritate
499 2672 674 2752 apostolica
688 2672 849 2744 callemus,
865 2669 1073 2753 supplicavit.
1130 2672 1323 2749 auctoritate,
1346 2673 1402 2752 ipsi
1430 2673 1608 2738 facultatem
1628 2674 1808 2752 indulgere,
1830 2695 1876 2739 sa·

330 2769 538 2850 Subsequitur
558 2769 592 2831 in
620 2767 687 2848 ipso
707 2767 798 2830 Brevi
820 2765 975 2845 pontificia
1004 2781 1075 2828 con·
1130 2781 1211 2827 oram
1234 2768 1378 2830 sumendi
1400 2767 1636 2843 Eucharistiam,
1649 2770 1791 2834 consulto
1805 2787 1876 2834 con·

329 2863 435 2938 comio,
451 2863 540 2926 cuius
553 2877 593 2924 en
608 2869 753 2941 concepta
768 2860 879 2924 rerba:
899 2858 1005 2936 Quare
1019 2875 1075 2921 nos
1128 2860 1273 2924 scientiae
1288 2877 1359 2924 suae
1382 2863 1588 2939 moderatore,
1604 2864 1660 2927 etsi
1682 2871 1749 2944 post
1770 2864 1876 2928 evolu-

329 2956 517 3020 huiusmodi
544 2957 763 3019 necessitatem
792 2959 884 3018 tuam
910 2953 1075 3017 attention·
1129 2959 1193 3016 tam
1224 2955 1391 3034 superioris
1422 2956 1521 3019 noctis
1550 2964 1670 3036 partem
1696 2957 1874 3034 dimidiam,

330 3057 387 3122 tes,
410 3057 440 3113 et
457 3057 533 3114 tuac
552 3049 734 3116 Maiestatis
748 3049 839 3126 pium
853 3048 1076 3125 sincerumque
1128 3045 1307 3110 ualetudine
1321 3049 1362 3110 ita
1374 3056 1570 3129 exposcente,
1586 3049 1737 3127 exiguum
1751 3050 1875 3130 aliquod

328 3145 365 3208 iu
386 3143 544 3208 catholica
566 3143 774 3224 religionem
798 3141 991 3205 Sanctorum
1013 3140 1074 3204 Pu·
1128 3141 1319 3205 ientaculum
1331 3143 1546 3221 deglutiverit.
1569 3144 1679 3207 Brevia
1700 3143 1875 3222 praedeces·

330 3248 419 3304 trum
453 3237 750 3304 constitutionibus
779 3237 907 3302 tuendis
928 3255 966 3301 ac
986 3253 1075 3300 coue-
1128 3248 1234 3298 sorum
1252 3244 1432 3300 nostrorum
1448 3237 1517 3300 lulii
1533 3236 1581 3300 lll.
1596 3246 1626 3300 et
1641 3237 1781 3315 Gregorii
1793 3237 1871 3301 lllll.

328 3334 442 3398 randis
464 3333 611 3398 animum
633 3331 778 3396 omnibus
801 3333 836 3394 in
858 3329 953 3395 rebus
978 3347 1073 3413 opno·
1127 3329 1271 3410 superius
1298 3331 1403 3408 relata,
1426 3338 1458 3394 et
1485 3331 1520 3394 ad
1548 3347 1615 3394 rem
1646 3338 1786 3395 nostram
1807 3349 1875 3412 spe·

327 3433 460 3503 scentes,
491 3435 522 3491 te
548 3428 633 3490 omni
665 3425 880 3490 conscientiae
906 3426 1070 3505 scrupulo,
1127 3423 1252 3499 stantia,
1275 3423 1430 3489 concludit
1450 3431 1576 3505 paterna
1591 3425 1872 3490 monitioadPrin·

328 3522 410 3600 quod
430 3527 559 3600 propter
587 3521 772 3584 istiusmodi
794 3535 889 3583 nsum
916 3520 1072 3584 haetenus
1126 3515 1219 3594 cipes,
1235 3517 1348 3594 quibus
1367 3533 1508 3581 concessa
1529 3515 1670 3594 luerunt,
1686 3533 1742 3597 pro
1763 3535 1872 3581 eorum

327 3615 439 3694 forsan
471 3614 659 3678 contrahere
691 3614 843 3694 potuisti,
874 3629 1007 3692 prorsus
1036 3611 1072 3674 in
1127 3608 1306 3672 valetudine
1329 3609 1453 3686 tuenda,
1469 3611 1567 3675 veluti
1589 3611 1783 3674 Christianae
1804 3611 1874 3674 Rei-

326 3707 461 3771 Bomino
488 3707 663 3772 liberamus
691 3713 722 3769 et
748 3705 951 3779 absolvimus,
975 3712 1072 3785 atque
1125 3701 1265 3781 publicae
1286 3703 1423 3782 apprime¹
1444 3705 1629 3767 necessaria:
1652 3702 1714 3766 Nos
1735 3720 1871 3784 quoque,

326 3807 365 3864 ut
386 3802 423 3864 in
449 3807 611 3881 posterum
638 3801 741 3862 ecdem
760 3799 861 3872 modo,
892 3807 963 3879 post
987 3815 1072 3862 sum·
1126 3797 1202 3858 dum
1222 3796 1369 3874 epistolae
1388 3797 1460 3860 huic
1475 3805 1598 3860 nostrae
1619 3798 1716 3860 sunem
1731 3796 1871 3876 tacimus,

324 3903 417 3974 ptum
428 3896 644 3959 necesarium
659 3893 872 3965 ientaculum,
884 3894 1071 3976 praefatum
1126 3891 1209 3954 idem
1236 3890 1371 3968 praelato
1399 3891 1504 3955 lacobo
1533 3891 1609 3969 Regi
1630 3892 1664 3954 in
1686 3893 1871 3956 memoriam

327 3989 594 4054 Sacratissimum
625 3986 857 4052 Eucharistiae
885 3987 1072 4051 &aramen-
1125 3993 1318 4062 revocantes,
1330 3986 1411 4065 quod
1427 4003 1442 4046 a
1458 3984 1742 4064 praedecessoribus
1757 3987 1871 4049 uostris

326 4091 397 4148 tam
417 4099 542 4145 sumere
561 4082 803 4161 possintecnm,
826 4079 866 4144 ab
887 4080 990 4144 eadem
1011 4081 1071 4144 Bo·
1125 4087 1403 4142 commemoratum
1433 4080 1568 4158 legimus
1594 4080 1632 4142 iis
1659 4080 1870 4160 Principibus,

324 4178 412 4240 mino
428 4176 555 4240 tradita
570 4174 660 4239 nobis
675 4175 887 4247 anctoritate,
903 4174 1071 4255 indutpen-
1124 4189 1201 4252 quos
1227 4172 1405 4235 huiusmodi
1432 4172 1577 4237 facultate
1604 4173 1771 4251 donabant,
1802 4174 1869 4251 tibi,

326 4278 376 4335 ter
396 4270 627 4350 dispensamus.
774 4297 779 4314 ·
1124 4265 1235 4330 dilecte
1256 4265 1521 4347 lili,apostolicam
1542 4265 1789 4331 benedictionem
1811 4267 1869 4329 im·

365 4367 385 4442 ᾖ
409 4364 455 4426 13.
477 4365 561 4440 Quod
585 4362 680 4427 lolius
701 4361 752 4426 lll.
782 4363 994 4442 praedecessor
1016 4378 1072 4426 no·
1124 4361 1290 4441 pertimur.

84 4321 308 4465 ,satanan

84 4472 204 4519 sunctae
224 4472 307 4519 aare
325 4465 390 4522 ster
410 4458 562 4539 praestitit
584 4472 657 4535 erga
679 4456 823 4521 carolum
845 4455 881 4520 V.
904 4457 1070 4535 imperato·
1163 4454 1276 4518 Datum
1304 4455 1430 4532 Romae,
1455 4457 1536 4535 apud
1564 4455 1596 4519 S·
1624 4455 1752 4520 llariam
1779 4455 1870 4520 ldaio·

85 4526 307 4636 fflffldssff
325 4567 412 4629 rem,
442 4551 578 4632 idipsum
607 4557 639 4614 et
661 4567 717 4614 nos
744 4566 836 4628 agera
861 4550 1068 4630 intendimus,
1124 4565 1203 4626 rem,
1220 4549 1750 4628 subannuloPiscatoris,diexxrr.
1765 4549 1868 4613 martii

86 4633 242 4682 verruntur.
324 4647 402 4726 quin
417 4653 447 4708 et
468 4647 730 4726 peragimuscum
752 4644 858 4708 lacobo
879 4645 926 4708 lll.
942 4644 1071 4723 llagnae
1124 4661 1275 4710 wocurt.
1298 4645 1495 4724 pontificatus
1517 4645 1616 4708 nostri
1635 4658 1718 4708 anno
1742 4659 1808 4706 xvr.
