4820 6980
367 497 424 553 Aa.
438 498 469 554 0.
491 499 559 555 tres
607 497 667 562 752

588 635 659 714 tigit
691 635 825 698 rationes
846 635 1042 715 praecipuas,
1074 634 1112 697 ob
1133 651 1207 714 quas
1233 633 1334 700 Sirioii

588 745 704 794 nomen
726 729 758 792 in
773 728 984 806 Martyrologii
1005 727 1222 792 emendatione
1237 727 1336 791 iuerat

587 821 859 903 praetermissum
888 821 963 884 binc
989 822 1111 884 monitu
1141 831 1234 901 atque
1263 823 1335 884 hor·

587 925 654 979 tatu
669 917 767 980 bonae
778 915 945 979 memoriae
961 915 1131 978 cardinalis
1144 915 1332 991 Casanattae,

587 1007 717 1072 celebris
740 1009 893 1072 ilenricus
915 1007 1004 1070 Noris
1026 1015 1093 1072 turn
1113 1007 1333 1084 augustiniani

586 1101 708 1165 Ordinis
723 1101 888 1180 professor,
906 1116 979 1163 mox
993 1099 1153 1164 communi
1173 1099 1283 1180 plausu
1298 1101 1334 1163 ab

586 1192 771 1257 Innocentio
792 1193 857 1258 lill.
887 1195 969 1256 inter
998 1193 1154 1256 Romanae
1183 1192 1334 1256 Ecclesiae

587 1286 765 1352 Cardinales
796 1289 977 1365 adscriptus,
1004 1302 1060 1366 pro
1089 1287 1204 1348 tuenda
1233 1285 1334 1349 Siricii

586 1379 743 1443 Pontificis
765 1380 937 1456 sanctitate,
953 1379 1026 1442 satis
1048 1388 1219 1442 accuratam
1235 1394 1269 1442 ao
1284 1395 1336 1439 va·

586 1471 680 1534 lidam
702 1472 797 1536 edidit
819 1473 1012 1552 Apologiam,
1034 1489 1112 1552 quae
1134 1471 1213 1535 nulli
1230 1480 1332 1534 tamen

586 1565 646 1629 luit
667 1569 753 1645 usui;
775 1583 848 1630 oum
862 1583 908 1642 aa,
924 1581 1004 1646 quae
1020 1567 1052 1628 in
1067 1582 1179 1628 sacror.
1204 1565 1333 1628 Bituum

587 1660 838 1737 Congregatione
858 1660 1031 1738 agitabatur
1052 1675 1139 1721 causa
1161 1659 1199 1722 de
1213 1675 1334 1722 conces·

587 1753 675 1815 sione
705 1753 896 1827 ciliciorum,
919 1753 1096 1815 aderitum
1125 1753 1332 1832 pervenisset,

587 1863 646 1909 nec
668 1847 727 1909 iarn
751 1846 858 1910 liceret
878 1852 946 1927 post
973 1844 1147 1910 absolutum
1169 1845 1332 1921 iudicium,

588 1949 727 2002 veterem
743 1940 877 2002 excitare
892 1939 1148 2003 controversiam.
1174 1939 1221 2002 Bn
1238 1939 1334 2016 igitur

589 2032 691 2097 Siricii
716 2048 837 2095 causam
867 2033 977 2094 iterato
1006 2027 1214 2112 propositam,
1242 2039 1334 2110 atque

588 2126 624 2189 ad
645 2127 817 2206 primaevas
837 2125 956 2188 silentii
979 2126 1121 2188 tenebras
1137 2127 1250 2189 iterum
1266 2128 1334 2189 red-

589 2235 634 2281 vre
656 2235 779 2282 russam.

392 2321 461 2374 enac
481 2321 571 2366 nostra
628 2331 656 2374 n.
685 2312 822 2374 vaauen
847 2322 953 2396 postra
982 2320 1096 2388 aetate,
1128 2312 1278 2391 nobisque
1305 2312 1333 2376 id

356 2375 443 2420 aetate
454 2383 501 2430 pro
512 2371 571 2418 Slrl·

356 2425 390 2472 etv
405 2436 481 2472 nura
498 2429 571 2483 gesta
589 2406 769 2485 agentibus,
801 2422 902 2470 novus
923 2408 960 2469 de
981 2406 1090 2470 Siricio
1115 2407 1266 2469 Pontibce
1288 2423 1335 2468 re·

357 2481 429 2536 sant,
451 2489 571 2526 enarran-

357 2535 408 2580 tur.

588 2500 686 2562 currit
700 2515 813 2562 sermo.
839 2500 916 2563 Cum
937 2501 1023 2562 enim
1039 2499 1136 2563 ieliois
1150 2501 1335 2563 recordatio-

590 2593 639 2656 nis
662 2594 806 2657 Clemens
828 2593 880 2656 Xl.
904 2594 1118 2672 praedecessor
1139 2602 1245 2656 noster
1266 2609 1335 2656 mu·

590 2703 650 2750 nus
666 2686 854 2767 promotoris
871 2685 952 2761 fidei,
969 2693 1000 2747 et
1015 2685 1126 2749 deinde
1142 2703 1253 2766 paucos
1268 2693 1335 2765 post

590 2798 687 2844 annos
710 2779 915 2860 praebendam
933 2779 1139 2856 theologalem
1162 2779 1194 2840 in
1210 2778 1335 2842 Basilica

590 2875 735 2938 Vaticana
757 2874 846 2936 nobis
867 2872 1059 2947 contulisset,
1075 2888 1138 2934 ere
1160 2879 1264 2934 nostra
1278 2871 1335 2934 iuit

589 2984 701 3032 saoror.
718 2968 850 3031 Rituum
865 2966 1105 3043 Congregationi
1126 2965 1277 3044 supplices
1293 2966 1336 3026 oi-

589 3063 673 3125 lerre
693 3077 811 3140 preces,
828 3066 955 3138 atquae
970 3059 1114 3121 Basilioae
1135 3059 1336 3122 Lateranensi

589 3157 709 3235 pridem
732 3169 873 3216 concessa
894 3152 1019 3215 inerant
1043 3152 1229 3216 Sanctorum
1260 3151 1336 3214 Pon·

589 3250 711 3312 tiiicum
732 3248 942 3309 Romanorum
966 3245 1074 3320 cilicia,
1094 3244 1128 3306 ad
1151 3245 1334 3323 capitulum,

589 3343 752 3406 canonicos
766 3347 797 3402 et
811 3340 931 3403 olerum
954 3337 1095 3401 basilicae
1107 3337 1271 3402 vaticanae
1284 3354 1337 3400 ev·

589 3437 813 3512 tenderentur,
842 3433 924 3513 quod
946 3431 1146 3494 obtinuimus.
1172 3431 1335 3510 Similique

589 3529 733 3608 exemplo
753 3527 902 3592 commoti
925 3525 1068 3588 Basilicae
1088 3525 1268 3588 Liberianae
1290 3543 1336 3588 ea·

589 3623 693 3687 nonici
714 3638 769 3702 par
799 3619 1001 3700 privilegium
1030 3618 1110 3680 baud
1140 3617 1239 3680 multo
1268 3627 1335 3696 post

589 3718 807 3798 impetrarunt.
832 3715 913 3776 Tum
934 3727 1010 3774 vero
1023 3716 1229 3790 opportunam
1250 3728 1333 3773 occa-

588 3812 709 3874 sionem
731 3808 824 3882 nacti,
841 3804 943 3869 Siricii
958 3821 1081 3868 eausam
1098 3820 1211 3882 urgere
1226 3813 1256 3866 et
1270 3806 1333 3866 evi·

589 3906 685 3968 miam
705 3900 891 3965 Florentinii
913 3899 1167 3962 exercitationem
1195 3898 1333 3978 prolerre

588 3999 757 4077 coepimus.
782 3995 925 4072 Cumque
936 3993 1024 4054 nobis
1045 3993 1225 4055 nuntiatum
1240 4003 1331 4067 esset,

589 4091 824 4155 celeberrimam
839 4103 855 4148 a
871 4085 1024 4149 Cardinali
1039 4085 1159 4148 Norisio
1173 4101 1267 4164 super
1281 4103 1333 4148 eo·

589 4187 660 4250 dem
682 4189 868 4260 argumento
890 4194 1050 4258 procusam
1077 4177 1171 4241 inisse
1192 4179 1334 4242 lucubra-

588 4279 717 4351 tionem,
740 4276 865 4337 adeam
891 4269 1132 4349 perquirendam
1156 4289 1244 4334 curas
1268 4273 1333 4334 ani-

589 4383 739 4448 mumque
760 4365 985 4438 convertimus,
1001 4370 1036 4424 ut
1057 4363 1199 4426 validiori
1221 4367 1332 4442 praesi-

589 4463 640 4526 dio
662 4461 793 4532 muniti,
815 4475 921 4521 rursus
943 4454 1044 4519 Siricii
1069 4473 1191 4520 causam
1219 4457 1333 4520 delibe-

587 4556 714 4620 randam
736 4566 993 4632 proponeremus.
1017 4549 1077 4613 Sed
1099 4550 1247 4628 quamdiu
1263 4567 1332 4630 pro-

589 4647 717 4713 motoris
745 4645 815 4708 fidei
843 4655 960 4706 munus
986 4643 1150 4720 obivimus,
1177 4644 1331 4708 norisiana

588 4739 760 4806 dissertatio
784 4738 842 4800 luit
864 4737 953 4799 nobis
974 4737 1133 4817 impervia.
1166 4737 1332 4817 Postquam

588 4852 663 4899 vero
677 4831 827 4911 singulari
841 4831 1046 4893 beneficentia
1067 4831 1226 4894 Benedicti
1252 4830 1330 4894 Xlll.

588 4926 827 5010 praedecessoris
843 4925 943 4986 nostri
962 4926 997 4988 ad
1013 4925 1217 4988 cardinalatus
1232 4925 1332 5001 digni·

587 5028 684 5084 tatem
704 5017 908 5092 ascendimus,
924 5033 984 5095 quo
1007 5028 1145 5094 tempore
1166 5016 1331 5095 scriptura-

587 5129 660 5177 rum
680 5111 850 5174 Cardinalis
872 5111 1048 5173 Gasanattae
1070 5111 1105 5172 ad
1126 5125 1209 5172 sacra
1230 5110 1331 5171 blissa-

587 5221 660 5270 rum
681 5203 778 5266 oilicia
802 5202 1020 5282 spectantium,
1043 5201 1215 5265 indiculum
1236 5203 1332 5266 cond-

588 5300 753 5375 ciebamus,
775 5303 810 5360 ut
830 5295 932 5375 operis
947 5294 985 5356 de
1000 5295 1242 5358 canonizatione
1257 5296 1331 5360 San-

587 5402 721 5465 ctorum,
744 5390 826 5470 quod
849 5400 917 5450 tum
938 5387 1174 5464 meditabamur,
1193 5389 1276 5450 bono
1297 5406 1331 5452 ae

588 5486 715 5550 utilitati
730 5483 988 5562 prospiceremus,
1004 5481 1163 5559 inopinato
1178 5483 1330 5561 optatissi-

589 5595 639 5642 ma
660 5578 711 5640 illa
726 5575 839 5639 Norisii
854 5575 1027 5638 dissertatio
1040 5576 1076 5636 ad
1092 5582 1210 5638 nostras
1223 5591 1330 5654 perve-

589 5673 636 5734 nit
651 5686 779 5748 manus;
796 5686 889 5749 qnam
904 5668 1016 5730 idcirco
1033 5684 1154 5731 summa
1170 5669 1330 5746 diligentia

588 5781 621 5826 ao
643 5763 701 5826 lide
724 5761 959 5825 exscribendam
986 5762 1174 5836 curavimus,
1201 5764 1330 5842 eiusque

588 5856 747 5934 exemplar
769 5871 829 5917 una
844 5869 916 5916 cum
933 5854 999 5916 aliis
1013 5856 1238 5932 monumentis,
1250 5871 1329 5936 quae

1110 516 1176 561 ibn.
1200 515 1291 562 PONT·
1315 515 1356 560 DE
1377 515 1406 560 P·
1430 515 1459 562 F.
1483 516 1565 562 PARS
1587 517 1608 561 1.

1390 648 1428 697 ex
1449 633 1639 713 praelaudati
1666 634 1836 698 cardinalis
1859 636 2037 702 Casanattae
2063 639 2137 702 scri·

1389 727 1451 804 ptis
1466 728 1650 807 accepimus,
1667 729 1829 794 nobiscum
1846 731 2004 794 Anconam
2019 734 2135 811 primo,

1389 836 1462 883 mox
1489 819 1671 898 Bononiam,
1698 823 1879 886 detulimus.
1904 821 2134 902 seripturarum

1390 913 1553 977 memorati
1576 914 1747 978 cardinalis
1769 916 1891 993 integra
1914 917 2009 980 series
2031 917 2065 979 in
2088 935 2135 980 ce-

1390 1006 1553 1068 leberrima
1574 1009 1785 1072 Gasanattensi
1804 1009 1993 1074 Bibliotheca
2015 1027 2137 1074 summa

1389 1117 1461 1162 cura
1482 1109 1674 1178 asservatum
1698 1118 1776 1180 quaa
1797 1118 1873 1164 vero
1894 1102 2047 1166 aNorisio
2069 1121 2139 1182 pro·

1389 1209 1459 1256 cusa
1470 1200 1516 1256 est
1528 1193 1713 1271 lucubratio,
1727 1199 1802 1257 tom.
1815 1195 1837 1254 4
1849 1195 1918 1258 eins
1930 1211 2062 1274 opernm
2073 1198 2139 1260 edi-

1389 1287 1488 1348 tionis
1504 1287 1688 1350 Veronensis
1703 1304 1757 1351 on.
1772 1304 1980 1373 unocunque,
1995 1292 2136 1369 p.1722

1388 1384 1419 1440 et
1435 1396 1526 1459 seqq,
1544 1381 1691 1460 impressa
1712 1387 1769 1444 est.
1796 1381 1859 1444 Nec
1881 1381 2006 1444 deiuere
2029 1399 2069 1443 ex
2090 1401 2138 1446 re-

1388 1472 1578 1536 centioribus
1598 1472 1662 1548 alii,
1674 1475 1728 1553 qui
1743 1473 1781 1536 de
1793 1475 1888 1552 gestis
1910 1473 2013 1538 Sancti
2035 1475 2138 1539 Siricii

1388 1565 1488 1627 multa
1517 1581 1587 1628 cum
1610 1565 1698 1630 laude
1726 1583 1760 1630 ao
1781 1566 1957 1630 eruditione
1985 1567 2137 1632 disserue-

1391 1659 1464 1720 rint.
1490 1658 1680 1721 consulendi
1703 1661 1785 1721 inter
1806 1668 1942 1722 caeteros
1956 1660 2138 1724 Franciscns

1388 1750 1461 1827 Pagi
1477 1751 1512 1812 in
1528 1749 1697 1814 Breviorio
1710 1751 1926 1816 Romanorum
1942 1752 2139 1832 Pontificem

1389 1843 1424 1904 in
1445 1843 1515 1905 vita
1539 1843 1663 1918 Siricii,
1683 1853 1715 1906 et
1736 1845 1891 1908 Antonius
1913 1846 1983 1924 Pagi
2004 1848 2074 1908 eius
2088 1863 2138 1926 pa·

1387 1942 1478 1998 truus
1502 1936 1536 1998 in
1557 1936 1834 2002 adnotationibus
1852 1939 1987 2002 Critiev's
2007 1939 2051 2004 od
2074 1943 2139 2004 An·

1390 2028 1478 2090 noles
1501 2029 1649 2093 Boronii.

1429 2139 1470 2184 cr.
1493 2123 1574 2198 Quae
1603 2138 1675 2186 cum
1701 2123 1742 2185 ita
1763 2125 1845 2200 sint,
1876 2133 1983 2188 nostro
2010 2127 2138 2188 muneri

2163 509 2212 566 An.
2223 517 2248 572 c.
2264 523 2316 582 tiit

2171 2147 2272 2198 Summus
2282 2155 2325 2203 Pon·

1389 2213 1493 2276 deesse
1515 2216 1652 2294 proiecto
1673 2217 1863 2292 videremur,
1886 2219 1910 2280 si
1932 2236 1999 2295 nos,
2024 2220 2139 2299 quibus
2155 2200 2324 2303 ἓξξῐεῑήῦῑῡῐῑ·

1389 2307 1427 2368 de
1447 2304 1548 2370 Siricii
1572 2307 1727 2372 Pontificis
1751 2309 2036 2374 sanctitate-multa
2051 2328 2138 2391 prae·

1388 2407 1435 2460 sto
1456 2407 1530 2462 sunt
1551 2409 1748 2478 argumenta,
1771 2419 1864 2482 quam
1885 2403 1960 2466 olim
1983 2405 2015 2467 in
2038 2406 2139 2468 mino·

1389 2491 1475 2554 ribus
1497 2508 1604 2555 curam
1624 2495 1832 2573 suscepimus,
1859 2498 1894 2560 ad
1922 2499 2039 2561 summi
2062 2516 2138 2578 pon·

1390 2585 1524 2648 tilicatus
1542 2586 1658 2662 apicem
1680 2587 1785 2650 divina
1807 2590 2005 2652 miseratione
2025 2593 2137 2668 evecti,

1389 2680 1424 2740 ad
1437 2686 1578 2756 optatum
1593 2679 1714 2742 exitum
1729 2697 1793 2743 non
1804 2685 2058 2760 produceremus.
2078 2685 2139 2748 lloc

1390 2781 1495 2836 autem
1517 2775 1830 2852 negotium,mutatis
1852 2779 2139 2856 vicibus,dissimili

1391 2867 1510 2928 ratione
1531 2884 1563 2930 ac
1586 2868 1731 2931 metbodo
1760 2881 1807 2934 est
1828 2871 1920 2933 bodie
1948 2881 2140 2952 pertractan-

1390 2959 1476 3022 dum.
1501 2959 1581 3024 Olim
1597 2976 1653 3022 nos
1668 2963 1700 3024 in
1717 2963 1852 3026 illiorum
1877 2981 2010 3028 numero
2031 2967 2137 3046 positi,

1390 3069 1405 3112 a
1428 3053 1595 3116 maioribus
1616 3062 1648 3116 et
1669 3056 1816 3133 patribus,
1835 3073 1913 3136 quae
1934 3061 2072 3135 gerenda
2094 3077 2139 3122 es·

1389 3153 1471 3221 sent,
1499 3147 1714 3210 audiebamus:
1738 3149 1800 3210 iam
1822 3166 1897 3213 vero
1925 3168 1997 3214 curn
2018 3168 2035 3214 e
2058 3153 2139 3216 lilio-

1391 3255 1460 3300 rum
1488 3246 1587 3316 statu,
1614 3241 1646 3302 in
1669 3241 1820 3304 Ecclesiae
1848 3253 2002 3321 pastorem
2030 3262 2065 3308 ac
2087 3262 2138 3326 pa·

1390 3340 1471 3392 trem
1492 3333 1693 3408 evaserimus,
1711 3334 1783 3412 quid
1800 3335 1856 3399 bac
1871 3352 1903 3397 vn
1918 3353 1952 3398 re
1966 3339 2140 3401 decernen-

1391 3425 1466 3488 dum
1487 3425 1537 3498 sit,
1560 3425 1627 3488 aliis
1648 3427 1830 3489 indicamus.
1856 3427 1956 3492 Siricii
1978 3430 2138 3494 Pontifiois

1391 3533 1505 3580 nomen
1518 3519 1656 3582 Romano
1669 3520 1886 3599 Martyrologio
1900 3523 2137 3587 inscribendum

1390 3627 1571 3691 censemus;
1594 3630 1697 3693 neque
1711 3613 1823 3678 idcirco
1838 3617 2047 3680 anterioribus
2059 3620 2138 3682 blar-

1392 3704 1536 3783 tprologii
1551 3707 1831 3783 emendationibus,
1844 3725 1923 3787 quae
1937 3710 2038 3774 Siricii
2054 3729 2138 3774 nun-

1390 3813 1483 3877 quam
1519 3801 1708 3876 meminere,
1741 3811 1846 3880 aperte
1883 3805 2133 3868 contradicimus.

1390 3891 1488 3954 Unius
1503 3893 1617 3971 quippe
1631 3893 1768 3956 nominis
1783 3893 2040 3972 additamentum,
2053 3897 2136 3977 quod

1390 3999 1469 4046 nova
1497 4002 1531 4046 ao
1559 3984 1746 4047 validissima
1774 3988 1906 4050 suadent
1933 3999 2134 4067 argumenta,

1389 4085 1443 4140 aut
1464 4079 1638 4156 praeteritis
1664 4081 1907 4144 correctionibus
1928 4083 2007 4145 nibil
2027 4084 2134 4160 obicit,

1389 4179 1443 4233 aut
1468 4187 1567 4249 usque
1594 4172 1667 4234 adeo
1691 4171 1793 4233 levem
1819 4172 1913 4236 iniert
1939 4175 2133 4252 varietatem,

1389 4273 1424 4325 ut
1445 4264 1581 4339 nullum,
1605 4271 1657 4326 aut
1679 4264 1744 4326 lere
1766 4265 1903 4344 nullum,
1924 4283 1963 4329 en
1982 4283 2020 4330 eo
2040 4269 2134 4331 obve-

1389 4357 1453 4419 niat
1474 4357 1722 4419 detrimentum..

1429 4467 1482 4512 nn.
1507 4451 1608 4529 Atque
1622 4459 1657 4512 ut
1673 4451 1767 4515 totius
1781 4455 2010 4516 controversiae
2024 4461 2132 4530 status,

1389 4560 1447 4622 qua
1468 4545 1555 4606 decet
1577 4543 1722 4607 methodo
1736 4563 1769 4608 ac
1784 4548 1893 4608 ordine
1915 4555 2131 4626 pertractetur,

2171 4473 2314 4525 controversiae

2149 4537 2222 4579 status
2237 4531 2257 4574 in
2268 4531 2314 4586 certa

2149 4587 2223 4652 capita
2252 4581 2313 4627 distri-

1388 4653 1454 4698 rem
1478 4637 1656 4700 nniversam
1678 4639 1711 4700 in
1733 4647 1867 4717 quatuor
1894 4656 2015 4703 summa
2037 4643 2132 4722 capita
2149 4641 2233 4688 buitur.

1387 4729 1608 4791 secernendam
1637 4733 1853 4809 decernimus,
1876 4735 1916 4796 ita
1944 4749 2068 4813 nempe,
2098 4743 2131 4798 ut

1389 4822 1490 4901 primo
1513 4821 1577 4885 loco
1599 4822 1805 4902 inquiramus,
1821 4843 1899 4905 quae
1921 4826 2016 4890 luerit
2031 4828 2131 4892 Siricii

1388 4915 1556 4992 Pontinos,
1579 4933 1650 4978 cum
1671 4917 1770 4982 adhue
1786 4920 1917 4997 viveret,
1934 4938 1967 4983 ac
1988 4931 2054 5000 post
2065 4923 2131 4985 eius

1387 5007 1520 5084 obitum,
1540 5009 1711 5072 sanctitatis
1739 5009 1835 5074 lama:
1863 5011 2017 5092 Secundo,
2040 5031 2130 5094 quae-

1389 5117 1461 5164 nam
1487 5101 1721 5180 ldartyrologia,
1751 5105 1937 5183 probataene
1963 5125 2001 5170 an
2029 5110 2130 5187 potius

1386 5204 1545 5273 suspectae
1560 5196 1642 5270 fidei,
1662 5195 1763 5259 Siricii
1779 5199 1996 5262 meminerint:
2015 5201 2128 5276 Tertio,

1387 5303 1540 5368 quaenam
1565 5295 1670 5350 contra
1701 5290 1849 5354 siricium
1873 5292 2011 5356 militent
2040 5295 2129 5356 ratio·

1388 5397 1458 5456 nes,
1483 5382 1523 5442 ob
1553 5398 1627 5459 quas
1656 5381 1724 5444 eius
1748 5399 1864 5447 nomen
1892 5385 2031 5448 Bomano
2055 5387 2130 5450 blar-

1389 5473 1542 5551 tyrologio
1562 5490 1724 5554 nunquam
1746 5476 1839 5539 luerit
1861 5479 2059 5557 inscriptum:
2076 5481 2130 5542 Po·

1386 5578 1513 5644 stremo,
1530 5570 1686 5646 quodnam
1701 5570 1739 5632 de
1761 5571 1843 5633 bisce
1864 5573 2036 5635 rationibus
2052 5574 2131 5636 iudi·
2171 5589 2173 5592 ·

1386 5661 1470 5722 cium
1495 5661 1659 5722 ferendum
1679 5663 1737 5739 sit3
1760 5679 1837 5726 num
1864 5665 1979 5728 scilicet
2001 5681 2054 5728 eae
2073 5665 2130 5728 sibi

1386 5763 1541 5831 constent,
1565 5771 1604 5816 an
1636 5756 1741 5819 verius
1771 5755 1875 5822 lutiles
1905 5760 1978 5837 sint,
2002 5760 2131 5838 ideoque

1386 5849 1605 5928 explodendae.
