<?xml version="1.0" encoding="UTF-8"?>
<!DOCTYPE html PUBLIC "-//W3C//DTD XHTML 1.0 Transitional//EN"
    "http://www.w3.org/TR/xhtml1/DTD/xhtml1-transitional.dtd">
<html xmlns="http://www.w3.org/1999/xhtml" xml:lang="en" lang="en">
 <head>
  <title>
</title>
<meta http-equiv="Content-Type" content="text/html;charset=utf-8" />
  <meta name='ocr-system' content='tesseract 3.04.00' />
  <meta name='ocr-capabilities' content='ocr_page ocr_carea ocr_par ocr_line ocrx_word'/>
</head>
<body>
  <div class='ocr_page' id='page_1' title='image "./iurispontificii02martgoog_0301.png"; bbox 0 0 4708 6978; ppageno 0'>
   <div class='ocr_carea' id='block_1_1' title="bbox 78 567 220 629">
    <p class='ocr_par' dir='ltr' id='par_1_1' title="bbox 78 567 220 629">
     <span class='ocr_line' id='line_1_1' title="bbox 78 567 220 629; baseline -0.092 0"><span class='ocrx_word' id='word_1_1' title='bbox 78 580 112 629; x_wconf 83' lang='lat' dir='ltr'>ln.</span> <span class='ocrx_word' id='word_1_2' title='bbox 122 573 144 623; x_wconf 84' lang='lat' dir='ltr'>d.</span> <span class='ocrx_word' id='word_1_3' title='bbox 162 567 220 620; x_wconf 80' lang='lat' dir='ltr'>tlte</span> 
     </span>
    </p>
   </div>
   <div class='ocr_carea' id='block_1_2' title="bbox 26 997 230 1170">
    <p class='ocr_par' dir='ltr' id='par_1_2' title="bbox 26 997 230 1170">
     <span class='ocr_line' id='line_1_2' title="bbox 26 997 229 1066; baseline -0.025 -20"><span class='ocrx_word' id='word_1_4' title='bbox 26 1005 28 1066; x_wconf 75' lang='grc' dir='ltr'>Ι</span> <span class='ocrx_word' id='word_1_5' title='bbox 81 997 229 1065; x_wconf 63' lang='lat' dir='ltr'>qnanroofos·</span> 
     </span>
     <span class='ocr_line' id='line_1_3' title="bbox 26 1049 230 1116; baseline -0.039 -14"><span class='ocrx_word' id='word_1_6' title='bbox 26 1069 28 1116; x_wconf 65' lang='lat' dir='ltr'>i</span> <span class='ocrx_word' id='word_1_7' title='bbox 69 1069 103 1105; x_wconf 76' lang='lat' dir='ltr'>¹orn</span> <span class='ocrx_word' id='word_1_8' title='bbox 121 1049 203 1098; x_wconf 84' lang='lat' dir='ltr'>contraf</span> <span class='ocrx_word' id='word_1_9' title='bbox 216 1073 230 1082; x_wconf 95' lang='lat'><em>-</em></span> 
     </span>
     <span class='ocr_line' id='line_1_4' title="bbox 26 1113 230 1170; baseline -0.02 -19"><span class='ocrx_word' id='word_1_10' title='bbox 26 1119 27 1154; x_wconf 75' lang='lat' dir='ltr'>t</span> <span class='ocrx_word' id='word_1_11' title='bbox 70 1113 230 1170; x_wconf 58' lang='lat' dir='ltr'>pantescuman</span> 
     </span>
    </p>
   </div>
   <div class='ocr_carea' id='block_1_3' title="bbox 26 2301 229 2522">
    <p class='ocr_par' dir='ltr' id='par_1_3' title="bbox 87 2301 228 2364">
     <span class='ocr_line' id='line_1_5' title="bbox 87 2301 228 2364; baseline -0.014 -15"><span class='ocrx_word' id='word_1_12' title='bbox 87 2307 105 2349; x_wconf 92' lang='lat' dir='ltr'>lo</span> <span class='ocrx_word' id='word_1_13' title='bbox 116 2301 180 2364; x_wconf 76' lang='lat' dir='ltr'>officio</span> <span class='ocrx_word' id='word_1_14' title='bbox 190 2303 228 2364; x_wconf 84' lang='lat' dir='ltr'>in·</span> 
     </span>
    </p>

    <p class='ocr_par' dir='ltr' id='par_1_4' title="bbox 43 2359 229 2426">
     <span class='ocr_line' id='line_1_6' title="bbox 43 2359 229 2426; baseline -0.005 -24"><span class='ocrx_word' id='word_1_15' title='bbox 43 2397 49 2426; x_wconf 48' lang='grc' dir='ltr'>ι</span> <span class='ocrx_word' id='word_1_16' title='bbox 69 2359 171 2403; x_wconf 67' lang='lat' dir='ltr'>«cuidonis</span> <span class='ocrx_word' id='word_1_17' title='bbox 189 2367 229 2401; x_wconf 85' lang='lat' dir='ltr'>rn-</span> 
     </span>
    </p>

    <p class='ocr_par' dir='ltr' id='par_1_5' title="bbox 26 2410 229 2522">
     <span class='ocr_line' id='line_1_7' title="bbox 26 2410 229 2470; baseline 0.005 -17"><span class='ocrx_word' id='word_1_18' title='bbox 26 2465 27 2468; x_wconf 65' lang='lat'>,</span> <span class='ocrx_word' id='word_1_19' title='bbox 80 2410 136 2470; x_wconf 67' lang='lat' dir='ltr'>scandi</span> <span class='ocrx_word' id='word_1_20' title='bbox 151 2415 170 2455; x_wconf 91' lang='lat' dir='ltr'>ot</span> <span class='ocrx_word' id='word_1_21' title='bbox 188 2419 229 2464; x_wconf 85' lang='lat' dir='ltr'>pu·</span> 
     </span>
     <span class='ocr_line' id='line_1_8' title="bbox 26 2463 131 2522; baseline 0.029 -12"><span class='ocrx_word' id='word_1_22' title='bbox 26 2493 28 2522; x_wconf 73' lang='lat'>,</span> <span class='ocrx_word' id='word_1_23' title='bbox 69 2463 131 2512; x_wconf 77' lang='lat' dir='ltr'>utenda</span> 
     </span>
    </p>
   </div>
   <div class='ocr_carea' id='block_1_4' title="bbox 26 2533 28 2768">
    <p class='ocr_par' dir='ltr' id='par_1_6' title="bbox 26 2533 28 2768">
     <span class='ocr_line' id='line_1_9' title="bbox 26 2533 28 2618; baseline 0 0"><span class='ocrx_word' id='word_1_24' title='bbox 26 2533 28 2618; x_wconf 88' lang='lat' dir='ltr'>l</span> 
     </span>
     <span class='ocr_line' id='line_1_10' title="bbox 26 2623 28 2724; baseline 0 0"><span class='ocrx_word' id='word_1_25' title='bbox 26 2623 28 2724; x_wconf 79' lang='lat' dir='ltr'>l</span> 
     </span>
     <span class='ocr_line' id='line_1_11' title="bbox 26 2727 28 2768; baseline 0 -22"><span class='ocrx_word' id='word_1_26' title='bbox 26 2727 28 2768; x_wconf 71' lang='lat'>,</span> 
     </span>
    </p>
   </div>
   <div class='ocr_carea' id='block_1_5' title="bbox 883 576 1161 624">
    <p class='ocr_par' dir='ltr' id='par_1_7' title="bbox 883 576 1161 624">
     <span class='ocr_line' id='line_1_12' title="bbox 883 576 1161 624; baseline -0.011 -1"><span class='ocrx_word' id='word_1_27' title='bbox 883 576 1083 624; x_wconf 75' lang='lat' dir='ltr'>esnuolclbs</span> <span class='ocrx_word' id='word_1_28' title='bbox 1100 577 1161 620; x_wconf 84' lang='lat' dir='ltr'>xlv.</span> 
     </span>
    </p>
   </div>
   <div class='ocr_carea' id='block_1_6' title="bbox 243 697 996 4336">
    <p class='ocr_par' dir='ltr' id='par_1_8' title="bbox 248 697 994 952">
     <span class='ocr_line' id='line_1_13' title="bbox 250 697 993 780; baseline -0.011 -15"><span class='ocrx_word' id='word_1_29' title='bbox 250 709 300 765; x_wconf 90' lang='lat' dir='ltr'>tur</span> <span class='ocrx_word' id='word_1_30' title='bbox 325 701 488 780; x_wconf 82' lang='lat' dir='ltr'>opiniones</span> <span class='ocrx_word' id='word_1_31' title='bbox 512 701 712 776; x_wconf 90' lang='lat' dir='ltr'>scandalosas,</span> <span class='ocrx_word' id='word_1_32' title='bbox 738 697 934 780; x_wconf 76' lang='lat' dir='ltr'>perniciosae,</span> <span class='ocrx_word' id='word_1_33' title='bbox 962 701 993 758; x_wconf 89' lang='lat' dir='ltr'>et</span> 
     </span>
     <span class='ocr_line' id='line_1_14' title="bbox 249 794 994 874; baseline -0.008 -16"><span class='ocrx_word' id='word_1_34' title='bbox 249 797 294 858; x_wconf 93' lang='lat' dir='ltr'>nti</span> <span class='ocrx_word' id='word_1_35' title='bbox 314 795 391 859; x_wconf 91' lang='lat' dir='ltr'>tales</span> <span class='ocrx_word' id='word_1_36' title='bbox 409 814 425 859; x_wconf 93' lang='lat' dir='ltr'>a</span> <span class='ocrx_word' id='word_1_37' title='bbox 440 795 519 860; x_wconf 88' lang='lat' dir='ltr'>Sede</span> <span class='ocrx_word' id='word_1_38' title='bbox 534 794 705 874; x_wconf 77' lang='lat' dir='ltr'>apostolica</span> <span class='ocrx_word' id='word_1_39' title='bbox 720 795 847 856; x_wconf 89' lang='lat' dir='ltr'>reiectas</span> <span class='ocrx_word' id='word_1_40' title='bbox 868 798 900 854; x_wconf 88' lang='lat' dir='ltr'>et</span> <span class='ocrx_word' id='word_1_41' title='bbox 921 807 994 852; x_wconf 89' lang='lat' dir='ltr'>con-</span> 
     </span>
     <span class='ocr_line' id='line_1_15' title="bbox 248 890 417 952; baseline 0 0"><span class='ocrx_word' id='word_1_42' title='bbox 248 890 417 952; x_wconf 90' lang='lat' dir='ltr'>demnatas.</span> 
     </span>
    </p>

    <p class='ocr_par' dir='ltr' id='par_1_9' title="bbox 246 980 995 2261">
     <span class='ocr_line' id='line_1_16' title="bbox 287 980 992 1061; baseline -0.006 -17"><span class='ocrx_word' id='word_1_43' title='bbox 287 981 438 1045; x_wconf 73' lang='lat' dir='ltr'>Similiter</span> <span class='ocrx_word' id='word_1_44' title='bbox 459 985 491 1046; x_wconf 92' lang='lat' dir='ltr'>in</span> <span class='ocrx_word' id='word_1_45' title='bbox 513 983 621 1046; x_wconf 89' lang='lat' dir='ltr'>eodem</span> <span class='ocrx_word' id='word_1_46' title='bbox 642 981 742 1045; x_wconf 84' lang='lat' dir='ltr'>officio</span> <span class='ocrx_word' id='word_1_47' title='bbox 764 980 992 1061; x_wconf 89' lang='lat' dir='ltr'>procedendum</span> 
     </span>
     <span class='ocr_line' id='line_1_17' title="bbox 246 1075 994 1154; baseline -0.004 -18"><span class='ocrx_word' id='word_1_48' title='bbox 246 1075 319 1151; x_wconf 88' lang='lat' dir='ltr'>erit,</span> <span class='ocrx_word' id='word_1_49' title='bbox 341 1083 372 1138; x_wconf 89' lang='lat' dir='ltr'>et</span> <span class='ocrx_word' id='word_1_50' title='bbox 393 1075 516 1154; x_wconf 82' lang='lat' dir='ltr'>procedi</span> <span class='ocrx_word' id='word_1_51' title='bbox 536 1075 681 1138; x_wconf 87' lang='lat' dir='ltr'>volumus</span> <span class='ocrx_word' id='word_1_52' title='bbox 696 1093 729 1137; x_wconf 89' lang='lat' dir='ltr'>ac</span> <span class='ocrx_word' id='word_1_53' title='bbox 742 1075 907 1138; x_wconf 76' lang='lat' dir='ltr'>statuimus</span> <span class='ocrx_word' id='word_1_54' title='bbox 921 1088 994 1135; x_wconf 91' lang='lat' dir='ltr'>oon-</span> 
     </span>
     <span class='ocr_line' id='line_1_18' title="bbox 247 1166 992 1248; baseline -0.001 -18"><span class='ocrx_word' id='word_1_55' title='bbox 247 1175 294 1230; x_wconf 89' lang='lat' dir='ltr'>tra</span> <span class='ocrx_word' id='word_1_56' title='bbox 315 1169 514 1232; x_wconf 83' lang='lat' dir='ltr'>confessarios</span> <span class='ocrx_word' id='word_1_57' title='bbox 545 1185 681 1248; x_wconf 90' lang='lat' dir='ltr'>quoque,</span> <span class='ocrx_word' id='word_1_58' title='bbox 704 1175 863 1248; x_wconf 88' lang='lat' dir='ltr'>utsupra,</span> <span class='ocrx_word' id='word_1_59' title='bbox 895 1166 992 1229; x_wconf 89' lang='lat' dir='ltr'>delin-</span> 
     </span>
     <span class='ocr_line' id='line_1_19' title="bbox 247 1259 992 1340; baseline -0.005 -16"><span class='ocrx_word' id='word_1_60' title='bbox 247 1270 389 1340; x_wconf 89' lang='lat' dir='ltr'>quentes,</span> <span class='ocrx_word' id='word_1_61' title='bbox 416 1280 450 1326; x_wconf 92' lang='lat' dir='ltr'>ac</span> <span class='ocrx_word' id='word_1_62' title='bbox 475 1264 512 1326; x_wconf 89' lang='lat' dir='ltr'>de</span> <span class='ocrx_word' id='word_1_63' title='bbox 541 1263 672 1326; x_wconf 89' lang='lat' dir='ltr'>nomine</span> <span class='ocrx_word' id='word_1_64' title='bbox 702 1261 857 1340; x_wconf 79' lang='lat' dir='ltr'>complicis</span> <span class='ocrx_word' id='word_1_65' title='bbox 889 1259 992 1338; x_wconf 89' lang='lat' dir='ltr'>poeni-</span> 
     </span>
     <span class='ocr_line' id='line_1_20' title="bbox 247 1355 993 1435; baseline -0.001 -19"><span class='ocrx_word' id='word_1_66' title='bbox 247 1357 629 1434; x_wconf 83' lang='lat' dir='ltr'>tentam·intarrogantes,</span> <span class='ocrx_word' id='word_1_67' title='bbox 651 1355 814 1435; x_wconf 83' lang='lat' dir='ltr'>eidemque</span> <span class='ocrx_word' id='word_1_68' title='bbox 832 1355 993 1434; x_wconf 90' lang='lat' dir='ltr'>poeniten·</span> 
     </span>
     <span class='ocr_line' id='line_1_21' title="bbox 247 1448 991 1525; baseline 0.001 -16"><span class='ocrx_word' id='word_1_69' title='bbox 247 1449 282 1523; x_wconf 92' lang='lat' dir='ltr'>ti,</span> <span class='ocrx_word' id='word_1_70' title='bbox 306 1449 365 1512; x_wconf 84' lang='lat' dir='ltr'>nisi</span> <span class='ocrx_word' id='word_1_71' title='bbox 388 1450 463 1512; x_wconf 91' lang='lat' dir='ltr'>illud</span> <span class='ocrx_word' id='word_1_72' title='bbox 485 1450 542 1512; x_wconf 90' lang='lat' dir='ltr'>sibi</span> <span class='ocrx_word' id='word_1_73' title='bbox 562 1449 750 1525; x_wconf 79' lang='lat' dir='ltr'>manifestet,</span> <span class='ocrx_word' id='word_1_74' title='bbox 766 1448 991 1512; x_wconf 90' lang='lat' dir='ltr'>absolutionem</span> 
     </span>
     <span class='ocr_line' id='line_1_22' title="bbox 246 1540 991 1620; baseline -0.001 -17"><span class='ocrx_word' id='word_1_75' title='bbox 246 1541 453 1620; x_wconf 80' lang='lat' dir='ltr'>denegantes:</span> <span class='ocrx_word' id='word_1_76' title='bbox 486 1544 655 1606; x_wconf 90' lang='lat' dir='ltr'>dummodo</span> <span class='ocrx_word' id='word_1_77' title='bbox 683 1551 787 1606; x_wconf 90' lang='lat' dir='ltr'>tamen</span> <span class='ocrx_word' id='word_1_78' title='bbox 816 1540 991 1607; x_wconf 91' lang='lat' dir='ltr'>huiusmodi</span> 
     </span>
     <span class='ocr_line' id='line_1_23' title="bbox 246 1634 993 1716; baseline -0.003 -19"><span class='ocrx_word' id='word_1_79' title='bbox 246 1635 461 1713; x_wconf 90' lang='lat' dir='ltr'>interrogandi</span> <span class='ocrx_word' id='word_1_80' title='bbox 495 1653 537 1706; x_wconf 75' lang='lat' dir='ltr'>ac,</span> <span class='ocrx_word' id='word_1_81' title='bbox 559 1637 730 1716; x_wconf 88' lang='lat' dir='ltr'>denegandi</span> <span class='ocrx_word' id='word_1_82' title='bbox 766 1645 851 1700; x_wconf 87' lang='lat' dir='ltr'>actus</span> <span class='ocrx_word' id='word_1_83' title='bbox 882 1634 993 1696; x_wconf 87' lang='lat' dir='ltr'>talibus</span> 
     </span>
     <span class='ocr_line' id='line_1_24' title="bbox 246 1727 992 1794; baseline -0.007 -2"><span class='ocrx_word' id='word_1_84' title='bbox 246 1730 488 1794; x_wconf 85' lang='lat' dir='ltr'>circumstantiis</span> <span class='ocrx_word' id='word_1_85' title='bbox 515 1732 700 1794; x_wconf 91' lang='lat' dir='ltr'>coniunctus</span> <span class='ocrx_word' id='word_1_86' title='bbox 727 1733 766 1794; x_wconf 90' lang='lat' dir='ltr'>sit</span> <span class='ocrx_word' id='word_1_87' title='bbox 788 1747 821 1793; x_wconf 90' lang='lat' dir='ltr'>ac</span> <span class='ocrx_word' id='word_1_88' title='bbox 841 1727 992 1792; x_wconf 87' lang='lat' dir='ltr'>convesti-</span> 
     </span>
     <span class='ocr_line' id='line_1_25' title="bbox 247 1821 995 1902; baseline -0.005 -16"><span class='ocrx_word' id='word_1_89' title='bbox 247 1831 310 1898; x_wconf 91' lang='lat' dir='ltr'>tus,</span> <span class='ocrx_word' id='word_1_90' title='bbox 331 1839 411 1902; x_wconf 91' lang='lat' dir='ltr'>quae</span> <span class='ocrx_word' id='word_1_91' title='bbox 432 1824 475 1886; x_wconf 90' lang='lat' dir='ltr'>sic</span> <span class='ocrx_word' id='word_1_92' title='bbox 496 1830 641 1902; x_wconf 87' lang='lat' dir='ltr'>agentem</span> <span class='ocrx_word' id='word_1_93' title='bbox 656 1823 875 1888; x_wconf 88' lang='lat' dir='ltr'>confessarium</span> <span class='ocrx_word' id='word_1_94' title='bbox 892 1823 929 1884; x_wconf 89' lang='lat' dir='ltr'>de</span> <span class='ocrx_word' id='word_1_95' title='bbox 943 1821 995 1882; x_wconf 93' lang='lat' dir='ltr'>ad-</span> 
     </span>
     <span class='ocr_line' id='line_1_26' title="bbox 246 1917 993 1996; baseline -0.003 -18"><span class='ocrx_word' id='word_1_96' title='bbox 246 1917 394 1980; x_wconf 85' lang='lat' dir='ltr'>haesione</span> <span class='ocrx_word' id='word_1_97' title='bbox 421 1917 457 1978; x_wconf 90' lang='lat' dir='ltr'>ad</span> <span class='ocrx_word' id='word_1_98' title='bbox 488 1917 674 1996; x_wconf 89' lang='lat' dir='ltr'>praedictam</span> <span class='ocrx_word' id='word_1_99' title='bbox 706 1917 898 1996; x_wconf 82' lang='lat' dir='ltr'>reprobatam</span> <span class='ocrx_word' id='word_1_100' title='bbox 926 1933 993 1995; x_wconf 92' lang='lat' dir='ltr'>pra·</span> 
     </span>
     <span class='ocr_line' id='line_1_27' title="bbox 246 2010 993 2089; baseline 0 -17"><span class='ocrx_word' id='word_1_101' title='bbox 246 2012 324 2087; x_wconf 90' lang='lat' dir='ltr'>xim,</span> <span class='ocrx_word' id='word_1_102' title='bbox 348 2019 506 2089; x_wconf 89' lang='lat' dir='ltr'>tamquam</span> <span class='ocrx_word' id='word_1_103' title='bbox 526 2013 563 2074; x_wconf 92' lang='lat' dir='ltr'>ad</span> <span class='ocrx_word' id='word_1_104' title='bbox 585 2012 712 2086; x_wconf 89' lang='lat' dir='ltr'>licitam,</span> <span class='ocrx_word' id='word_1_105' title='bbox 734 2010 785 2072; x_wconf 93' lang='lat' dir='ltr'>vel</span> <span class='ocrx_word' id='word_1_106' title='bbox 805 2010 865 2072; x_wconf 92' lang='lat' dir='ltr'>alio</span> <span class='ocrx_word' id='word_1_107' title='bbox 884 2011 993 2089; x_wconf 90' lang='lat' dir='ltr'>quovis</span> 
     </span>
     <span class='ocr_line' id='line_1_28' title="bbox 247 2102 994 2183; baseline -0.005 -16"><span class='ocrx_word' id='word_1_108' title='bbox 247 2107 340 2168; x_wconf 94' lang='lat' dir='ltr'>modo</span> <span class='ocrx_word' id='word_1_109' title='bbox 361 2106 397 2168; x_wconf 90' lang='lat' dir='ltr'>de</span> <span class='ocrx_word' id='word_1_110' title='bbox 418 2120 512 2183; x_wconf 87' lang='lat' dir='ltr'>prava</span> <span class='ocrx_word' id='word_1_111' title='bbox 533 2105 714 2168; x_wconf 81' lang='lat' dir='ltr'>credulitate</span> <span class='ocrx_word' id='word_1_112' title='bbox 731 2111 911 2182; x_wconf 91' lang='lat' dir='ltr'>suspectum</span> <span class='ocrx_word' id='word_1_113' title='bbox 925 2102 994 2164; x_wconf 91' lang='lat' dir='ltr'>red-</span> 
     </span>
     <span class='ocr_line' id='line_1_29' title="bbox 246 2197 332 2261; baseline -0.023 -1"><span class='ocrx_word' id='word_1_114' title='bbox 246 2197 332 2261; x_wconf 88' lang='lat' dir='ltr'>dant.</span> 
     </span>
    </p>

    <p class='ocr_par' dir='ltr' id='par_1_10' title="bbox 243 2292 996 4336">
     <span class='ocr_line' id='line_1_30' title="bbox 287 2292 993 2372; baseline -0.003 -18"><span class='ocrx_word' id='word_1_115' title='bbox 287 2293 307 2367; x_wconf 68' lang='grc' dir='ltr'><strong>ἓ</strong></span> <span class='ocrx_word' id='word_1_116' title='bbox 321 2292 350 2354; x_wconf 79' lang='lat'>2.</span> <span class='ocrx_word' id='word_1_117' title='bbox 361 2293 466 2372; x_wconf 87' lang='lat' dir='ltr'>ltaque</span> <span class='ocrx_word' id='word_1_118' title='bbox 476 2301 581 2356; x_wconf 88' lang='lat' dir='ltr'>contra</span> <span class='ocrx_word' id='word_1_119' title='bbox 594 2293 762 2370; x_wconf 87' lang='lat' dir='ltr'>praedictos</span> <span class='ocrx_word' id='word_1_120' title='bbox 774 2307 882 2354; x_wconf 90' lang='lat' dir='ltr'>omnes</span> <span class='ocrx_word' id='word_1_121' title='bbox 892 2292 993 2354; x_wconf 90' lang='lat' dir='ltr'>etsin-</span> 
     </span>
     <span class='ocr_line' id='line_1_31' title="bbox 247 2384 991 2464; baseline -0.004 -15"><span class='ocrx_word' id='word_1_122' title='bbox 247 2386 338 2464; x_wconf 86' lang='lat' dir='ltr'>gulos</span> <span class='ocrx_word' id='word_1_123' title='bbox 366 2385 582 2464; x_wconf 80' lang='lat' dir='ltr'>delinquentes</span> <span class='ocrx_word' id='word_1_124' title='bbox 613 2392 676 2447; x_wconf 89' lang='lat' dir='ltr'>tam</span> <span class='ocrx_word' id='word_1_125' title='bbox 696 2384 877 2460; x_wconf 81' lang='lat' dir='ltr'>saeculares,</span> <span class='ocrx_word' id='word_1_126' title='bbox 900 2399 991 2464; x_wconf 92' lang='lat' dir='ltr'>quam</span> 
     </span>
     <span class='ocr_line' id='line_1_32' title="bbox 246 2479 996 2559; baseline -0.004 -16"><span class='ocrx_word' id='word_1_127' title='bbox 246 2479 432 2559; x_wconf 87' lang='lat' dir='ltr'>quorumvis</span> <span class='ocrx_word' id='word_1_128' title='bbox 458 2479 553 2542; x_wconf 88' lang='lat' dir='ltr'>etiam</span> <span class='ocrx_word' id='word_1_129' title='bbox 583 2479 816 2558; x_wconf 87' lang='lat' dir='ltr'>quomodolibet</span> <span class='ocrx_word' id='word_1_130' title='bbox 837 2488 996 2556; x_wconf 90' lang='lat' dir='ltr'>exempto-</span> 
     </span>
     <span class='ocr_line' id='line_1_33' title="bbox 247 2571 995 2651; baseline 0 -17"><span class='ocrx_word' id='word_1_131' title='bbox 247 2589 320 2636; x_wconf 91' lang='lat' dir='ltr'>rum</span> <span class='ocrx_word' id='word_1_132' title='bbox 341 2589 375 2635; x_wconf 91' lang='lat' dir='ltr'>ac</span> <span class='ocrx_word' id='word_1_133' title='bbox 406 2571 477 2636; x_wconf 85' lang='lat' dir='ltr'>Sodi</span> <span class='ocrx_word' id='word_1_134' title='bbox 504 2572 696 2651; x_wconf 73' lang='lat' dir='ltr'>apostolicae</span> <span class='ocrx_word' id='word_1_135' title='bbox 728 2571 905 2633; x_wconf 88' lang='lat' dir='ltr'>immediate</span> <span class='ocrx_word' id='word_1_136' title='bbox 924 2573 995 2634; x_wconf 92' lang='lat' dir='ltr'>sub·</span> 
     </span>
     <span class='ocr_line' id='line_1_34' title="bbox 246 2661 994 2740; baseline -0.003 -12"><span class='ocrx_word' id='word_1_137' title='bbox 246 2667 400 2730; x_wconf 84' lang='lat' dir='ltr'>iectmum</span> <span class='ocrx_word' id='word_1_138' title='bbox 425 2661 588 2740; x_wconf 80' lang='lat' dir='ltr'>Ordinem,</span> <span class='ocrx_word' id='word_1_139' title='bbox 609 2665 840 2740; x_wconf 88' lang='lat' dir='ltr'>institutorum,</span> <span class='ocrx_word' id='word_1_140' title='bbox 864 2665 994 2732; x_wconf 88' lang='lat' dir='ltr'>Societa-</span> 
     </span>
     <span class='ocr_line' id='line_1_35' title="bbox 247 2758 995 2836; baseline -0.005 -13"><span class='ocrx_word' id='word_1_141' title='bbox 247 2768 315 2824; x_wconf 92' lang='lat' dir='ltr'>tum</span> <span class='ocrx_word' id='word_1_142' title='bbox 337 2768 368 2822; x_wconf 89' lang='lat' dir='ltr'>et</span> <span class='ocrx_word' id='word_1_143' title='bbox 390 2759 677 2836; x_wconf 83' lang='lat' dir='ltr'>Gongragationum</span> <span class='ocrx_word' id='word_1_144' title='bbox 702 2759 871 2835; x_wconf 83' lang='lat' dir='ltr'>regulares,</span> <span class='ocrx_word' id='word_1_145' title='bbox 894 2758 995 2822; x_wconf 86' lang='lat' dir='ltr'>ouius-</span> 
     </span>
     <span class='ocr_line' id='line_1_36' title="bbox 245 2851 994 2933; baseline -0.001 -18"><span class='ocrx_word' id='word_1_146' title='bbox 245 2869 383 2933; x_wconf 90' lang='lat' dir='ltr'>cumque</span> <span class='ocrx_word' id='word_1_147' title='bbox 410 2853 568 2930; x_wconf 88' lang='lat' dir='ltr'>dignitatis</span> <span class='ocrx_word' id='word_1_148' title='bbox 590 2869 623 2914; x_wconf 92' lang='lat' dir='ltr'>ao</span> <span class='ocrx_word' id='word_1_149' title='bbox 644 2851 920 2931; x_wconf 88' lang='lat' dir='ltr'>praeeminentiae,</span> <span class='ocrx_word' id='word_1_150' title='bbox 943 2861 994 2914; x_wconf 89' lang='lat' dir='ltr'>aut</span> 
     </span>
     <span class='ocr_line' id='line_1_37' title="bbox 245 2945 993 3026; baseline -0.003 -17"><span class='ocrx_word' id='word_1_151' title='bbox 245 2947 357 3026; x_wconf 91' lang='lat' dir='ltr'>quovis</span> <span class='ocrx_word' id='word_1_152' title='bbox 378 2945 542 3025; x_wconf 87' lang='lat' dir='ltr'>privilegio</span> <span class='ocrx_word' id='word_1_153' title='bbox 562 2945 678 3008; x_wconf 90' lang='lat' dir='ltr'>muniti</span> <span class='ocrx_word' id='word_1_154' title='bbox 700 2946 845 3021; x_wconf 84' lang='lat' dir='ltr'>existant,</span> <span class='ocrx_word' id='word_1_155' title='bbox 868 2951 993 3024; x_wconf 86' lang='lat' dir='ltr'>atquo</span> 
     </span>
     <span class='ocr_line' id='line_1_38' title="bbox 245 3038 993 3120; baseline -0.004 -18"><span class='ocrx_word' id='word_1_156' title='bbox 245 3055 317 3102; x_wconf 90' lang='lat' dir='ltr'>rum</span> <span class='ocrx_word' id='word_1_157' title='bbox 348 3039 487 3120; x_wconf 89' lang='lat' dir='ltr'>specialis</span> <span class='ocrx_word' id='word_1_158' title='bbox 518 3045 548 3100; x_wconf 91' lang='lat' dir='ltr'>et</span> <span class='ocrx_word' id='word_1_159' title='bbox 582 3039 770 3100; x_wconf 90' lang='lat' dir='ltr'>nominatim</span> <span class='ocrx_word' id='word_1_160' title='bbox 802 3039 920 3101; x_wconf 90' lang='lat' dir='ltr'>mentio</span> <span class='ocrx_word' id='word_1_161' title='bbox 952 3038 993 3099; x_wconf 89' lang='lat' dir='ltr'>fa·</span> 
     </span>
     <span class='ocr_line' id='line_1_39' title="bbox 244 3132 994 3211; baseline -0.005 -15"><span class='ocrx_word' id='word_1_162' title='bbox 244 3135 353 3197; x_wconf 88' lang='lat' dir='ltr'>cienda</span> <span class='ocrx_word' id='word_1_163' title='bbox 372 3134 424 3208; x_wconf 87' lang='lat' dir='ltr'>sit,</span> <span class='ocrx_word' id='word_1_164' title='bbox 448 3133 677 3211; x_wconf 88' lang='lat' dir='ltr'>praedictorum</span> <span class='ocrx_word' id='word_1_165' title='bbox 697 3147 869 3208; x_wconf 88' lang='lat' dir='ltr'>regnorum</span> <span class='ocrx_word' id='word_1_166' title='bbox 890 3149 923 3194; x_wconf 90' lang='lat' dir='ltr'>ac</span> <span class='ocrx_word' id='word_1_167' title='bbox 949 3132 994 3194; x_wconf 90' lang='lat' dir='ltr'>di.-</span> 
     </span>
     <span class='ocr_line' id='line_1_40' title="bbox 244 3225 993 3305; baseline -0.005 -15"><span class='ocrx_word' id='word_1_168' title='bbox 244 3229 369 3290; x_wconf 92' lang='lat' dir='ltr'>tionum</span> <span class='ocrx_word' id='word_1_169' title='bbox 390 3227 602 3305; x_wconf 88' lang='lat' dir='ltr'>inquisitores,</span> <span class='ocrx_word' id='word_1_170' title='bbox 625 3232 776 3304; x_wconf 90' lang='lat' dir='ltr'>potestate</span> <span class='ocrx_word' id='word_1_171' title='bbox 796 3243 810 3285; x_wconf 95' lang='lat' dir='ltr'>a</span> <span class='ocrx_word' id='word_1_172' title='bbox 831 3225 918 3287; x_wconf 92' lang='lat' dir='ltr'>nobis</span> <span class='ocrx_word' id='word_1_173' title='bbox 933 3232 993 3287; x_wconf 89' lang='lat' dir='ltr'>tra·</span> 
     </span>
     <span class='ocr_line' id='line_1_41' title="bbox 244 3320 991 3399; baseline -0.004 -16"><span class='ocrx_word' id='word_1_174' title='bbox 244 3321 319 3396; x_wconf 77' lang='lat' dir='ltr'>dita,</span> <span class='ocrx_word' id='word_1_175' title='bbox 332 3326 486 3399; x_wconf 91' lang='lat' dir='ltr'>quatenns</span> <span class='ocrx_word' id='word_1_176' title='bbox 500 3337 575 3399; x_wconf 88' lang='lat' dir='ltr'>opus</span> <span class='ocrx_word' id='word_1_177' title='bbox 589 3321 639 3395; x_wconf 89' lang='lat' dir='ltr'>sit,</span> <span class='ocrx_word' id='word_1_178' title='bbox 656 3320 866 3399; x_wconf 89' lang='lat' dir='ltr'>praesentium</span> <span class='ocrx_word' id='word_1_179' title='bbox 883 3327 991 3382; x_wconf 89' lang='lat' dir='ltr'>tenore</span> 
     </span>
     <span class='ocr_line' id='line_1_42' title="bbox 244 3412 991 3492; baseline -0.004 -15"><span class='ocrx_word' id='word_1_180' title='bbox 244 3417 284 3478; x_wconf 91' lang='lat' dir='ltr'>de</span> <span class='ocrx_word' id='word_1_181' title='bbox 306 3431 387 3476; x_wconf 92' lang='lat' dir='ltr'>novo</span> <span class='ocrx_word' id='word_1_182' title='bbox 417 3429 571 3488; x_wconf 87' lang='lat' dir='ltr'>concessa,</span> <span class='ocrx_word' id='word_1_183' title='bbox 604 3422 696 3492; x_wconf 92' lang='lat' dir='ltr'>prout</span> <span class='ocrx_word' id='word_1_184' title='bbox 723 3413 755 3474; x_wconf 93' lang='lat' dir='ltr'>in</span> <span class='ocrx_word' id='word_1_185' title='bbox 782 3413 880 3476; x_wconf 89' lang='lat' dir='ltr'>causis</span> <span class='ocrx_word' id='word_1_186' title='bbox 908 3412 991 3488; x_wconf 81' lang='lat' dir='ltr'>fidei,</span> 
     </span>
     <span class='ocr_line' id='line_1_43' title="bbox 244 3505 991 3580; baseline 0 -12"><span class='ocrx_word' id='word_1_187' title='bbox 244 3507 330 3568; x_wconf 89' lang='lat' dir='ltr'>iuxta</span> <span class='ocrx_word' id='word_1_188' title='bbox 352 3523 512 3570; x_wconf 89' lang='lat' dir='ltr'>sacrorum</span> <span class='ocrx_word' id='word_1_189' title='bbox 526 3521 683 3568; x_wconf 90' lang='lat' dir='ltr'>canonum</span> <span class='ocrx_word' id='word_1_190' title='bbox 697 3505 842 3580; x_wconf 90' lang='lat' dir='ltr'>formam,</span> <span class='ocrx_word' id='word_1_191' title='bbox 857 3521 915 3568; x_wconf 93' lang='lat' dir='ltr'>neo</span> <span class='ocrx_word' id='word_1_192' title='bbox 929 3521 991 3568; x_wconf 92' lang='lat' dir='ltr'>non</span> 
     </span>
     <span class='ocr_line' id='line_1_44' title="bbox 243 3600 995 3680; baseline 0 -18"><span class='ocrx_word' id='word_1_193' title='bbox 243 3602 342 3664; x_wconf 89' lang='lat' dir='ltr'>sancti</span> <span class='ocrx_word' id='word_1_194' title='bbox 364 3601 456 3664; x_wconf 82' lang='lat' dir='ltr'>officii</span> <span class='ocrx_word' id='word_1_195' title='bbox 483 3601 692 3680; x_wconf 89' lang='lat' dir='ltr'>inquisitionis</span> <span class='ocrx_word' id='word_1_196' title='bbox 723 3600 902 3662; x_wconf 91' lang='lat' dir='ltr'>huiusmodi</span> <span class='ocrx_word' id='word_1_197' title='bbox 922 3616 995 3662; x_wconf 92' lang='lat' dir='ltr'>con-</span> 
     </span>
     <span class='ocr_line' id='line_1_45' title="bbox 243 3693 993 3773; baseline -0.001 -17"><span class='ocrx_word' id='word_1_198' title='bbox 243 3695 435 3769; x_wconf 87' lang='lat' dir='ltr'>stitutiones,</span> <span class='ocrx_word' id='word_1_199' title='bbox 451 3694 626 3773; x_wconf 89' lang='lat' dir='ltr'>privilegia,</span> <span class='ocrx_word' id='word_1_200' title='bbox 642 3693 882 3756; x_wconf 89' lang='lat' dir='ltr'>consuetudines</span> <span class='ocrx_word' id='word_1_201' title='bbox 896 3702 928 3758; x_wconf 89' lang='lat' dir='ltr'>et</span> <span class='ocrx_word' id='word_1_202' title='bbox 943 3693 993 3756; x_wconf 88' lang='lat' dir='ltr'>de-</span> 
     </span>
     <span class='ocr_line' id='line_1_46' title="bbox 244 3789 993 3868; baseline 0 -16"><span class='ocrx_word' id='word_1_203' title='bbox 244 3797 339 3866; x_wconf 91' lang='lat' dir='ltr'>creta,</span> <span class='ocrx_word' id='word_1_204' title='bbox 361 3789 529 3867; x_wconf 89' lang='lat' dir='ltr'>diligenter</span> <span class='ocrx_word' id='word_1_205' title='bbox 544 3789 706 3868; x_wconf 91' lang='lat' dir='ltr'>inquirant</span> <span class='ocrx_word' id='word_1_206' title='bbox 720 3795 752 3850; x_wconf 88' lang='lat' dir='ltr'>et</span> <span class='ocrx_word' id='word_1_207' title='bbox 766 3790 945 3866; x_wconf 89' lang='lat' dir='ltr'>procedant,</span> <span class='ocrx_word' id='word_1_208' title='bbox 961 3801 993 3852; x_wconf 88' lang='lat' dir='ltr'>et</span> 
     </span>
     <span class='ocr_line' id='line_1_47' title="bbox 244 3882 992 3963; baseline -0.004 -16"><span class='ocrx_word' id='word_1_209' title='bbox 244 3901 322 3963; x_wconf 90' lang='lat' dir='ltr'>quos</span> <span class='ocrx_word' id='word_1_210' title='bbox 353 3885 388 3947; x_wconf 90' lang='lat' dir='ltr'>in</span> <span class='ocrx_word' id='word_1_211' title='bbox 421 3885 524 3963; x_wconf 91' lang='lat' dir='ltr'>aliquo</span> <span class='ocrx_word' id='word_1_212' title='bbox 557 3899 595 3946; x_wconf 87' lang='lat' dir='ltr'>ex</span> <span class='ocrx_word' id='word_1_213' title='bbox 631 3882 785 3946; x_wconf 91' lang='lat' dir='ltr'>eiusmodi</span> <span class='ocrx_word' id='word_1_214' title='bbox 820 3883 992 3946; x_wconf 83' lang='lat' dir='ltr'>excessibus</span> 
     </span>
     <span class='ocr_line' id='line_1_48' title="bbox 244 3976 992 4058; baseline -0.005 -16"><span class='ocrx_word' id='word_1_215' title='bbox 244 3978 411 4058; x_wconf 87' lang='lat' dir='ltr'>culpabiles</span> <span class='ocrx_word' id='word_1_216' title='bbox 427 3978 611 4058; x_wconf 85' lang='lat' dir='ltr'>repererint,</span> <span class='ocrx_word' id='word_1_217' title='bbox 628 3977 661 4038; x_wconf 94' lang='lat' dir='ltr'>in</span> <span class='ocrx_word' id='word_1_218' title='bbox 676 3993 737 4052; x_wconf 90' lang='lat' dir='ltr'>eas,</span> <span class='ocrx_word' id='word_1_219' title='bbox 753 3991 808 4054; x_wconf 93' lang='lat' dir='ltr'>pro</span> <span class='ocrx_word' id='word_1_220' title='bbox 822 3976 992 4040; x_wconf 90' lang='lat' dir='ltr'>criminum</span> 
     </span>
     <span class='ocr_line' id='line_1_49' title="bbox 244 4071 993 4150; baseline -0.003 -16"><span class='ocrx_word' id='word_1_221' title='bbox 244 4072 392 4150; x_wconf 88' lang='lat' dir='ltr'>qualitate</span> <span class='ocrx_word' id='word_1_222' title='bbox 413 4079 444 4135; x_wconf 86' lang='lat' dir='ltr'>et</span> <span class='ocrx_word' id='word_1_223' title='bbox 463 4071 717 4144; x_wconf 89' lang='lat' dir='ltr'>circumstantiis,</span> <span class='ocrx_word' id='word_1_224' title='bbox 731 4071 942 4148; x_wconf 90' lang='lat' dir='ltr'>suspensionis</span> <span class='ocrx_word' id='word_1_225' title='bbox 956 4071 993 4132; x_wconf 92' lang='lat' dir='ltr'>ab</span> 
     </span>
     <span class='ocr_line' id='line_1_50' title="bbox 244 4161 994 4237; baseline 0 -12"><span class='ocrx_word' id='word_1_226' title='bbox 244 4165 345 4227; x_wconf 83' lang='lat' dir='ltr'>officio</span> <span class='ocrx_word' id='word_1_227' title='bbox 367 4165 576 4227; x_wconf 88' lang='lat' dir='ltr'>confessiones</span> <span class='ocrx_word' id='word_1_228' title='bbox 597 4161 754 4237; x_wconf 89' lang='lat' dir='ltr'>audiendi,</span> <span class='ocrx_word' id='word_1_229' title='bbox 771 4162 821 4224; x_wconf 92' lang='lat' dir='ltr'>vel</span> <span class='ocrx_word' id='word_1_230' title='bbox 842 4162 935 4224; x_wconf 89' lang='lat' dir='ltr'>etiam</span> <span class='ocrx_word' id='word_1_231' title='bbox 957 4163 994 4226; x_wconf 92' lang='lat' dir='ltr'>ab</span> 
     </span>
     <span class='ocr_line' id='line_1_51' title="bbox 244 4255 992 4336; baseline -0.011 -10"><span class='ocrx_word' id='word_1_232' title='bbox 244 4264 429 4326; x_wconf 84' lang='lat' dir='ltr'>executione</span> <span class='ocrx_word' id='word_1_233' title='bbox 450 4259 613 4333; x_wconf 84' lang='lat' dir='ltr'>Ordinum,</span> <span class='ocrx_word' id='word_1_234' title='bbox 633 4257 815 4336; x_wconf 88' lang='lat' dir='ltr'>privationis</span> <span class='ocrx_word' id='word_1_235' title='bbox 830 4255 992 4318; x_wconf 87' lang='lat' dir='ltr'>beneficio·</span> 
     </span>
    </p>
   </div>
   <div class='ocr_carea' id='block_1_7' title="bbox 235 4349 992 4432">
    <p class='ocr_par' dir='ltr' id='par_1_11' title="bbox 235 4349 992 4432">
     <span class='ocr_line' id='line_1_52' title="bbox 235 4349 992 4432; baseline -0.012 -13"><span class='ocrx_word' id='word_1_236' title='bbox 235 4373 327 4431; x_wconf 87' lang='lat' dir='ltr'>-rum,</span> <span class='ocrx_word' id='word_1_237' title='bbox 350 4355 552 4432; x_wconf 85' lang='lat' dir='ltr'>dignitatum,</span> <span class='ocrx_word' id='word_1_238' title='bbox 574 4368 608 4414; x_wconf 92' lang='lat' dir='ltr'>ao</span> <span class='ocrx_word' id='word_1_239' title='bbox 630 4359 797 4429; x_wconf 87' lang='lat' dir='ltr'>perpetuae</span> <span class='ocrx_word' id='word_1_240' title='bbox 818 4349 992 4411; x_wconf 89' lang='lat' dir='ltr'>inhabilita-</span> 
     </span>
    </p>
   </div>
   <div class='ocr_carea' id='block_1_8' title="bbox 244 4442 992 4904">
    <p class='ocr_par' dir='ltr' id='par_1_12' title="bbox 244 4442 992 4904">
     <span class='ocr_line' id='line_1_53' title="bbox 245 4442 992 4524; baseline -0.012 -12"><span class='ocrx_word' id='word_1_241' title='bbox 245 4450 283 4512; x_wconf 90' lang='lat' dir='ltr'>tis</span> <span class='ocrx_word' id='word_1_242' title='bbox 303 4452 337 4512; x_wconf 89' lang='lat' dir='ltr'>ad</span> <span class='ocrx_word' id='word_1_243' title='bbox 361 4449 424 4524; x_wconf 93' lang='lat' dir='ltr'>illa,</span> <span class='ocrx_word' id='word_1_244' title='bbox 448 4461 590 4510; x_wconf 89' lang='lat' dir='ltr'>necnon</span> <span class='ocrx_word' id='word_1_245' title='bbox 612 4445 694 4507; x_wconf 90' lang='lat' dir='ltr'>vocis</span> <span class='ocrx_word' id='word_1_246' title='bbox 716 4444 832 4506; x_wconf 86' lang='lat' dir='ltr'>activae</span> <span class='ocrx_word' id='word_1_247' title='bbox 853 4461 885 4507; x_wconf 91' lang='lat' dir='ltr'>ao</span> <span class='ocrx_word' id='word_1_248' title='bbox 901 4442 992 4521; x_wconf 89' lang='lat' dir='ltr'>passi·</span> 
     </span>
     <span class='ocr_line' id='line_1_54' title="bbox 245 4538 990 4619; baseline -0.008 -15"><span class='ocrx_word' id='word_1_249' title='bbox 245 4561 312 4618; x_wconf 90' lang='lat' dir='ltr'>vae,</span> <span class='ocrx_word' id='word_1_250' title='bbox 334 4545 360 4605; x_wconf 94' lang='lat' dir='ltr'>si</span> <span class='ocrx_word' id='word_1_251' title='bbox 383 4540 539 4619; x_wconf 83' lang='lat' dir='ltr'>regulares</span> <span class='ocrx_word' id='word_1_252' title='bbox 566 4539 696 4614; x_wconf 89' lang='lat' dir='ltr'>inerint,</span> <span class='ocrx_word' id='word_1_253' title='bbox 724 4538 858 4617; x_wconf 89' lang='lat' dir='ltr'>aliasque</span> <span class='ocrx_word' id='word_1_254' title='bbox 878 4553 990 4615; x_wconf 90' lang='lat' dir='ltr'>poenas</span> 
     </span>
     <span class='ocr_line' id='line_1_55' title="bbox 245 4633 991 4713; baseline -0.008 -13"><span class='ocrx_word' id='word_1_255' title='bbox 245 4639 430 4713; x_wconf 73' lang='lat' dir='ltr'>decernant,</span> <span class='ocrx_word' id='word_1_256' title='bbox 458 4651 567 4697; x_wconf 88' lang='lat' dir='ltr'>omnes</span> <span class='ocrx_word' id='word_1_257' title='bbox 594 4634 700 4708; x_wconf 90' lang='lat' dir='ltr'>etiam,</span> <span class='ocrx_word' id='word_1_258' title='bbox 723 4633 903 4694; x_wconf 84' lang='lat' dir='ltr'>volcarum</span> <span class='ocrx_word' id='word_1_259' title='bbox 925 4640 991 4694; x_wconf 90' lang='lat' dir='ltr'>tan-</span> 
     </span>
     <span class='ocr_line' id='line_1_56' title="bbox 244 4724 990 4809; baseline -0.008 -15"><span class='ocrx_word' id='word_1_260' title='bbox 244 4738 313 4794; x_wconf 93' lang='lat' dir='ltr'>tnm</span> <span class='ocrx_word' id='word_1_261' title='bbox 327 4731 456 4809; x_wconf 89' lang='lat' dir='ltr'>aliquas,</span> <span class='ocrx_word' id='word_1_262' title='bbox 473 4730 719 4808; x_wconf 90' lang='lat' dir='ltr'>inperpetuum,</span> <span class='ocrx_word' id='word_1_263' title='bbox 738 4726 788 4788; x_wconf 89' lang='lat' dir='ltr'>vel</span> <span class='ocrx_word' id='word_1_264' title='bbox 803 4724 840 4787; x_wconf 91' lang='lat' dir='ltr'>ad</span> <span class='ocrx_word' id='word_1_265' title='bbox 857 4733 990 4805; x_wconf 89' lang='lat' dir='ltr'>tompus,</span> 
     </span>
     <span class='ocr_line' id='line_1_57' title="bbox 245 4825 426 4904; baseline -0.011 -17"><span class='ocrx_word' id='word_1_266' title='bbox 245 4825 426 4904; x_wconf 89' lang='lat' dir='ltr'>indigendo.</span> 
     </span>
    </p>
   </div>
   <div class='ocr_carea' id='block_1_9' title="bbox 94 4911 991 4996">
    <p class='ocr_par' dir='ltr' id='par_1_13' title="bbox 94 4911 991 4996">
     <span class='ocr_line' id='line_1_58' title="bbox 94 4911 991 4996; baseline 0.012 -33"><span class='ocrx_word' id='word_1_267' title='bbox 94 4921 228 4971; x_wconf 69' lang='lat' dir='ltr'>artinas</span> <span class='ocrx_word' id='word_1_268' title='bbox 282 4919 476 4996; x_wconf 81' lang='lat' dir='ltr'>Quicumque</span> <span class='ocrx_word' id='word_1_269' title='bbox 508 4932 581 4978; x_wconf 92' lang='lat' dir='ltr'>vero</span> <span class='ocrx_word' id='word_1_270' title='bbox 612 4914 709 4976; x_wconf 89' lang='lat' dir='ltr'>alium</span> <span class='ocrx_word' id='word_1_271' title='bbox 740 4911 911 4993; x_wconf 90' lang='lat' dir='ltr'>quemlibet</span> <span class='ocrx_word' id='word_1_272' title='bbox 938 4912 991 4974; x_wconf 89' lang='lat' dir='ltr'>ali·</span> 
     </span>
    </p>
   </div>
   <div class='ocr_carea' id='block_1_10' title="bbox 73 4973 228 5026">
    <p class='ocr_par' dir='ltr' id='par_1_14' title="bbox 73 4973 228 5026">
     <span class='ocr_line' id='line_1_59' title="bbox 73 4973 228 5026; baseline 0.084 -13"><span class='ocrx_word' id='word_1_273' title='bbox 73 4973 166 5022; x_wconf 79' lang='lat' dir='ltr'>trientibus</span> <span class='ocrx_word' id='word_1_274' title='bbox 188 4979 228 5026; x_wconf 88' lang='lat' dir='ltr'>de·</span> 
     </span>
    </p>
   </div>
   <div class='ocr_carea' id='block_1_11' title="bbox 73 5031 173 5075">
    <p class='ocr_par' dir='ltr' id='par_1_15' title="bbox 73 5031 173 5075">
     <span class='ocr_line' id='line_1_60' title="bbox 73 5031 173 5075; baseline 0.08 -8"><span class='ocrx_word' id='word_1_275' title='bbox 73 5031 173 5075; x_wconf 80' lang='lat' dir='ltr'>cunctandi.</span> 
     </span>
    </p>
   </div>
   <div class='ocr_carea' id='block_1_12' title="bbox 244 5005 990 6025">
    <p class='ocr_par' dir='ltr' id='par_1_16' title="bbox 244 5005 990 6025">
     <span class='ocr_line' id='line_1_61' title="bbox 245 5005 990 5100; baseline -0.013 -25"><span class='ocrx_word' id='word_1_276' title='bbox 245 5028 305 5092; x_wconf 92' lang='lat' dir='ltr'>quo</span> <span class='ocrx_word' id='word_1_277' title='bbox 325 5027 365 5072; x_wconf 89' lang='lat' dir='ltr'>ex</span> <span class='ocrx_word' id='word_1_278' title='bbox 384 5011 567 5089; x_wconf 90' lang='lat' dir='ltr'>supradictis</span> <span class='ocrx_word' id='word_1_279' title='bbox 586 5008 685 5070; x_wconf 91' lang='lat' dir='ltr'>modis</span> <span class='ocrx_word' id='word_1_280' title='bbox 700 5005 864 5085; x_wconf 88' lang='lat' dir='ltr'>deliquisse</span> <span class='ocrx_word' id='word_1_281' title='bbox 878 5021 990 5100; x_wconf 79' lang='lat' dir='ltr'>cogno-</span> 
     </span>
     <span class='ocr_line' id='line_1_62' title="bbox 245 5099 988 5182; baseline -0.012 -14"><span class='ocrx_word' id='word_1_282' title='bbox 245 5108 336 5182; x_wconf 90' lang='lat' dir='ltr'>verit,</span> <span class='ocrx_word' id='word_1_283' title='bbox 370 5121 456 5179; x_wconf 90' lang='lat' dir='ltr'>eum,</span> <span class='ocrx_word' id='word_1_284' title='bbox 483 5105 563 5166; x_wconf 85' lang='lat' dir='ltr'>intra</span> <span class='ocrx_word' id='word_1_285' title='bbox 595 5101 769 5164; x_wconf 89' lang='lat' dir='ltr'>terminum</span> <span class='ocrx_word' id='word_1_286' title='bbox 800 5099 933 5173; x_wconf 90' lang='lat' dir='ltr'>dierum,</span> <span class='ocrx_word' id='word_1_287' title='bbox 957 5099 988 5160; x_wconf 93' lang='lat' dir='ltr'>in</span> 
     </span>
     <span class='ocr_line' id='line_1_63' title="bbox 245 5191 989 5270; baseline -0.015 -7"><span class='ocrx_word' id='word_1_288' title='bbox 245 5201 349 5264; x_wconf 91' lang='lat' dir='ltr'>edictis</span> <span class='ocrx_word' id='word_1_289' title='bbox 370 5199 468 5262; x_wconf 88' lang='lat' dir='ltr'>sancti</span> <span class='ocrx_word' id='word_1_290' title='bbox 489 5196 579 5259; x_wconf 84' lang='lat' dir='ltr'>oflicii</span> <span class='ocrx_word' id='word_1_291' title='bbox 607 5193 757 5256; x_wconf 88' lang='lat' dir='ltr'>eiusmodi</span> <span class='ocrx_word' id='word_1_292' title='bbox 778 5191 989 5270; x_wconf 90' lang='lat' dir='ltr'>inquisitionis</span> 
     </span>
     <span class='ocr_line' id='line_1_64' title="bbox 245 5285 990 5372; baseline -0.012 -16"><span class='ocrx_word' id='word_1_293' title='bbox 245 5294 371 5372; x_wconf 86' lang='lat' dir='ltr'>praefigi</span> <span class='ocrx_word' id='word_1_294' title='bbox 401 5292 540 5366; x_wconf 92' lang='lat' dir='ltr'>solitum,</span> <span class='ocrx_word' id='word_1_295' title='bbox 563 5289 666 5352; x_wconf 89' lang='lat' dir='ltr'>eidem</span> <span class='ocrx_word' id='word_1_296' title='bbox 692 5293 797 5360; x_wconf 89' lang='lat' dir='ltr'>sancto</span> <span class='ocrx_word' id='word_1_297' title='bbox 818 5285 917 5347; x_wconf 90' lang='lat' dir='ltr'>oflioio</span> <span class='ocrx_word' id='word_1_298' title='bbox 938 5286 990 5348; x_wconf 91' lang='lat' dir='ltr'>de·</span> 
     </span>
     <span class='ocr_line' id='line_1_65' title="bbox 246 5381 987 5460; baseline -0.012 -10"><span class='ocrx_word' id='word_1_299' title='bbox 246 5387 393 5450; x_wconf 88' lang='lat' dir='ltr'>nunciare</span> <span class='ocrx_word' id='word_1_300' title='bbox 424 5392 583 5447; x_wconf 87' lang='lat' dir='ltr'>teneatur:</span> <span class='ocrx_word' id='word_1_301' title='bbox 617 5381 755 5460; x_wconf 91' lang='lat' dir='ltr'>alioquin</span> <span class='ocrx_word' id='word_1_302' title='bbox 784 5395 896 5458; x_wconf 90' lang='lat' dir='ltr'>poenas</span> <span class='ocrx_word' id='word_1_303' title='bbox 925 5394 987 5441; x_wconf 92' lang='lat' dir='ltr'>non</span> 
     </span>
     <span class='ocr_line' id='line_1_66' title="bbox 245 5473 990 5558; baseline -0.011 -17"><span class='ocrx_word' id='word_1_304' title='bbox 245 5479 501 5544; x_wconf 87' lang='lat' dir='ltr'>denunciantibns</span> <span class='ocrx_word' id='word_1_305' title='bbox 513 5475 685 5558; x_wconf 78' lang='lat' dir='ltr'>peneadem</span> <span class='ocrx_word' id='word_1_306' title='bbox 697 5475 793 5537; x_wconf 89' lang='lat' dir='ltr'>edicta</span> <span class='ocrx_word' id='word_1_307' title='bbox 806 5473 905 5552; x_wconf 88' lang='lat' dir='ltr'>infligi</span> <span class='ocrx_word' id='word_1_308' title='bbox 917 5489 990 5534; x_wconf 92' lang='lat' dir='ltr'>oon·</span> 
     </span>
     <span class='ocr_line' id='line_1_67' title="bbox 244 5567 988 5636; baseline -0.011 -1"><span class='ocrx_word' id='word_1_309' title='bbox 244 5582 345 5636; x_wconf 92' lang='lat' dir='ltr'>suetas</span> <span class='ocrx_word' id='word_1_310' title='bbox 375 5573 525 5635; x_wconf 87' lang='lat' dir='ltr'>incurrat.</span> <span class='ocrx_word' id='word_1_311' title='bbox 559 5571 784 5634; x_wconf 84' lang='lat' dir='ltr'>Verumtamen</span> <span class='ocrx_word' id='word_1_312' title='bbox 814 5567 852 5629; x_wconf 92' lang='lat' dir='ltr'>ab</span> <span class='ocrx_word' id='word_1_313' title='bbox 882 5567 988 5628; x_wconf 92' lang='lat' dir='ltr'>huius·</span> 
     </span>
     <span class='ocr_line' id='line_1_68' title="bbox 245 5657 988 5728; baseline -0.011 0"><span class='ocrx_word' id='word_1_314' title='bbox 245 5667 326 5728; x_wconf 91' lang='lat' dir='ltr'>modi</span> <span class='ocrx_word' id='word_1_315' title='bbox 353 5682 450 5728; x_wconf 88' lang='lat' dir='ltr'>onere</span> <span class='ocrx_word' id='word_1_316' title='bbox 482 5663 692 5728; x_wconf 89' lang='lat' dir='ltr'>denunciandi</span> <span class='ocrx_word' id='word_1_317' title='bbox 723 5660 811 5723; x_wconf 90' lang='lat' dir='ltr'>iustis</span> <span class='ocrx_word' id='word_1_318' title='bbox 832 5657 871 5721; x_wconf 91' lang='lat' dir='ltr'>de</span> <span class='ocrx_word' id='word_1_319' title='bbox 892 5660 988 5721; x_wconf 90' lang='lat' dir='ltr'>causis</span> 
     </span>
     <span class='ocr_line' id='line_1_69' title="bbox 245 5757 988 5834; baseline -0.007 -13"><span class='ocrx_word' id='word_1_320' title='bbox 245 5760 336 5822; x_wconf 87' lang='lat' dir='ltr'>eximi</span> <span class='ocrx_word' id='word_1_321' title='bbox 368 5758 533 5834; x_wconf 88' lang='lat' dir='ltr'>volumus,</span> <span class='ocrx_word' id='word_1_322' title='bbox 559 5764 590 5820; x_wconf 90' lang='lat' dir='ltr'>et</span> <span class='ocrx_word' id='word_1_323' title='bbox 614 5757 793 5829; x_wconf 89' lang='lat' dir='ltr'>eximimus,</span> <span class='ocrx_word' id='word_1_324' title='bbox 825 5767 988 5830; x_wconf 89' lang='lat' dir='ltr'>personam</span> 
     </span>
     <span class='ocr_line' id='line_1_70' title="bbox 245 5848 987 5932; baseline -0.011 -18"><span class='ocrx_word' id='word_1_325' title='bbox 245 5852 338 5932; x_wconf 91' lang='lat' dir='ltr'>ipsam</span> <span class='ocrx_word' id='word_1_326' title='bbox 360 5851 576 5930; x_wconf 88' lang='lat' dir='ltr'>poenitentem</span> <span class='ocrx_word' id='word_1_327' title='bbox 595 5852 754 5913; x_wconf 90' lang='lat' dir='ltr'>dumtaxat</span> <span class='ocrx_word' id='word_1_328' title='bbox 769 5848 800 5910; x_wconf 93' lang='lat' dir='ltr'>in</span> <span class='ocrx_word' id='word_1_329' title='bbox 817 5862 905 5909; x_wconf 89' lang='lat' dir='ltr'>causa</span> <span class='ocrx_word' id='word_1_330' title='bbox 919 5861 987 5925; x_wconf 93' lang='lat' dir='ltr'>pro-</span> 
     </span>
     <span class='ocr_line' id='line_1_71' title="bbox 246 5945 989 6025; baseline -0.007 -19"><span class='ocrx_word' id='word_1_331' title='bbox 246 5945 318 6024; x_wconf 87' lang='lat' dir='ltr'>pria,</span> <span class='ocrx_word' id='word_1_332' title='bbox 341 5945 418 6009; x_wconf 87' lang='lat' dir='ltr'>idest</span> <span class='ocrx_word' id='word_1_333' title='bbox 441 5945 473 6008; x_wconf 90' lang='lat' dir='ltr'>in</span> <span class='ocrx_word' id='word_1_334' title='bbox 495 5961 577 6020; x_wconf 87' lang='lat' dir='ltr'>casn,</span> <span class='ocrx_word' id='word_1_335' title='bbox 602 5945 683 6025; x_wconf 89' lang='lat' dir='ltr'>quod</span> <span class='ocrx_word' id='word_1_336' title='bbox 714 5957 807 6006; x_wconf 92' lang='lat' dir='ltr'>suum</span> <span class='ocrx_word' id='word_1_337' title='bbox 828 5948 989 6022; x_wconf 85' lang='lat' dir='ltr'>peccatum</span> 
     </span>
    </p>
   </div>
   <div class='ocr_carea' id='block_1_13' title="bbox 1716 552 2015 622">
    <p class='ocr_par' dir='ltr' id='par_1_17' title="bbox 1716 552 2015 622">
     <span class='ocr_line' id='line_1_72' title="bbox 1716 552 2015 622; baseline 0 -18"><span class='ocrx_word' id='word_1_338' title='bbox 1716 559 1776 622; x_wconf 70' lang='lat'>255</span> <span class='ocrx_word' id='word_1_339' title='bbox 1826 552 1880 605; x_wconf 79' lang='lat' dir='ltr'>An.</span> <span class='ocrx_word' id='word_1_340' title='bbox 1895 553 1925 605; x_wconf 82' lang='lat' dir='ltr'>C.</span> <span class='ocrx_word' id='word_1_341' title='bbox 1948 552 2015 604; x_wconf 79' lang='lat' dir='ltr'>tvae</span> 
     </span>
    </p>
   </div>
   <div class='ocr_carea' id='block_1_14' title="bbox 1047 695 2107 1806">
    <p class='ocr_par' dir='ltr' id='par_1_18' title="bbox 1047 695 2107 1806">
     <span class='ocr_line' id='line_1_73' title="bbox 1049 695 1794 777; baseline 0.003 -22"><span class='ocrx_word' id='word_1_342' title='bbox 1049 695 1213 771; x_wconf 84' lang='lat' dir='ltr'>confitens,</span> <span class='ocrx_word' id='word_1_343' title='bbox 1242 715 1257 759; x_wconf 92' lang='lat' dir='ltr'>a</span> <span class='ocrx_word' id='word_1_344' title='bbox 1285 697 1472 762; x_wconf 77' lang='lat' dir='ltr'>confessario</span> <span class='ocrx_word' id='word_1_345' title='bbox 1502 699 1642 777; x_wconf 77' lang='lat' dir='ltr'>adigatur</span> <span class='ocrx_word' id='word_1_346' title='bbox 1672 698 1707 760; x_wconf 92' lang='lat' dir='ltr'>ad</span> <span class='ocrx_word' id='word_1_347' title='bbox 1738 695 1794 758; x_wconf 93' lang='lat' dir='ltr'>sibi</span> 
     </span>
     <span class='ocr_line' id='line_1_74' title="bbox 1049 785 1794 871; baseline 0.004 -25"><span class='ocrx_word' id='word_1_348' title='bbox 1049 785 1310 852; x_wconf 90' lang='lat' dir='ltr'>manifestandum</span> <span class='ocrx_word' id='word_1_349' title='bbox 1333 805 1449 853; x_wconf 92' lang='lat' dir='ltr'>nomen</span> <span class='ocrx_word' id='word_1_350' title='bbox 1466 789 1623 871; x_wconf 88' lang='lat' dir='ltr'>complicis</span> <span class='ocrx_word' id='word_1_351' title='bbox 1639 790 1672 850; x_wconf 94' lang='lat' dir='ltr'>in</span> <span class='ocrx_word' id='word_1_352' title='bbox 1687 788 1794 850; x_wconf 90' lang='lat' dir='ltr'>eodem</span> 
     </span>
     <span class='ocr_line' id='line_1_75' title="bbox 1049 881 1794 964; baseline 0 -24"><span class='ocrx_word' id='word_1_353' title='bbox 1049 887 1185 956; x_wconf 88' lang='lat' dir='ltr'>peccato:</span> <span class='ocrx_word' id='word_1_354' title='bbox 1204 888 1279 945; x_wconf 85' lang='lat' dir='ltr'>tunc</span> <span class='ocrx_word' id='word_1_355' title='bbox 1293 883 1379 946; x_wconf 91' lang='lat' dir='ltr'>enim</span> <span class='ocrx_word' id='word_1_356' title='bbox 1389 885 1606 964; x_wconf 86' lang='lat' dir='ltr'>poenitentem</span> <span class='ocrx_word' id='word_1_357' title='bbox 1617 881 1794 945; x_wconf 90' lang='lat' dir='ltr'>huiusmodi</span> 
     </span>
     <span class='ocr_line' id='line_1_76' title="bbox 1049 973 1795 1051; baseline 0.004 -18"><span class='ocrx_word' id='word_1_358' title='bbox 1049 973 1086 1034; x_wconf 90' lang='lat' dir='ltr'>ab</span> <span class='ocrx_word' id='word_1_359' title='bbox 1112 974 1297 1051; x_wconf 81' lang='lat' dir='ltr'>obligatione</span> <span class='ocrx_word' id='word_1_360' title='bbox 1326 979 1473 1040; x_wconf 87' lang='lat' dir='ltr'>eumdem</span> <span class='ocrx_word' id='word_1_361' title='bbox 1501 976 1723 1040; x_wconf 88' lang='lat' dir='ltr'>confessarium</span> <span class='ocrx_word' id='word_1_362' title='bbox 1745 976 1795 1038; x_wconf 89' lang='lat' dir='ltr'>dc·</span> 
     </span>
     <span class='ocr_line' id='line_1_77' title="bbox 1049 1067 1793 1151; baseline 0.001 -24"><span class='ocrx_word' id='word_1_363' title='bbox 1049 1067 1217 1131; x_wconf 79' lang='lat' dir='ltr'>nunciamli</span> <span class='ocrx_word' id='word_1_364' title='bbox 1237 1069 1414 1134; x_wconf 88' lang='lat' dir='ltr'>liberamus.</span> <span class='ocrx_word' id='word_1_365' title='bbox 1437 1072 1496 1136; x_wconf 87' lang='lat' dir='ltr'>Sed</span> <span class='ocrx_word' id='word_1_366' title='bbox 1519 1072 1642 1151; x_wconf 91' lang='lat' dir='ltr'>quando</span> <span class='ocrx_word' id='word_1_367' title='bbox 1658 1068 1793 1143; x_wconf 87' lang='lat' dir='ltr'>aliunde,</span> 
     </span>
     <span class='ocr_line' id='line_1_78' title="bbox 1049 1161 1838 1258; baseline 0.001 -37"><span class='ocrx_word' id='word_1_368' title='bbox 1049 1175 1142 1238; x_wconf 88' lang='lat' dir='ltr'>quam</span> <span class='ocrx_word' id='word_1_369' title='bbox 1165 1177 1203 1223; x_wconf 93' lang='lat' dir='ltr'>ex</span> <span class='ocrx_word' id='word_1_370' title='bbox 1230 1164 1420 1242; x_wconf 68' lang='lat' dir='ltr'>propriant</span> <span class='ocrx_word' id='word_1_371' title='bbox 1447 1165 1565 1230; x_wconf 88' lang='lat' dir='ltr'>dietum</span> <span class='ocrx_word' id='word_1_372' title='bbox 1593 1171 1650 1238; x_wconf 87' lang='lat' dir='ltr'>est,</span> <span class='ocrx_word' id='word_1_373' title='bbox 1677 1161 1796 1226; x_wconf 88' lang='lat' dir='ltr'>confes·</span> <span class='ocrx_word' id='word_1_374' title='bbox 1828 1233 1838 1258; x_wconf 45' lang='grc' dir='ltr'>ι</span> 
     </span>
     <span class='ocr_line' id='line_1_79' title="bbox 1047 1255 1796 1336; baseline 0 -22"><span class='ocrx_word' id='word_1_375' title='bbox 1047 1255 1147 1331; x_wconf 90' lang='lat' dir='ltr'>sione,</span> <span class='ocrx_word' id='word_1_376' title='bbox 1170 1257 1293 1318; x_wconf 85' lang='lat' dir='ltr'>noverit</span> <span class='ocrx_word' id='word_1_377' title='bbox 1314 1257 1537 1320; x_wconf 87' lang='lat' dir='ltr'>confessarium</span> <span class='ocrx_word' id='word_1_378' title='bbox 1563 1257 1665 1336; x_wconf 91' lang='lat' dir='ltr'>aliquo</span> <span class='ocrx_word' id='word_1_379' title='bbox 1686 1272 1725 1318; x_wconf 91' lang='lat' dir='ltr'>ex</span> <span class='ocrx_word' id='word_1_380' title='bbox 1745 1271 1796 1316; x_wconf 91' lang='lat' dir='ltr'>su-</span> 
     </span>
     <span class='ocr_line' id='line_1_80' title="bbox 1050 1347 1795 1426; baseline 0.004 -20"><span class='ocrx_word' id='word_1_381' title='bbox 1050 1347 1152 1424; x_wconf 90' lang='lat' dir='ltr'>perius</span> <span class='ocrx_word' id='word_1_382' title='bbox 1172 1350 1374 1426; x_wconf 87' lang='lat' dir='ltr'>enumeratis,</span> <span class='ocrx_word' id='word_1_383' title='bbox 1398 1362 1427 1412; x_wconf 88' lang='lat' dir='ltr'>et</span> <span class='ocrx_word' id='word_1_384' title='bbox 1443 1360 1547 1414; x_wconf 87' lang='lat' dir='ltr'>sancto</span> <span class='ocrx_word' id='word_1_385' title='bbox 1562 1349 1661 1412; x_wconf 84' lang='lat' dir='ltr'>officio</span> <span class='ocrx_word' id='word_1_386' title='bbox 1676 1349 1795 1411; x_wconf 91' lang='lat' dir='ltr'>denun-</span> 
     </span>
     <span class='ocr_line' id='line_1_81' title="bbox 1048 1440 1795 1523; baseline -0.001 -21"><span class='ocrx_word' id='word_1_387' title='bbox 1048 1440 1163 1503; x_wconf 90' lang='lat' dir='ltr'>ciandis</span> <span class='ocrx_word' id='word_1_388' title='bbox 1185 1442 1284 1505; x_wconf 90' lang='lat' dir='ltr'>modis</span> <span class='ocrx_word' id='word_1_389' title='bbox 1305 1443 1482 1523; x_wconf 89' lang='lat' dir='ltr'>deliquisse,</span> <span class='ocrx_word' id='word_1_390' title='bbox 1506 1451 1580 1506; x_wconf 89' lang='lat' dir='ltr'>tunc</span> <span class='ocrx_word' id='word_1_391' title='bbox 1595 1457 1670 1505; x_wconf 90' lang='lat' dir='ltr'>eum</span> <span class='ocrx_word' id='word_1_392' title='bbox 1683 1451 1714 1504; x_wconf 86' lang='lat' dir='ltr'>et</span> <span class='ocrx_word' id='word_1_393' title='bbox 1730 1442 1795 1519; x_wconf 87' lang='lat' dir='ltr'>ipse</span> 
     </span>
     <span class='ocr_line' id='line_1_82' title="bbox 1048 1533 1794 1602; baseline -0.003 -6"><span class='ocrx_word' id='word_1_394' title='bbox 1048 1533 1237 1598; x_wconf 90' lang='lat' dir='ltr'>denunciare</span> <span class='ocrx_word' id='word_1_395' title='bbox 1259 1537 1373 1599; x_wconf 89' lang='lat' dir='ltr'>exista</span> <span class='ocrx_word' id='word_1_396' title='bbox 1401 1539 1526 1601; x_wconf 89' lang='lat' dir='ltr'>aliunde</span> <span class='ocrx_word' id='word_1_397' title='bbox 1558 1538 1658 1602; x_wconf 92' lang='lat' dir='ltr'>habita</span> <span class='ocrx_word' id='word_1_398' title='bbox 1685 1536 1794 1599; x_wconf 90' lang='lat' dir='ltr'>notitia</span> 
     </span>
     <span class='ocr_line' id='line_1_83' title="bbox 1049 1636 2107 1712; baseline 0.003 -23"><span class='ocrx_word' id='word_1_399' title='bbox 1049 1636 1204 1692; x_wconf 89' lang='lat' dir='ltr'>teneatur.</span> <span class='ocrx_word' id='word_1_400' title='bbox 2105 1707 2107 1712; x_wconf 16' lang='lat' dir='ltr'><em>A</em></span> 
     </span>
     <span class='ocr_line' id='line_1_84' title="bbox 1087 1723 2028 1806; baseline -0.001 -20"><span class='ocrx_word' id='word_1_401' title='bbox 1087 1723 1171 1799; x_wconf 85' lang='lat' dir='ltr'>Quod</span> <span class='ocrx_word' id='word_1_402' title='bbox 1197 1725 1222 1787; x_wconf 90' lang='lat' dir='ltr'>si</span> <span class='ocrx_word' id='word_1_403' title='bbox 1248 1725 1424 1789; x_wconf 89' lang='lat' dir='ltr'>confessarii</span> <span class='ocrx_word' id='word_1_404' title='bbox 1453 1729 1490 1790; x_wconf 91' lang='lat' dir='ltr'>de</span> <span class='ocrx_word' id='word_1_405' title='bbox 1511 1727 1667 1806; x_wconf 87' lang='lat' dir='ltr'>complicis</span> <span class='ocrx_word' id='word_1_406' title='bbox 1695 1723 1793 1786; x_wconf 89' lang='lat' dir='ltr'>nomi·</span> <span class='ocrx_word' id='word_1_407' title='bbox 1826 1723 2028 1770; x_wconf 72' lang='lat' dir='ltr'>conlassarnva-</span> 
     </span>
    </p>
   </div>
   <div class='ocr_carea' id='block_1_15' title="bbox 1814 1777 2028 1824">
    <p class='ocr_par' dir='ltr' id='par_1_19' title="bbox 1814 1777 2028 1824">
     <span class='ocr_line' id='line_1_85' title="bbox 1814 1777 2028 1824; baseline 0.005 -3"><span class='ocrx_word' id='word_1_408' title='bbox 1814 1777 2028 1824; x_wconf 85' lang='lat' dir='ltr'>rocontrafacion-</span> 
     </span>
    </p>
   </div>
   <div class='ocr_carea' id='block_1_16' title="bbox 1048 1819 2029 1938">
    <p class='ocr_par' dir='ltr' id='par_1_20' title="bbox 1048 1819 2029 1938">
     <span class='ocr_line' id='line_1_86' title="bbox 1048 1819 2029 1938; baseline -0.001 -60"><span class='ocrx_word' id='word_1_409' title='bbox 1048 1833 1089 1879; x_wconf 91' lang='lat' dir='ltr'>ne</span> <span class='ocrx_word' id='word_1_410' title='bbox 1112 1833 1271 1896; x_wconf 90' lang='lat' dir='ltr'>perperam</span> <span class='ocrx_word' id='word_1_411' title='bbox 1298 1819 1532 1898; x_wconf 85' lang='lat' dir='ltr'>interrogantis,</span> <span class='ocrx_word' id='word_1_412' title='bbox 1554 1819 1793 1885; x_wconf 84' lang='lat' dir='ltr'>absolutionem·</span> <span class='ocrx_word' id='word_1_413' title='bbox 1813 1834 1853 1930; x_wconf 49' lang='grc' dir='ltr'>ἑξ</span> <span class='ocrx_word' id='word_1_414' title='bbox 1868 1829 2029 1938; x_wconf 45' lang='lat' dir='ltr'>3332anss-</span> 
     </span>
    </p>
   </div>
   <div class='ocr_carea' id='block_1_17' title="bbox 1032 1912 2030 2000">
    <p class='ocr_par' dir='ltr' id='par_1_21' title="bbox 1032 1912 2030 2000">
     <span class='ocr_line' id='line_1_87' title="bbox 1032 1912 2030 2000; baseline -0.002 -28"><span class='ocrx_word' id='word_1_415' title='bbox 1032 1927 1120 2000; x_wconf 90' lang='lat' dir='ltr'>que,</span> <span class='ocrx_word' id='word_1_416' title='bbox 1142 1912 1253 1975; x_wconf 90' lang='lat' dir='ltr'>nisibi</span> <span class='ocrx_word' id='word_1_417' title='bbox 1284 1914 1457 1992; x_wconf 89' lang='lat' dir='ltr'>detegatur,</span> <span class='ocrx_word' id='word_1_418' title='bbox 1487 1915 1670 1992; x_wconf 89' lang='lat' dir='ltr'>denegantis</span> <span class='ocrx_word' id='word_1_419' title='bbox 1691 1921 1792 1976; x_wconf 87' lang='lat' dir='ltr'>aetum</span> <span class='ocrx_word' id='word_1_420' title='bbox 1815 1937 2030 1995; x_wconf 82' lang='lat' dir='ltr'>ludicannietpu-</span> 
     </span>
    </p>
   </div>
   <div class='ocr_carea' id='block_1_18' title="bbox 1815 1989 2027 2038">
    <p class='ocr_par' dir='ltr' id='par_1_22' title="bbox 1815 1989 2027 2038">
     <span class='ocr_line' id='line_1_88' title="bbox 1815 1989 2027 2038; baseline 0 -2"><span class='ocrx_word' id='word_1_421' title='bbox 1815 1989 1985 2037; x_wconf 86' lang='lat' dir='ltr'>niendierunt</span> <span class='ocrx_word' id='word_1_422' title='bbox 1994 1989 2027 2038; x_wconf 90' lang='lat' dir='ltr'>ab</span> 
     </span>
    </p>
   </div>
   <div class='ocr_carea' id='block_1_19' title="bbox 1048 2005 1963 2091">
    <p class='ocr_par' dir='ltr' id='par_1_23' title="bbox 1048 2005 1963 2091">
     <span class='ocr_line' id='line_1_89' title="bbox 1048 2005 1963 2091; baseline 0.009 -25"><span class='ocrx_word' id='word_1_423' title='bbox 1048 2005 1208 2082; x_wconf 88' lang='lat' dir='ltr'>contingat</span> <span class='ocrx_word' id='word_1_424' title='bbox 1233 2007 1384 2070; x_wconf 89' lang='lat' dir='ltr'>eiusmodi</span> <span class='ocrx_word' id='word_1_425' title='bbox 1406 2025 1481 2084; x_wconf 89' lang='lat' dir='ltr'>esse,</span> <span class='ocrx_word' id='word_1_426' title='bbox 1505 2018 1549 2082; x_wconf 90' lang='lat' dir='ltr'>ut,</span> <span class='ocrx_word' id='word_1_427' title='bbox 1573 2009 1714 2086; x_wconf 87' lang='lat' dir='ltr'>quamvis</span> <span class='ocrx_word' id='word_1_428' title='bbox 1736 2007 1794 2068; x_wconf 90' lang='lat' dir='ltr'>im·</span> <span class='ocrx_word' id='word_1_429' title='bbox 1815 2044 1963 2091; x_wconf 60' lang='lat' dir='ltr'>ommam„</span> 
     </span>
    </p>
   </div>
   <div class='ocr_carea' id='block_1_20' title="bbox 1047 2099 2030 3577">
    <p class='ocr_par' dir='ltr' id='par_1_24' title="bbox 1047 2099 2030 3577">
     <span class='ocr_line' id='line_1_90' title="bbox 1049 2099 1795 2180; baseline 0 -20"><span class='ocrx_word' id='word_1_430' title='bbox 1049 2100 1186 2176; x_wconf 90' lang='lat' dir='ltr'>prudens</span> <span class='ocrx_word' id='word_1_431' title='bbox 1206 2108 1237 2162; x_wconf 93' lang='lat' dir='ltr'>et</span> <span class='ocrx_word' id='word_1_432' title='bbox 1259 2099 1370 2176; x_wconf 90' lang='lat' dir='ltr'>malus,</span> <span class='ocrx_word' id='word_1_433' title='bbox 1389 2101 1522 2180; x_wconf 87' lang='lat' dir='ltr'>simplex</span> <span class='ocrx_word' id='word_1_434' title='bbox 1544 2109 1647 2163; x_wconf 90' lang='lat' dir='ltr'>tamen</span> <span class='ocrx_word' id='word_1_435' title='bbox 1670 2099 1795 2178; x_wconf 91' lang='lat' dir='ltr'>quidam</span> 
     </span>
     <span class='ocr_line' id='line_1_91' title="bbox 1050 2193 1795 2270; baseline 0.005 -18"><span class='ocrx_word' id='word_1_436' title='bbox 1050 2200 1080 2256; x_wconf 89' lang='lat' dir='ltr'>et</span> <span class='ocrx_word' id='word_1_437' title='bbox 1102 2194 1203 2255; x_wconf 90' lang='lat' dir='ltr'>nudus</span> <span class='ocrx_word' id='word_1_438' title='bbox 1225 2202 1310 2256; x_wconf 91' lang='lat' dir='ltr'>actus</span> <span class='ocrx_word' id='word_1_439' title='bbox 1326 2193 1431 2270; x_wconf 91' lang='lat' dir='ltr'>fuerit,</span> <span class='ocrx_word' id='word_1_440' title='bbox 1450 2195 1526 2258; x_wconf 88' lang='lat' dir='ltr'>idest</span> <span class='ocrx_word' id='word_1_441' title='bbox 1542 2195 1578 2256; x_wconf 90' lang='lat' dir='ltr'>iis</span> <span class='ocrx_word' id='word_1_442' title='bbox 1594 2196 1795 2256; x_wconf 89' lang='lat' dir='ltr'>circumstan-</span> 
     </span>
     <span class='ocr_line' id='line_1_92' title="bbox 1050 2285 1794 2367; baseline 0.003 -21"><span class='ocrx_word' id='word_1_443' title='bbox 1050 2285 1100 2346; x_wconf 90' lang='lat' dir='ltr'>tiis</span> <span class='ocrx_word' id='word_1_444' title='bbox 1122 2285 1299 2361; x_wconf 86' lang='lat' dir='ltr'>destitutus,</span> <span class='ocrx_word' id='word_1_445' title='bbox 1322 2304 1401 2367; x_wconf 91' lang='lat' dir='ltr'>quae</span> <span class='ocrx_word' id='word_1_446' title='bbox 1422 2289 1459 2350; x_wconf 90' lang='lat' dir='ltr'>de</span> <span class='ocrx_word' id='word_1_447' title='bbox 1481 2303 1573 2366; x_wconf 89' lang='lat' dir='ltr'>prava</span> <span class='ocrx_word' id='word_1_448' title='bbox 1602 2287 1794 2362; x_wconf 88' lang='lat' dir='ltr'>credulitate,</span> 
     </span>
     <span class='ocr_line' id='line_1_93' title="bbox 1050 2378 1798 2464; baseline 0.008 -28"><span class='ocrx_word' id='word_1_449' title='bbox 1050 2378 1101 2440; x_wconf 87' lang='lat' dir='ltr'>rel</span> <span class='ocrx_word' id='word_1_450' title='bbox 1122 2378 1160 2439; x_wconf 91' lang='lat' dir='ltr'>do</span> <span class='ocrx_word' id='word_1_451' title='bbox 1181 2379 1260 2464; x_wconf 88' lang='lat' dir='ltr'>mala</span> <span class='ocrx_word' id='word_1_452' title='bbox 1277 2379 1460 2442; x_wconf 90' lang='lat' dir='ltr'>adhaesione</span> <span class='ocrx_word' id='word_1_453' title='bbox 1475 2382 1511 2444; x_wconf 91' lang='lat' dir='ltr'>ad</span> <span class='ocrx_word' id='word_1_454' title='bbox 1527 2381 1646 2460; x_wconf 91' lang='lat' dir='ltr'>praxim</span> <span class='ocrx_word' id='word_1_455' title='bbox 1661 2381 1695 2443; x_wconf 91' lang='lat' dir='ltr'>in</span> <span class='ocrx_word' id='word_1_456' title='bbox 1709 2396 1798 2460; x_wconf 90' lang='lat' dir='ltr'>saepe</span> 
     </span>
     <span class='ocr_line' id='line_1_94' title="bbox 1050 2470 1797 2552; baseline 0.005 -21"><span class='ocrx_word' id='word_1_457' title='bbox 1050 2470 1131 2533; x_wconf 91' lang='lat' dir='ltr'>dioto</span> <span class='ocrx_word' id='word_1_458' title='bbox 1157 2479 1263 2534; x_wconf 88' lang='lat' dir='ltr'>nostro</span> <span class='ocrx_word' id='word_1_459' title='bbox 1296 2473 1382 2534; x_wconf 91' lang='lat' dir='ltr'>brevi</span> <span class='ocrx_word' id='word_1_460' title='bbox 1411 2475 1616 2552; x_wconf 88' lang='lat' dir='ltr'>reprobatam,</span> <span class='ocrx_word' id='word_1_461' title='bbox 1641 2481 1797 2552; x_wconf 92' lang='lat' dir='ltr'>tamquam</span> 
     </span>
     <span class='ocr_line' id='line_1_95' title="bbox 1050 2563 1798 2646; baseline 0.005 -22"><span class='ocrx_word' id='word_1_462' title='bbox 1050 2565 1086 2625; x_wconf 89' lang='lat' dir='ltr'>ad</span> <span class='ocrx_word' id='word_1_463' title='bbox 1109 2563 1236 2642; x_wconf 89' lang='lat' dir='ltr'>licitam,</span> <span class='ocrx_word' id='word_1_464' title='bbox 1259 2569 1404 2630; x_wconf 91' lang='lat' dir='ltr'>eumdem</span> <span class='ocrx_word' id='word_1_465' title='bbox 1433 2566 1656 2632; x_wconf 89' lang='lat' dir='ltr'>confessarium</span> <span class='ocrx_word' id='word_1_466' title='bbox 1676 2584 1798 2646; x_wconf 88' lang='lat' dir='ltr'>suspec-</span> 
     </span>
     <span class='ocr_line' id='line_1_96' title="bbox 1052 2659 1797 2738; baseline 0.001 -18"><span class='ocrx_word' id='word_1_467' title='bbox 1052 2665 1119 2721; x_wconf 87' lang='lat' dir='ltr'>tum</span> <span class='ocrx_word' id='word_1_468' title='bbox 1133 2659 1276 2738; x_wconf 80' lang='lat' dir='ltr'>roddant3</span> <span class='ocrx_word' id='word_1_469' title='bbox 1302 2667 1375 2724; x_wconf 90' lang='lat' dir='ltr'>tunc</span> <span class='ocrx_word' id='word_1_470' title='bbox 1392 2661 1564 2725; x_wconf 90' lang='lat' dir='ltr'>istiusmodi</span> <span class='ocrx_word' id='word_1_471' title='bbox 1578 2662 1726 2725; x_wconf 90' lang='lat' dir='ltr'>delictum</span> <span class='ocrx_word' id='word_1_472' title='bbox 1745 2675 1797 2721; x_wconf 86' lang='lat' dir='ltr'>ne·</span> 
     </span>
     <span class='ocr_line' id='line_1_97' title="bbox 1050 2750 1798 2838; baseline 0.001 -25"><span class='ocrx_word' id='word_1_473' title='bbox 1050 2766 1111 2830; x_wconf 93' lang='lat' dir='ltr'>que</span> <span class='ocrx_word' id='word_1_474' title='bbox 1131 2750 1380 2816; x_wconf 85' lang='lat' dir='ltr'>denunciationis</span> <span class='ocrx_word' id='word_1_475' title='bbox 1402 2753 1503 2829; x_wconf 90' lang='lat' dir='ltr'>oneri,</span> <span class='ocrx_word' id='word_1_476' title='bbox 1526 2771 1628 2833; x_wconf 89' lang='lat' dir='ltr'>neque</span> <span class='ocrx_word' id='word_1_477' title='bbox 1641 2755 1740 2838; x_wconf 87' lang='lat' dir='ltr'>sancti</span> <span class='ocrx_word' id='word_1_478' title='bbox 1754 2752 1798 2815; x_wconf 91' lang='lat' dir='ltr'>oi-</span> 
     </span>
     <span class='ocr_line' id='line_1_98' title="bbox 1051 2843 1796 2923; baseline 0.003 -19"><span class='ocrx_word' id='word_1_479' title='bbox 1051 2843 1111 2904; x_wconf 87' lang='lat' dir='ltr'>fioii</span> <span class='ocrx_word' id='word_1_480' title='bbox 1141 2845 1289 2923; x_wconf 90' lang='lat' dir='ltr'>praedicti</span> <span class='ocrx_word' id='word_1_481' title='bbox 1316 2847 1487 2923; x_wconf 87' lang='lat' dir='ltr'>cognitioni</span> <span class='ocrx_word' id='word_1_482' title='bbox 1515 2848 1690 2910; x_wconf 88' lang='lat' dir='ltr'>subiectum</span> <span class='ocrx_word' id='word_1_483' title='bbox 1719 2847 1796 2922; x_wconf 79' lang='lat' dir='ltr'>erit3</span> 
     </span>
     <span class='ocr_line' id='line_1_99' title="bbox 1049 2936 1797 3020; baseline 0.007 -23"><span class='ocrx_word' id='word_1_484' title='bbox 1049 2937 1102 2999; x_wconf 90' lang='lat' dir='ltr'>sed</span> <span class='ocrx_word' id='word_1_485' title='bbox 1123 2936 1162 2998; x_wconf 92' lang='lat' dir='ltr'>de</span> <span class='ocrx_word' id='word_1_486' title='bbox 1177 2937 1230 3000; x_wconf 95' lang='lat' dir='ltr'>illo</span> <span class='ocrx_word' id='word_1_487' title='bbox 1244 2954 1441 3016; x_wconf 88' lang='lat' dir='ltr'>cognoscere,</span> <span class='ocrx_word' id='word_1_488' title='bbox 1458 2950 1550 3020; x_wconf 89' lang='lat' dir='ltr'>atque</span> <span class='ocrx_word' id='word_1_489' title='bbox 1564 2941 1598 3003; x_wconf 94' lang='lat' dir='ltr'>in</span> <span class='ocrx_word' id='word_1_490' title='bbox 1612 2939 1797 3018; x_wconf 90' lang='lat' dir='ltr'>delinquen-</span> 
     </span>
     <span class='ocr_line' id='line_1_100' title="bbox 1050 3029 1798 3113; baseline 0.005 -22"><span class='ocrx_word' id='word_1_491' title='bbox 1050 3039 1113 3091; x_wconf 91' lang='lat' dir='ltr'>tem</span> <span class='ocrx_word' id='word_1_492' title='bbox 1145 3029 1377 3106; x_wconf 89' lang='lat' dir='ltr'>oonfessarinm,</span> <span class='ocrx_word' id='word_1_493' title='bbox 1410 3049 1464 3112; x_wconf 92' lang='lat' dir='ltr'>per</span> <span class='ocrx_word' id='word_1_494' title='bbox 1494 3034 1733 3113; x_wconf 90' lang='lat' dir='ltr'>suspensionem</span> <span class='ocrx_word' id='word_1_495' title='bbox 1761 3034 1798 3095; x_wconf 90' lang='lat' dir='ltr'>ab</span> 
     </span>
     <span class='ocr_line' id='line_1_101' title="bbox 1048 3121 1798 3201; baseline 0.008 -19"><span class='ocrx_word' id='word_1_496' title='bbox 1048 3121 1207 3186; x_wconf 85' lang='lat' dir='ltr'>audiendis</span> <span class='ocrx_word' id='word_1_497' title='bbox 1229 3123 1484 3201; x_wconf 83' lang='lat' dir='ltr'>confessionibus,</span> <span class='ocrx_word' id='word_1_498' title='bbox 1507 3126 1559 3188; x_wconf 90' lang='lat' dir='ltr'>vel</span> <span class='ocrx_word' id='word_1_499' title='bbox 1580 3126 1651 3188; x_wconf 89' lang='lat' dir='ltr'>alias</span> <span class='ocrx_word' id='word_1_500' title='bbox 1672 3126 1798 3188; x_wconf 91' lang='lat' dir='ltr'>canoni-</span> 
     </span>
     <span class='ocr_line' id='line_1_102' title="bbox 1048 3217 1796 3298; baseline 0.003 -20"><span class='ocrx_word' id='word_1_501' title='bbox 1048 3233 1097 3278; x_wconf 88' lang='lat' dir='ltr'>cas</span> <span class='ocrx_word' id='word_1_502' title='bbox 1118 3223 1150 3279; x_wconf 90' lang='lat' dir='ltr'>et</span> <span class='ocrx_word' id='word_1_503' title='bbox 1179 3217 1332 3294; x_wconf 88' lang='lat' dir='ltr'>legitimas</span> <span class='ocrx_word' id='word_1_504' title='bbox 1364 3234 1476 3296; x_wconf 91' lang='lat' dir='ltr'>poenas</span> <span class='ocrx_word' id='word_1_505' title='bbox 1504 3235 1559 3298; x_wconf 93' lang='lat' dir='ltr'>pro</span> <span class='ocrx_word' id='word_1_506' title='bbox 1580 3219 1684 3283; x_wconf 88' lang='lat' dir='ltr'>delicti</span> <span class='ocrx_word' id='word_1_507' title='bbox 1706 3221 1796 3282; x_wconf 92' lang='lat' dir='ltr'>modo</span> 
     </span>
     <span class='ocr_line' id='line_1_103' title="bbox 1048 3311 1795 3386; baseline 0.004 -15"><span class='ocrx_word' id='word_1_508' title='bbox 1048 3311 1306 3386; x_wconf 87' lang='lat' dir='ltr'>animadvertere,</span> <span class='ocrx_word' id='word_1_509' title='bbox 1337 3315 1372 3374; x_wconf 91' lang='lat' dir='ltr'>ad</span> <span class='ocrx_word' id='word_1_510' title='bbox 1401 3313 1539 3376; x_wconf 92' lang='lat' dir='ltr'>locorum</span> <span class='ocrx_word' id='word_1_511' title='bbox 1566 3313 1743 3378; x_wconf 87' lang='lat' dir='ltr'>Ordinarios</span> <span class='ocrx_word' id='word_1_512' title='bbox 1764 3315 1795 3375; x_wconf 91' lang='lat' dir='ltr'>in</span> 
     </span>
     <span class='ocr_line' id='line_1_104' title="bbox 1047 3404 1754 3485; baseline 0.001 -22"><span class='ocrx_word' id='word_1_513' title='bbox 1047 3419 1102 3465; x_wconf 89' lang='lat' dir='ltr'>sua</span> <span class='ocrx_word' id='word_1_514' title='bbox 1123 3405 1274 3481; x_wconf 88' lang='lat' dir='ltr'>cuiusque</span> <span class='ocrx_word' id='word_1_515' title='bbox 1294 3404 1425 3468; x_wconf 90' lang='lat' dir='ltr'>dioecesi</span> <span class='ocrx_word' id='word_1_516' title='bbox 1446 3407 1575 3468; x_wconf 90' lang='lat' dir='ltr'>omnino</span> <span class='ocrx_word' id='word_1_517' title='bbox 1596 3405 1754 3485; x_wconf 88' lang='lat' dir='ltr'>spectabit.</span> 
     </span>
     <span class='ocr_line' id='line_1_105' title="bbox 1088 3497 2030 3577; baseline 0.008 -19"><span class='ocrx_word' id='word_1_518' title='bbox 1088 3497 1141 3558; x_wconf 88' lang='lat' dir='ltr'>llis</span> <span class='ocrx_word' id='word_1_519' title='bbox 1162 3497 1260 3574; x_wconf 90' lang='lat' dir='ltr'>igitur</span> <span class='ocrx_word' id='word_1_520' title='bbox 1281 3498 1359 3562; x_wconf 88' lang='lat' dir='ltr'>circa</span> <span class='ocrx_word' id='word_1_521' title='bbox 1387 3499 1541 3575; x_wconf 91' lang='lat' dir='ltr'>ordinem,</span> <span class='ocrx_word' id='word_1_522' title='bbox 1566 3500 1708 3577; x_wconf 90' lang='lat' dir='ltr'>formam,</span> <span class='ocrx_word' id='word_1_523' title='bbox 1732 3519 1795 3564; x_wconf 92' lang='lat' dir='ltr'>mo·</span> <span class='ocrx_word' id='word_1_524' title='bbox 1855 3509 1921 3555; x_wconf 68' lang='lat' dir='ltr'>naso</span> <span class='ocrx_word' id='word_1_525' title='bbox 1945 3517 2030 3565; x_wconf 78' lang='lat' dir='ltr'>proca-</span> 
     </span>
    </p>
   </div>
   <div class='ocr_carea' id='block_1_21' title="bbox 1048 3561 2029 3676">
    <p class='ocr_par' dir='ltr' id='par_1_25' title="bbox 1048 3561 2029 3676">
     <span class='ocr_line' id='line_1_106' title="bbox 1048 3561 2029 3676; baseline 0.002 -19"><span class='ocrx_word' id='word_1_526' title='bbox 1048 3595 1186 3674; x_wconf 92' lang='lat' dir='ltr'>dumque</span> <span class='ocrx_word' id='word_1_527' title='bbox 1205 3604 1311 3658; x_wconf 89' lang='lat' dir='ltr'>contra</span> <span class='ocrx_word' id='word_1_528' title='bbox 1326 3597 1478 3659; x_wconf 90' lang='lat' dir='ltr'>eiusmodi</span> <span class='ocrx_word' id='word_1_529' title='bbox 1494 3595 1713 3675; x_wconf 88' lang='lat' dir='ltr'>delinquentes</span> <span class='ocrx_word' id='word_1_530' title='bbox 1728 3613 1795 3676; x_wconf 91' lang='lat' dir='ltr'>pro·</span> <span class='ocrx_word' id='word_1_531' title='bbox 1815 3561 1947 3662; x_wconf 53' lang='lat' dir='ltr'>ffeernvdaho‘a?</span> <span class='ocrx_word' id='word_1_532' title='bbox 1964 3561 2029 3662; x_wconf 56' lang='lat' dir='ltr'><strong>020¹ss</strong></span> 
     </span>
    </p>
   </div>
   <div class='ocr_carea' id='block_1_22' title="bbox 1042 3673 2029 6028">
    <p class='ocr_par' dir='ltr' id='par_1_26' title="bbox 1042 3673 2029 6028">
     <span class='ocr_line' id='line_1_107' title="bbox 1047 3673 1893 3770; baseline 0.002 -16"><span class='ocrx_word' id='word_1_533' title='bbox 1047 3692 1187 3767; x_wconf 89' lang='lat' dir='ltr'>oedendi,</span> <span class='ocrx_word' id='word_1_534' title='bbox 1211 3699 1247 3752; x_wconf 90' lang='lat' dir='ltr'>nt</span> <span class='ocrx_word' id='word_1_535' title='bbox 1267 3690 1454 3770; x_wconf 89' lang='lat' dir='ltr'>praefertur,</span> <span class='ocrx_word' id='word_1_536' title='bbox 1477 3695 1666 3770; x_wconf 88' lang='lat' dir='ltr'>constitutis,</span> <span class='ocrx_word' id='word_1_537' title='bbox 1683 3710 1716 3757; x_wconf 89' lang='lat' dir='ltr'>ac</span> <span class='ocrx_word' id='word_1_538' title='bbox 1731 3695 1795 3756; x_wconf 88' lang='lat' dir='ltr'>suis</span> <span class='ocrx_word' id='word_1_539' title='bbox 1816 3673 1893 3716; x_wconf 68' lang='lat'>&#39;‘¹²⁰&#39;&#39;</span> 
     </span>
     <span class='ocr_line' id='line_1_108' title="bbox 1049 3787 1796 3866; baseline 0.003 -18"><span class='ocrx_word' id='word_1_540' title='bbox 1049 3787 1218 3866; x_wconf 88' lang='lat' dir='ltr'>unicuique</span> <span class='ocrx_word' id='word_1_541' title='bbox 1240 3788 1331 3850; x_wconf 91' lang='lat' dir='ltr'>iudici</span> <span class='ocrx_word' id='word_1_542' title='bbox 1358 3787 1562 3852; x_wconf 89' lang='lat' dir='ltr'>ecclesiastico</span> <span class='ocrx_word' id='word_1_543' title='bbox 1584 3789 1704 3852; x_wconf 91' lang='lat' dir='ltr'>iuribus</span> <span class='ocrx_word' id='word_1_544' title='bbox 1724 3789 1796 3850; x_wconf 90' lang='lat' dir='ltr'>assi·</span> 
     </span>
     <span class='ocr_line' id='line_1_109' title="bbox 1048 3882 1796 3961; baseline 0.005 -17"><span class='ocrx_word' id='word_1_545' title='bbox 1048 3882 1149 3960; x_wconf 91' lang='lat' dir='ltr'>gnatis</span> <span class='ocrx_word' id='word_1_546' title='bbox 1170 3891 1201 3944; x_wconf 90' lang='lat' dir='ltr'>et</span> <span class='ocrx_word' id='word_1_547' title='bbox 1219 3883 1408 3961; x_wconf 75' lang='lat' dir='ltr'>distributis3</span> <span class='ocrx_word' id='word_1_548' title='bbox 1424 3885 1504 3948; x_wconf 90' lang='lat' dir='ltr'>hano</span> <span class='ocrx_word' id='word_1_549' title='bbox 1519 3900 1574 3946; x_wconf 90' lang='lat' dir='ltr'>nos</span> <span class='ocrx_word' id='word_1_550' title='bbox 1590 3885 1733 3961; x_wconf 89' lang='lat' dir='ltr'>deinceps</span> <span class='ocrx_word' id='word_1_551' title='bbox 1748 3902 1796 3948; x_wconf 90' lang='lat' dir='ltr'>re·</span> 
     </span>
     <span class='ocr_line' id='line_1_110' title="bbox 1048 3977 1794 4061; baseline 0 -21"><span class='ocrx_word' id='word_1_552' title='bbox 1048 3979 1152 4054; x_wconf 89' lang='lat' dir='ltr'>gulam</span> <span class='ocrx_word' id='word_1_553' title='bbox 1174 3977 1211 4040; x_wconf 91' lang='lat' dir='ltr'>ab</span> <span class='ocrx_word' id='word_1_554' title='bbox 1237 3979 1382 4042; x_wconf 87' lang='lat' dir='ltr'>omnibus</span> <span class='ocrx_word' id='word_1_555' title='bbox 1408 3978 1566 4042; x_wconf 89' lang='lat' dir='ltr'>observari</span> <span class='ocrx_word' id='word_1_556' title='bbox 1594 3997 1627 4042; x_wconf 91' lang='lat' dir='ltr'>ac</span> <span class='ocrx_word' id='word_1_557' title='bbox 1648 3979 1794 4061; x_wconf 88' lang='lat' dir='ltr'>custodiri</span> 
     </span>
     <span class='ocr_line' id='line_1_111' title="bbox 1048 4072 1795 4151; baseline 0.003 -19"><span class='ocrx_word' id='word_1_558' title='bbox 1048 4072 1192 4134; x_wconf 90' lang='lat' dir='ltr'>volumus</span> <span class='ocrx_word' id='word_1_559' title='bbox 1213 4079 1243 4134; x_wconf 91' lang='lat' dir='ltr'>et</span> <span class='ocrx_word' id='word_1_560' title='bbox 1265 4073 1458 4147; x_wconf 86' lang='lat' dir='ltr'>mandamus,</span> <span class='ocrx_word' id='word_1_561' title='bbox 1474 4073 1499 4133; x_wconf 93' lang='lat' dir='ltr'>si</span> <span class='ocrx_word' id='word_1_562' title='bbox 1521 4074 1643 4151; x_wconf 90' lang='lat' dir='ltr'>quando</span> <span class='ocrx_word' id='word_1_563' title='bbox 1659 4072 1730 4134; x_wconf 90' lang='lat' dir='ltr'>talia</span> <span class='ocrx_word' id='word_1_564' title='bbox 1745 4076 1795 4136; x_wconf 91' lang='lat' dir='ltr'>dc·</span> 
     </span>
     <span class='ocr_line' id='line_1_112' title="bbox 1047 4165 1793 4246; baseline 0.005 -20"><span class='ocrx_word' id='word_1_565' title='bbox 1047 4165 1115 4230; x_wconf 91' lang='lat' dir='ltr'>licta</span> <span class='ocrx_word' id='word_1_566' title='bbox 1148 4166 1335 4243; x_wconf 84' lang='lat' dir='ltr'>deprehendi</span> <span class='ocrx_word' id='word_1_567' title='bbox 1366 4167 1549 4246; x_wconf 81' lang='lat' dir='ltr'>eontigerit3</span> <span class='ocrx_word' id='word_1_568' title='bbox 1583 4183 1661 4246; x_wconf 91' lang='lat' dir='ltr'>quae</span> <span class='ocrx_word' id='word_1_569' title='bbox 1691 4176 1793 4230; x_wconf 89' lang='lat' dir='ltr'>tamen</span> 
     </span>
     <span class='ocr_line' id='line_1_113' title="bbox 1048 4260 1794 4339; baseline 0.003 -18"><span class='ocrx_word' id='word_1_570' title='bbox 1048 4261 1129 4322; x_wconf 91' lang='lat' dir='ltr'>haud</span> <span class='ocrx_word' id='word_1_571' title='bbox 1145 4275 1295 4338; x_wconf 93' lang='lat' dir='ltr'>umquam</span> <span class='ocrx_word' id='word_1_572' title='bbox 1310 4260 1434 4339; x_wconf 89' lang='lat' dir='ltr'>posthac</span> <span class='ocrx_word' id='word_1_573' title='bbox 1449 4269 1599 4324; x_wconf 89' lang='lat' dir='ltr'>eventura</span> <span class='ocrx_word' id='word_1_574' title='bbox 1615 4261 1647 4323; x_wconf 93' lang='lat' dir='ltr'>in</span> <span class='ocrx_word' id='word_1_575' title='bbox 1664 4262 1794 4326; x_wconf 84' lang='lat' dir='ltr'>Domino</span> 
     </span>
     <span class='ocr_line' id='line_1_114' title="bbox 1047 4353 1794 4434; baseline 0.003 -19"><span class='ocrx_word' id='word_1_576' title='bbox 1047 4353 1244 4432; x_wconf 88' lang='lat' dir='ltr'>confidimns,</span> <span class='ocrx_word' id='word_1_577' title='bbox 1260 4353 1424 4416; x_wconf 89' lang='lat' dir='ltr'>accedente</span> <span class='ocrx_word' id='word_1_578' title='bbox 1439 4355 1566 4431; x_wconf 89' lang='lat' dir='ltr'>insuper</span> <span class='ocrx_word' id='word_1_579' title='bbox 1580 4355 1733 4434; x_wconf 91' lang='lat' dir='ltr'>praeclara</span> <span class='ocrx_word' id='word_1_580' title='bbox 1748 4356 1794 4417; x_wconf 89' lang='lat' dir='ltr'>lo·</span> 
     </span>
     <span class='ocr_line' id='line_1_115' title="bbox 1046 4439 1796 4526; baseline 0.001 -17"><span class='ocrx_word' id='word_1_581' title='bbox 1046 4446 1144 4526; x_wconf 82' lang='lat' dir='ltr'>clytae</span> <span class='ocrx_word' id='word_1_582' title='bbox 1155 4439 1319 4510; x_wconf 81' lang='lat' dir='ltr'>Lusitanae</span> <span class='ocrx_word' id='word_1_583' title='bbox 1331 4449 1465 4510; x_wconf 90' lang='lat' dir='ltr'>nationis</span> <span class='ocrx_word' id='word_1_584' title='bbox 1482 4449 1644 4510; x_wconf 89' lang='lat' dir='ltr'>universae</span> <span class='ocrx_word' id='word_1_585' title='bbox 1659 4464 1731 4526; x_wconf 88' lang='lat' dir='ltr'>erga</span> <span class='ocrx_word' id='word_1_586' title='bbox 1744 4449 1796 4512; x_wconf 90' lang='lat' dir='ltr'>Se·</span> 
     </span>
     <span class='ocr_line' id='line_1_116' title="bbox 1046 4540 1796 4620; baseline 0.003 -19"><span class='ocrx_word' id='word_1_587' title='bbox 1046 4541 1116 4602; x_wconf 90' lang='lat' dir='ltr'>dem</span> <span class='ocrx_word' id='word_1_588' title='bbox 1139 4540 1343 4620; x_wconf 74' lang='lat' dir='ltr'>apostolicam</span> <span class='ocrx_word' id='word_1_589' title='bbox 1372 4541 1566 4604; x_wconf 88' lang='lat' dir='ltr'>observantia</span> <span class='ocrx_word' id='word_1_590' title='bbox 1595 4549 1625 4604; x_wconf 92' lang='lat' dir='ltr'>et</span> <span class='ocrx_word' id='word_1_591' title='bbox 1652 4543 1796 4605; x_wconf 89' lang='lat' dir='ltr'>obedien-</span> 
     </span>
     <span class='ocr_line' id='line_1_117' title="bbox 1047 4634 1795 4709; baseline 0.003 -14"><span class='ocrx_word' id='word_1_592' title='bbox 1047 4634 1099 4709; x_wconf 92' lang='lat' dir='ltr'>tia,</span> <span class='ocrx_word' id='word_1_593' title='bbox 1121 4650 1178 4698; x_wconf 91' lang='lat' dir='ltr'>nec</span> <span class='ocrx_word' id='word_1_594' title='bbox 1199 4651 1262 4696; x_wconf 91' lang='lat' dir='ltr'>non</span> <span class='ocrx_word' id='word_1_595' title='bbox 1285 4635 1399 4696; x_wconf 90' lang='lat' dir='ltr'>eximia</span> <span class='ocrx_word' id='word_1_596' title='bbox 1422 4642 1489 4697; x_wconf 89' lang='lat' dir='ltr'>tom</span> <span class='ocrx_word' id='word_1_597' title='bbox 1508 4636 1596 4698; x_wconf 89' lang='lat' dir='ltr'>istius</span> <span class='ocrx_word' id='word_1_598' title='bbox 1611 4645 1733 4699; x_wconf 87' lang='lat' dir='ltr'>sanotae</span> <span class='ocrx_word' id='word_1_599' title='bbox 1747 4635 1795 4697; x_wconf 92' lang='lat' dir='ltr'>ln-</span> 
     </span>
     <span class='ocr_line' id='line_1_118' title="bbox 1045 4727 1796 4808; baseline 0.004 -20"><span class='ocrx_word' id='word_1_600' title='bbox 1045 4727 1222 4805; x_wconf 89' lang='lat' dir='ltr'>quisitionis</span> <span class='ocrx_word' id='word_1_601' title='bbox 1243 4729 1347 4804; x_wconf 82' lang='lat' dir='ltr'>oflicii,</span> <span class='ocrx_word' id='word_1_602' title='bbox 1371 4737 1437 4791; x_wconf 87' lang='lat' dir='ltr'>tum</span> <span class='ocrx_word' id='word_1_603' title='bbox 1460 4727 1610 4808; x_wconf 88' lang='lat' dir='ltr'>cuiusque</span> <span class='ocrx_word' id='word_1_604' title='bbox 1632 4730 1690 4792; x_wconf 87' lang='lat' dir='ltr'>loci</span> <span class='ocrx_word' id='word_1_605' title='bbox 1710 4730 1796 4794; x_wconf 90' lang='lat' dir='ltr'>Ordi-</span> 
     </span>
     <span class='ocr_line' id='line_1_119' title="bbox 1046 4820 1791 4902; baseline 0.004 -23"><span class='ocrx_word' id='word_1_606' title='bbox 1046 4820 1208 4883; x_wconf 90' lang='lat' dir='ltr'>nariorum</span> <span class='ocrx_word' id='word_1_607' title='bbox 1239 4837 1412 4902; x_wconf 90' lang='lat' dir='ltr'>numquam</span> <span class='ocrx_word' id='word_1_608' title='bbox 1446 4822 1589 4885; x_wconf 88' lang='lat' dir='ltr'>defutura</span> <span class='ocrx_word' id='word_1_609' title='bbox 1620 4823 1791 4901; x_wconf 90' lang='lat' dir='ltr'>vigilantia.</span> 
     </span>
     <span class='ocr_line' id='line_1_120' title="bbox 1045 4910 2029 5010; baseline 0.006 -35"><span class='ocrx_word' id='word_1_610' title='bbox 1045 4913 1233 4994; x_wconf 82' lang='lat' dir='ltr'>Quapropter</span> <span class='ocrx_word' id='word_1_611' title='bbox 1252 4932 1469 4995; x_wconf 90' lang='lat' dir='ltr'>quaecumque</span> <span class='ocrx_word' id='word_1_612' title='bbox 1483 4916 1583 4992; x_wconf 88' lang='lat' dir='ltr'>aliter,</span> <span class='ocrx_word' id='word_1_613' title='bbox 1600 4933 1692 4996; x_wconf 92' lang='lat' dir='ltr'>quam</span> <span class='ocrx_word' id='word_1_614' title='bbox 1709 4935 1794 4998; x_wconf 91' lang='lat' dir='ltr'>prae-</span> <span class='ocrx_word' id='word_1_615' title='bbox 1832 4910 2029 5010; x_wconf 46' lang='grc' dir='ltr'>Μξῑξῐξῑξξξΐαῃέ</span> 
     </span>
     <span class='ocr_line' id='line_1_121' title="bbox 1044 4973 2029 5074; baseline 0.006 -7"><span class='ocrx_word' id='word_1_616' title='bbox 1044 5007 1183 5069; x_wconf 89' lang='lat' dir='ltr'>sentibus</span> <span class='ocrx_word' id='word_1_617' title='bbox 1214 5009 1329 5071; x_wconf 86' lang='lat' dir='ltr'>nostris</span> <span class='ocrx_word' id='word_1_618' title='bbox 1357 5010 1552 5074; x_wconf 89' lang='lat' dir='ltr'>decrevimus</span> <span class='ocrx_word' id='word_1_619' title='bbox 1580 5021 1611 5072; x_wconf 93' lang='lat' dir='ltr'>et</span> <span class='ocrx_word' id='word_1_620' title='bbox 1634 5012 1794 5074; x_wconf 91' lang='lat' dir='ltr'>constitui·</span> <span class='ocrx_word' id='word_1_621' title='bbox 1814 4973 1887 5062; x_wconf 60' lang='lat' dir='ltr'>ienae</span> <span class='ocrx_word' id='word_1_622' title='bbox 1926 4975 2029 5066; x_wconf 63' lang='lat' dir='ltr'>iacuit</span> 
     </span>
     <span class='ocr_line' id='line_1_122' title="bbox 1045 5070 1978 5184; baseline 0.005 -24"><span class='ocrx_word' id='word_1_623' title='bbox 1045 5114 1125 5174; x_wconf 89' lang='lat' dir='ltr'>mus,</span> <span class='ocrx_word' id='word_1_624' title='bbox 1149 5101 1214 5162; x_wconf 92' lang='lat' dir='ltr'>sive</span> <span class='ocrx_word' id='word_1_625' title='bbox 1237 5101 1268 5163; x_wconf 86' lang='lat' dir='ltr'>iri</span> <span class='ocrx_word' id='word_1_626' title='bbox 1289 5103 1395 5166; x_wconf 90' lang='lat' dir='ltr'>edictis</span> <span class='ocrx_word' id='word_1_627' title='bbox 1413 5105 1539 5182; x_wconf 81' lang='lat' dir='ltr'>praefati</span> <span class='ocrx_word' id='word_1_628' title='bbox 1555 5105 1646 5167; x_wconf 89' lang='lat' dir='ltr'>oflicii</span> <span class='ocrx_word' id='word_1_629' title='bbox 1661 5105 1793 5184; x_wconf 90' lang='lat' dir='ltr'>lnquisi-</span> <span class='ocrx_word' id='word_1_630' title='bbox 1813 5070 1978 5127; x_wconf 68' lang='lat' dir='ltr'>abrogamus.</span> 
     </span>
     <span class='ocr_line' id='line_1_123' title="bbox 1045 5191 1793 5278; baseline 0.011 -26"><span class='ocrx_word' id='word_1_631' title='bbox 1045 5191 1148 5269; x_wconf 92' lang='lat' dir='ltr'>tionis,</span> <span class='ocrx_word' id='word_1_632' title='bbox 1170 5195 1236 5256; x_wconf 92' lang='lat' dir='ltr'>sive</span> <span class='ocrx_word' id='word_1_633' title='bbox 1258 5196 1291 5258; x_wconf 93' lang='lat' dir='ltr'>in</span> <span class='ocrx_word' id='word_1_634' title='bbox 1308 5197 1494 5276; x_wconf 91' lang='lat' dir='ltr'>quibuslibet</span> <span class='ocrx_word' id='word_1_635' title='bbox 1508 5201 1691 5278; x_wconf 89' lang='lat' dir='ltr'>quorumvis</span> <span class='ocrx_word' id='word_1_636' title='bbox 1707 5197 1793 5264; x_wconf 87' lang='lat' dir='ltr'>Ordi-</span> 
     </span>
     <span class='ocr_line' id='line_1_124' title="bbox 1044 5287 1791 5378; baseline 0.009 -31"><span class='ocrx_word' id='word_1_637' title='bbox 1044 5287 1204 5350; x_wconf 89' lang='lat' dir='ltr'>nariornm</span> <span class='ocrx_word' id='word_1_638' title='bbox 1220 5291 1381 5367; x_wconf 91' lang='lat' dir='ltr'>mandatis,</span> <span class='ocrx_word' id='word_1_639' title='bbox 1397 5299 1450 5354; x_wconf 90' lang='lat' dir='ltr'>aut</span> <span class='ocrx_word' id='word_1_640' title='bbox 1464 5292 1791 5378; x_wconf 73' lang='lat' dir='ltr'>pastoralibus‘literis,</span> 
     </span>
     <span class='ocr_line' id='line_1_125' title="bbox 1044 5378 1792 5464; baseline 0.011 -24"><span class='ocrx_word' id='word_1_641' title='bbox 1044 5378 1095 5440; x_wconf 93' lang='lat' dir='ltr'>vel</span> <span class='ocrx_word' id='word_1_642' title='bbox 1116 5383 1245 5444; x_wconf 88' lang='lat' dir='ltr'>decretis</span> <span class='ocrx_word' id='word_1_643' title='bbox 1266 5384 1396 5446; x_wconf 88' lang='lat' dir='ltr'>antehac</span> <span class='ocrx_word' id='word_1_644' title='bbox 1416 5392 1530 5448; x_wconf 89' lang='lat' dir='ltr'>statuta</span> <span class='ocrx_word' id='word_1_645' title='bbox 1552 5385 1735 5464; x_wconf 90' lang='lat' dir='ltr'>prodierint,</span> <span class='ocrx_word' id='word_1_646' title='bbox 1758 5403 1792 5448; x_wconf 88' lang='lat' dir='ltr'>ea</span> 
     </span>
     <span class='ocr_line' id='line_1_126' title="bbox 1043 5477 1793 5557; baseline 0.009 -24"><span class='ocrx_word' id='word_1_647' title='bbox 1043 5488 1111 5549; x_wconf 86' lang='lat' dir='ltr'>noe,</span> <span class='ocrx_word' id='word_1_648' title='bbox 1123 5477 1270 5552; x_wconf 89' lang='lat' dir='ltr'>quoniam</span> <span class='ocrx_word' id='word_1_649' title='bbox 1287 5487 1354 5555; x_wconf 93' lang='lat' dir='ltr'>post</span> <span class='ocrx_word' id='word_1_650' title='bbox 1369 5479 1565 5557; x_wconf 87' lang='lat' dir='ltr'>apostolicam</span> <span class='ocrx_word' id='word_1_651' title='bbox 1581 5479 1658 5543; x_wconf 89' lang='lat' dir='ltr'>hano</span> <span class='ocrx_word' id='word_1_652' title='bbox 1673 5496 1689 5540; x_wconf 91' lang='lat' dir='ltr'>a</span> <span class='ocrx_word' id='word_1_653' title='bbox 1704 5479 1793 5542; x_wconf 92' lang='lat' dir='ltr'>nobis</span> 
     </span>
     <span class='ocr_line' id='line_1_127' title="bbox 1043 5569 1792 5648; baseline 0.009 -20"><span class='ocrx_word' id='word_1_654' title='bbox 1043 5569 1229 5646; x_wconf 90' lang='lat' dir='ltr'>propositam</span> <span class='ocrx_word' id='word_1_655' title='bbox 1257 5570 1368 5648; x_wconf 90' lang='lat' dir='ltr'>agendi</span> <span class='ocrx_word' id='word_1_656' title='bbox 1397 5589 1451 5634; x_wconf 91' lang='lat' dir='ltr'>seu</span> <span class='ocrx_word' id='word_1_657' title='bbox 1475 5572 1627 5636; x_wconf 87' lang='lat' dir='ltr'>indicandi</span> <span class='ocrx_word' id='word_1_658' title='bbox 1649 5589 1792 5635; x_wconf 92' lang='lat' dir='ltr'>normam</span> 
     </span>
     <span class='ocr_line' id='line_1_128' title="bbox 1043 5661 1792 5742; baseline 0.015 -23"><span class='ocrx_word' id='word_1_659' title='bbox 1043 5661 1148 5724; x_wconf 92' lang='lat' dir='ltr'>minus</span> <span class='ocrx_word' id='word_1_660' title='bbox 1170 5665 1339 5726; x_wconf 88' lang='lat' dir='ltr'>necessaria</span> <span class='ocrx_word' id='word_1_661' title='bbox 1362 5664 1427 5726; x_wconf 91' lang='lat' dir='ltr'>fore</span> <span class='ocrx_word' id='word_1_662' title='bbox 1453 5683 1626 5742; x_wconf 88' lang='lat' dir='ltr'>censemus,</span> <span class='ocrx_word' id='word_1_663' title='bbox 1650 5668 1792 5730; x_wconf 91' lang='lat' dir='ltr'>desinere</span> 
     </span>
     <span class='ocr_line' id='line_1_129' title="bbox 1042 5753 1800 5840; baseline 0.015 -27"><span class='ocrx_word' id='word_1_664' title='bbox 1042 5753 1115 5830; x_wconf 91' lang='lat' dir='ltr'>iam,</span> <span class='ocrx_word' id='word_1_665' title='bbox 1138 5765 1169 5818; x_wconf 91' lang='lat' dir='ltr'>et</span> <span class='ocrx_word' id='word_1_666' title='bbox 1190 5773 1318 5832; x_wconf 88' lang='lat' dir='ltr'>cessare,</span> <span class='ocrx_word' id='word_1_667' title='bbox 1342 5775 1385 5834; x_wconf 90' lang='lat' dir='ltr'>ac,</span> <span class='ocrx_word' id='word_1_668' title='bbox 1406 5759 1505 5822; x_wconf 90' lang='lat' dir='ltr'>veluti</span> <span class='ocrx_word' id='word_1_669' title='bbox 1521 5775 1693 5840; x_wconf 90' lang='lat' dir='ltr'>numquam</span> <span class='ocrx_word' id='word_1_670' title='bbox 1709 5765 1800 5824; x_wconf 73' lang='lat' dir='ltr'>ema</span> 
     </span>
     <span class='ocr_line' id='line_1_130' title="bbox 1042 5851 1789 5932; baseline 0.013 -24"><span class='ocrx_word' id='word_1_671' title='bbox 1042 5857 1178 5925; x_wconf 82' lang='lat' dir='ltr'>nossent,</span> <span class='ocrx_word' id='word_1_672' title='bbox 1201 5865 1329 5913; x_wconf 90' lang='lat' dir='ltr'>omnem</span> <span class='ocrx_word' id='word_1_673' title='bbox 1361 5851 1516 5930; x_wconf 89' lang='lat' dir='ltr'>obligandi</span> <span class='ocrx_word' id='word_1_674' title='bbox 1549 5853 1613 5917; x_wconf 94' lang='lat' dir='ltr'>vim</span> <span class='ocrx_word' id='word_1_675' title='bbox 1635 5855 1789 5932; x_wconf 87' lang='lat' dir='ltr'>amittere,</span> 
     </span>
     <span class='ocr_line' id='line_1_131' title="bbox 1046 5945 1795 6028; baseline 0.011 -25"><span class='ocrx_word' id='word_1_676' title='bbox 1046 5949 1133 6005; x_wconf 91' lang='lat' dir='ltr'>motu</span> <span class='ocrx_word' id='word_1_677' title='bbox 1155 5945 1292 6024; x_wconf 92' lang='lat' dir='ltr'>proprio,</span> <span class='ocrx_word' id='word_1_678' title='bbox 1316 5951 1347 6006; x_wconf 87' lang='lat' dir='ltr'>et</span> <span class='ocrx_word' id='word_1_679' title='bbox 1368 5961 1407 6009; x_wconf 90' lang='lat' dir='ltr'>ex</span> <span class='ocrx_word' id='word_1_680' title='bbox 1428 5957 1511 6010; x_wconf 89' lang='lat' dir='ltr'>certa</span> <span class='ocrx_word' id='word_1_681' title='bbox 1532 5947 1672 6023; x_wconf 88' lang='lat' dir='ltr'>scientia,</span> <span class='ocrx_word' id='word_1_682' title='bbox 1694 5949 1795 6028; x_wconf 89' lang='lat' dir='ltr'>deque</span> 
     </span>
    </p>
   </div>
   <div class='ocr_carea' id='block_1_23' title="bbox 0 0 2358 6978">
    <p class='ocr_par' dir='ltr' id='par_1_27' title="bbox 0 0 2358 6978">
     <span class='ocr_line' id='line_1_132' title="bbox 0 0 2358 6978; baseline 0 2"><span class='ocrx_word' id='word_1_683' title='bbox 0 0 2358 6978; x_wconf 95' lang='lat' dir='ltr'> </span> 
     </span>
    </p>
   </div>
  </div>
 </body>
</html>
