4708 6978
354 581 407 636 An·
422 585 452 638 ⁰·
474 584 542 638 1746
592 586 650 648 292
1094 601 1156 646 run.
1182 601 1272 646 aava.
1299 599 1336 644 os
1359 599 1386 644 r.
1411 600 1438 644 r.
1465 601 1547 645 axos
1569 601 1590 645 ι.
2150 582 2326 638 xn.u.1ttc

571 723 721 801 cuiusque
742 721 918 799 legitimum
939 737 1002 785 non
1019 721 1176 784 intrusum
1190 717 1316 784 Ordina-
1341 716 1344 778 l
1370 717 1557 793 audiverint,
1575 714 1771 798 apostolicam
1786 716 2033 780 benedictionem
2047 731 2118 796 per-

572 817 653 879 rium
676 813 846 896 approbatis
868 815 1044 879 facultatem
1065 814 1263 892 concedimus
1284 821 1315 874 et
1341 802 1343 891 Ι
1370 819 1511 873 amanter
1531 810 1710 888 elargimur.

571 909 780 989 impertimur,
802 917 837 971 ut
865 918 1027 988 postquam
1047 925 1062 970 a
1085 908 1171 969 vobis
1192 905 1343 1003 ceteris-i
1410 903 1562 967 Volumus
1597 914 1719 981 autem,
1752 911 1787 968 ut
1819 905 2000 968 earumdem
2031 920 2117 983 prae·
2145 915 2336 965 rxoesaomael-

571 1019 642 1082 que,
665 1003 719 1080 qui
741 1004 794 1065 hac
815 1005 847 1065 in
867 1020 953 1065 causa
969 1003 1169 1083 deliquerint,
1185 1000 1315 1061 authen·
1341 1016 1343 1045 1
1368 999 1507 1060 sentium
1529 999 1690 1060 literarum
1714 999 1926 1078 transumptis,
1941 1015 1996 1060 seu
2012 1013 2116 1060 exem·
2136 969 2336 1078 gigf'amm'

572 1095 662 1158 ticam
672 1093 907 1158 declarationem
919 1095 1239 1174 improbationemque
1250 1106 1314 1153 om·
1341 1061 1344 1181 ι
1370 1091 1438 1171 plis,
1462 1091 1555 1152 etiam
1578 1091 1746 1170 impressis,
1769 1106 1865 1153 mano
1886 1090 2016 1153 alicuius
2030 1098 2116 1152 nota-

571 1189 661 1251 nium
683 1195 714 1251 et
734 1189 944 1266 singulorum,
973 1205 1051 1268 quae
1072 1187 1149 1249 facta
1170 1194 1316 1264 gestaque
1342 1218 1344 1232 ι
1370 1185 1408 1246 ιιι
1430 1184 1542 1264 publici
1569 1184 1761 1264 subscriptio,
1784 1193 1815 1247 et
1840 1185 1943 1262 sigillo
1968 1198 2117 1264 personae

570 1281 698 1357 luerint,
711 1283 796 1362 prius
810 1283 985 1360 exegerint,
997 1281 1034 1343 ab
1048 1281 1193 1342 omnibus
1208 1286 1238 1340 et
1252 1278 1315 1339 sin·
1342 1242 1344 1343 l
1370 1279 1403 1341 in
1424 1279 1574 1359 dignitate
1597 1279 1799 1342 ecclesiastica
1814 1279 1999 1342 constitutae
2013 1277 2118 1340 muni-

571 1375 652 1454 gulis
673 1377 811 1438 censuris
832 1375 1042 1438 ecclesiasticis
1060 1383 1090 1436 et
1105 1373 1212 1452 poenis
1227 1387 1315 1434 cano·
1342 1352 1344 1399 ¹
1370 1374 1419 1446 tis,
1442 1374 1550 1436 eadem
1580 1388 1705 1451 prorsus
1726 1374 1801 1435 fides
1822 1373 2014 1446 adhibeatur,
2037 1387 2116 1450 quae

571 1471 646 1532 nicis
677 1470 909 1548 quomodolibet
941 1470 1071 1532 incursis
1092 1469 1125 1530 in
1154 1474 1222 1529 actu
1244 1482 1316 1529 con·
1342 1488 1344 1579 Ξ
1369 1466 1570 1529 adhiberetur
1591 1465 1706 1528 eisdem
1728 1465 1952 1546 praesentibus,
1974 1465 2118 1528 silerent

570 1563 710 1625 fessionis
731 1562 960 1626 sacramentalis
975 1561 1145 1636 absolvant,
1162 1567 1254 1639 atque
1268 1559 1316 1621 in·
1342 1591 1345 1661 ιΙ
1369 1559 1524 1622 exhibitae
1545 1559 1595 1622 vel
1615 1565 1765 1622 ostensae.

569 1655 663 1718 simul
684 1655 1176 1735 superirregularitatibusetiam
1191 1659 1316 1733 propter
1410 1655 1522 1716 Datum
1545 1652 1675 1727 Romae,
1706 1654 1785 1731 apud
1818 1651 2001 1716 s..ttartan
2026 1652 2117 1716 bloio-

570 1749 749 1812 divinorum
772 1750 1011 1814 celebrationem
1033 1748 1196 1811 contractis
1215 1746 1317 1808 vobis·
1342 1743 1345 1819 i
1370 1763 1449 1822 rem,
1472 1746 1529 1809 sub
1554 1745 1670 1808 annulo
1700 1745 1872 1821 Piscatoris,
1898 1745 1946 1808 die
1970 1762 2024 1806 xx.
2048 1746 2117 1810 iulii

569 1857 641 1904 curn
662 1841 853 1922 dispensent.
1343 1832 1345 1843 '
1371 1857 1557 1916 uncexxvx,
1581 1839 1776 1918 pontificatus
1798 1839 1896 1902 nostri
1917 1855 1999 1902 anno
2021 1857 2063 1900 ιι.

367 1945 536 1994 narrationes.
610 1935 769 2012 Ceterum,
792 1937 985 2000 venerabiles
1012 1937 1132 2013 iratres,
1155 1937 1316 1999 hortamur
1343 1924 1345 2002 l

570 2045 624 2090 vos
645 2031 678 2091 in
705 2030 848 2105 Domino,
877 2039 908 2092 et
939 2046 1082 2107 rogamus
1113 2045 1168 2109 per
1199 2030 1316 2092 viscera
1343 2060 1344 2103 ι

569 2123 795 2186 misericordiae
826 2124 880 2186 Dei
912 2124 1021 2198 nostri,
1055 2123 1188 2203 idipsum
1210 2138 1315 2200 sapere
1342 2110 1345 2185 l

569 2217 601 2279 in
624 2215 767 2291 Domino,
798 2223 1015 2295 supportantes
1047 2216 1182 2278 invicem
1206 2222 1238 2277 et
1264 2216 1315 2278 do·
1342 2210 1344 2297 !

569 2315 679 2371 nantes
702 2308 938 2388 vobismetipsis,
960 2309 985 2368 si
1007 2311 1076 2387 quis
1097 2311 1243 2372 adversus
1263 2308 1315 2369 ali·
1537 2373 1539 2378 Α
1667 2309 1817 2374 Lxxxtt.

568 2419 663 2482 quern
683 2401 774 2464 habet
788 2401 958 2481 querelam,
970 2402 1092 2465 solliciti
1107 2417 1232 2464 servare
1247 2403 1315 2465 uni·

569 2503 664 2558 tatem
685 2495 811 2575 spiritus
833 2495 865 2556 in
887 2495 1014 2558 vinculo
1029 2496 1120 2575 pacis,
1137 2512 1236 2558 tinum
1251 2513 1316 2558 cor·
1342 2514 1344 2527 ¹
1373 2495 1521 2558 Fratrum
1551 2497 1753 2578 Desiderium
1781 2499 1856 2562 Ord.
1881 2499 1959 2564 Mira.
1987 2495 2113 2563 abacia.

568 2605 625 2667 pus
646 2595 677 2650 et
699 2604 781 2650 unus
810 2588 948 2666 spiritus,
981 2597 1015 2651 ut
1047 2588 1180 2666 idipsum
1210 2588 1344 2681 dicatis}
1411 2590 1637 2667 Hierosolymis
1671 2591 1904 2670 praesidentem
1936 2594 2118 2656 commisso-

569 2695 686 2756 omnes,
702 2687 732 2744 et
754 2696 817 2742 non
838 2681 901 2743 sint
923 2683 955 2744 ιιι
975 2681 1062 2744 vobis
1076 2681 1248 2744 schismata.
1267 2683 1314 2744 ln·
1342 2739 1344 2749 ,
1411 2683 1498 2744 rium
1524 2699 1575 2761 ap.
1609 2684 1696 2761 apud
1729 2685 1908 2748 Maronitas
1940 2687 2116 2748 constiterit

569 2775 661 2837 terim
682 2776 718 2837 ad
740 2775 877 2854 prosperi
899 2791 1057 2836 successus
1077 2775 1248 2853 auspicium
1264 2791 1316 2836 vo·
1343 2786 1344 2801 ¹
1410 2777 1452 2838 od
1473 2777 1684 2854 componenda
1706 2793 1786 2840 aava
1803 2784 1918 2843 atcerte
1935 2779 2069 2842 dissidia
2083 2785 2117 2842 et

568 2867 624 2944 bis,
638 2867 830 2930 venerabiles
842 2867 962 2942 iratres,
975 2884 1009 2930 ac
1022 2867 1154 2944 singulis
1166 2868 1218 2946 qui
1230 2884 1316 2930 man·
1411 2877 1448 2932 at
1471 2870 1591 2947 Sphodi
1611 2867 1797 2932 Libanensis
1813 2870 1938 2934 decreta
1955 2868 2115 2934 obseruari

568 2961 646 3026 datis
667 2969 698 3024 et
723 2960 990 3023 exhortationibus
1018 2960 1102 3023 bisce
1129 2961 1243 3023 nostris
1264 2965 1315 3034 ob·
1411 2969 1502 3024 curat
1524 2963 1580 3043 (l).

608 3231 639 3286 tl)
655 3233 691 3276 lix
706 3233 769 3288 leeg.
787 3232 830 3288 lap.
846 3231 879 3276 ad
899 3230 983 3276 Prius.
998 3231 1062 3276 anni
1076 3243 1110 3278 vr.
1129 3235 1188 3278 Ben.
1207 3235 1269 3278 XIV.
1285 3233 1313 3278 in
1339 3245 1342 3301 J
1367 3236 1425 3280 rate
1440 3234 1543 3280 edoceri
1565 3233 1679 3290 studeat,
1693 3245 1808 3292 quonam
1829 3237 1905 3292 pacto
1919 3234 2009 3280 omnia
2022 3239 2049 3280 et
2064 3235 2113 3280 siu·
2134 3238 2328 3300 spnodiltbnncn-

568 3299 643 3343 arch.
665 3299 722 3344 vat.
744 3299 781 3341 iix
802 3297 892 3342 eodem
913 3297 1078 3344 desumimus
1098 3297 1139 3344 lit.
1161 3311 1202 3355 ap.
1217 3299 1313 3356 quibus
1339 3306 1341 3361 t
1367 3302 1438 3358 gula,
1453 3313 1499 3358 per
1513 3301 1580 3348 alias
1594 3305 1699 3347 nostras
1712 3301 1739 3346 in
1755 3301 1837 3348 simili
1856 3302 1942 3348 forma
1956 3301 2043 3347 brevis
2057 3301 2113 3346 lite·
2134 3291 2324 3354 incasura-cnm.

567 3367 640 3411 Pont.
656 3363 782 3410 Evodium
797 3364 979 3410 Patriarcham
998 3367 1056 3410 snt.
1073 3365 1193 3412 Maronit.
1209 3365 1240 3412 de
1255 3365 1314 3412 mis·
1367 3381 1411 3416 ras
1426 3370 1524 3416 iterum
1539 3373 1619 3428 atque
1634 3370 1742 3424 iterum,
1753 3372 1779 3415 et
1793 3370 1951 3427 praesertim
1961 3380 2009 3426 pro
2019 3369 2111 3425 synodi
2134 3345 2323 3446 ssfflffi‘fw
2338 3407 2339 3418 .

567 3434 640 3480 ῡὶῡῦθ
654 3431 779 3478 Βθθὶᾱθΐῡ
794 3432 935 3478 certiorem
950 3432 1019 3480 facil·
1339 3460 1341 3477 ι
1367 3439 1449 3485 vestri
1463 3437 1608 3484 libanensis
1618 3438 1703 3485 dictae
1712 3439 1922 3493 confirmatione,
1932 3438 2002 3494 data,
2012 3448 2028 3482 a
2037 3436 2112 3483 nobis
2134 3451 2250 3511 ,mpepm

1340 3484 1341 3531 ι
1367 3509 1478 3562 statuta,
1494 3507 1618 3553 mandata
1632 3517 1663 3552 ac
1673 3505 1843 3564 praescripta,
1853 3505 1955 3551 debitae
1965 3505 2111 3550 executioni

707 3572 852 3614 t'caeraortt
865 3571 948 3619 fratri
962 3572 1065 3614 Simoni
1079 3572 1176 3614 narceio
1339 3620 1341 3632 ,
1367 3577 1526 3622 demandata
1540 3575 1601 3629 sint,
1616 3585 1760 3631 eorumque
1780 3572 1948 3619 observantia
1967 3572 2055 3629 vigeat
2070 3571 2112 3616 fio

656 3639 830 3682 Patt'ifirvhae
843 3638 1000 3681 antiocheno
1015 3639 1224 3686 Maronilattlm,
1340 3644 1341 3671 t
1367 3647 1485 3701 remque,
1499 3642 1720 3700 quemadmodum
1740 3641 1910 3686 vehementer
1929 3643 2060 3696 optamus⁸
2074 3641 2111 3684 at.

1367 3725 1417 3770 que
1431 3723 1447 3757 a
1461 3711 1629 3757 fraternitate
1650 3713 1697 3756 tua
1717 3707 1881 3765 exposcimus
1896 3711 1922 3754 et
1940 3707 2111 3763 requirimus.

758 3774 950 3818 BENEDICTUS
965 3775 1044 3816 PhPh
1058 3773 1120 3816 XIV·
1368 3781 1438 3832 Quod
1453 3781 1476 3824 si
1490 3781 1579 3825 autem
1598 3779 1749 3835 quidquam,
1770 3786 1935 3833 quacumque
1949 3785 1979 3818 ex
1994 3784 2082 3828 causa,
2096 3785 2112 3818 a

1366 3846 1467 3906 aquosis,
1481 3849 1562 3892 etiam
1576 3858 1592 3892 a
1607 3845 1774 3892 fraternitate
1797 3847 1851 3900 tua,
1866 3842 1985 3901 quamvis
2002 3841 2113 3886 inconsi-

806 3911 965 3954 Venerabilis
979 3911 1077 3958 Mitt»
1366 3915 1465 3970 derata,
1479 3925 1559 3971 super
1574 3914 1658 3971 ipsius
1673 3911 1767 3970 synodi
1787 3911 1931 3956 libanensis
1945 3909 2112 3956 observantia

657 3981 772 4022 satutem
786 3981 810 4021 ⁶²
824 3980 998 4031 apostoticam
1012 3979 1224 4022 benedictionem.
1339 3990 1341 4001 ·
1366 3982 1421 4028 sive
1431 3985 1573 4036 mutatum,
1583 3981 1639 4027 sive
1648 3980 1784 4034 omissum,
1795 3979 1850 4025 sive
1860 3979 2045 4037 parvipensum
2056 3989 2112 4024 esse

1338 4074 1341 4110 ι
1365 4049 1516 4108 contigerit,
1531 4051 1556 4093 te
1571 4050 1721 4101 hortamur,
1736 4049 1767 4092 ut
1781 4057 1827 4104 per
1841 4049 1867 4092 te
1882 4047 1969 4104 ipsum
1983 4044 2073 4091 omnia
2084 4044 2111 4090 in

383 4121 549 4168 l'atriurcbce
606 4119 625 4158 h
639 4113 736 4159 dilecto
750 4112 804 4160 filio
819 4112 953 4158 Desiderio
973 4111 1078 4157 Ordinis
1098 4111 1212 4157 hairum
1234 4111 1313 4156 Mino·
1365 4115 1509 4175 pristinum
1523 4113 1639 4171 restitui,
1653 4115 1743 4160 reduci
1758 4117 1784 4159 et
1798 4114 1933 4160 observari
1947 4123 2024 4158 cures
2034 4117 2060 4157 et
2069 4111 2111 4158 ad·

335 4176 478 4237 comitatem
503 4175 548 4220 dt·
566 4191 627 4227 rum
642 4185 666 4226 S.
680 4181 814 4227 Franciaci
834 4181 865 4226 de
881 4177 1052 4225 Obseruantia
1072 4184 1217 4224 conventus
1232 4181 1255 4223 S.
1272 4181 1312 4222 se·
1338 4212 1340 4231 ,
1365 4185 1469 4230 nixam,

334 4231 497 4288 mmmmm·
511 4228 549 4285 ω’
567 4247 651 4305 pulcri
665 4248 693 4293 ¹11
707 4245 1085 4304 H10P080¹l¹2¹i⁸praesidente.
1100 4257 1178 4303 tluam
1193 4243 1312 4292 addisssi·
1339 4240 1340 4287 l
1406 4255 1485 4297 Porro
1500 4254 1526 4296 te
1539 4249 1679 4295 certiorem
1694 4248 1815 4303 facimus,
1830 4258 1877 4293 nos
1891 4249 1922 4292 de
1936 4247 1971 4292 iis
1980 4245 2110 4300 omnibus,
2198 4247 2322 4308 appellatio

335 4284 548 4394 maffia?
566 4315 610 4360 dia
624 4316 696 4360 inter
714 4314 910 4360 fraternitatem
932 4315 1007 4360 tuam
1022 4317 1049 4358 et
1062 4312 1164 4369 aliquot
1179 4313 1311 4358 venerabi·
1366 4319 1397 4364 de
1411 4318 1505 4376 quihus
1520 4318 1551 4362 ad
1567 4316 1742 4373 apostolicam
1757 4316 1825 4361 hanc
1840 4315 1966 4360 asenam
1980 4313 2112 4372 appellan-
2130 4306 2219 4347 ⁶⁰²2&ss
2256 4313 2323 4360 ipsum

565 4382 605 4428 les
619 4381 715 4428 fratres
730 4385 791 4427 tuae
805 4381 921 4427 arationis
935 4380 1070 4426 antistites
1081 4380 1310 4436 tquexnadmodum
1338 4388 1340 4419 t
1365 4389 1405 4430 tes
1420 4386 1499 4430 iidem
1520 4384 1655 4430 antistites
1675 4383 1801 4430 adversus
1822 4381 2017 4428 fraternitatem
2037 4383 2109 4427 tuam
2129 4355 2323 4460 ἔξέἷῧζξῐὴξᾝῧ

565 4461 612 4508 per
625 4450 803 4496 fraternitatis
818 4452 888 4505 tuae,
904 4449 1056 4494 eorumdem
1075 4449 1235 4504 antistitum,
1249 4448 1313 4494 alio·
1366 4453 1501 4498 nobiscum
1520 4455 1728 4508 conqueruntur,
1743 4449 1815 4495 omui
1828 4448 1948 4495 adhibita
1962 4449 2110 4505 diligentia.
2129 4461 2247 4508 gamma,

566 4527 678 4574 rumque
691 4517 817 4573 epistolas
831 4527 882 4562 non
897 4516 954 4561 sine
968 4515 1118 4562 incredibili
1130 4515 1216 4562 cordis
1227 4515 1310 4562 nostri
1338 4510 1340 4549 i
1365 4519 1485 4577 expensis
1506 4519 1641 4565 rationum
1662 4518 1788 4575 utrinque
1810 4515 1959 4571 momentis,
1974 4519 2037 4561 tunc
2056 4515 2111 4561 fore

566 4583 688 4630 molestia
708 4583 872 4640 rescivimus)
896 4585 989 4628 exorta
1012 4583 1130 4628 suaviter
1152 4583 1310 4640 fortiterque
1364 4587 1529 4642 decreturos,
1549 4591 1689 4644 postquam
1711 4583 1920 4630 intellexerimus
1940 4582 2056 4628 debitam
2077 4583 2110 4628 ab

564 4651 742 4707 componenda
756 4650 984 4707 extinguendaque
999 4650 1172 4707 apostolicum
1188 4658 1309 4695 nostrum
1364 4655 1457 4700 iisdem
1472 4653 1647 4708 antistitibus,
1661 4652 1809 4708 ceterisque
1823 4661 1882 4695 curn
1897 4649 1962 4707 ipsis
1976 4648 2111 4696 sentienti·

563 4717 775 4764 commissarium
789 4729 850 4762 curn
869 4716 1040 4764 facultatibus
1059 4717 1215 4762 necessariis
1229 4719 1255 4760 et
1270 4728 1311 4774 op·
1337 4746 1339 4767 .
1365 4723 1421 4776 bus,
1436 4721 1481 4779 qui
1495 4733 1512 4767 a
1526 4720 1699 4779 patriarchali
1720 4715 1903 4764 iurisdictione
1921 4718 1968 4763 tua
1982 4729 2039 4764 sese
2053 4717 2111 4763 sub

564 4784 686 4843 portunis
709 4784 830 4840 fecimus,
854 4784 1044 4831 constituimus
1065 4795 1095 4830 ac
1116 4783 1310 4840 deputavimus,
1364 4791 1513 4844 traxerunt,
1523 4787 1700 4834 obedientiam
1710 4783 1873 4832 fraternitati
1883 4787 1944 4830 tuae
1954 4783 2110 4841 praestitam

564 4863 615 4899 non
630 4853 714 4898 solum
729 4853 779 4898 bae
800 4855 906 4899 nostrae
920 4852 948 4897 in
963 4853 1046 4898 forma
1067 4850 1154 4896 brevis
1168 4851 1263 4896 literae
1278 4852 1309 4896 ad
1337 4864 1338 4905 l
1364 4853 1451 4912 fnisse,
1463 4859 1544 4912 atque
1557 4855 1684 4901 exhiberi.

563 4919 757 4966 fraternitatem
777 4921 852 4965 tuam
871 4919 1050 4977 perferentuxm
1066 4919 1110 4964 sed
1125 4918 1214 4964 omnia
1229 4916 1308 4964 etiam
1405 4925 1440 4967 Ex
1454 4923 1505 4969 hac
1518 4921 1601 4980 igitur
1622 4931 1750 4980 propensa
1771 4923 1863 4968 nostra
1883 4931 1947 4976 erga
1961 4918 2111 4966 fraternita-
2143 4917 2337 4981 ifoaaproton'

562 4987 647 5044 quoad
668 4986 855 5044 gravissimum
877 4987 1029 5032 huiusmodi
1050 4985 1187 5042 negotium
1204 4996 1221 5031 a
1235 4985 1310 5030 nobis
1336 5000 1338 5057 p
1366 4992 1418 5035 tem
1434 4993 1507 5036 tuam
1523 4991 1658 5035 voluntate
1672 4991 1698 5035 et
1711 4989 1853 5046 apostolico
1864 4989 1954 5034 nostro
1965 4986 2110 5044 patrocinio
2128 4977 2223 5024 cordia.

562 5056 639 5110 facta,
653 5057 728 5110 gesta
741 5066 772 5100 ac
785 5054 949 5111 praescripta
967 5055 1016 5100 tibi
1035 5053 1307 5100 communicabantur.
1364 5059 1390 5102 te
1405 5057 1481 5102 facile
1495 5057 1695 5102 intellecturum
1709 5055 1873 5110 confidimus,
1884 5055 1953 5112 quod
1964 5065 2015 5099 non
2025 5054 2108 5099 solum

363 5133 448 5180 gadem
465 5135 544 5182 ratri·
603 5121 640 5166 hd
654 5121 770 5178 primum
785 5119 889 5177 quidem
904 5119 1068 5166 fraternitati
1081 5124 1143 5166 tuae
1152 5131 1308 5176 persuasum
1337 5176 1338 5187 γ
1363 5121 1465 5169 interea
1484 5123 1611 5180 temporis
1632 5122 1722 5168 omnia
1741 5120 1899 5168 sacerdotali
1912 5121 2002 5166 aniano
2016 5120 2111 5166 substi-

331 5187 426 5248 nrcttoe
443 5189 545 5250 percrtt·
562 5192 763 5245 essevolumus,
779 5200 825 5234 uos
844 5189 943 5244 eadem,
958 5200 1010 5246 qua
1025 5191 1050 5234 te
1065 5188 1247 5234 patriarcham
1262 5187 1310 5232 ele·
1364 5201 1427 5235 nere
1441 5201 1471 5236 ac
1492 5190 1632 5246 praeferre,
1651 5189 1696 5235 sed
1715 5199 1746 5234 ea
1760 5199 1862 5246 ‹puoque
1877 5189 1994 5234 conferre
2007 5189 2109 5243 debeas,

331 5243 362 5302 ‘lt
388 5241 543 5318 adimes&
562 5259 658 5316 gimue,
672 5257 816 5315 apostolica
829 5257 943 5302 caritate
957 5259 984 5300 et
997 5255 1157 5302 auctoritate
1176 5255 1225 5300 tibi
1238 5255 1311 5300 adfu·
1335 5270 1338 5313 3
1363 5267 1430 5314 quae
1452 5257 1484 5302 ad
1507 5258 1698 5314 componendas
1722 5257 1911 5312 dissensiones,
1933 5257 2110 5314 extinguenda

331 5294 544 5405 gffissmgg
563 5329 650 5380 turos;
665 5337 712 5370 nec
726 5335 850 5383 passuros
864 5335 929 5378 esse,
945 5327 975 5368 ut
990 5333 1129 5380 supremae
1150 5321 1309 5378 apostolicae
1336 5322 1338 5333 '
1364 5324 1516 5378 schismata,
1531 5323 1698 5370 concordiam
1713 5323 1913 5378 conciliandam,
1923 5335 1953 5368 ac
1963 5323 2110 5380 tranquilli·

332 5401 399 5446 riam
421 5381 543 5462 exceptet,
562 5393 702 5448 potestatis
716 5395 823 5438 nostrae
837 5391 920 5436 officia
931 5391 958 5436 in
969 5391 1047 5436 istius
1057 5389 1258 5436 patriarchatus
1269 5389 1309 5434 tui
1335 5396 1338 5451 χ
1365 5395 1446 5436 tatem
1468 5402 1687 5448 communemque
1708 5401 1797 5448 pacem
1820 5391 2001 5446 inducendam,
2023 5402 2110 5448 perpe

332 5457 413 5512 rogat.
561 5458 748 5516 procuratione
763 5469 778 5503 a
793 5461 818 5503 ts
832 5456 1024 5502 desiderentur.
1039 5458 1185 5514 idapropter
1200 5456 1268 5501 hono
1283 5461 1309 5500 te
1364 5459 1461 5514 tuoque
1475 5459 1662 5504 stabiliendam
1683 5458 1786 5503 noveris
1808 5461 1956 5516 opportuna
1969 5468 2000 5502 ac
2015 5457 2110 5504 saluta-

561 5526 650 5571 animo
671 5537 728 5570 esse
749 5524 879 5578 iubemus,
900 5527 980 5580 atque
1003 5522 1113 5568 insimul
1134 5521 1267 5579 poscimus
1282 5527 1309 5567 et
1335 5534 1337 5597 1
1363 5525 1411 5570 ria.
1434 5527 1537 5571 interea
1559 5525 1722 5570 uberrimam
1745 5523 1791 5569 tibi
1807 5535 1822 5570 a
1837 5527 1973 5582 pastorum
1992 5523 2109 5582 principe

561 5603 695 5649 rogamus,
714 5593 744 5637 ut
765 5591 887 5636 eumdem
909 5589 1072 5636 Desiderium
1094 5589 1307 5634 commissarium
1335 5624 1336 5641 ι
1363 5595 1420 5638 lesu
1442 5591 1555 5646 christo,
1576 5595 1685 5637 aeterno
1707 5591 1793 5637 iudice
1807 5592 1833 5637 et
1848 5591 1976 5636 bonorum
1990 5589 2108 5635 omnium

561 5662 682 5704 nostrum
703 5656 887 5715 apostolicum,
909 5657 950 5702 tui
971 5657 1060 5714 gratia
1076 5668 1092 5702 a
1106 5656 1180 5702 nobis
1202 5657 1308 5713 deputa·
1335 5648 1337 5699 ζ
1362 5663 1563 5706 remuneratore
1574 5662 1632 5714 beo,
1642 5658 1795 5704 coelestium
1805 5651 1998 5704 charismatum
2008 5657 2107 5714 copiam

561 5729 627 5780 tum,
638 5726 670 5771 lis
682 5725 866 5780 humanitatis,
877 5724 1081 5780 benevolentiae,
1092 5723 1307 5781 reverentiaeque
1335 5746 1336 5801 p
1361 5727 1541 5784 adprecantes,
1561 5725 1724 5772 fraternitati
1746 5729 1808 5771 tuae
1822 5725 1993 5782 apostolicam
2007 5725 2109 5770 benedi-

561 5791 799 5848 signilicationibus
813 5791 935 5849 excipias,
949 5791 1045 5850 quibus
1065 5800 1212 5848 personam,
1227 5801 1305 5847 quam
1334 5814 1337 5838 ι
1361 5794 1475 5838 ctionem
1491 5806 1521 5837 ex
1536 5793 1631 5838 intimo
1645 5793 1722 5838 corda
1737 5792 1919 5849 depromptam
1933 5791 2087 5846 elargimur.

560 5860 638 5916 gerit,
653 5861 726 5906 decet
740 5860 885 5916 complecti.
1334 5874 1336 5911 t
1401 5862 1495 5906 batum
1517 5863 1623 5914 Romae,
1645 5859 1714 5916 apud
1735 5863 1758 5903 S.
1780 5858 1891 5906 Mariam
1911 5858 2045 5914 Maiorem,
2059 5857 2108 5903 sub

348 5936 542 5983 commanus
600 5931 671 5973 luter
690 5931 779 5972 cetera
797 5937 859 5972 vero
878 5938 945 5984 quae
963 5927 1047 5972 eidem
1065 5926 1248 5974 commissario
1265 5938 1308 5972 no
1333 5916 1336 6024 1
1360 5929 1459 5974 annulo
1473 5927 1621 5983 Piscatoris,
1636 5927 1678 5972 die
1693 5938 1717 5972 x.
1734 5926 1794 5974 iulii
1809 5937 1960 5982 nocente,
1975 5925 2108 5983 pontifica-
2167 5960 2170 5968 .

330 5989 489 6038 edocendas
512 5991 542 6039 ae
560 5997 616 6040 stro
630 5993 803 6048 iniunximus,
818 5993 884 6039 illud
899 5993 979 6039 etiam
990 5993 1305 6050 mandavimus,utaccu·
1361 5997 1404 6040 tus
1419 5993 1503 6041 nostri
1518 6006 1587 6041 anno
1601 6005 1635 6040 vr.
