4820 6980
958 546 1156 593 audemarus
1177 545 1241 592 XIV.

327 668 587 732 thecumeuornm
603 670 728 746 dicitur,
739 670 935 744 unctionem,
946 667 1073 730 calicem

325 777 398 824 cum
421 763 495 824 vino
508 771 540 824 et
554 779 643 842 aqua,
659 773 751 842 atque
766 768 910 842 patenam
932 777 1002 824 cum
1018 759 1072 822 bo-

324 855 393 932 stia,
416 857 535 937 recipit.
558 858 641 933 Qtrae
655 857 758 920 omnia
774 855 951 920 luculenter
971 861 1074 916 asten·

325 949 414 1023 dunt,
432 949 511 1013 baud
527 950 755 1013 inconveniens
776 966 853 1024 esse,
870 949 977 1010 sedere
993 948 1071 1009 Pon·

325 1043 440 1106 tilrcem
455 1043 488 1106 in
504 1042 717 1108 lunationibus
738 1041 962 1116 sacratissimis,
978 1049 1071 1120 atque

324 1151 361 1198 eo
382 1136 446 1215 ipso
468 1137 593 1200 missam
616 1146 713 1200 totam
734 1154 749 1198 a
771 1138 900 1200 sedente
920 1151 1010 1214 posse·
1024 1148 1072 1196 ce·

323 1228 447 1304 lebrari,
459 1232 641 1309 praesertim
656 1232 681 1293 si
696 1231 823 1311 pedibus
844 1227 1010 1292 debilitatis
1024 1227 1070 1288 in-

322 1322 432 1385 sistere
453 1339 517 1386 non
540 1325 648 1388 valeat.

363 1431 460 1478 xxxv.
485 1418 586 1495 xrque
598 1421 671 1481 haec
692 1425 778 1494 sunt,
795 1434 874 1497 quae
890 1418 922 1481 in
938 1417 993 1479 bac
1008 1417 1070 1494 epi·

322 1510 397 1572 stola
420 1514 601 1590 exponenda
630 1512 794 1586 duximus,
818 1525 990 1588 earumque
1010 1509 1071 1570 dis·

322 1605 483 1685 quisitiani
503 1607 712 1686 proponenda,
728 1621 864 1684 quorum
878 1603 1004 1668 consilia
1018 1619 1071 1665 ex·

324 1707 491 1777 pectamus,
515 1700 708 1779 priusquam,
731 1699 804 1779 quid
826 1701 995 1776 agendum,
1018 1697 1070 1759 de-

322 1806 496 1854 cernamus.
525 1793 564 1854 Et
584 1794 610 1854 si
631 1793 757 1872 quidem
784 1795 926 1856 sedentes
947 1791 1069 1853 Missam

321 1884 477 1948 celebrare
491 1892 676 1962 statuamus,
695 1895 786 1948 tuum
801 1886 872 1960 erit,
889 1900 1070 1962 praeparare

322 1994 463 2040 mensam
478 1979 580 2043 altaris
594 1995 663 2043 curn
680 1988 857 2042 consecrato
871 1978 979 2054 lapide,
995 1978 1070 2039 ima·

323 2072 393 2149 gine
425 2066 592 2136 salvatoris
619 2074 704 2136 cruci
731 2073 834 2149 affixi,
863 2071 1069 2134 luminaribus

321 2166 452 2245 aliisque
465 2166 500 2228 ad
516 2184 599 2231 sacra
614 2168 787 2246 peragenda
803 2167 1000 2243 necessariis3
1017 2181 1067 2226 va-

322 2275 480 2339 cuumque
493 2261 601 2324 subtus
616 2259 712 2324 altare
725 2262 859 2339 spatium
870 2260 1068 2339 relinquetur

321 2353 526 2416 extendendis
540 2353 671 2433 pedibus
686 2355 844 2416 idoneam.
868 2351 1068 2416 confidentes

321 2447 444 2525 singula
465 2447 651 2510 dexteritate
666 2454 717 2510 tua
732 2446 884 2524 singulari
906 2446 1067 2524 perficien-
1112 2507 1115 2514 ,

321 2540 370 2617 da,
399 2540 597 2620 apostolicam
618 2540 674 2604 tibi
703 2540 953 2604 benedictionem
981 2556 1067 2619 pera-

322 2643 444 2697 manter
464 2633 674 2713 impertimur.

361 2729 474 2792 Datum
498 2727 629 2802 Romae,
655 2726 735 2806 apud
764 2727 794 2790 S.
819 2727 946 2790 Mariam
977 2729 1067 2791 idaia-

322 2838 402 2898 rem,
418 2823 476 2884 sub
498 2821 615 2885 annulo
631 2823 802 2898 Piscatoris
815 2821 866 2884 die
877 2838 921 2884 xr.
936 2823 1068 2886 octobris
1114 2842 1118 2852 ·

321 2931 499 2990 abactam,
523 2916 720 3014 pontilicatns
741 2918 839 2979 nostri
866 2933 950 2980 anno
972 2932 1063 2978 xvrrr.

384 3104 560 3170 Venerabili
582 3105 687 3188 [ratri
709 3105 825 3170 Ioanni
848 3106 1003 3183 Episcopo

580 3199 800 3280 Pampilonea.

525 3387 677 3454 PAULUS
699 3387 754 3450 ΡΡ.
778 3386 857 3452 llll.

525 3562 715 3628 Venerabilis
740 3567 860 3644 frater,

338 3660 477 3722 salntem
498 3665 528 3720 et
549 3659 758 3736 apostolicam
780 3657 1041 3722 benedictionem.

359 3849 529 3928 Cupientes
560 3848 732 3910 commodis
754 3850 829 3924 tuis,
852 3850 905 3928 qui
933 3850 1064 3912 diversis

317 3945 553 4007 infirmitatibus
582 3943 732 4024 podagrae
759 3944 922 4021 detentus,
951 3946 1064 4024 quibus

317 4037 383 4100 iere
398 4039 433 4099 ad
450 4038 665 4100 membrarum
681 4036 906 4100 invaliditatem
923 4039 1063 4101 redactus

316 4149 360 4208 es,
383 4133 504 4195 Limina
519 4131 738 4210 Apostolorum
762 4131 843 4194 Petri
865 4139 896 4194 et
918 4133 1002 4195 Pauli
1018 4134 1065 4193 ri·

260 4295 265 4302 ¹
315 4227 407 4288 sitare
421 4226 625 4304 personaliter
638 4228 676 4289 de
689 4226 825 4289 triennio
841 4228 871 4289 in
889 4227 1061 4289 triennium

315 4322 489 4394 commode,
508 4330 541 4382 nt
557 4320 676 4395 iurasti,
690 4335 753 4381 non
776 4319 870 4395 vales,
887 4322 1060 4398 providere,

315 4412 379 4474 tuis
393 4411 426 4474 iu
442 4413 497 4474 bac
512 4421 598 4491 parte
611 4411 888 4490 supplicationibus
909 4413 1060 4488 inclinati,

317 4504 383 4580 tibi,
405 4512 451 4580 nt,
475 4514 527 4568 tua
549 4506 612 4566 vita
634 4505 784 4580 durante,
808 4521 864 4583 per
884 4513 1061 4582 procurato-

315 4614 380 4660 rem
406 4606 492 4661 tuum
510 4600 618 4662 adhoc
639 4616 655 4661 a
671 4609 701 4662 te
720 4598 896 4678 specialiter
913 4601 1062 4663 constitu·

316 4697 385 4754 tum
412 4691 490 4755 dicta
512 4690 634 4755 Limina
663 4694 829 4767 visitando,
856 4695 890 4756 ad
913 4709 948 4756 ea
974 4692 1061 4755 aliter

314 4785 504 4848 visitandum
526 4785 657 4848 minime
681 4787 824 4862 tenearis,
840 4803 897 4849 nec
913 4785 947 4847 ad
970 4785 998 4848 id
1016 4788 1061 4848 in-

314 4878 398 4940 ritus
419 4895 434 4938 a
456 4894 613 4958 quoquam
635 4880 779 4959 compelli
802 4881 913 4958 possis;
937 4898 971 4942 ac
994 4879 1060 4954 tibi,

314 4973 366 5051 qui
388 4980 515 5051 propter
537 4971 752 5035 infirmitatem
774 4976 970 5051 praedictam,
991 4972 1062 5034 llis-

313 5081 378 5126 sam
404 5064 512 5127 stando
543 5065 699 5128 celebrare
729 5081 791 5128 non
823 5067 919 5141 vales,
941 5065 1061 5128 etzelo

313 5157 489 5220 devotionis
513 5173 659 5222 accensus
684 5158 804 5220 blissaru
831 5159 988 5221 celebrare
1010 5159 1060 5219 de·

312 5251 439 5328 sidoras,
463 5253 529 5327 tibi,
547 5260 581 5315 ut
601 5251 735 5314 selendo
757 5251 789 5313 in
811 5251 943 5330 quodam
965 5252 1060 5314 artiil·

314 5345 359 5408 cio
381 5344 461 5408 sedis
476 5361 531 5425 per
547 5353 576 5407 te
597 5346 687 5420 lacto,
705 5346 736 5407 in
752 5363 813 5425 qao
828 5348 964 5410 sedendo
978 5359 1060 5413 stare

314 5438 457 5514 ridearis,
473 5439 593 5516 quatias
615 5439 669 5500 tibi
691 5439 850 5516 placuerit,
874 5433 997 5504 Missam
1011 5459 1060 5506 ce-

313 5531 444 5606 lebrare,
458 5530 705 5594 benedictionem
717 5533 843 5610 elargiri
855 5544 886 5598 et
897 5536 965 5611 alia,
981 5552 1058 5616 quae

313 5625 349 5685 ad
371 5624 574 5703 episcopalem
595 5625 738 5688 ordinem
766 5627 938 5705 pertinent,
964 5631 1057 5693 etiarn

312 5717 448 5780 sedendo
460 5733 620 5794 exercere3
637 5726 667 5780 et
682 5718 770 5780 horas
785 5723 957 5798 canonicas,
973 5723 1058 5786 diur-

313 5827 367 5872 nas
388 5817 418 5871 et
449 5820 630 5886 nocturnas,
664 5829 735 5874 cum
763 5830 828 5875 uno
860 5816 912 5878 vel
939 5819 1058 5880 duobus

312 5901 508 5981 cappellanis,
522 5903 606 5966 iuxta
623 5906 762 5968 ordinem
778 5907 934 5971 llomanae
947 5901 1059 5974 Curiae

418 6046 468 6092 lar.
488 6049 556 6095 dora.
572 6049 603 6096 de
614 6058 688 6110 Prop.
704 6051 767 6099 Fide
781 6056 863 6102 Partis
878 6057 895 6101 i.
912 6056 964 6102 vol.
982 6058 1023 6103 lll.

1129 680 1185 744 per
1206 665 1332 727 dilectas
1347 663 1427 726 lilios
1442 669 1563 726 nostros
1584 658 1780 724 cardinalem
1802 656 1876 721 San-

1129 767 1195 821 ctae
1217 759 1322 822 Crucis
1341 759 1391 820 vel
1405 757 1480 819 alios
1495 755 1668 835 antiquitus
1682 751 1875 826 institutum,

1129 860 1221 930 prout
1242 851 1298 914 tibi
1320 852 1481 930 placuerit,
1497 850 1595 913 libere
1615 856 1646 911 et
1662 847 1747 910 licite
1761 847 1875 922 dicere,

1128 962 1161 1008 ac
1183 945 1304 1007 easdem
1320 946 1409 1008 horas
1429 953 1619 1023 anteponere
1633 951 1664 1004 et
1679 949 1875 1021 postponere,

1128 1045 1159 1100 et
1174 1039 1365 1102 cumulatixe
1386 1039 1479 1101 unica
1493 1045 1641 1100 contextu
1662 1035 1794 1098 recitare
1808 1034 1875 1094 sine

1127 1132 1274 1210 scrupulo
1295 1131 1502 1195 conscientiae
1523 1129 1621 1192 libere
1634 1137 1665 1190 et
1681 1127 1763 1190 licite
1778 1125 1875 1205 passis

1127 1233 1159 1288 et
1181 1226 1298 1303 valeas,
1322 1234 1430 1290 tenore
1460 1222 1671 1304 praesentium
1692 1220 1730 1282 de
1751 1218 1874 1298 speciali

1127 1320 1225 1396 gratia
1240 1318 1452 1396 indulgemus
1468 1318 1609 1396 proviso:
1633 1313 1715 1393 quod
1730 1313 1874 1376 divinum

1125 1421 1355 1475 sacramentum
1370 1411 1470 1475 debita
1481 1427 1554 1474 cum
1567 1407 1744 1471 reverentia
1766 1412 1874 1468 tracte·

1128 1515 1190 1582 tur,
1206 1514 1238 1569 et
1252 1507 1432 1570 scandalum
1455 1520 1517 1568 nan
1540 1510 1704 1583 sequatur;
1726 1507 1769 1576 et,
1785 1499 1810 1562 si
1827 1515 1874 1562 ce-

1126 1600 1297 1662 lebratione
1312 1607 1370 1666 ,tua
1392 1600 1426 1662 in
1448 1597 1577 1660 artificio
1598 1593 1753 1676 praedicto
1774 1601 1874 1655 astan-

1127 1700 1172 1755 tes
1193 1692 1392 1756 scandalizari
1421 1690 1636 1754 uerisimiliter
1660 1689 1742 1751 credi
1764 1687 1871 1765 possit,

1125 1785 1365 1868 celebrationem
1380 1783 1571 1859 huiusmodi,
1585 1798 1649 1845 nan
1671 1780 1804 1862 publice,
1820 1780 1873 1843 sed

1126 1879 1272 1958 privatim
1287 1878 1386 1942 iacias.
1411 1876 1479 1940 Non
1495 1875 1687 1938 obstantibus
1701 1872 1873 1952 apostolicis

1126 1972 1158 2033 in
1184 1971 1424 2049 provincialibus
1446 1977 1477 2032 et
1504 1968 1703 2048 synodalibus
1732 1965 1873 2028 conciliis

1126 2065 1214 2127 editis
1237 2064 1452 2142 generalibus,
1475 2061 1526 2124 vel
1548 2060 1730 2141 specialibus
1759 2058 1871 2122 cousti-

1126 2158 1301 2220 talionibus
1333 2167 1364 2220 et
1396 2155 1663 2229 ordinationibus,
1698 2153 1872 2232 ceterisque

1125 2251 1289 2314 contrariis
1302 2251 1562 2330 quibuscumque.
1587 2249 1699 2310 Datum
1721 2246 1753 2309 in
1776 2246 1872 2308 bomo

1125 2343 1254 2407 Sanctae
1273 2343 1373 2406 crucis
1388 2352 1474 2405 extra
1489 2357 1595 2404 muros
1616 2339 1724 2403 Nicen.
1747 2340 1803 2404 sub
1818 2355 1871 2401 an-

1126 2438 1201 2500 nulo
1224 2437 1384 2500 Piscatoris
1407 2453 1450 2498 vr.
1476 2434 1555 2498 iunii
1583 2447 1745 2498 nuxxxrrr.
1771 2432 1872 2510 panti·
1905 2469 1913 2486 ·

1126 2531 1230 2594 fucatus
1252 2531 1351 2594 nostri
1373 2545 1455 2592 anno
1477 2546 1519 2591 ιν.

1313 2678 1524 2755 Hieronymus
1548 2675 1644 2740 Gar'd.
1670 2675 1871 2739 Giinaaeias
1915 2641 1917 2646 Ι

1479 2782 1551 2847 Feb.
1576 2781 1669 2860 Vigil.

1126 3005 1247 3070 Dilecta
1270 3005 1335 3070 ilia
1366 3010 1476 3065 nostro
1497 3001 1593 3064 Petra
1620 3000 1805 3074 Francisca,
1830 3001 1871 3062 n·-

1166 3100 1229 3162 tnli
1252 3100 1390 3164 Sanctae
1410 3095 1544 3178 Agnetis
1565 3096 1601 3157 in
1623 3095 1730 3174 Apane
1746 3095 1870 3173 presby-

1166 3199 1232 3256 tero
1256 3190 1427 3257 cardinali
1448 3187 1598 3251 Ferraria
1619 3195 1743 3261 vocato,

1384 3376 1470 3441 PIUS
1490 3376 1545 3438 ΡΡ.
1571 3375 1607 3439 V.

1329 3566 1450 3630 Dilecta
1469 3567 1517 3648 fiii
1539 3569 1658 3637 rtasier,

1141 3663 1279 3725 salntem
1301 3667 1332 3722 et
1354 3660 1562 3738 apostolicam
1586 3656 1845 3722 benedictionem.

1161 3855 1281 3917 Eximia
1296 3853 1451 3916 virtutum
1468 3854 1559 3930 dona,
1576 3855 1687 3932 quibus
1702 3869 1867 3931 personam

1121 3959 1206 4013 tuam
1219 3948 1341 4012 illarum
1354 3949 1482 4025 largitor
1497 3948 1663 4010 illustravit
1678 3949 1865 4025 altissimus,

1121 4049 1353 4120 promerentur,
1366 4049 1400 4104 nt
1412 4043 1492 4105 votis
1506 4044 1576 4116 tuis,
1591 4043 1771 4121 praesertim
1788 4060 1867 4122 quae

1120 4150 1158 4196 ex
1169 4133 1345 4197 devotionis
1356 4134 1480 4208 ierrare
1491 4136 1612 4213 prodire
1623 4135 1864 4213 dignoscuntur,

1120 4231 1256 4308 benigna
1271 4248 1445 4294 annuamus
1460 4233 1580 4295 allecta.
1603 4233 1810 4312 domitaque,
1826 4231 1866 4294 si·

1119 4333 1171 4386 cut
1199 4324 1288 4388 nobis
1314 4341 1415 4405 nuper
1442 4327 1627 4404 exposuisti,
1652 4334 1686 4389 tu
1708 4329 1783 4389 adeo
1805 4320 1865 4390 ire·

1118 4426 1251 4496 quenter
1273 4418 1420 4494 gravibus
1441 4419 1486 4480 tui
1501 4422 1636 4498 corporis
1658 4421 1865 4499 indispositio·

1118 4511 1211 4573 nibus
1232 4519 1264 4572 et
1292 4513 1473 4590 praesertim
1496 4513 1644 4591 podagra,
1668 4529 1746 4592 quae
1768 4523 1799 4576 tc
1820 4531 1866 4577 as-

1116 4603 1205 4665 sidue
1221 4605 1402 4683 impeditum
1420 4612 1516 4680 tenet,
1533 4607 1671 4670 laborare
1688 4608 1796 4670 solitus
1810 4609 1863 4684 sis,

1118 4707 1153 4760 ut
1173 4699 1297 4776 quaudo
1326 4700 1499 4762 devotionis
1522 4709 1593 4763 tuae
1620 4718 1708 4763 causa
1741 4702 1862 4764 blissam

1116 4791 1275 4855 celebrare
1289 4793 1452 4869 desideras,
1469 4795 1616 4874 quoniam
1639 4797 1768 4875 pedibus
1782 4805 1864 4859 stare

1118 4901 1180 4948 non
1212 4895 1310 4964 potes,
1334 4887 1361 4950 id
1385 4886 1485 4950 iacere
1513 4889 1600 4953 nullo
1628 4891 1717 4954 mado
1742 4895 1862 4971 valeas3

1117 4995 1213 5056 quare
1236 4982 1323 5042 nobis
1352 4983 1514 5045 humiliter
1535 4985 1727 5061 supplicasti,
1752 4993 1786 5048 ut
1809 4987 1862 5049 tibi

1119 5076 1150 5134 in
1174 5075 1350 5152 praemissis
1371 5086 1547 5153 opportune
1568 5079 1731 5155 providere
1753 5081 1789 5142 de
1812 5081 1861 5143 be-

1118 5168 1272 5244 nignitate
1292 5168 1452 5246 apastolica
1480 5169 1698 5247 dignaremur:
1728 5190 1784 5235 nos
1806 5175 1862 5253 igi-

1117 5268 1169 5323 tur
1189 5261 1351 5340 specialem
1368 5263 1497 5339 gratiam
1517 5263 1573 5327 tibi
1595 5264 1692 5328 iacere
1709 5266 1861 5344 volentes,

1118 5354 1177 5415 tuis
1192 5355 1224 5415 in
1241 5355 1295 5418 bac
1309 5364 1395 5433 parte
1406 5356 1687 5446 'supplicationibus
1710 5359 1862 5436 inclinati,

1115 5449 1384 5526 circumspectioni
1412 5458 1500 5525 tuae,
1525 5458 1574 5526 ut,
1604 5452 1863 5533 quotiescumque

1115 5539 1287 5602 devotionis
1309 5542 1405 5618 gratia
1426 5543 1551 5603 missam
1577 5544 1734 5608 celebrare
1755 5545 1862 5608 volue-

1115 5633 1168 5707 ris,
1184 5633 1209 5694 si
1224 5649 1292 5694 eam
1308 5634 1437 5713 pedibas
1458 5637 1567 5696 stando
1583 5637 1621 5698 ab
1636 5637 1713 5716 ipsas
1730 5638 1862 5716 indispo-

1114 5726 1244 5788 sitioues
1266 5729 1425 5790 commdde
1440 5727 1596 5791 celebrare
1619 5731 1809 5809 nequiveris,
1828 5732 1863 5794 il·

1115 5819 1175 5881 lam
1196 5820 1332 5883 sedendo
1354 5821 1387 5882 in
1408 5823 1542 5884 aratoria
1567 5825 1677 5885 domus
1701 5834 1782 5900 tuae,
1806 5843 1860 5889 sen

1114 5915 1250 5992 cappella
1271 5921 1322 5976 tua
1345 5915 1474 5996 privata,
1487 5933 1589 5978 corarn
1612 5917 1815 5982 familiaribus
1829 5930 1861 5984 et

1715 6045 1778 6112 tao'

1798 518 1855 582 793
1906 514 1960 568 bn.
1974 517 2005 568 0.
2027 514 2096 568 1757
