4732 7014
871 554 1070 604 BENEDICTUS
1089 553 1153 600 xlv.

244 692 323 753 bisce
351 689 442 751 malis
470 675 679 768 opportunum
707 684 882 746 remedium
903 681 988 745 adbi-

244 784 324 855 bere,
337 797 504 860 causasque
515 780 656 842 omnium
670 779 787 850 litium,
799 777 985 854 iurgiorum,

244 875 452 948 dissidiorum,
464 873 712 947 contentionum,
725 872 942 950 quaestionum
958 876 989 930 et

244 967 525 1032 controversiarum
547 973 720 1044 amputare,
744 969 921 1041 certamque
939 979 990 1022 su-

244 1077 296 1141 per
316 1062 410 1124 rebus
431 1061 609 1124 huiusmodi
624 1066 693 1121 tnm
708 1057 850 1138 praelatis
869 1055 989 1119 Graecis

244 1163 274 1218 ct
294 1153 523 1216 libanensibus
545 1152 646 1230 graeci
667 1152 758 1226 ritus,
789 1158 857 1213 tum
886 1147 989 1210 latinis

244 1249 400 1328 Episcopis
422 1255 453 1310 et
473 1247 612 1327 parochis
632 1245 785 1323 regulam,
802 1259 946 1306 normam
960 1248 990 1303 et

245 1343 497 1417 instructionem,
519 1341 568 1402 cui
590 1340 788 1419 potissimum
802 1353 867 1400 sese
890 1337 923 1398 in
938 1351 992 1414 po-

243 1443 364 1498 sterum
388 1435 583 1498 coulormare
608 1442 639 1496 et
667 1433 699 1495 in
727 1431 859 1509 singulis
886 1445 992 1492 occur·

245 1528 386 1591 rentibus
416 1528 517 1590 dubiis
544 1535 576 1589 et
604 1527 720 1590 casibus
751 1526 912 1588 inhaerere
941 1525 992 1584 de·

244 1623 348 1695 beant,
371 1622 493 1684 tradere
519 1621 695 1698 cupientes,
725 1619 828 1680 omnia
850 1625 881 1678 et
901 1631 992 1696 quae-

245 1731 380 1794 cumque
409 1729 465 1792 per
493 1713 616 1776 eosdem
645 1713 799 1774 Romanos
828 1711 992 1773 Pontifices

244 1810 493 1887 praedecessores
514 1814 647 1881 nostros,
660 1823 692 1870 ac
704 1806 886 1885 praesertim
901 1805 992 1866 lnno-

245 1902 386 1963 centium
401 1900 467 1975 lv,
480 1899 619 1962 Leonem
636 1901 686 1974 x,
703 1899 899 1962 Clementem
912 1896 991 1971 Vll,

246 1993 378 2056 Paulum
399 1994 464 2067 lll.,
487 1993 602 2055 lulium
624 1993 717 2054 etiam
739 1991 802 2065 tlt,
828 1991 918 2052 Pium
940 1988 990 2052 lll.

245 2093 276 2148 et
298 2085 354 2160 v,
377 2086 563 2162 Gregorium
585 2085 891 2161 xlll.,clemente1n
913 2083 990 2146 vill.

246 2187 275 2243 et
303 2179 410 2242 forsan
437 2179 512 2241 alios
542 2181 695 2242 llomanos
721 2178 885 2241 Pontifices
915 2177 993 2238 eirca

245 2281 437 2335 memoratos
458 2272 587 2334 Graecos
607 2281 639 2335 et
660 2272 850 2335 libanenses
871 2284 994 2332 eorum·

245 2383 307 2447 que
331 2367 409 2428 ritus
424 2374 455 2428 et
469 2366 708 2431 consuetudines
723 2366 861 2428 ordinata
877 2371 908 2426 et
922 2379 994 2424 con-

245 2461 358 2522 stituta
380 2460 474 2522 luisse
489 2462 696 2539 comperimus
718 2460 774 2540 (l),
797 2467 844 2535 ut,
857 2474 918 2537 quo
933 2471 996 2518 sae·

245 2555 316 2632 pins
339 2553 447 2616 fideles
467 2553 525 2632 ipsi
547 2554 599 2616 illa
626 2554 814 2632 perspicient
840 2551 995 2624 innovari,

246 2663 282 2709 eo
303 2647 481 2711 ferventius
501 2665 536 2710 ac
556 2648 729 2728 promptius
746 2647 783 2709 ad
804 2647 929 2710 illorum
945 2645 998 2706 ob-

245 2741 440 2805 servantiam
471 2741 665 2816 excitentur,
688 2743 720 2804 in
742 2740 809 2802 aliis
840 2738 996 2811 omnibus,

246 2842 468 2914 praeterquam
490 2836 522 2897 in
545 2835 581 2896 iis
602 2851 681 2914 quae
708 2834 922 2915 praesentibus
943 2847 997 2894 no-

245 2928 321 2990 stris
343 2928 559 3001 adversantur,
575 2929 786 2990 confirmanda
801 2933 832 2988 et
846 2927 998 2988 innovan-

246 3020 295 3096 da,
320 3029 491 3100 nostroque
511 3021 702 3084 auctoritatis
719 3020 897 3082 munimine
911 3019 1000 3081 robo-

246 3115 345 3177 randa
360 3130 426 3176 esse
440 3128 614 3190 censemus,
628 3121 659 3176 et
674 3115 893 3177 confirmamus
907 3119 999 3192 atque

246 3207 454 3283 innovamus,
477 3205 596 3286 aliaque
618 3207 746 3286 insuper
766 3215 853 3270 motu
875 3207 999 3286 proprio

246 3311 278 3364 et
289 3318 333 3363 ex
343 3301 426 3364 certa
439 3302 566 3363 scientia
581 3301 764 3380 maturaque
778 3299 1000 3363 deliberatione

247 3395 369 3470 nostra,
391 3411 426 3457 ac
446 3397 484 3457 de
509 3395 691 3472 apostolicae
718 3393 875 3474 potestatis
903 3392 999 3472 pleni-

248 3490 363 3552 tudine
383 3489 440 3552 bac
461 3488 567 3551 nostrl
594 3494 746 3566 perpetuo
773 3487 907 3550 valitura
931 3503 999 3548 san-

247 3585 356 3647 ctione
377 3592 410 3646 et
424 3581 650 3644 constitutione
668 3581 871 3658 disponimus,
888 3579 1000 3642 consti·

248 3677 385 3751 tuimus,
408 3675 604 3750 ordinamus,
633 3673 828 3736 decernimus
850 3679 881 3736 et
902 3671 1000 3734 decla-

249 3786 371 3846 ramus,
394 3775 487 3848 prout
500 3769 541 3830 in
561 3765 694 3830 Domino
721 3765 926 3845 conspicimus
948 3782 999 3828 ex-

250 3861 373 3942 pedire.

596 4050 615 4124 §
636 4049 659 4112 l.

456 4235 500 4300 Dc
522 4237 600 4300 Fida
622 4235 800 4301 Curictico.

293 4428 340 4491 Ac
359 4426 461 4506 primo
481 4425 609 4505 quidem
625 4441 697 4488 cum
711 4427 857 4489 catholica
874 4425 948 4488 sides
962 4425 1001 4488 sit

253 4520 421 4597 eiusmodi,
443 4527 490 4596 ut,
513 4520 573 4582 nisi
604 4536 672 4583 eam
697 4520 828 4600 quisque
849 4521 1002 4598 integram

253 4613 502 4692 inviolatamque
521 4613 705 4689 seruaverit,
726 4615 830 4676 salvus
851 4630 917 4676 esse
938 4629 1002 4675 non

254 4693 364 4786 possit,
386 4723 600 4786 quaecumque
624 4709 720 4771 credit
741 4725 774 4772 ac
795 4711 884 4772 docet
904 4727 1002 4773 sacro-

254 4809 360 4864 sancta
371 4800 508 4864 Romana
520 4800 665 4876 Ecclesia,
678 4817 712 4863 ea
723 4803 826 4865 omnia
836 4810 869 4866 ‘et
881 4803 1002 4880 singula

255 4893 352 4956 iidem
373 4893 479 4956 Graeci
493 4900 524 4956 et
538 4893 728 4956 tibarenses
742 4895 844 4972 graeci
864 4896 943 4959 ritus
957 4896 1003 4956 iu·

256 4993 356 5063 tegre,
378 4987 513 5049 tirmiter
533 4987 806 5069 indubitanterque
821 4991 946 5053 credere
960 4998 1005 5051 at-

256 5097 320 5158 que
339 5080 493 5143 affirmare
513 5088 681 5158 tenentur3
703 5090 797 5160 prout
811 5083 844 5144 in
858 5084 939 5147 sacra
953 5099 1003 5144 oe-

257 5191 295 5236 cu
348 5174 418 5238 nica
439 5173 564 5254 Synodo
585 5175 764 5238 Florentind
777 5191 871 5256 snper
885 5177 1003 5239 unione

179 5264 182 5271 '
258 5189 461 5332 Οιιπίιὲιιιιιιίε
481 5276 512 5331 et
534 5266 697 5331 Orientalis
721 5268 874 5332 Ecclesiae
894 5271 1003 5334 delini·

260 5371 328 5425 tum
349 5369 380 5424 et
400 5361 589 5426 declaratum
611 5361 682 5438 luit,
704 5369 735 5426 et
756 5363 789 5424 in
815 5363 1004 5441 prolessioue

260 5455 448 5518 orthodoxae
476 5455 550 5519 lidei
570 5473 586 5518 a
607 5455 729 5519 Graecis
750 5457 835 5520 iussu
862 5457 1004 5534 Gregorii

261 5549 357 5628 Papae
377 5549 456 5614 x‘lli.
467 5549 709 5630 praedecessoris
724 5551 822 5613 nostri
836 5550 1005 5613 emittenda

262 5643 451 5719 continetur,
474 5643 636 5707 videlicet:

103 5736 246 5794 trecassium
303 5751 325 5796 1.
346 5736 431 5811 Quod
453 5736 587 5816 Spiritus
602 5737 732 5801 Sanctus
747 5755 763 5799 a
777 5739 866 5801 Patre
881 5745 912 5801 et
926 5738 1005 5801 Filio

303 5949 333 6007 ιι)
347 5948 502 6002 uniusmodi
514 5954 574 6000 acta
587 5951 646 5998 vide
659 5952 688 5998 in
701 5951 849 6011 appendice.

1728 533 1768 597 59
1817 532 1872 587 An.
1885 533 1916 587 0.
1938 533 2006 587 1⁷42

1042 677 1242 740 aeternaliter
1263 685 1321 753 est,
1337 684 1369 740 et
1391 675 1557 739 essentiam
1578 690 1666 736 suam
1680 689 1786 737 suum·
1806 691 1915 748 spirtus
1933 690 2018 754 saecu

1043 788 1103 850 que
1126 787 1191 834 esse
1217 771 1387 833 subsistens
1409 770 1499 833 babet
1520 785 1558 830 ex
1584 768 1673 830 Patre
1693 767 1786 830 simul
1806 744 2020 855 fflffi'fl’fflw'

1043 873 1074 928 et
1099 865 1187 938 Filio,
1215 873 1307 927 etex
1333 872 1467 942 utroque
1487 862 1687 925 aeternaliter
1713 868 1789 923 tam·

1043 975 1136 1038 quam
1157 959 1194 1020 ab
1215 973 1278 1020 uno
1299 958 1450 1037 principio
1465 965 1496 1019 et
1511 957 1601 1020 unica
1622 957 1790 1036 spiratione

1044 1053 1197 1130 procedit:
1226 1058 1257 1114 et
1286 1053 1381 1131 quod,
1406 1068 1441 1113 ea
1462 1051 1631 1114 verborum
1662 1050 1789 1112 illorum

1045 1145 1240 1224 «Filioque»
1255 1145 1430 1225 explicatio,
1443 1145 1581 1206 veritatis
1592 1142 1792 1206 declarandae

1045 1240 1141 1318 gratia
1155 1247 1187 1302 et
1207 1240 1394 1302 imminente
1411 1247 1484 1301 tunc
1499 1240 1690 1313 necessitate,
1708 1239 1792 1300 licite

1046 1351 1079 1398 ac
1098 1333 1321 1397 rationabiliter
1334 1333 1475 1411 symbolo
1490 1332 1549 1394 luit
1564 1332 1708 1410 apposita.
1726 1333 1790 1394 Etsi

1046 1435 1151 1490 autem
1173 1427 1277 1490 Graeci
1306 1433 1474 1488 teneantur
1494 1424 1630 1500 eredere,
1656 1426 1749 1488 ctiam
1775 1444 1790 1486 a

1046 1521 1283 1600 FilioSpiritum
1296 1519 1444 1584 Sanctum
1463 1520 1639 1598 procedere,
1662 1536 1726 1583 non
1748 1527 1793 1581 ta-

1047 1630 1120 1678 men
1133 1623 1281 1678 tenentur
1292 1615 1324 1676 in
1336 1611 1482 1692 Symbola
1494 1615 1712 1692 pronunciare3
1721 1629 1792 1676 con·

1047 1711 1139 1771 traria
1160 1717 1265 1771 tamen
1290 1707 1482 1771 consuetudo
1505 1707 1541 1770 ab
1567 1707 1792 1770 Albanensibus

1048 1805 1149 1881 graeci
1159 1804 1237 1866 ritus
1249 1801 1442 1864 laudabiliter
1454 1808 1573 1879 recepta
1585 1808 1642 1877 est,
1652 1818 1744 1882 quam
1756 1803 1793 1864 ab

1048 1897 1156 1960 iisdem
1167 1895 1391 1960 albanensibus
1406 1895 1535 1973 aliisque
1545 1897 1792 1975 quibuscumque

1049 1993 1080 2053 in
1095 1991 1241 2064 ecelesiis,
1264 1989 1317 2052 ubi
1333 2005 1367 2050 ea
1382 1990 1478 2067 viget,
1497 1989 1613 2052 servari
1629 1989 1790 2067 volumus3

1048 2087 1124 2165 quin
1135 2084 1376 2162 etiamagraecis
1385 2083 1707 2163 presbyterisaliarum
1719 2101 1792 2163 qua-

1048 2194 1254 2257 rumcumque
1281 2178 1447 2254 regionum
1473 2179 1737 2240 commorantibus
1758 2179 1791 2242 in

1049 2273 1133 2336 ltalia
1163 2273 1291 2350 eiusque
1319 2271 1429 2335 insulis
1458 2272 1683 2347 adiacentibus,
1709 2275 1734 2335 si
1755 2273 1793 2335 ab

1050 2367 1216 2432 Ordinariis
1252 2365 1406 2441 locorum,
1437 2366 1486 2427 vel
1515 2365 1553 2428 ob
1583 2366 1790 2446 suspicionem

1049 2460 1196 2534 haeresis,
1219 2459 1269 2520 vel
1290 2458 1329 2521 ob
1348 2458 1548 2534 scandalum,
1571 2459 1621 2520 vel
1642 2460 1681 2522 ob
1701 2460 1792 2522 aliam

1051 2555 1163 2615 iustam
1190 2567 1312 2616 causam
1340 2551 1481 2631 requisiti
1500 2552 1630 2627 luerint,
1660 2553 1793 2631 particu-

1051 2647 1112 2708 lam
1128 2646 1212 2708 illam
1233 2645 1431 2723 «Filioque»
1453 2647 1485 2708 in
1500 2644 1642 2722 symbolo
1656 2662 1793 2725 pronun·

1052 2741 1124 2803 clari
1144 2739 1361 2818 praecipimus,
1384 2756 1417 2802 ac
1439 2741 1632 2802 mandamus.

1091 2851 1125 2896 u.
1148 2836 1226 2897 ltem
1248 2833 1388 2912 profiteri
1408 2839 1569 2908 tenentur,
1591 2836 1704 2897 tamin
1725 2851 1795 2915 azy·
1848 2847 1882 2893 ne
1896 2856 1982 2904 azymo
1999 2851 2025 2892 er

1053 2944 1104 2990 mo
1125 2943 1219 3005 quam
1240 2927 1272 2987 in
1287 2927 1473 2989 fermentato
1487 2943 1566 3006 pane
1586 2929 1707 2993 triticeo
1723 2931 1795 2993 Gor·
1814 2901 1974 2948 tormentata.

1047 3033 1108 3101 'pus
1131 3020 1244 3084 Christi
1259 3021 1410 3083 veraciter
1424 3022 1548 3099 contici3
1572 3029 1603 3084 et
1623 3025 1796 3086 sacerdotes
1858 3052 1859 3056 =

1053 3116 1087 3178 in
1108 3114 1259 3176 alterutro
1286 3113 1390 3192 ipsum
1409 3114 1533 3176 Domini
1562 3117 1680 3194 Corpus
1700 3118 1797 3180 conli-

1054 3225 1123 3271 cere
1143 3206 1266 3281 debere,
1289 3223 1547 3286 unumquemque
1573 3209 1691 3272 scilicet
1712 3212 1796 3273 iuxta

1053 3319 1125 3365 suae
1146 3301 1299 3364 Ecclesiae
1318 3301 1383 3362 sire
1397 3300 1596 3365 Occidentalis
1611 3303 1676 3365 sive
1691 3303 1797 3368 Orien-

1052 3394 1123 3458 talis
1142 3393 1412 3457 consuetudinem.

1094 3505 1141 3551 ιιι.
1165 3489 1254 3564 Item,
1277 3488 1302 3549 si
1323 3504 1397 3550 rere
1418 3490 1614 3568 poenitentes
1634 3491 1668 3554 in
1682 3492 1736 3556 llei
1752 3510 1799 3556 ca·
1831 3507 1885 3570 ‚ne
1905 3509 2027 3564 Purgato-

1054 3582 1145 3644 ritate
1166 3582 1351 3645 decesserint
1378 3589 1544 3663 autequam
1565 3584 1667 3662 dignis
1692 3589 1797 3666 poeni·
1816 3571 1863 3606 ¹¹⁰·

1054 3677 1171 3740 tentiae
1201 3675 1351 3739 lmctibus
1372 3677 1408 3740 de
1430 3679 1600 3741 commissis
1621 3687 1652 3742 et
1678 3681 1799 3744 omissis

1053 3769 1269 3845 satisfecerint,
1291 3785 1401 3832 eorum
1422 3773 1537 3834 animas
1558 3775 1665 3852 poenis
1685 3775 1798 3853 Purga-

1054 3863 1126 3926 torii
1147 3871 1214 3942 post
1235 3871 1370 3926 mortem
1391 3864 1532 3943 purgari3
1554 3873 1596 3944 et,
1612 3874 1647 3931 ιιι
1661 3886 1676 3930 a
1691 3870 1798 3949 poenis

1056 3955 1234 4019 huiusmodi
1246 3957 1438 4034 releventur,
1447 3961 1591 4037 prodesse
1602 3962 1645 4024 eis
1660 3963 1798 4028 fidelium

1055 4051 1200 4113 vivorum
1220 4050 1377 4128 sutfragia,
1393 4053 1558 4115 missarum
1570 4054 1688 4118 scilicet
1707 4057 1798 4120 sacri-

1056 4144 1135 4220 licia,
1157 4145 1310 4207 orationes
1330 4152 1363 4206 et
1382 4137 1606 4225 eleemosynae,
1619 4155 1650 4210 et
1664 4150 1722 4212 alia
1736 4151 1799 4230 pie

1055 4239 1127 4300 tatis
1147 4237 1256 4312 officia,
1278 4253 1357 4316 quae
1376 4255 1392 4298 a
1414 4238 1555 4303 fidelibus
1570 4257 1625 4320 pro
1639 4243 1706 4306 aliis
1727 4245 1800 4308 lide·

1056 4331 1136 4394 libus
1157 4332 1226 4393 fieri
1247 4341 1478 4396 consueverunt
1501 4337 1675 4400 secundum
1697 4337 1799 4401 Eccle-

1055 4424 1117 4487 siae
1138 4425 1291 4489 instituta.

1097 4537 1139 4581 rr.
1161 4519 1353 4599 illorumque
1366 4522 1496 4598 animas,
1506 4521 1559 4600 qui
1570 4531 1638 4601 post
1649 4525 1799 4605 baptisma
1827 4532 2031 4598 pevrsrouenea-

1056 4619 1232 4692 susceptum
1247 4613 1366 4676 nullam
1381 4615 1511 4677 omnino
1522 4617 1637 4694 peccati
1648 4620 1799 4682 maculam
1819 4589 1888 4633 Μ
1902 4589 2016 4634 sanctor.

1057 4707 1274 4782 incurrerunt,
1300 4715 1369 4769 tum
1391 4707 1458 4769 illas
1488 4709 1600 4786 etiam,
1634 4727 1712 4789 quae
1733 4719 1800 4791 post

1057 4807 1245 4863 contractam
1274 4800 1387 4879 peccati
1413 4802 1584 4878 maculam,
1607 4804 1657 4866 rel
1682 4805 1800 4868 insule

1057 4891 1249 4973 corporibus,
1271 4893 1321 4956 vel
1342 4893 1456 4957 eisdem
1478 4904 1588 4959 exutae
1610 4897 1799 4977 corporibus,

1057 4994 1150 5066 prout
1171 4987 1312 5065 superius
1337 4987 1455 5050 dictum
1476 4996 1536 5065 est,
1558 4991 1622 5052 siut
1642 5001 1800 5071 purgatae,

1058 5083 1091 5143 in
1103 5081 1221 5143 caelum
1235 5097 1310 5144 mox
1323 5081 1429 5161 recipi,
1438 5089 1469 5144 et
1481 5081 1597 5146 intueri
1608 5085 1689 5147 clare
1698 5087 1800 5166 ipsum

1059 5174 1159 5237 Deum
1172 5175 1305 5238 Trinum
1317 5183 1348 5238 et
1363 5176 1469 5239 Unum
1490 5177 1580 5242 sicuti
1601 5186 1664 5256 est,
1687 5195 1742 5258 pro
1756 5181 1800 5244 di·

1058 5268 1146 5329 versa
1166 5275 1272 5331 tamen
1293 5269 1479 5334 meritorum
1500 5269 1620 5334 ratione
1639 5271 1728 5335 aliam
1744 5274 1802 5335 alid

1059 5359 1234 5439 perfectius.

1099 5469 1128 5513 v.
1153 5453 1281 5518 illorum
1302 5464 1404 5520 antem
1421 5459 1623 5538 animaequi
1643 5459 1676 5522 in
1691 5459 1801 5524 actuali
1822 5511 1827 5522 .
1847 5459 2032 5559 coarmatus

1059 5548 1180 5610 mortali
1193 5551 1385 5628 peccato,vel
1396 5551 1461 5615 solo
1473 5553 1801 5631 originali,decedunt‚
1821 5521 2032 5629 ἷῗιιΓιθῗῃθῖξιιἿῖ,

1060 5656 1134 5704 mox
1154 5642 1187 5704 in
1210 5641 1371 5707 infernum
1399 5645 1600 5724 descendere,
1630 5648 1737 5727 poenis
1759 5619 2034 5728 ta-}{{1r?{f⁸¹¹¹'‘¹⁰'

1060 5752 1133 5800 men
1155 5738 1323 5816 disparibus
1344 5738 1525 5818 puniendas.
