4744 6976
74 585 107 632 lu.
117 576 138 624 C.
156 563 212 621 1745

67 721 169 784 privativam
190 713 222 772 ln·

67 777 142 826 11111111
152 766 221 812 cultra

67 826 158 878 ,sarreriae
173 828 222 864 rou·

66 884 119 930 »11111

871 573 1069 620 suneutcrt's
1093 572 1155 618 XlV.

238 699 355 760 sionem
367 693 622 774 et'partitionem
645 695 722 757 iusta
744 693 829 755 lance
852 691 984 753 librave-

239 793 347 865 rimus,
364 793 569 869 eamdemque
590 791 807 854 rationabilem
828 798 859 852 et
880 790 983 868 aequi-

239 887 289 948 tati
301 899 467 946 consonam
479 893 509 946 et
522 893 582 945 tam
596 883 785 946 secretariae
800 889 832 944 et
846 882 985 945 Datariae

239 976 463 1058 praedictarum
490 977 610 1039 iuribus
639 984 851 1053 congruenter
877 976 985 1038 distin-

238 1071 385 1147 guendis,
418 1087 512 1149 quam
542 1072 689 1134 Gamerae
720 1079 751 1132 et
778 1069 984 1132 cancellariae

240 1155 497 1241 Apostolicarum,
521 1163 710 1242 illarumque
734 1163 906 1241 respective
929 1161 986 1223 mi·

238 1259 430 1334 nistrorum,
459 1257 638 1320 officialium
660 1265 691 1318 et
712 1255 918 1332 collegiorum
941 1256 986 1316 in·

237 1352 461 1414 demnitatibus
482 1351 704 1414 conservandis
726 1359 756 1412 et
782 1349 986 1424 stabiliendis,

237 1453 338 1522 aptam
360 1452 633 1524 opportunamque
659 1444 899 1521 agnoverimus,
924 1456 986 1503 non
1014 1515 1016 1524 ,

238 1539 330 1600 modo
352 1538 462 1616 ipsam,
485 1545 577 1615 prout
599 1538 743 1616 superius
764 1551 906 1614 expressa
928 1542 986 1609 est,
1014 1527 1016 1629 ξ

239 1641 335 1692 ratam
357 1638 388 1692 et
410 1637 529 1707 gratam
558 1630 726 1705 babemus;
753 1645 865 1690 verum
894 1629 986 1688 etiam

238 1731 406 1804 perpetuae
429 1723 525 1802 ipsius
554 1723 693 1784 firmitati
716 1730 746 1783 et
774 1721 988 1783 observantiae

1040 695 1244 773 praescriptae
1256 696 1413 773 petitionis
1428 713 1583 775 normam,
1600 698 1702 761 forsan
1718 717 1787 778 por-

1041 799 1139 854 rectas
1160 799 1191 853 et
1212 799 1430 870 praesentatas,
1453 808 1506 854 seu
1529 793 1789 872 quandocumque

1040 886 1241 966 porrigendas
1263 895 1294 948 11
1318 889 1570 966 praesentandas,
1593 889 1627 950 ad
1651 887 1787 951 alterum
1825 898 2022 944 1111111111-

1040 997 1079 1043 ex
1100 979 1217 1042 eisdem
1238 977 1358 1055 oliiciis,
1375 981 1409 1040 ad
1429 981 1523 1057 quod,
1541 980 1625 1042 iuxta
1641 981 1788 1059 praemis·
1807 953 2022 1052 ἓξξὲῗῑῗῆῗὲθοῃὲζ

1808 1058 2022 1114 11111111111111-

1807 1112 1925 1159 sentlbus
1940 1111 2023 1168 legiti-

1042 1174 1247 1244 gnoscuntur,
1265 1167 1399 1228 fideliter
1420 1167 1555 1243 dirigant
1567 1175 1597 1230 et
1613 1168 1786 1230 remittant:
1808 1165 2020 1266 ffissndif'mwum

1039 1091 1089 1136 sae
1110 1074 1286 1152 partitionis
1308 1073 1546 1148 continentiam,
1566 1073 1723 1152 pertinere
1744 1075 1788 1135 di-

1041 1259 1111 1321 Non
1133 1260 1325 1321 obstantibus
1347 1258 1413 1320 aliis
1442 1260 1691 1338 quibuscumque
1712 1261 1788 1338 ipsa·

1042 1369 1112 1414 rum
1134 1353 1340 1430 petitionum,
1366 1359 1419 1414 aut
1449 1352 1711 1431 supplicationum
1742 1369 1790 1415 re-

1042 1446 1258 1519 missionibus,
1281 1460 1360 1523 quae
1382 1443 1484 1506 lorsan
1506 1445 1543 1506 ab
1564 1444 1622 1505 alio
1650 1445 1789 1522 quolibet

1043 1555 1081 1602 11
1104 1540 1217 1601 nostris
1232 1536 1422 1600 administris
1437 1545 1468 1600 et
1483 1538 1672 1612 oiiicialibus,
1696 1539 1789 1600 etium

1042 1649 1057 1692 1
1080 1630 1249 1696 secretaria
1272 1639 1376 1691 nostra
1398 1631 1576 1708 supplicum
1598 1630 1788 1706 libellorum,
1850 1685 1853 1692 .

1043 1741 1076 1786 ac
1098 1732 1204 1786 nostro
1225 1730 1256 1785 et
1277 1722 1406 1784 Romani
1429 1739 1485 1800 pro
1502 1731 1640 1801 tempore
1661 1723 1790 1784 Pontifi-

1709 553 1768 616 2117
1821 555 1872 606 An.
1887 557 1917 607 0.
1940 555 2008 607 1745

237 1817 400 1880 consulere
416 1827 447 1878 et
462 1815 626 1895 providero
646 1816 799 1889 volentes,
817 1822 904 1877 motu
919 1829 988 1892 pro·
1015 1884 1017 1909 Ι
1043 1816 1085 1879 cis
1106 1817 1246 1889 nomine,
1262 1832 1295 1877 ac
1311 1816 1406 1877 etiarn
1421 1831 1437 1874 1
1452 1831 1647 1894 quacumque
1660 1817 1790 1878 111111-

238 1911 304 1988 prio
328 1919 359 1971 et
380 1926 419 1970 ex
441 1916 523 1972 11111
546 1908 693 1983 scientia,
715 1925 749 1970 ac
773 1914 891 1969 matura
915 1906 989 1968 deli·
1015 1912 1018 1991 1
1044 1908 1277 1986 gregationibus
1299 1907 1329 1971 S.
1356 1907 1392 1969 11.
1412 1908 1446 1970 E.
1476 1908 1686 1971 cardinalium
1708 1925 1790 1971 ema·

34 2005 35 2010 ’
99 2014 221 2076 51110111
239 2003 400 2064 beratione
423 2003 549 2076 nostris,
565 2002 718 2075 eamdem,
735 1999 899 2078 apostolica
920 2015 988 2060 auc·
1015 2001 1017 2051 l
1045 2002 1203 2075 11111111,
1227 1999 1277 2060 111
1299 2007 1439 2062 extortae
1461 1999 1591 2063 luerint.
1621 2000 1684 2062 Nos
1705 2003 1791 2064 enim

34 2149 35 2152 ,
70 2070 221 2168 llflffissffim'
240 2097 376 2169 toritate,
390 2104 500 2158 tenore
516 2093 784 2172 praesentium,in
801 2101 988 2170 perpetuum
1015 2124 1018 2163 ς
1044 2093 1243 2155 remissiones
1273 2093 1443 2166 eiusmodi,
1465 2101 1571 2154 contra
1603 2103 1791 2156 memoratae

239 2189 445 2268 approbamus
456 2198 486 2249 et
508 2188 742 2260 confirmamus,
761 2186 867 2264 illique
889 2187 988 2248 invio·
1016 2198 1018 2227 ¹
1044 2185 1219 2264 partitionis
1247 2185 1451 2263 prescriptum
1479 2185 1710 2262 quomodolibet
1736 2203 1791 2264 pro

239 2279 365 2343 labilem
395 2280 564 2342 sanctionis
593 2287 719 2342 nostrae
749 2280 931 2342 firmitatem
959 2286 990 2339 et
1047 2283 1185 2356 tempore
1206 2285 1363 2339 emanatas
1385 2278 1435 2338 vel
1456 2278 1617 2353 obtentas,
1640 2279 1700 2340 nisi
1723 2279 1793 2341 illae

240 2375 336 2437 robur
349 2375 520 2436 adiicimus.
544 2376 754 2436 Decernentes
770 2381 801 2436 et
816 2375 924 2435 eadem
938 2389 989 2434 au·
1045 2375 1082 2435 de
1103 2371 1227 2450 speciali
1249 2376 1418 2432 nostroaut
1440 2387 1652 2434 successorum
1674 2381 1793 2434 nostro-

239 2469 383 2530 ctoritate
398 2475 581 2543 statuentes,
598 2468 679 2546 quod
692 2468 808 2544 gratiae
822 2475 852 2528 et
868 2481 990 2528 conces·
1045 2481 1116 2526 rum
1139 2468 1295 2538 mandato,
1312 2479 1486 2542 expressam
1501 2465 1635 2542 ipsarum
1652 2481 1794 2543 praesen-

239 2563 343 2623 siones
372 2561 556 2640 apostolicae
584 2560 727 2623 alterutri
756 2577 793 2622 ex
821 2559 989 2622 Secretaria
1017 2564 1019 2621 ἱ
1047 2559 1125 2620 tium
1137 2557 1371 2633 derogationem
1386 2557 1556 2632 contineat,
1567 2565 1724 2636 tamquam
1740 2575 1794 2636 per

243 2656 390 2717 Brevium
408 2662 440 2716 et
454 2654 574 2715 Dataria
598 2653 760 2730 praedictis
775 2652 939 2730 privative,
956 2658 992 2712 ut
1046 2666 1185 2712 errorem
1207 2650 1311 2724 lactas,
1328 2650 1394 2710 sive
1416 2665 1471 2728 per
1491 2650 1724 2728 subreptionem
1741 2659 1794 2714 aut

240 2748 471 2826 praemisimus,
494 2746 673 2820 attributae,
696 2746 721 2806 si
743 2762 818 2823 quas
840 2743 920 2805 lorte
936 2759 991 2821 per
1046 2744 1259 2823 obreptionem
1272 2742 1423 2817 obtentas,
1437 2742 1475 2803 ab
1488 2743 1562 2820 ipsis
1577 2744 1725 2805 Brevium
1741 2743 1795 2806 Se·

240 2840 375 2902 alterum
397 2857 435 2902 11
451 2841 539 2902 dictis
555 2839 672 2913 officiis,
690 2849 797 2904 contra
812 2835 990 2900 huiusmodi
1046 2839 1187 2912 cretario,
1210 2845 1303 2914 atque
1325 2835 1456 2911 batario,
1480 2851 1652 2915 eorumque
1674 2853 1796 2900 succes-

241 2933 416 3012 partitionis
437 2941 469 2996 et
491 2932 651 2994 divisionis
673 2933 914 3010 praescriptum,
938 2947 988 2992 11-
1018 2915 1020 3048 b
1045 2929 1166 2990 soribus
1192 2929 1366 3008 praedictis,
1395 2929 1524 2991 omnino
1551 2931 1741 3008 spernendas
1762 2939 1794 2992 et

240 3025 338 3104 pediri
361 3024 620 3104 quandocumque
643 3027 675 3087 in
686 3034 846 3103 posterum
870 3025 991 3088 contin·
1047 3022 1226 3084 nullatenus
1248 3021 1448 3084 attendendas
1470 3020 1535 3082 lore
1556 3022 1757 3086 declaramus.

241 3126 309 3196 gat3
334 3135 457 3182 necnon
473 3119 554 3198 ipsae
571 3121 678 3180 literae
700 3118 883 3198 apostolicae
898 3102 1020 3196 super'
1086 3115 1175 3189 §lb
1195 3114 1625 3192 Praesentesquoqueliteras
1640 3117 1795 3178 111111111-
1840 3137 2027 3186 1111111111-
2106 3157 2109 3162 ι

240 3212 351 3274 iisdem
374 3212 541 3286 conlectae,
562 3211 716 3273 nullitatis
737 3218 767 3272 et
791 3211 991 3272 invaliditatis
1018 3218 1020 3227 ⁴
1048 3209 1172 3288 ptionis,
1195 3208 1397 3285 obreptionis,
1413 3215 1466 3270 aut
1485 3209 1710 3288 cuiuscumque
1725 3212 1794 3274 nul·
1816 3191 1919 3238 ΗΜ·

1049 3303 1142 3364 litatis
1165 3301 1214 3364 vel
1243 3301 1446 3363 invaliditatis
1473 3303 1563 3376 vitio,
1596 3302 1796 3366 intentionis-

241 3304 318 3367 vitio
339 3305 536 3368 subiaceant:
561 3312 654 3383 prout
673 3320 728 3366 nos
752 3303 818 3364 illas
840 3319 989 3384 exnunc,

241 3409 334 3476 prout
356 3414 395 3460 11
419 3406 493 3460 1111
514 3405 544 3460 11
566 3405 725 3473 econtra,
747 3405 904 3474 tamquam
926 3411 990 3457 non

240 3493 299 3552 rite
322 3499 353 3553 11
376 3491 530 3568 legitime,
546 3507 602 3553 seu
617 3491 710 3552 etiarn
733 3489 927 3552 nullomodo
942 3505 993 3551 11-

151 3655 155 3662 ,
242 3586 376 3662 pedites,
408 3599 634 3662 processusque
665 3584 768 3646 lorsan
798 3583 916 3645 babitos
941 3583 991 3643 vel

36 4375 37 4394 ,
91 4344 229 4408 1111111111

36 4409 38 4454 f
76 4403 147 4442 munes
179 4409 227 4454 mgr

36 4457 37 4478 1
76 4451 229 4546 1111111111·

241 3677 400 3739 babendos
421 3693 476 3756 per
488 3679 624 3753 easdem,
636 3693 708 3740 cum
723 3677 870 3739 omnibus
885 3683 915 3738 et
930 3676 993 3737 sin·

243 3772 324 3849 gulis
346 3773 420 3834 inde
434 3771 667 3849 quomodolibet
688 3771 802 3833 secutis
818 3777 848 3831 et
863 3785 995 3847 sequen-

243 3866 300 3939 dis,
324 3864 405 3926 dicta
433 3864 596 3941 apostolica
626 3863 829 3938 auctoritate,
859 3863 993 3939 ipsarum

242 3964 353 4019 tenore
367 3957 593 4035 praesentium,
610 3955 820 4030 annullamus,
835 3956 994 4017 irritamus

245 4057 275 4112 et
298 4049 526 4124 invalidamus,
549 4050 733 4126 neminique
754 4048 789 4109 ad
812 4063 994 4126 quemcum-

244 4159 305 4223 que
326 4143 473 4206 eliectum
494 4143 652 4205 ullatenus
663 4141 824 4219 suffragari
841 4155 929 4219 posse
944 4142 993 4204 de-

244 4237 414 4300 cernimus.

283 4330 354 4405 §9-
377 4329 586 4405 Quamobrem
609 4328 715 4391 iisdem
740 4328 902 4390 Dominico
924 4329 994 4392 llar-

246 4423 341 4486 dinali
363 4431 395 4486 et
417 4421 567 4498 magistro
594 4421 700 4483 loanni
725 4421 834 4484 iacobo
862 4421 993 4496 baterio,

246 4531 419 4594 eorumque
440 4530 495 4593 pro
517 4521 659 4593 tempore
679 4515 712 4576 in
732 4513 916 4576 muneribus
938 4515 994 4576 bu-

246 4608 380 4671 iusmodi
402 4606 575 4685 respective
595 4607 834 4682 successoribus,
858 4622 913 4684 per
931 4622 995 4668 eas-

247 4703 317 4764 dem
347 4707 527 4779 praesentes
558 4697 697 4762 districte
727 4699 933 4778 praecipimus
964 4708 995 4762 et

248 4794 463 4869 iniungimus,
494 4800 529 4854 ut
550 4793 606 4870 ipsi
630 4793 661 4855 in
686 4801 847 4872 posterum
868 4794 900 4855 in
923 4810 996 4871 qua-

247 4901 456 4964 rumcumque
489 4887 661 4962 gratiarum
696 4895 727 4948 11
757 4888 993 4956 concessionum

247 4981 484 5059 apostolicarum
512 4979 721 5057 expeditione,
744 4979 887 5058 superius
908 4996 994 5058 prae·

246 5075 392 5153 scriptam
419 5071 606 5134 divisionem
634 5078 666 5134 et
694 5071 895 5150 partitionem
923 5089 995 5152 prae

248 5166 344 5228 oculis
365 5165 527 5240 babentes,
556 5181 623 5226 eam
653 5165 786 5227 tirmiter
813 5165 993 5241 observent,
1021 5158 1024 5256 Ι

248 5275 280 5320 11
301 5260 338 5321 ab
358 5259 504 5321 omnibus
526 5266 557 5320 et
576 5259 710 5334 singulis
737 5259 795 5320 sibi
824 5261 995 5339 respective

247 5352 393 5414 subiectis
403 5351 555 5430 personis,
569 5351 761 5426 officialibus,
777 5352 828 5414 vel
843 5354 995 5416 ministris

248 5444 469 5508 inviolabiliter
490 5445 647 5506 observari
669 5441 792 5507 iaciant.
818 5445 923 5525 Etpro
937 5447 995 5509 hu·
1021 5496 1024 5521 ,

250 5537 381 5601 iusmodi
395 5537 602 5612 observantia,
616 5553 724 5600 omnes
739 5547 770 5600 et
786 5556 995 5620 quascumque
1021 5536 1024 5551 ⁴

249 5631 414 5709 petitiones
439 5637 492 5692 aut
512 5630 753 5709 supplicationes
774 5647 830 5711 pro
851 5632 996 5712 impetra·

249 5724 334 5784 tione
356 5723 528 5799 gratiarum
550 5723 583 5784 in
604 5723 756 5785 alterutro
775 5724 995 5787 111111ιί111ῐί-

250 5815 303 5876 oiis
324 5831 379 5894 per
399 5814 601 5877 solicitatores
626 5823 771 5892 agentes,
795 5817 994 5893 negotiorum

249 5907 456 5988 expeditores,
479 5915 532 5970 111
552 5907 626 5972 alios
647 5923 872 5988 quoscumque,
889 5918 995 5972 contra

1020 3422 1021 3487 q
1047 3411 1109 3473 que
1130 3403 1265 3469 nostrae,
1289 3411 1322 3455 ac
1350 3410 1548 3473 quocumque
1574 3395 1634 3457 alio
1660 3396 1793 3474 delectu,

1047 3491 1139 3552 etiam
1163 3506 1201 3551 ex
1222 3505 1270 3566 eo,
1294 3489 1376 3568 quod
1392 3489 1424 3550 in
1439 3489 1612 3566 praemissis
1626 3493 1798 3567 quomodo-

1048 3583 1123 3646 libet
1145 3584 1296 3644 interesse
1323 3582 1471 3644 babentes
1493 3583 1543 3644 vel
1576 3583 1688 3644 babere
1710 3599 1796 3662 prae-

1020 3716 1022 3725 =
1050 3679 1225 3749 tendentes,
1249 3675 1310 3736 illis
1332 3691 1395 3737 non
1418 3677 1647 3752 consenserint,
1664 3695 1696 3739 11
1711 3678 1746 3738 ad
1761 3695 1796 3740 ea

1020 3728 1022 3839 l
1049 3769 1148 3831 vocati
1163 3776 1195 3830 et
1209 3768 1305 3830 auditi
1318 3784 1381 3830 non
1396 3767 1526 3846 luerint,
1537 3769 1586 3831 vel
1599 3785 1797 3850 quocumque

1048 3863 1107 3924 alio
1128 3861 1242 3936 colore,
1266 3869 1438 3940 praetextu,
1451 3863 1611 3924 occasione
1632 3863 1682 3925 vel
1696 3881 1795 3940 causa,

1048 3972 1064 4017 a
1086 3970 1243 4034 quoquam
1265 3955 1376 4031 notari,
1401 3956 1596 4034 impugnari,
1619 3956 1652 4018 in
1675 3956 1723 4019 ius
1745 3957 1796 4020 vel

1049 4047 1294 4110 controversiam
1309 4049 1447 4109 revocari
1463 4047 1642 4112 nullatenus
1658 4066 1796 4128 unquam

1050 4155 1148 4218 posse,
1170 4141 1224 4202 sed
1245 4156 1295 4201 eas
1315 4155 1439 4218 semper
1460 4148 1491 4202 et
1512 4151 1661 4219 perpetuo
1683 4142 1797 4206 validas

1050 4234 1166 4308 firmas,
1193 4243 1224 4296 et
1252 4233 1388 4296 elllcaces
1413 4249 1481 4295 esse
1501 4244 1532 4297 11
1557 4233 1633 4310 lore,
1662 4251 1796 4314 suosque

1049 4325 1202 4404 plenarios
1218 4333 1249 4388 et
1264 4327 1403 4403 integros
1425 4327 1553 4390 ellectus
1575 4327 1679 4390 sortiri
1700 4337 1730 4390 et
1745 4329 1796 4390 ob-

1050 4419 1162 4496 tinere,
1179 4435 1212 4482 11
1234 4419 1271 4481 ab
1292 4420 1436 4483 omnibus
1457 4428 1487 4482 et
1508 4420 1651 4497 singulis,
1668 4422 1704 4483 ad
1720 4437 1797 4500 quos

1048 4521 1163 4592 spectat
1177 4523 1208 4576 et
1228 4514 1377 4592 spectabit
1404 4513 1636 4591 quomodolibet
1657 4515 1690 4576 in
1712 4513 1797 4577 lutu-

1051 4623 1132 4681 rum,
1167 4605 1389 4669 inviolabiliter
1420 4606 1593 4668 observari:
1627 4605 1732 4686 sicque
1764 4613 1795 4668 et

1050 4715 1112 4761 non
1128 4699 1217 4760 aliter
1228 4698 1262 4760 in
1273 4699 1447 4777 praemissis
1458 4713 1514 4776 per
1525 4714 1735 4778 quoscumque
1749 4700 1795 4761 iu·

1050 4791 1130 4855 dices
1150 4794 1320 4856 ordinarios
1341 4799 1393 4854 aut
1415 4791 1589 4868 delegatos,
1610 4793 1705 4854 etiam
1726 4809 1794 4854 cau-

1049 4902 1154 4948 sarum
1178 4884 1281 4963 palatii
1302 4883 1460 4963 apostolici
1481 4884 1646 4958 auditores,
1662 4901 1695 4947 ac
1710 4900 1796 4962 prae-

1021 4992 1024 5080 1
1050 4981 1147 5044 dictae
1162 4978 1192 5041 S.
1204 4977 1238 5038 ll.
1253 4979 1287 5039 E.
1307 4977 1483 5042 Cardinales
1496 4986 1527 5039 et
1541 4979 1617 5040 alios
1631 4995 1797 5058 quoscum·

1021 5093 1024 5155 q
1050 5089 1110 5152 que
1130 5071 1238 5150 quavis
1248 5071 1429 5133 auctoritate
1445 5079 1476 5133 et
1491 5079 1641 5149 potestate
1662 5071 1795 5150 lungen-

1051 5177 1095 5226 tes
1116 5173 1147 5227 et
1168 5165 1343 5240 iuncturos,
1365 5163 1483 5226 sublata
1496 5165 1541 5225 eis
1556 5173 1586 5228 et
1608 5181 1717 5228 eorum
1733 5168 1797 5229 cui-

1022 5257 1024 5353 ξ
1050 5257 1125 5320 libet
1146 5258 1254 5336 quavis
1274 5258 1365 5319 aliter
1384 5257 1549 5334 iudicandi,
1573 5257 1749 5320 declarandi
1765 5267 1796 5321 et

1022 5356 1024 5423 1
1050 5351 1275 5429 interpretandi
1296 5350 1452 5426 facultate,
1475 5351 1614 5426 iudicari,
1637 5351 1794 5427 declarari,
1845 5391 1849 5398 -

1022 5430 1081 5506 'et
1103 5443 1300 5522 interpretari
1330 5443 1452 5518 debere,
1479 5445 1560 5506 etsi
1587 5459 1675 5507 secus
1702 5460 1797 5523 super

1022 5588 1024 5603 .
1049 5538 1097 5599 bis
1117 5555 1133 5598 1
1154 5553 1311 5618 quoquam
1333 5537 1441 5616 quavis
1461 5539 1644 5600 auctoritate
1662 5538 1797 5601 scienter

1022 5618 1024 5687 ἱ
1050 5631 1101 5694 111
1122 5631 1304 5708 ignoranter
1319 5630 1486 5707 contigerit
1497 5631 1653 5708 attentari,
1672 5631 1797 5694 irritum

1022 5754 1024 5819 q
1050 5732 1081 5786 et
1102 5724 1197 5786 inane
1218 5725 1426 5786 decernimus.

1022 5874 1024 5915 ,
1090 5817 1109 5892 5
1133 5815 1180 5878 11.
1204 5816 1274 5880 Ν11
1296 5816 1488 5880 obstantibus
1504 5817 1664 5897 quibusvis
1685 5819 1798 5882 consti·
1838 5833 2022 5892 derogationes

1022 5918 1024 5970 :
1050 5912 1222 5976 tutionibus
1243 5918 1275 5974 et
1295 5910 1543 5974 ordinationibus
1563 5912 1749 5992 apostolicis,
1765 5929 1798 5980 11
