4828 6990
957 597 1153 646 nnuunrcrus
1174 600 1237 646 mv.
1791 581 1849 646 413
1899 577 1953 633 du.
1967 580 1998 634 c.
2019 574 2088 632 1750

326 711 565 769 sacromentum
580 707 648 772 illis
664 714 820 793 conferre,
834 715 1071 793 quiseptimcm
1126 719 1279 782 munione
1309 720 1499 798 Apostolicae
1525 720 1612 786 Sedis
1639 724 1796 799 separatus
1816 718 1868 794 sit,

326 801 445 862 aetatis
472 819 595 864 cacum
623 807 763 868 noudum
791 809 980 888 attigerint,
1005 810 1071 872 cisi
1126 821 1179 876 aut
1194 813 1288 875 etiam
1301 813 1327 876 si
1341 814 1451 892 aliquis
1461 815 1628 894 Episcopus
1643 813 1719 876 adsit
1741 813 1774 874 in
1786 827 1870 874 com·

246 928 250 934 ι
326 893 411 971 forte
440 896 622 972 pericolum
653 899 767 964 mortis
797 902 1067 977 inimicaeque,
1126 906 1277 969 munione
1294 908 1437 970 ecclesiae
1453 907 1617 970 catholicae
1634 909 1760 983 degens,
1777 921 1810 966 ee
1826 912 1870 967 ta-

326 985 564 1066 ingravescente
579 990 695 1066 morbo,
713 995 783 1056 sice
798 994 854 1056 boc
869 1004 1070 1058 accremento
1125 1016 1198 1062 men
1221 1001 1259 1063 sit
1275 1001 1415 1065 locorum
1431 1000 1586 1075 distantia,
1603 1000 1652 1062 vel
1667 999 1750 1063 aliud
1773 1000 1868 1061 inter-

326 1080 489 1144 dccedoot.
513 1083 655 1160 lienique
682 1086 849 1150 Sanctitas
878 1087 944 1151 Soc
966 1090 1070 1168 focati-
1123 1095 1211 1156 cedat
1242 1093 1521 1174 impedimentum,
1554 1101 1589 1156 ut
1615 1093 1652 1155 ab
1682 1110 1718 1155 ec
1749 1108 1867 1154 navum

327 1179 426 1237 tatem
448 1174 584 1256 elargiri
603 1179 707 1240 solum
723 1180 892 1260 intelligit,
909 1181 1004 1243 donec
1019 1197 1070 1242 cc·
1126 1187 1267 1250 chrisma
1295 1186 1389 1265 accipi
1415 1195 1566 1266 nequeatr
1597 1194 1672 1249 tunc
1698 1186 1813 1264 quippe
1832 1185 1868 1246 li·

326 1269 457 1330 cessitas
483 1269 516 1330 id
535 1272 762 1348 mutilaverit,
796 1273 951 1346 uidelicet,
974 1274 1070 1336 duduc
1124 1295 1194 1342 cere
1215 1287 1360 1343 censetur
1371 1280 1418 1344 uti
1440 1288 1546 1342 vetere
1558 1279 1730 1343 chrismate
1745 1278 1782 1340 ab
1798 1278 1867 1356 Epi-

325 1362 445 1440 ctiquis
466 1364 645 1428 cotboliccs
678 1365 849 1444 Episcopus
871 1368 907 1428 iro
932 1367 1069 1447 AEggpto
1122 1389 1213 1450 scopo
1234 1374 1483 1436 catboiicoannis
1505 1371 1760 1452 praecedentibus
1774 1372 1868 1433 bene-

325 1454 494 1519 lobectur.
1123 1467 1216 1541 dictu,
1238 1467 1354 1530 sicula
1376 1468 1463 1528 nobis
1485 1466 1545 1528 late
1559 1467 1807 1528 demonstratum
1820 1471 1867 1526 est

84 1545 307 1649 „i'},''?{,⁰,}⁴„⁵gj
365 1551 434 1626 55·
458 1553 641 1616 Huiusmodi
656 1553 919 1618 decretumetiam
934 1554 967 1617 in
984 1569 1069 1632 prae·
1123 1559 1155 1620 in
1177 1567 1281 1622 nostra
1302 1559 1511 1622 notificatione
1532 1561 1575 1620 14
1601 1559 1681 1620 Tom.
1694 1558 1730 1630 4,
1744 1558 1864 1620 Eoooo.

81 1653 184 1714 panius,
209 1657 307 1702 ramis
324 1646 405 1707 senti
426 1662 442 1706 a
464 1645 552 1708 nobis
573 1648 791 1712 confirmatur:
816 1664 889 1711 cum
910 1649 943 1710 in
969 1647 1070 1708 omni·
1123 1653 1199 1715 edit.
1223 1669 1293 1716 cum
1323 1656 1356 1715 in
1378 1669 1411 1714 ea
1434 1654 1510 1716 urbe
1540 1653 1687 1730 degenies
1709 1649 1868 1728 Arcbiepi-

80 1717 137 1750 sara.
325 1740 382 1802 bus
402 1757 435 1802 ac
456 1757 511 1819 per
538 1741 640 1802 omnio
668 1743 858 1804 couveniens
885 1759 919 1804 uc
939 1755 1069 1804 consen·
1122 1747 1204 1825 scopi
1226 1762 1358 1810 munere
1379 1747 1594 1825 fungeremur.

325 1843 452 1898 tansum
474 1837 513 1898 sit
535 1844 603 1898 tum
625 1837 673 1910 iis,
690 1851 766 1915 quae
781 1836 916 1915 exposita
937 1835 1068 1898 fuerunt
1161 1841 1181 1915 5
1201 1840 1230 1904 6.
1254 1841 1338 1916 Quod
1365 1848 1470 1904 autem
1498 1841 1633 1919 pertinet
1659 1842 1694 1902 ad
1721 1844 1864 1913 aetatem,
1884 1841 1931 1938 u⁰⁰
1945 1845 2097 1890 cesaream-

323 1930 356 1991 iu
388 1928 583 2008 prueuudeuli
615 1936 719 1991 nostru
752 1930 957 1992 instructione
987 1927 1067 1990 uului
1122 1950 1182 2011 qua
1202 1942 1431 1997 sacramentum
1454 1933 1704 1997 confirmationis
1728 1931 1793 1993 dari
1814 1933 1865 1992 de·
1884 1895 2096 2002 rellial⁶⁰ii¹a¹l3

323 2039 483 2086 BDCGXLV·
516 2024 545 2099 i·
579 2023 666 2098 Quod
687 2024 809 2088 utlibet
837 2023 878 2086 ud
907 2023 1066 2099 primum·
1121 2028 1185 2104 bet,
1201 2035 1253 2090 aut
1274 2028 1409 2090 conferri
1430 2028 1623 2106 permittitur
1637 2027 1731 2089 etiam
1746 2025 1795 2100 iis,
1811 2025 1865 2103 qui
1883 2005 1981 2048 ΜΓ·

323 2126 391 2181 tum
413 2119 507 2182 etiam
529 2120 576 2194 iis,
599 2136 677 2199 quae
699 2120 767 2182 fuse
787 2136 802 2180 a
825 2118 913 2181 nobis
940 2124 1065 2180 tractata
1121 2122 1219 2184 adbuc
1234 2138 1289 2200 per
1304 2128 1434 2184 aetutem
1456 2136 1578 2201 capaces
1599 2135 1662 2182 nou
1684 2126 1757 2180 sunt
1773 2118 1865 2197 probe

320 2211 449 2284 suut-iu
479 2220 584 2274 11⁰Sll⁰
616 2228 709 2292 opere
731 2213 767 2274 df
788 2213 912 2290 Stutdf
943 2210 1066 2273 Diueuu·
1120 2236 1153 2281 ac
1174 2219 1255 2282 bene
1286 2218 1473 2298 percipiendi
1500 2218 1563 2280 vim
1590 2232 1624 2278 nc
1654 2214 1792 2278 valorem
1820 2229 1865 2274 sa-

321 2323 401 2368 soao
430 2305 579 2384 impresso
610 2323 692 2370 anno
724 2323 923 2370 unccxuvur·
953 2303 1006 2368 lib·
1030 2304 1064 2376 7,
1121 2314 1285 2388 crementi,
1302 2314 1437 2392 id,qu0d
1454 2327 1638 2392 responsum
1654 2316 1710 2383 est,
1727 2307 1865 2387 apprime

322 2401 386 2476 ubi,
400 2400 511 2478 cerff,
525 2409 627 2464 actum
650 2409 697 2465 est
711 2404 748 2465 de
762 2403 1067 2480 consuetudinepre·
1119 2408 1284 2470 concordat
1315 2421 1388 2468 cum
1419 2406 1468 2481 iis,
1490 2421 1569 2484 quae
1589 2422 1605 2465 a
1627 2403 1716 2465 nobis
1737 2400 1864 2464 collecta

320 2494 520 2573 sbpterorum
541 2512 723 2573 graecorum
746 2495 946 2575 impertiendi
967 2511 1064 2558 sacra·
1120 2506 1149 2562 et
1162 2499 1227 2563 fuse
1240 2500 1376 2578 exposita
1391 2509 1465 2563 sunt
1481 2501 1512 2560 iu
1529 2499 1650 2561 laudato
1665 2504 1771 2559 nostru
1787 2503 1863 2556 trac-

321 2598 465 2652 mentum
481 2591 731 2654 confirmationis
745 2590 849 2653 statim
864 2599 932 2670 post
953 2590 1064 2669 baptis·
1120 2603 1184 2656 tatu
1207 2594 1243 2655 de
1265 2593 1389 2670 syuodo
1411 2593 1615 2662 dioecesano,
1633 2590 1654 2652 t.
1671 2591 1707 2662 7,
1723 2606 1749 2650 o.
1769 2588 1821 2648 10.

320 2697 420 2760 mum,
438 2682 520 2746 etde
536 2683 695 2763 Episcopo,
716 2685 769 2761 qui
790 2693 836 2748 est
858 2685 1002 2746 minister
1016 2699 1063 2744 or·
1158 2689 1177 2761 5
1204 2687 1231 2749 7.
1267 2685 1484 2765 Prosequendo
1515 2701 1645 2748 eramen
1674 2684 1861 2757 dubiorum,
1882 2687 2094 2784 trcnoaoouua-

319 2777 457 2840 dinarius
478 2777 571 2838 buius
590 2778 789 2854 sacramenti3
813 2783 844 2839 et
863 2795 889 2839 e.
907 2782 929 2840 8
950 2777 989 2840 de
1009 2791 1063 2838 ue·
1117 2781 1244 2860 quaein
1259 2781 1353 2842 classe
1369 2779 1597 2842 collocutasunt
1613 2793 1735 2851 eorum,
1751 2777 1863 2854 quibus
1881 2750 1914 2837 ὦ
1927 2751 2092 2842 Si'fflltflffl

319 2871 468 2944 cessitate,
493 2887 587 2949 quam
614 2871 704 2934 babet
724 2871 863 2934 sacerdos
885 2871 1014 2945 latinus,
1037 2872 1062 2932 si
1118 2881 1194 2936 tunc
1215 2874 1397 2952 responderi
1419 2879 1549 2951 poterat,
1565 2872 1642 2934 illud
1665 2871 1773 2932 ordine
1795 2887 1861 2932 suc·
1880 2845 2093 2956 fflgifssssssggfssfi

319 2981 335 3025 a
363 2965 492 3028 Summo
513 2965 662 3028 Pontifice
683 2966 890 3029 constituatur
920 2965 1063 3028 minister
1118 2970 1214 3032 cedit:
1239 2973 1300 3041 Are,
1322 2969 1350 3030 si
1373 2967 1501 3030 diocooi
1529 2965 1673 3029 ordicoti
1696 2965 1732 3028 ia
1757 2969 1863 3028 cetctc
1881 2953 2095 3054 fiffigsslfflnqgffij

319 3065 405 3121 extra
426 3058 569 3120 ordinem
589 3061 771 3122 sacrementi
795 3059 1060 3133 confirmationis,
1118 3063 1237 3142 puerili
1265 3063 1455 3125 incarceraret
1483 3061 1592 3126 adulti
1614 3061 1650 3122 iro
1677 3060 1788 3122 ordine
1809 3075 1862 3120 sc·
1881 3065 1949 3107 runc.

318 3153 426 3216 utendi
454 3153 620 3215 chrismate
640 3153 677 3216 ab
705 3153 855 3233 Episcopo
883 3152 1061 3228 benedicam
1117 3167 1220 3236 scepto
1243 3165 1272 3220 et
1295 3159 1331 3220 ic
1352 3163 1445 3220 stote
1467 3153 1590 3227 coelibi,
1608 3153 1728 3234 inferri
1747 3152 1860 3232 possit,

318 3249 348 3307 ct
371 3263 398 3307 o.
421 3246 441 3306 9
462 3254 620 3325 resumpta
643 3247 761 3323 integra
783 3247 923 3322 materia,
936 3246 1062 3325 exponi·
1118 3267 1166 3313 eos
1189 3259 1262 3314 octe
1284 3251 1417 3328 nuptias
1432 3255 1540 3312 rotem
1556 3247 1791 3310 ordinationem
1807 3246 1863 3310 bo-

320 3348 380 3415 tur,
403 3356 566 3419 quousque
586 3357 619 3402 se
639 3340 773 3419 proferat
795 3339 957 3403 tolerantia
983 3340 1061 3419 dpu·
1118 3343 1204 3416 bere,·
1216 3362 1288 3406 eum
1303 3351 1498 3422 compertum
1513 3343 1569 3417 sit,
1584 3348 1661 3404 teste
1677 3341 1711 3404 P.
1727 3345 1860 3414 Beoort,

316 3434 441 3497 stolicae
461 3432 559 3510 Sedis,
576 3441 607 3496 et
627 3434 660 3496 in
682 3435 794 3514 quibus
812 3435 1000 3498 Graecorum
1015 3451 1061 3496 re·
1117 3455 1166 3500 eos
1182 3457 1201 3501 c
1215 3455 1314 3516 prcero
1329 3435 1555 3518 functionibus
1572 3436 1796 3500 ecciesiasticis
1811 3453 1860 3498 os-

318 3529 461 3605 gionibus
488 3528 591 3590 locum
619 3529 732 3590 babere
753 3529 852 3592 voleat
879 3537 969 3590 vetus
990 3543 1061 3591 con·
1116 3549 1269 3603 secessere,
1292 3538 1323 3593 et
1345 3532 1380 3592 in
1402 3545 1515 3610 mageo
1545 3526 1676 3592 decrero
1698 3529 1857 3600 ordinari,

316 3621 467 3698 suetudo,
496 3639 555 3701 qua
581 3637 689 3684 eorum
717 3621 888 3685 sacerdotes
920 3621 1061 3684 fidelibus
1117 3643 1155 3688 oe
1175 3625 1349 3704 otiqucodo
1377 3625 1498 3696 desint,
1521 3625 1575 3702 qui
1597 3623 1743 3686 ccclesiae
1764 3625 1861 3686 mici-

316 3716 421 3778 stutim
442 3717 495 3778 ubi
516 3729 600 3778 sacro
629 3715 762 3778 lavacro
784 3715 881 3778 abluti
909 3723 994 3790 sunt,
1016 3731 1061 3776 su·
1087 3764 1090 3789 ,
1117 3719 1227 3782 storiis
1254 3735 1381 3798 operum
1409 3723 1539 3781 nooect.
1573 3718 1652 3780 Cum
1675 3717 1771 3794 igitur
1791 3733 1862 3780 exa-

316 3817 511 3872 cramentum
527 3809 1061 3886 Condrmationisconferuut3udeo
1116 3831 1190 3878 rnen
1222 3813 1400 3893 praescripti
1429 3813 1514 3875 dubii
1539 3811 1666 3890 aggredi
1698 3812 1858 3889 placuerit,

317 3910 438 3966 utnon
469 3903 551 3967 aliud
577 3902 628 3964 bic
652 3905 763 3966 addere
787 3919 864 3982 opus
889 3903 939 3977 sit,
969 3919 1060 3982 quam
1116 3917 1183 3986 post
1204 3908 1302 3971 letum
1325 3926 1342 3968 a
1364 3905 1503 3986 quolibet
1523 3921 1561 3968 ex
1583 3905 1776 3982 congregatis
1796 3905 1858 3967 suf·

111 4009 296 4056 ucoraraturo.
316 3995 473 4058 Praefecto
484 3996 663 4058 llissionum
676 3995 806 4074 Aegypti
821 3997 961 4058 eamdem
976 4012 990 4056 e
1007 4013 1061 4059 nc·
1114 4002 1261 4078 fragium,
1278 3999 1519 4080 pronunciatum
1542 4005 1587 4062 est
1609 4016 1625 4060 a
1647 3999 1735 4060 nobis
1756 3997 1860 4060 decre·

88 4065 299 4216 ἕῦἶξὲκᾶιῗῖῗὲὦιὲἷ
317 4089 362 4152 bis
384 4090 511 4152 uuutudi
526 4088 715 4164 facultatem,
731 4105 808 4169 uuae
823 4091 890 4152 data
905 4098 952 4151 est
966 4090 1062 4152 Guar·
1115 4103 1183 4157 tum
1196 4095 1229 4157 in
1243 4095 1316 4156 baec
1330 4093 1440 4154 verba:
1464 4090 1600 4154 Eiccoroi
1615 4091 1651 4153 ic
1665 4095 1772 4153 octotc
1784 4107 1860 4169 poe·
1884 4104 2040 4162 neccarum,
2047 4115 2091 4162 par

1878 4156 1940 4203 baec
1961 4161 2021 4204 auto
2042 4169 2074 4204 en

88 4171 299 4280 {goffssffiobffi
317 4185 406 4247 diano
428 4183 532 4248 Sancti
548 4183 721 4261 Sepulchri,
734 4185 787 4262 qui
803 4199 841 4245 er
856 4184 1060 4247 beneficentia
1086 4168 1088 4219 ἶ
1115 4187 1173 4250 rili
1196 4187 1353 4258 ordinati,
1371 4186 1447 4249 licet
1462 4190 1537 4248 oute
1553 4183 1709 4246 decimum
1730 4190 1858 4246 scortum
1878 4183 2091 4258 cumcurrsxrr‘.

88 4278 298 4378 fssofissfffflssgffgs
316 4282 348 4337 et
369 4275 465 4352 gratia
493 4273 579 4337 Sedis
600 4273 805 4354 Apostolicae,
836 4273 968 4340 durante
995 4278 1060 4340 eius
1114 4283 1234 4345 octctis
1255 4296 1378 4344 annom
1406 4279 1669 4342 mirristrooeriot
1691 4279 1726 4340 io
1749 4279 1859 4341 ordino
1877 4267 2092 4364 ssgffilgfffflss]

88 4385 181 4432 oretum
201 4385 296 4432 nauare
316 4369 428 4444 udicio,
452 4367 504 4432 ubi
526 4367 664 4446 Episcopi
688 4367 774 4430 latini
797 4369 829 4429 in
851 4369 915 4432 suis
942 4370 1059 4433 dioece·
1113 4379 1270 4452 suscepto,
1293 4380 1322 4436 et
1345 4374 1380 4434 ic
1402 4356 1494 4435 statu
1519 4369 1642 4443 coelibi,
1667 4378 1773 4433 torceio
1795 4389 1858 4434 coa
1877 4371 2091 4472 fflffiulgggffigsuu·

90 4445 202 4498 ''⁰⁰¹¹“st
314 4463 398 4526 sibus
430 4461 600 4524 residentes
631 4476 695 4523 non
726 4462 856 4538 adsunt,
885 4463 918 4525 in
947 4465 1061 4527 Terrae
1114 4473 1263 4529 censetur
1283 4473 1360 4529 octe
1390 4461 1785 4543 eruptios'ordinctioceoo
1807 4481 1860 4528 ro·
2055 4439 2075 4472 θ’

316 4556 445 4619 Sanctae
460 4554 545 4620 Locis
558 4563 787 4618 sacramentum
808 4555 929 4618 confert
940 4558 1060 4621 Confir-
1115 4566 1182 4622 tom
1204 4557 1361 4632 babuisse,
1377 4575 1409 4620 eo
1424 4557 1505 4638 qood
1526 4557 1610 4620 ocidit
1632 4559 1775 4637 [octoadi
1790 4560 1858 4620 sict

316 4649 477 4726 mationis3
505 4647 683 4711 facultatem
711 4647 855 4711 videlicet
880 4650 1059 4712 conferendi
1115 4652 1167 4716 illi
1187 4658 1388 4730 cccccccccc
1410 4652 1447 4714 in
1468 4658 1573 4714 oetote
1595 4651 1716 4729 puerili
1737 4658 1768 4713 et
1783 4657 1859 4714 cato

314 4751 542 4805 sacramentum
563 4742 754 4817 huiusmodi,
771 4742 844 4806 Olea
859 4751 889 4805 et
904 4744 1061 4807 Cbrisma-
1114 4746 1269 4808 decirccm
1290 4754 1419 4808 sectum
1440 4743 1559 4808 aetolis
1574 4760 1698 4806 ccccm
1713 4761 1859 4806 cccccccc-

317 4846 347 4899 te
367 4837 461 4900 etiam
482 4835 628 4914 antiquis,
651 4836 677 4898 si
698 4851 779 4898 nora
793 4837 898 4899 baberi
913 4852 976 4900 non
991 4853 1059 4916 pos·
1114 4841 1195 4902 rint.
1218 4841 1303 4915 Quod
1326 4839 1486 4902 decretum
1502 4853 1587 4901 nuuc
1609 4838 1724 4916 pariter
1740 4857 1756 4900 a
1771 4839 1859 4901 nobis

314 4931 389 5004 sint,
421 4945 478 5009 per
507 4930 693 4992 catholicum
720 4931 900 4993 lintistitem
929 4931 1059 5007 gratiam
1113 4934 1329 4996 confirmatur.

315 5032 346 5084 et
366 5023 623 5086 communionem
639 5019 725 5084 Sedis
739 5021 931 5100 Apostolicae
946 5024 1061 5086 baben·
1153 5027 1172 5101 ἓ
1192 5025 1222 5087 8.
1246 5025 1286 5088 Ut
1307 5040 1381 5087 vero
1403 5041 1448 5100 ea,
1465 5041 1542 5102 quae
1557 5024 1677 5088 decreta
1698 5033 1785 5101 suut,
1797 5024 1859 5103 pla·

315 5123 378 5177 tem
393 5115 576 5178 benedictis:
593 5116 857 5194 quemadmodum
870 5117 1002 5195 quisque
1017 5117 1060 5178 le·
1114 5121 1184 5182 nius
1205 5119 1436 5196 intelligantur,
1453 5134 1529 5198 opus
1543 5126 1589 5179 est
1604 5119 1799 5197 aliquantum
1814 5121 1858 5182 di·

315 5224 388 5286 gere
409 5207 523 5288 poterit
543 5209 575 5270 iu
598 5217 703 5270 nostra
725 5209 958 5285 constitutione,
981 5227 1059 5288 quae
1113 5213 1216 5291 gredi3
1245 5215 1301 5275 bac
1322 5213 1407 5274 eninr
1430 5213 1552 5274 ratione
1580 5213 1785 5289 procedendo,
1808 5214 1857 5274 via

315 5303 431 5365 decima
453 5311 500 5364 est
521 5302 554 5364 in
576 5309 661 5365 tomo
675 5302 777 5380 primo
798 5301 896 5364 nostri
917 5303 1055 5366 Bullarii.
1113 5309 1285 5382 munietur,
1303 5314 1336 5369 ut
1357 5306 1392 5368 ad
1415 5307 1607 5386 propositum
1631 5306 1727 5367 finem
1748 5321 1857 5384 perue—

314 5397 460 5472 Quomris
481 5396 579 5472 enim,
602 5397 687 5460 iuxta
709 5411 754 5471 eu,
777 5412 856 5475 quae
877 5397 909 5458 in
933 5397 1058 5460 Pontiii·
1113 5401 1246 5485 niamus.

314 5491 369 5553 caii
391 5491 530 5554 Romano
552 5491 733 5570 praescripta
750 5497 836 5566 sunt,
859 5490 990 5568 singulis
1005 5509 1057 5554 an·
1151 5495 1170 5569 5
1191 5493 1220 5556 9.
1245 5493 1343 5556 Nemo
1365 5501 1422 5567 est,
1439 5493 1491 5571 qui
1508 5493 1643 5570 ignoret,
1656 5493 1774 5556 duobus
1790 5509 1855 5556 mo·
1908 5505 2087 5568 exemptum

315 5587 364 5648 nis
385 5585 460 5648 feria
482 5585 590 5665 quinta
612 5584 644 5646 in
668 5585 770 5648 coena
791 5584 912 5646 Domini
935 5602 1057 5649 sacrum
1112 5589 1158 5650 dis
1180 5587 1355 5664 religiosam
1377 5585 1599 5666 professionem
1627 5586 1711 5662 fieri,
1735 5586 1797 5661 vel,
1820 5594 1855 5648 ut
1873 5561 2085 5670 ἓξῖἑῖἳῗᾏοὲξθξιξῑ

314 5681 453 5743 Ebrisma
474 5678 619 5742 renovari
640 5677 761 5754 debeat,
777 5694 880 5757 neque
902 5677 990 5740 liceat
1012 5680 1058 5741 uti
1112 5680 1224 5743 melius
1245 5681 1397 5755 dicamus,
1426 5679 1582 5757 duplicem
1603 5694 1669 5742 esse
1696 5678 1855 5757 professio
1873 5671 1912 5764 5ξὶ
1927 5677 2085 5766 ξξῦῇξξῦεὓν

313 5774 478 5842 dirismate
498 5788 581 5836 anno
594 5773 790 5852 praecedenti
811 5779 1003 5850 cousecrato;
1027 5773 1056 5835 id
1112 5789 1186 5838 nem
1208 5773 1396 5850 religiosam,
1412 5787 1509 5834 unam
1523 5787 1709 5850 expressum,
1726 5772 1855 5834 alteram

315 5877 420 5930 tamen
445 5868 549 5930 locum
571 5883 634 5930 non
663 5867 766 5941 babet,
787 5866 813 5928 si
835 5872 887 5928 uut
917 5865 1056 5930 Curisma
1111 5882 1186 5930 vero
1207 5867 1342 5930 tacitam.
1370 5867 1520 5943 Expressa
1543 5865 1589 5941 fc,
1612 5882 1722 5944 quum,
1744 5864 1854 5926 debitis

314 5962 408 6044 recipi
422 5969 566 6042 nequeat,
580 5960 639 6023 nisi
652 5963 688 6024 ub
704 5959 863 6038 Episcopo,
875 5961 929 6040 qui
944 5976 960 6020 a
974 5977 1057 6023 oom-
1110 5961 1239 6022 servatis
1260 5959 1520 6036 solemnitatibus,
1538 5959 1596 6020 tria
1611 5968 1680 6020 uota
1697 5958 1853 6048 castitatis,
