4798 6978
2148 539 2199 597 111.
2212 546 2238 596 c.
2257 548 2310 603 titt

353 531 450 590 1100.
472 538 540 590 1117
590 535 650 600 688
1095 557 1156 600 tue.
1183 555 1273 601 nour.
1298 555 1338 600 nn
1360 556 1390 599 o.
1413 555 1442 602 r.
1467 555 1549 602 runs
1571 556 1592 601 1.

570 681 698 754 spectat,
710 681 741 738 et
762 675 911 754 spectabit
932 676 964 738 in
986 675 1141 750 laturum,
1157 681 1192 738 ut
1214 675 1267 738 tibi
1284 675 1315 738 in
1414 679 1552 748 reuocat,
1575 691 1684 753 eoaque
1706 673 1863 738 hortatur
1877 675 1919 738 ad
1940 675 2120 754 parendum

572 770 716 830 omnibus
744 776 775 830 et
805 769 938 846 singulis
969 769 1143 847 praemissis
1175 774 1317 847 prompte
1414 767 1628 832 Petrlarcltae
1650 769 1685 830 in
1707 769 1750 830 iis
1776 784 1856 846 qnae
1877 767 1941 846 ipsi
1962 770 2120 832 10001010

571 868 697 939 pareant
723 869 754 924 01
781 861 1009 940 obsequantur,
1039 870 1153 942 tuaque
1183 862 1316 924 salubria
1412 866 1490 924 snat
1511 876 1568 938 por
1589 860 1809 923 antecedentes
1838 861 1953 924 literas
1974 860 2029 942 (l).

571 955 688 1017 monita
710 962 740 1015 et
762 955 904 1018 mandata
920 954 1084 1018 humiliter
1104 955 1270 1033 suscipiant
1286 961 1317 1016 01

571 1047 734 1110 efficaciter
764 1047 933 1126 adimplere
963 1057 1149 1127 procurent,
1179 1047 1315 1127 alioquin
1373 1043 1498 1112 bileolls
1510 1044 1582 1112 liliis
1595 1043 1993 1129 superinductionibus
2009 1051 2041 1114 el
2057 1046 2120 1115 llo-

570 1143 757 1204 sententiam
779 1143 845 1204 sive
860 1157 1002 1220 poenam,
1018 1158 1110 1221 quam
1133 1143 1192 1204 rite
1208 1142 1316 1204 tuleris
1414 1139 1519 1207 neohls
1542 1137 1795 1223 congregationis
1812 1137 2120 1209 &tetartemoria

570 1251 624 1298 seu
645 1237 789 1298 statueris
811 1237 840 1298 in
860 1236 1000 1311 rebelles,
1017 1243 1112 1299 ratam
1136 1236 1315 1299 habebimus
1413 1231 1596 1300 libanensis
1620 1237 1820 1315 nuncupatae,

570 1338 602 1390 et
628 1328 794 1404 iaciemus,
824 1337 949 1392 auctore
976 1330 1123 1404 Domino,
1152 1345 1250 1408 usque
1279 1329 1314 1390 ad

568 1422 1006 1501 satisfactionemcondignam
1027 1421 1250 1486 inviolabiliter
1264 1421 1317 1483 ob-
1536 1417 1778 1486 etntototus
1801 1417 1862 1485 ΡΡ.
1886 1418 1957 1486 tlt.

568 1530 695 1578 servan.

609 1609 677 1685 §n
700 1611 919 1690 Decernentes,
943 1621 1118 1691 praesentes
1140 1612 1243 1674 literas
1264 1611 1315 1672 dr·
1647 1604 1756 1673 nitent
1777 1605 1846 1686 lilii,

570 1704 1314 1780 0100,10110000101110οο0001101010011010,0000·
1405 1699 1533 1768 salutent
1557 1706 1589 1768 el
1610 1701 1809 1784 apostolicare
1832 1701 2084 1772 benedictionem.

568 1813 631 1876 que
646 1798 798 1876 plenarios
812 1805 842 1860 et
858 1799 997 1876 integros
1010 1799 1138 1861 effectus
1158 1797 1263 1860 sortiri
1284 1807 1315 1860 et

569 1891 728 1966 obtinere,
750 1901 782 1954 et
802 1908 817 1953 a
840 1893 998 1956 monachis
1019 1907 1108 1971 saepe
1126 1899 1315 1953 memoratae
1410 1892 1527 1968 Quanta
1549 1892 1675 1970 quidem
1698 1894 1854 1971 pontificia
1876 1895 2003 1958 caritate
2012 1911 2047 1958 ac
2070 1896 2122 1960 be-

569 1986 818 2063 congregatiouis
840 1986 1061 2048 inviolabiliter
1081 1993 1112 2047 01
1133 1986 1316 2047 inconcusse
1373 1986 1540 2047 neticentid
1555 1987 1740 2065 quantisque
1755 1988 1938 2064 apostolicae
1955 1990 2125 2067 providen-

569 2079 725 2141 ubservari
740 2079 863 2153 debere,
877 2079 1001 2141 irritum
1016 2078 1101 2140 enim
1117 2077 1315 2140 decernimus
1374 2078 1431 2138 tiae
1453 2078 1751 2156 munificentiaeque
1775 2083 1970 2156 argumentis
1990 2097 2123 2158 congre·

568 2181 599 2234 et
622 2173 715 2234 inane
735 2171 885 2252 quidquid
907 2188 996 2234 secus
1016 2187 1109 2250 super
1133 2171 1181 2233 bis
1201 2187 1217 2232 0
1240 2185 1316 2249 quo-
1373 2171 1529 2248 gallonem
1552 2180 1705 2247 vestram,
1727 2171 1830 2236 dilecti
1853 2171 1919 2248 lilii,
1949 2189 2123 2253 peremne

568 2265 793 2344 quam,quatis
808 2265 1151 2340 auctoritate,sclenter
1166 2263 1316 2340 religno-
1374 2272 1495 2342 tempus
1523 2265 1652 2327 Romani
1678 2266 1842 2330 Pontifices
1872 2267 2123 2346 praedecessores

568 2368 676 2424 1011101
697 2360 864 2438 contigerit
885 2361 1043 2422 attentari.
1372 2359 1470 2420 nostri
1493 2360 1648 2438 prosecuti
1669 2359 1799 2436 luerint,
1822 2377 1939 2441 nosque
1961 2363 2018 2442 ipsi
2037 2379 2123 2425 com-

608 2456 678 2530 §li
702 2451 771 2516 Non
792 2453 985 2516 obstantibus
1013 2452 1169 2514 10011101
1191 2449 1317 2514 Cancel-
1372 2450 1464 2530 plecti
1486 2467 1662 2529 pergamus,
1679 2454 1766 2515 vobis
1781 2469 1854 2532 prae
1874 2457 1986 2518 ceteris
2008 2468 2122 2521 notum

568 2549 662 2610 leriae
684 2555 806 2609 nostrae
838 2545 1028 2625 hpostolicae
1054 2545 1161 2622 regula
1188 2545 1226 2606 de
1248 2545 1316 2605 iure
1371 2555 1630 2625 compertumque
1640 2563 1707 2609 esse
1722 2564 1786 2610 non
1798 2549 1995 2625 ambigimus.
2018 2553 2123 2627 Quan-

568 2641 707 2720 quaesito
727 2655 791 2702 non
807 2639 955 2715 tollendo,
971 2640 1132 2718 dictaeque
1148 2653 1316 2714 congrega·
1374 2637 1402 2699 tl
1424 2653 1498 2699 vero
1520 2640 1628 2701 maiori
1650 2641 1734 2716 curt,
1751 2641 1949 2706 solicitudine
1963 2653 1994 2706 et
2015 2644 2123 2708 labore

570 2733 674 2808 tionis,
690 2731 782 2794 etiam
800 2733 986 2804 iuramento,
999 2730 1315 2806 confirmationeapo·
1373 2746 1405 2791 ac
1427 2731 1566 2793 molestie
1587 2733 1686 2795 adbuc
1701 2733 1871 2797 afficiamur
1887 2735 1931 2798 ab
1952 2739 2123 2800 010110111-

568 2827 675 2890 0101101
703 2823 753 2887 vel
778 2825 886 2904 quavis
914 2825 1061 2887 firmitate
1089 2822 1317 2906 01111011010110
1374 2831 1422 2886 ter
1442 2841 1496 2886 vos
1519 2827 1697 2902 gravissima
1719 2827 1852 2904 dissidia,
1868 2829 2006 2907 partium
2020 2833 2123 2894 studia

567 2922 691 2983 statutis
705 2928 735 2982 et
750 2918 1037 2994 consuetudinibus,
1050 2917 1222 2997 privilegiis
1242 2931 1316 2994 quo·
1373 2927 1403 2980 et
1432 2918 1582 2996 regularis
1613 2921 1791 3000 disciplinae
1822 2923 2026 3001 detrimenta,
2056 2941 2122 2987 non

569 3038 642 3102 que,
666 3018 795 3083 indultis
817 3025 848 3079 01
870 3017 967 3079 literis
989 3015 1172 3094 apostolicis,
1190 3013 1223 3075 in
1245 3028 1316 3074 oon·
1371 3013 1441 3075 sine
1463 3014 1584 3090 lugenti
1606 3013 1761 3077 bonorum
1782 3015 1924 3078 omnium
1946 3017 2123 3082 otlensione

571 3117 701 3178 tracium
726 3113 965 3191 praemissorum
993 3111 1225 3192 quomodolibet
1245 3125 1318 3172 con·
1373 3107 1564 3170 etscendalo
1586 3107 1704 3170 indies
1737 3109 1956 3186 increscentia,
1980 3127 2037 3175 nec
2065 3129 2123 3174 nos

569 3211 672 3286 cessis,
691 3208 879 3272 confirmatis
892 3215 924 3268 et
939 3207 1106 3281 innovatis,
1122 3207 1246 3284 quibus,
1263 3220 1316 3282 pro
1374 3202 1431 3281 ipsi
1452 3201 1555 3263 verbis
1586 3200 1756 3279 explicare,
1779 3202 1832 3264 sed
1865 3203 2008 3282 lacrymis
2033 3208 2123 3269 adae·

569 3304 627 3364 hac
650 3303 719 3364 vice
745 3309 884 3376 tantum,
910 3303 945 3362 acl
972 3301 1214 3379 praemissorum
1245 3297 1318 3359 ede·
1374 3311 1479 3372 quare,
1493 3311 1549 3358 nec
1571 3310 1625 3355 vos
1646 3295 1703 3373 ipsi
1718 3295 1984 3374 comprehendere
1999 3298 2120 3362 valetis.

570 3405 657 3459 ctum
685 3395 858 3474 specialiter
885 3401 916 3456 01
942 3409 1085 3473 expresse
1115 3393 1315 3470 derogamus,
1372 3387 1524 3464 Quoniam
1551 3395 1657 3451 autem
1688 3390 1839 3452 immensa
1863 3393 2000 3470 supremi
2023 3401 2123 3471 peste

571 3489 762 3568 caeterisque
782 3488 944 3551 contrariis
965 3488 1223 3567 quibuscumque.

589 3573 631 3662 ¹5
652 3585 681 3648 t.
698 3584 848 3649 Volumus
863 3589 980 3659 autem,
993 3591 1027 3644 ut
1038 3585 1218 3646 earumdem
1231 3599 1316 3664 prae·

570 3681 709 3744 sentium
731 3679 906 3740 litterarum
923 3677 1125 3754 transumptis
1142 3693 1316 3740 00001001-

572 3775 629 3855 plis
644 3774 738 3836 etiam
760 3771 927 3848 impressis,
941 3785 1035 3832 manu
1057 3770 1188 3832 alicuius
1205 3772 1316 3834 notarii

571 3867 684 3946 publici
700 3863 890 3942 subscriptis,
903 3871 934 3924 et
945 3863 1047 3940 sigillo
1059 3878 1208 3941 personae
1223 3864 1256 3925 in
1273 3865 1316 3925 di-

571 3962 691 4038 gnitate
721 3957 921 4020 eccleslastica
952 3956 1136 4018 constitutae
1168 3959 1315 4035 munitis,

571 4053 678 4115 eadem
700 4065 825 4142 prorsus
849 4049 922 4111 lldes
936 4049 1127 4125 adhibeatur,
1144 4066 1222 4128 quae
1245 4052 1317 4128 ipsis

570 4151 784 4232 praesentibus
805 4147 1015 4222 adhiberetur,
1032 4148 1056 4209 si
1079 4148 1181 4212 tarent
1198 4150 1317 4213 exhibi-

571 4257 619 4312 tae
633 4247 683 4310 vel
698 4253 848 4308 ostensae.
864 4243 1006 4318 interim,
1019 4243 1054 4304 ad
1067 4259 1250 4322 prosperum
1264 4262 1316 4307 an-

572 4341 756 4404 tediclorum
772 4339 915 4400 omnium
930 4352 1118 4411 successum,
1135 4343 1164 4398 et
1179 4338 1317 4401 caelestis

571 4431 713 4513 praesidii
736 4431 917 4510 auspicium,
940 4437 971 4493 et
993 4429 1168 4508 pontificiae
1196 4437 1317 4493 nostrae

570 4527 788 4603 studiosaeque
799 4523 970 4586 voluntatis
982 4523 1107 4600 pignus,
1120 4521 1316 4602 apostolicam

571 4619 819 4683 benedictionem
842 4617 907 4691 tibi,
924 4631 997 4678 ven.
1014 4615 1120 4692 irater,
1136 4633 1229 4695 quam
1245 4617 1317 4696 ipsis

570 4713 731 4776 monachis
751 4709 936 4772 fraternitati
960 4716 1030 4771 tuae
1055 4710 1234 4787 parentibus
1263 4726 1317 4771 uo·

570 4812 634 4869 stro
657 4806 784 4868 nemine
798 4802 924 4879 elargiri
939 4802 1052 4878 valeas,
1068 4817 1108 4864 ex
1122 4803 1238 4865 intimo
1251 4821 1318 4866 cer-

570 4901 607 4963 de
628 4902 841 4980 depromptam
865 4898 1074 4975 impertimur.

609 4996 721 5056 ilatum
745 4993 875 5065 Romae,
905 4990 984 5068 apud
1013 4991 1044 5056 S·
1073 4991 1199 5054 llariam
1227 4994 1319 5056 illaia-

569 5105 650 5165 rem,
672 5087 730 5149 sub
750 5084 866 5148 annulo
888 5083 1060 5160 Piscatoris,
1077 5087 1126 5148 dle
1148 5101 1226 5148 xvn.
1245 5090 1317 5150 maii

571 5195 748 5255 abactam,
771 5177 968 5258 pontificatus
989 5178 1087 5238 nostri
1108 5195 1190 5241 auno
1211 5196 1288 5242 xvir.

835 5463 1050 5528 ctxxxvut.

571 5654 739 5722 Monachus
767 5653 947 5718 Maronitas
978 5651 1244 5731 congregationis
1265 5651 1317 5713 tr·-

611 5747 759 5812 10000010
790 5746 832 5808 ad
864 5745 1066 5807 concordiam
1094 5749 1125 5806 et
1156 5746 1317 5808 unitatem

611 5963 642 6020 (l)
657 5965 693 6008 ltx
708 5963 783 6008 hrcb.
800 5965 891 6019 congr.
906 5961 1040 6008 00110010
1053 5963 1117 6019 neg.
1132 5962 1188 6008 vat.

1373 3497 1445 3544 rum
1466 3482 1617 3560 Principis
1638 3483 1706 3546 lesu
1729 3483 1855 3560 Christi,
1878 3485 1966 3549 cuins
1986 3487 2069 3549 vices
2090 3487 2122 3550 ln

1375 3576 1465 3637 terris
1485 3575 1578 3655 plane
1600 3577 1803 3641 immerentes
1831 3581 1989 3658 gerimus,
2011 3583 2123 3646 caritas

1374 3676 1465 3746 urget
1488 3687 1556 3746 nos,
1573 3680 1605 3735 et
1619 3672 1731 3736 iniecta
1753 3675 1896 3736 omnium
1919 3676 2122 3738 ecclesiarum

1373 3763 1536 3827 solicitudo
1557 3766 1706 3844 exposcit,
1723 3774 1758 3828 ut
1780 3767 1864 3829 nulla
1885 3769 2043 3847 apostolici
2064 3771 2123 3832 mi·

1374 3861 1494 3922 nisterii
1516 3862 1614 3924 000111
1640 3863 1736 3924 olllcla
1762 3863 1879 3942 ubique
1903 3867 2045 3942 gentium
2069 3869 2124 3930 de

1373 3955 1501 4018 siderari
1524 3956 1693 4035 patiamur3
1716 3967 1878 4036 eapropter
1898 3962 1933 4022 ad
1955 3959 2143 4024 auferenda·

1374 4059 1404 4112 et
1426 4050 1549 4130 penitus
1571 4067 1588 4112 e
1609 4052 1713 4114 medio
1726 4053 1980 4130 congregationis
2001 4062 2125 4118 vestrae

1375 4144 1508 4206 tollentia
1536 4161 1583 4220 ea,
1605 4161 1684 4224 quae
1709 4147 1909 4223 perturbant,
1932 4147 2065 4224 dissidia,
2090 4159 2123 4212 et

1374 4245 1408 4305 ad
1432 4259 1536 4306 veram
1558 4242 1763 4322 stabilemque
1785 4243 1872 4305 vobis
1896 4244 2121 4308 conciliandam

1373 4355 1481 4416 pacem
1502 4347 1534 4400 et
1554 4339 1761 4413 concordiam,
1785 4345 1820 4399 ut
1833 4337 1950 4400 'maiori
1972 4355 2045 4400 cum
2060 4337 2123 4401 ala-

1374 4433 1493 4506 critate,
1509 4432 1623 4510 pietate
1642 4439 1674 4493 et
1697 4431 1848 4508 regularis
1869 4430 2048 4510 disciplinae
2069 4433 2124 4496 ob-

1373 4527 1527 4588 servantie
1548 4541 1643 4586 suave
1674 4525 1786 4602 iugum
1809 4532 1839 4586 et
1860 4524 1930 4587 leve
1952 4542 2030 4588 onus
2052 4527 2121 4590 lesu

1375 4619 1501 4692 Christi,
1523 4617 1603 4696 quod
1633 4617 1721 4678 hilari
1745 4618 1916 4698 libentique
1944 4619 2049 4681 animo
2069 4637 2122 4682 su-

1374 4713 1523 4793 scepistis,
1546 4714 1577 4773 in
1597 4712 1740 4790 religiose
1756 4713 2003 4790 congregatione
2019 4715 2119 4776 vestri

1374 4818 1495 4890 portare
1510 4810 1675 4884 studeatis;
1691 4808 1764 4871 alias
1779 4814 1898 4868 nostras
1910 4807 2047 4871 insimili
2059 4807 2121 4871 101-

1375 4905 1423 4966 nei
1448 4903 1555 4965 Brevis
1585 4902 1688 4965 literas
1709 4905 1764 4964 bac
1793 4903 1855 4981 ipse
1876 4903 1925 4964 die
1954 4901 2062 4966 damus
2083 4905 2118 4968 ad

1376 5015 1446 5060 teu.
1471 4996 1599 5059 tratrem
1622 4996 1747 5058 Tobiam
1770 4996 1894 5059 Petrum
1911 4997 2120 5060 Patrlarcbam

1375 5099 1524 5155 vestrum.
1549 5093 1583 5153 ln
1605 5090 1677 5169 ipsis
1698 5104 1772 5150 sane
1793 5091 1890 5151 literis
1912 5093 2120 5156 eacontinen·

1375 5195 1426 5250 tur
1446 5185 1628 5264 apostolicae
1655 5183 1883 5261 providentiae,
1911 5185 2047 5249 caritatis
2068 5205 2121 5250 au-

1373 5280 1584 5358 ctoritatisque
1606 5278 1759 5353 mandata,
1774 5293 1851 5356 quae
1872 5279 1906 5340 ad
1929 5281 2118 5344 antedictum

1373 5373 1519 5436 ellectum
1550 5363 1805 5449 consequendum
1839 5373 1974 5434 maxime
2004 5375 2120 5437 condu-

1373 5475 1459 5529 cunt.
1484 5467 1601 5544 ltaque,
1624 5465 1728 5528 dilecti
1749 5465 1817 5540 lilii,
1840 5480 1986 5542 rogamus
2008 5483 2062 5529 vos
2077 5475 2121 5530 at·

1373 5577 1434 5639 que
1455 5559 1487 5621 in
1510 5560 1641 5622 Domino
1669 5559 1846 5633 hortamur,
1870 5560 2132 5623 0011100000]-

1374 5654 1527 5733 recipiatis
1548 5652 1738 5730 hpostolicae
1759 5652 1852 5715 buius
1867 5651 1953 5716 Sedis
1975 5653 2118 5731 gratiam,

1372 5747 1423 5808 sed
1451 5747 1569 5827 potius,
1598 5747 1859 5826 quemadmodum
1887 5745 1975 5810 decet
2001 5747 2121 5826 potissi-
