4764 6972
317 553 372 613 Au.
387 554 417 614 C.
439 553 507 614 tale
559 553 616 628 124

537 695 695 760 uimodam
706 695 919 757 auctoritatem
932 698 963 756 et
974 693 1151 757 facultatem
1163 709 1286 758 earum-

537 793 608 854 dem
636 799 745 864 tenore
772 787 984 867 praesentium
1010 787 1105 851 etiam
1132 796 1284 867 perpetuo

536 884 735 946 concedimus
746 891 778 944 ct
790 881 1003 961 impartimur:
1019 883 1195 960 provinciae
1209 899 1284 962 quo-

536 992 597 1054 que
618 976 825 1038 Guatimaleu.
849 975 968 1037 clerum
991 983 1021 1037 et
1042 976 1193 1054 populum
1214 976 1283 1038 uni-

536 1085 662 1132 versum
683 1069 889 1132 Guatimalen.
913 1084 970 1146 pro
984 1069 1166 1131 eorumdem
1188 1068 1284 1131 eccle-

536 1164 598 1224 siae
619 1171 649 1224 et
671 1162 899 1242 hrchiepiscopi
923 1162 1128 1225 Guatimalen.
1158 1162 1284 1241 provin·

535 1257 662 1320 cialibus
683 1257 797 1335 paritcr
813 1263 960 1336 perpetuo
981 1260 1179 1322 concedimus
1194 1265 1226 1320 et
1240 1275 1285 1319 as-

535 1351 707 1428 signamus.

575 1447 594 1520 ἓ
615 1446 643 1507 6.
668 1446 711 1507 hc
732 1445 877 1524 deinceps
897 1447 1055 1525 perpetuis
1070 1446 1183 1509 luturis
1205 1454 1284 1510 teru-

535 1539 662 1617 poribus
684 1537 902 1616 Nicaraguen.,
926 1539 1072 1618 Chiapen.
1090 1547 1121 1602 ct
1137 1540 1283 1618 Comaya·

535 1648 629 1710 guen.
663 1631 803 1696 ecclesias
832 1631 979 1710 praelatas
1007 1633 1108 1695 cidem
1137 1633 1282 1695 ecclesiae

534 1726 740 1789 Gnatimaleu.
764 1725 969 1801 suiiraganeas
990 1728 1157 1788 censendas
1178 1735 1209 1788 et
1231 1726 1283 1787 ha-

534 1819 660 1895 bendae,
679 1835 716 1894 ¹ac
738 1828 802 1880 tam
822 1835 871 1879 eas
887 1834 980 1898 quam
1001 1819 1127 1882 illarum
1141 1820 1281 1881 civitates

535 1920 566 1973 et
587 1911 740 1974 dioeceses
767 1912 927 1974 universas
952 1912 1010 1974 sub
1032 1912 1094 1989 ipsa
1122 1913 1281 1988 prouincia

534 2005 739 2068 Gnatimalen.
762 2005 1000 2082 comprehensas
1021 2013 1052 2066 et
1073 2012 1233 2067 contentas
1248 2023 1281 2066 ac

535 2098 714 2161 nullatenus
735 2098 771 2158 ab
786 2114 820 2159 ea
836 2105 1005 2175 exemptas,
1022 2114 1079 2159 nec
1101 2098 1157 2159 ulli
1179 2098 1278 2173 alteri,

533 2193 594 2253 nisi
616 2191 671 2254 uui
701 2199 824 2254 tantum
846 2191 1053 2254 Guatimalen.
1084 2193 1230 2253 ecclesiae
1250 2200 1281 2254 et

533 2285 617 2346 illius
638 2299 693 2361 pro
715 2293 854 2362 tempore
876 2285 1023 2346 existenti
1045 2285 1280 2362 hrchiepiscopo

533 2375 688 2455 praelatis,
709 2377 809 2454 quoad
830 2376 1106 2455 archiepiscopalia,
1127 2385 1280 2456 metropo-

434 2503 436 2508 ·
533 2468 614 2532 litica
637 2486 670 2532 ac
691 2469 891 2548 provincialia
912 2470 979 2532 iura
1000 2477 1032 2531 et
1053 2470 1281 2532 iurisdictiones

531 2561 683 2624 subiectas
705 2577 770 2625 esse
792 2571 822 2624 et
843 2561 920 2636 lore,
944 2563 1030 2627 iuxta
1057 2561 1178 2624 decreta
1201 2563 1282 2624 eius·

531 2653 602 2717 dem
617 2655 867 2732 congregationis
882 2672 989 2717 rerum
1005 2655 1278 2730 consistorialium‚

531 2748 711 2810 auctoritate
727 2756 758 2810 et
773 2756 881 2810 tenore
895 2749 1069 2827 praemissis
1083 2749 1199 2827 pariter
1214 2763 1282 2825 per·

532 2847 625 2921 petuo
647 2841 792 2902 volumus
808 2849 839 2903 et
855 2841 1062 2916 declaramus;
1078 2842 1280 2903 decernentes

532 2951 677 2997 exnunc
703 2935 829 2997 irritum
849 2941 881 2996 et
907 2935 1001 2996 inane
1022 2935 1047 2995 si
1075 2951 1163 2997 secus
1187 2950 1281 3013 super

531 3028 610 3089 hisa
630 3043 787 3107 quoquam
808 3028 916 3105 quavis
938 3028 1130 3102 auctoritate,
1145 3027 1281 3090 scienter

533 3121 582 3182 rel
604 3121 798 3197 ignoranter,
821 3121 988 3197 contigerit
1010 3121 1167 3182 attentari.

571 3214 591 3288 ἓ
613 3213 640 3275 7.
665 3211 734 3274 Non
750 3213 943 3275 ohstnrtihus
958 3213 1133 3290 praemissis
1147 3229 1191 3288 ac,
1208 3229 1279 3291 nua-

532 3315 625 3369 lenus
646 3321 723 3384 opus
743 3305 794 3380 sit,
817 3305 1001 3369 Lateranen.
1025 3304 1154 3368 Concilii
1176 3305 1280 3366 novis-

530 3401 610 3462 sime
640 3397 787 3460 celebrati
814 3414 848 3459 ac
876 3405 980 3459 nostra
1009 3405 1040 3458 et
1072 3397 1280 3460 cancellariae

532 3491 725 3570 spostolicae
755 3489 863 3566 regula
889 3489 926 3550 de
952 3491 1020 3552 iure
1047 3491 1185 3568 quaesito
1214 3505 1277 3552 non

532 3584 681 3657 tollendo,
703 3582 832 3660 aliisque
852 3584 1124 3646 constitutionibus
1146 3591 1176 3646 et
1198 3584 1278 3645 ordi-

531 3676 708 3738 nationibus
741 3676 928 3753 apostolicis,
958 3691 1080 3737 necnon
1106 3674 1276 3750 Medeam,

530 3769 750 3846 Nicaragueu,
773 3769 920 3845 Chiapen.
938 3777 968 3830 et
984 3769 1213 3846 Comayaguen.
1230 3785 1278 3830 ec-

530 3862 694 3924 clesiarum
727 3860 932 3938 praelatarum
959 3862 1055 3922 etiam
1082 3861 1275 3937 iuramento,

530 3955 768 4016 confirmatione
793 3954 955 4030 apostolica
976 3953 1027 4015 vel
1051 3954 1159 4032 quavis
1181 3955 1279 4015 tirmi-

530 4054 593 4108 tate
614 4047 671 4108 alia
693 4047 842 4108 roboratis
863 4047 985 4108 statutis
999 4054 1031 4108 et
1045 4046 1277 4109 consuetudini-

530 4141 602 4217 bus,
631 4140 819 4220 privilegiis,
848 4157 972 4220 quoque
1005 4141 1134 4203 indultis
1160 4142 1276 4204 eisdem

528 4233 690 4309 Menidan,
713 4233 930 4311 Nicaraguen.,
954 4235 1101 4313 Chiapen.
1118 4243 1149 4296 et
1169 4235 1276 4298 Coma-

528 4342 661 4405 yaguen.
676 4327 822 4402 ecclesiis,
834 4327 1020 4406 illarumque
1035 4328 1230 4390 Praesulibus
1245 4337 1276 4390 et

528 4420 829 4482 administratoribus
850 4437 883 4482 at
905 4420 1046 4499 capitulis
1061 4427 1091 4482 et
1107 4421 1274 4495 canonicis,

529 4527 652 4574 necnon
667 4512 828 4589 quibusvis
843 4512 909 4574 aliis
923 4513 1064 4591 personis
1077 4513 1135 4574 sub
1149 4513 1276 4590 quibus-

528 4620 663 4683 cumque
692 4606 852 4667 tenoribus
874 4613 904 4668 et
925 4606 1034 4668 lormis
1055 4623 1088 4668 ac
1109 4623 1181 4668 curu
1207 4608 1276 4686 qoi-

527 4698 633 4760 husvis
654 4699 746 4760 etlam
770 4699 1035 4775 derogatoriarum
1060 4701 1273 4777 derogatoriis,

527 4791 656 4870 aliisque
667 4791 899 4867 efficacioribus,
912 4792 1140 4867 efficacissimis,
1155 4809 1275 4856 necnon

527 4884 660 4946 insolitis
680 4883 825 4947 clausulis
840 4901 873 4947 ac
888 4885 1082 4947 irritantibus
1097 4894 1127 4948 et
1142 4886 1209 4947 aliis
1224 4889 1276 4949 de·

527 4979 619 5040 cretis
633 4978 728 5039 etiam
743 4985 830 5040 motu
846 4980 970 5058 proprio
982 4987 1013 5040 et
1028 4995 1066 5041 ex
1080 4988 1162 5042 certa
1176 4982 1274 5043 scieu-

409 5127 421 5149 ,
527 5071 568 5132 tia
589 5087 623 5133 ac
644 5071 681 5132 de
702 5072 884 5150 apostolicae
905 5074 1062 5149 potestatis
1076 5072 1274 5151 plenitudine

525 5164 659 5242 praelata
680 5171 712 5225 et
725 5165 978 5228 consistorialiter
992 5183 1026 5228 ac
1040 5165 1078 5228 de
1091 5167 1186 5230 simili
1201 5184 1273 5230 cou-

525 5255 605 5331 silio,
628 5261 681 5317 aut
696 5254 768 5316 alias
788 5257 1020 5334 quomodolibet
1041 5259 1135 5319 etiam
1157 5259 1273 5337 pluries

526 5348 687 5424 concessis,
700 5349 891 5411 confirmatis
912 5357 943 5412 et
963 5351 1138 5428 innovatis3
1161 5352 1273 5430 quibus

525 5443 670 5504 omnibus
681 5450 711 5506 et
722 5442 866 5521 singulis,
876 5443 996 5506 etiamsi
1007 5458 1062 5523 pro
1075 5444 1201 5508 illorum
1211 5447 1274 5508 sul-

526 5535 643 5597 ticienti
664 5537 862 5613 derogatione
884 5538 921 5600 de
935 5537 996 5599 illis
1014 5551 1186 5616 eorumque
1203 5539 1272 5600 totis

527 5629 686 5690 tenoribus
711 5629 868 5708 specialis,
890 5631 1046 5708 specifica,
1077 5646 1221 5709 expressa
1242 5639 1273 5693 et

1058 575 1124 622 tun.
1147 567 1238 622 roni.
1263 569 1303 620 bn
1324 575 1353 621 r.
1377 565 1407 622 r.
1432 571 1514 622 runs
1536 567 1557 622 l.

1341 701 1405 756 tem
1426 710 1481 772 per
1502 694 1652 757 clausulas
1681 692 1839 772 generales
1866 689 1950 760 idem
1971 697 2086 776 impor-

1342 794 1452 862 tantes,
1475 788 1594 850 mentio
1620 805 1676 852 seu
1698 791 1824 868 quaevis
1845 789 1902 852 alia
1930 791 2086 869 expressio

1342 880 1491 955 habenda,
1507 889 1559 944 aut
1580 881 1680 961 aliqua
1694 881 1752 943 alia
1764 883 1916 961 exquisita
1936 884 2035 946 torma
2050 885 2086 948 ad

1340 972 1397 1034 hoc
1418 974 1568 1036 servanda
1590 973 1680 1050 ioret,
1698 982 1819 1038 tenores
1841 976 2030 1051 huiusmodi,
2054 993 2088 1040 ac

1340 1066 1365 1126 si
1381 1066 1418 1127 de
1432 1067 1527 1128 verbo
1542 1068 1579 1129 ad
1597 1069 1730 1131 verbum
1745 1069 1822 1130 nihil
1838 1071 1963 1148 penitus
1974 1069 2087 1133 omisso

1340 1166 1371 1219 ct
1392 1158 1490 1220 torma
1512 1160 1627 1222 inillis
1656 1163 1766 1224 tradita
1786 1163 1946 1225 observata
1977 1163 2086 1225 inserti

1340 1249 1455 1322 iurent,
1466 1254 1677 1330 praesentibus
1693 1270 1749 1333 pro
1761 1255 1953 1320 sulhcieuter
1963 1272 2088 1335 expres·

1339 1343 1379 1404 sis
1402 1343 1560 1420 habentor,
1580 1346 1641 1408 illis
1661 1347 1735 1409 alias
1756 1349 1789 1408 iu
1810 1364 1866 1410 suo
1887 1349 1998 1412 robore
2019 1365 2087 1427 per·

1340 1439 1505 1513 mansuris,
1523 1439 1577 1502 hac
1592 1441 1659 1504 rice
1674 1441 1846 1516 dumtaxat,
1868 1442 2041 1520 specialiter
2055 1448 2086 1503 et

1339 1547 1482 1609 expresse
1506 1535 1705 1612 derogamus3
1729 1536 1902 1615 ceterisque
1922 1535 2086 1599 contrariis

1338 1625 1599 1706 quibuscumque.
1647 1633 1651 1640 '

1378 1720 1397 1792 ἓ
1418 1720 1446 1781 8.
1472 1717 1625 1785 Volumus
1649 1730 1771 1798 autem,
1794 1725 1877 1803 quod
1904 1723 2085 1786 earumdem

1337 1816 1549 1892 praesentium
1569 1817 1785 1896 transumptis,
1806 1818 1900 1880 etiam
1927 1819 2006 1896 typis
2027 1819 2087 1880 im·

1337 1908 1459 1984 pressis,
1483 1924 1579 1970 manu
1601 1909 1730 1972 alicuius
1752 1911 1866 1972 notarii
1886 1911 1998 1989 publici
2013 1911 2086 1974 sub·

1336 2000 1458 2077 scriptis
1474 2009 1504 2062 et
1518 2001 1621 2079 sigillo
1635 2003 1765 2066 alicuius
1779 2020 1927 2082 personae
1942 2005 1974 2066 in
1990 2004 2085 2068 eccle·

1336 2094 1453 2156 siastica
1468 2093 1616 2169 dignitate
1629 2097 1813 2159 constitutae
1822 2097 1965 2172 munitis,
1978 2098 2084 2160 eadem

1337 2203 1462 2264 prorsus
1484 2187 1558 2250 fides
1580 2189 1613 2250 in
1634 2189 1747 2252 iudicio
1762 2198 1793 2252 et
1807 2200 1894 2252 extra
1908 2191 1984 2255 illud
2000 2191 2083 2254 adhi-

1336 2278 1456 2354 beatur,
1473 2295 1552 2356 quae
1565 2280 1681 2344 eisdem
1697 2283 1910 2360 praesentibus
1925 2284 2084 2346 adhibere·

1336 2382 1400 2446 tur,
1421 2373 1448 2432 si
1469 2373 1541 2434 illae
1560 2375 1714 2436 exhibitae
1735 2375 1838 2437 iorcnt
1858 2375 1909 2437 rel
1929 2384 2082 2438 ostensae.

1376 2466 1395 2540 ἓ
1415 2463 1445 2526 9.
1469 2465 1554 2526 Nulli
1575 2481 1651 2543 ergo
1666 2469 1795 2531 omniuo
1808 2469 1972 2530 homiuum
1994 2467 2084 2532 liceat

1336 2557 1415 2619 hanc
1435 2558 1578 2636 paginam
1601 2569 1725 2622 nostrae
1745 2561 1958 2638 absolutionis,
1980 2563 2084 2625 sciun-

1336 2648 1458 2725 ctionis,
1481 2650 1774 2730 dismembrationis‚
1792 2655 1993 2730 eximitionis,
2010 2655 2085 2716 libe-

1336 2743 1481 2816 rationis,
1512 2745 1687 2820 erectionis,
1716 2746 1934 2822 institutionis,
1961 2749 2083 2810 decora-

1337 2835 1440 2910 tionis,
1464 2839 1705 2914 constitutionis,
1719 2838 1938 2918 deputationis,
1960 2857 2083 2904 conces-

1334 2929 1441 3004 sionis,
1464 2929 1591 3006 indulti,
1615 2931 1844 3009 impartitionis,
1856 2933 2081 3010 assignationis,

1335 3020 1559 3102 declarationis,
1582 3024 1713 3099 decreti,
1741 3027 1949 3102 derogationis
1964 3035 2008 3089 *et
2029 3044 2083 3089 ro-

1336 3111 1464 3175 luntatis
1493 3114 1667 3192 intringere
1692 3117 1743 3179 rel
1765 3118 1793 3179 ei
1813 3135 1890 3180 ausu
1917 3121 2082 3182 temerario

1333 3208 1503 3268 contraire:
1518 3209 1544 3268 si
1558 3209 1628 3286 quis
1642 3215 1746 3270 autem
1759 3211 1817 3272 hoc
1832 3217 1984 3274 attentare
1995 3228 2083 3291 prae·

1333 3301 1769 3379 sumpserit,indignationem
1780 3303 2080 3383 omnipotentisllei,

1334 3391 1540 3455 acBeatorum
1552 3395 1633 3456 Petri
1645 3395 2082 3475 etPauliApostolorumeius

1333 3501 1367 3546 se
1388 3487 1511 3548 noverit
1532 3487 1744 3551 incursurum.

1373 3577 1487 3640 Datum
1507 3578 1621 3642 Romae
1641 3583 1720 3660 apud
1743 3580 1774 3644 S.
1790 3581 1915 3644 Mariam
1935 3585 2082 3648 Maiorem

1333 3685 1415 3732 anno
1441 3671 1663 3735 incarnationis
1689 3675 1866 3738 Dominicae
1888 3693 2079 3754 unccxcnx,

1333 3777 1411 3825 xvn.
1428 3763 1574 3826 lxaleudas
1589 3766 1733 3843 ianuarii,
1750 3776 1837 3845 pont.
1854 3772 1955 3833 nostri
1969 3787 2018 3834 au.
2036 3789 2078 3834 xv.

1589 3911 1829 3926 *—

1661 4009 1752 4074 xtll.

1333 4136 1484 4202 Deseruit
1496 4143 1627 4206 concisi
1641 4147 1842 4211 auctoritate
1853 4147 1892 4210 fl.
1905 4147 1941 4209 P.
1955 4149 2080 4212 moturi

1369 4247 1457 4310 pocae
1478 4235 1566 4297 ritus
1588 4243 1619 4298 et
1643 4241 1891 4302 consuetudines
1921 4242 2081 4304 Ecclesioe

2116 551 2170 616 Au.
2184 561 2218 616 0.
2240 555 2312 614 174³

1374 4325 1526 4400 Graecae·
1538 4329 1635 4405 ploro
1651 4331 1792 4409 disponit
1804 4333 1840 4394 dc
1851 4333 2080 4395 iurisdictione
2145 4355 2155 4372 ·

1372 4419 1517 4500 Episcop.
1540 4423 1915 4498 Gracco-Melchitarom,
1935 4433 1965 4486 ct
1982 4441 2080 4505 super

1370 4515 1484 4592 rapoto
1505 4516 1735 4580 monachorum
1756 4525 1786 4579 ct
1808 4519 2002 4582 monialium
2020 4517 2076 4598 (l).

1331 4695 1559 4768 venerabilibus
1581 4699 1728 4770 iratribus
1751 4707 1783 4768 et
1805 4701 2078 4772 Petriarcheehn·

1367 4790 1513 4858 tiocheno
1535 4793 1720 4863 Graecorum
1740 4791 1948 4865 hlelohiterun
1971 4802 2003 4864 el
2017 4813 2077 4865 on-

1371 4883 1457 4952 uibua
1480 4886 1615 4955 eiusdem
1637 4889 1712 4957 ritxu
1733 4890 1896 4960 catholicis
1918 4892 2077 4976 Episcopio

1368 4976 1464 5045 eiden
1488 4979 1686 5050 Protarchus
1709 4984 1871 5066 subiectio,

1498 5125 1742 5198 Redemptus
1760 5131 1819 5201 ΡΡ.
1835 5131 1907 5201 lilii.

1528 5261 1727 5334 venerabiles
1748 5266 1877 5348 iratres,

1361 5353 1543 5424 salutemet
1567 5360 1764 5442 apostolicum
1791 5362 2041 5430 benedictionem.

1367 5542 1587 5608 Demandatam
1608 5549 1734 5612 caelitus
1758 5551 1930 5616 humilitati
1943 5560 2076 5624 ,nostrae

1328 5638 1469 5700 omniurn
1484 5640 1685 5704 ecclesiarum
1700 5659 1806 5706 curam
1820 5646 2002 5721 subeuntes,
2017 5645 2075 5707 sub

2105 5564 2234 5612 Pontillcis
2245 5577 2313 5612 cura.

2093 5621 2124 5666 de
2151 5623 2221 5665 statu
2248 5631 2311 5666 om-

2093 5674 2165 5718 nium
2190 5673 2312 5719 ccclesia·

525 5719 684 5784 individua
706 5724 791 5785 aede
812 5725 908 5785 verbo
921 5725 958 5786 ad
979 5724 1124 5802 uerbum,
1142 5740 1206 5786 nou
1220 5741 1273 5788 au·
1328 5729 1429 5807 ipsum
1451 5733 1578 5795 initium
1599 5733 1799 5800 Pontificatus
1820 5737 1931 5815 nostri,
1944 5755 2000 5817 per
2020 5753 2074 5800 en·
2093 5736 2157 5774 ¹⁰¹³·

568 5933 598 5992 (l)
613 5933 651 5979 Ex
664 5931 730 5980 pull.
746 5937 819 5981 Pout.
834 5935 867 5981 de
879 5937 954 5994 Prop.
969 5935 1032 5984 ride
1046 5939 1096 5986 vol.
1111 5941 1164 5996 tlt,
1177 5951 1236 5998 pag.
1251 5942 1286 5999 po,
1300 5941 1359 5990 coit
1374 5945 1422 5990 etc.
