4744 6976
359 505 412 562 An.
427 509 457 564 (l.
478 507 547 563 1745
599 505 657 574 234

578 647 720 712 ficientes
739 648 903 726 expressis,
926 664 960 710 ac
974 647 1013 711 de
1025 649 1122 711 verbo
1136 647 1173 708 ad
1188 648 1322 709 verbum

577 742 701 806 insertis
721 741 881 814 habentes,
904 740 965 802 illis
986 741 1059 802 alias
1081 742 1113 803 in
1134 756 1190 804 suo
1211 742 1322 804 robore

577 835 804 914 permansuris,
836 835 870 896 ad
902 833 1145 914 praemissorum
1177 834 1350 903 ιιιιιιιιιιι

576 930 632 992 hac
653 929 720 990 vice
747 926 904 990 dumtaxat
931 925 1105 1006 specialiter
1126 934 1157 989 et
1180 942 1350 1006 expresse

576 1022 771 1098 derogamus,
804 1020 976 1098 ceterisque
1007 1020 1168 1082 contrariis
1196 1019 1322 1098 quibus-

379 1130 559 1188 rransumpu-
576 1129 720 1194 cumque.
759 1112 909 1176 Volumus
941 1120 1046 1176 autem
1077 1122 1112 1177 ut
1140 1114 1350 1205 earumdem

345 1191 402 1228 '¹¹⁰¹
418 1181 488 1230 '¹³⁸⁵
576 1207 788 1288 praesentium
819 1207 980 1270 literarum
1014 1194 1232 1286 transumptis,
1265 1217 1350 1273 seul

576 1301 738 1380 exemplis,
767 1301 859 1364 etiam
882 1301 1049 1379 impressis,
1076 1315 1172 1363 manu
1193 1301 1398 1363 alicuiusu

577 1395 688 1457 notarii
711 1394 824 1473 publici
843 1393 1033 1471 subscriptis,
1050 1401 1081 1456 et
1101 1394 1204 1471 sigilio
1219 1408 1321 1472 perso-

578 1503 635 1550 nae
665 1489 698 1549 in
727 1487 926 1550 ecclesiastica
957 1487 1106 1562 dignitate
1137 1489 1322 1551 constitutae

577 1580 724 1654 munitis,
755 1578 860 1642 eadem
885 1595 1009 1658 prorsus
1035 1579 1108 1641 fides
1129 1580 1320 1656 adhibeatur,
1349 1609 1350 1616 ι

578 1673 748 1753 quaeipsis
768 1672 978 1751 praesentibus
999 1670 1209 1745 adhiberetur,
1232 1675 1256 1734 si
1279 1672 1322 1735 lo-

578 1775 648 1830 rent
675 1765 831 1828 exhibitae
851 1765 902 1827 uel
922 1773 1075 1828 ostensae.

615 1861 725 1923 llatum
753 1859 879 1932 Romae,
907 1860 987 1938 apud
1016 1858 1047 1922 S.
1076 1857 1202 1921 Mariam
1230 1860 1321 1922 bloio-

576 1970 655 2028 rem,
677 1952 735 2014 sub
756 1950 872 2014 annulo
887 1951 1057 2027 Piscatoris,
1075 1953 1124 2014 die
1139 1967 1175 2014 ιι.
1188 1961 1321 2032 septem-

577 2048 639 2110 bris
659 2061 831 2120 noccxuv,
854 2043 963 2124 pontii.
989 2045 1086 2107 nostri
1108 2062 1190 2108 anno
1212 2063 1255 2108 vr.

891 2327 1009 2392 uxvu.

1105 529 1168 574 tun.
1192 528 1283 574 ΡΟΝΤ.
1308 525 1347 570 DE
1370 525 1398 570 P.
1423 525 1450 572 F.
1476 529 1557 573 Pullis
1580 527 1600 572 Ι.

2154 511 2209 564 An.
2225 517 2255 564 ll.
2279 515 2342 566 1745

1418 649 1437 724 ἓ
1454 645 1480 706 ι.
1497 647 1643 722 Quamvis
1658 655 1774 719 autem,
1791 655 1863 710 ante
1878 648 2054 710 litterarum
2069 661 2125 708 no-

1377 745 1512 802 strarum
1535 742 1715 816 aduentum,
1728 741 1833 802 eadem
1848 757 1934 802 soror
1949 740 2123 804 Crescentis

1377 839 1556 895 extremum
1577 835 1659 898 diem
1673 834 1808 908 obiisset,
1826 834 1955 913 ideoque
1969 835 2124 912 expirasse

1378 927 1436 990 dici
1457 935 1558 1004 posset
1585 935 1687 990 nostra
1710 928 1764 990 tibi
1787 928 1900 990 directa
1929 926 2121 1002 commissio·

1377 1027 1513 1083 attamen
1535 1019 1710 1084 fraternitas
1734 1029 1784 1082 tua
1805 1021 1962 1100 pastoralis
1989 1020 2122 1096 vigilan-

1379 1113 1436 1174 tiae
1458 1130 1511 1192 pat
1515 1120 1558 1174 tes
1580 1131 1645 1176 esse
1666 1115 1822 1187 iudicauit,
1846 1130 1954 1192 graves
1975 1114 2123 1193 quosdam

1378 1213 1469 1362 aitque
1493 1207 1659 1284 prudentes
1681 1207 1764 1268 viros
1785 1207 1821 1266 ad
1834 1207 1891 1270 hoc
1911 1206 2123 1283 subdelegare,

1378 1299 1466 1362 utin
1493 1301 1634 1362 eiusdem
1665 1300 1793 1362 deiunct
1781 1309 1829 1364 tae
1857 1317 1960 1362 mores
1987 1316 2055 1362 eam
2077 1302 2123 1360 in-

1378 1392 1578 1471 quisitionem
1594 1393 1766 1473 explerent,
1783 1411 1887 1472 quarn,
1905 1394 1967 1474 ipsa
1983 1394 2122 1467 vivente,

1379 1485 1447 1546 beri
1468 1485 1677 1562 cupiebamus.

1418 1580 1436 1654 ἓ
1457 1578 1488 1640 2.
1511 1579 1609 1640 Huius
1624 1580 1726 1658 itaque
1743 1580 1950 1659 inquisitionis
1965 1587 2038 1652 acta,
2054 1580 2123 1642 alia-

1378 1685 1438 1748 que
1459 1672 1585 1754 adrem
1608 1674 1806 1750 pertinentia,
1823 1689 1884 1735 ιιιιιι
1905 1689 1977 1737 cum
1998 1674 2121 1753 epistola

1349 1806 1351 1851 ι
1380 1770 1430 1826 ιιι
1451 1764 1561 1842 scripta
1584 1766 1633 1828 die
1655 1781 1742 1826 xxxv.
1767 1767 1839 1828 maii
1861 1768 2001 1845 proxime
2017 1767 2121 1846 elapsi,

1378 1855 1412 1916 ad
1437 1873 1492 1918 nos
1513 1857 1602 1920 allata
1618 1857 1762 1934 luerunt3
1786 1867 1816 1920 et
1836 1876 1892 1923 nos
1914 1861 2038 1938 quidem
2059 1861 2123 1940 epi-

1377 1949 1488 2010 stolam
1512 1949 1608 2028 ipsam
1629 1953 1734 2012 statim
1756 1951 1889 2028 legimns
1910 1961 1940 2014 et
1962 1955 2124 2031 perpendi-

1379 2057 1463 2117 mus3
1486 2043 1548 2120 ipsa
1571 2060 1645 2105 vero
1667 2052 1743 2119 acta,
1765 2045 1884 2123 aliaque
1901 2047 2030 2120 adnexa,
2047 2047 2122 2108 viris

1378 2136 1511 2212 expertis
1532 2137 1718 2200 credidimus
1745 2138 1912 2214 redigenda
1935 2139 1967 2201 in
1988 2155 2122 2202 summa-

1378 2229 1478 2304 rium;
1503 2231 1583 2308 quod
1599 2231 1722 2305 deinde,
1736 2231 1828 2294 simul
1850 2249 1882 2293 ac
1904 2248 1957 2310 per
1972 2241 2016 2294 tot
2038 2233 2120 2307 alias,

1378 2321 1490 2400 quibus
1511 2322 1716 2399 distinemur,
1748 2325 1962 2404 occupationes
1984 2334 2015 2388 et
2036 2343 2121 2388 curas

1348 2414 1467 2479 lnobis
1499 2415 1597 2491 licuit,
1630 2433 1703 2480 oum
1733 2418 1806 2496 ipsis
1836 2418 2021 2480 authenticis
2048 2419 2121 2480 actis

577 2515 715 2596 Regulus
740 2515 913 2578 seruandus
937 2514 1075 2577 trudit
1064 2531 1099 2576 iu
1123 2513 1349 2593 processibus
1377 2514 1408 2568 et
1435 2509 1628 2571 documentis
1657 2509 1798 2572 conferre
1826 2526 1888 2577 uon
1914 2512 2120 2591 praetermisi·

615 2624 712 2688 super
733 2589 825 2688 [eme
842 2608 1033 2672 sanctitutis
1064 2624 1228 2670 seruorum
1249 2607 1319 2679 Dei,

616 2703 786 2765 ardicuria
822 2702 1050 2780 episcoporum
1084 2701 1149 2763 siue
1178 2701 1349 2764 eliorum

618 2795 868 2859 ordinariorum
916 2794 1108 2858 Promotum
1156 2795 1322 2874 conficieb-

616 2888 683 2960 ιιι·
705 2894 764 2949 ecc.
785 2885 840 2967 (ι).

614 3027 616 3034 ¹
656 3070 827 3154 Venerabili
848 3072 935 3139 tratri
959 3071 1064 3156 loseph
1086 3072 1235 3156 Episcopo

853 3165 1042 3249 tuqootano,

734 3349 978 3420 senioretus
1004 3351 1063 3420 ΡΡ.
1089 3351 1160 3420 xlv.

787 3537 976 3610 Venerabilis
998 3541 1106 3621 irater,

607 3633 736 3704 salutem
758 3641 790 3703 et
811 3635 1009 3720 apostolicam
1035 3635 1284 3703 benedictionem.

369 3847 555 3906 inquisitiones
613 3823 822 3889 Sollicitudini
834 3832 959 3888 nostrae
972 3826 1091 3888 dudum
1106 3824 1237 3888 relatum
1253 3824 1347 3887 lue-l

340 3905 555 4002 i',·⁰,2⁸2{²,30⁸,¹,¹ffi
573 3925 631 3993 rat,
653 3918 685 3980 in
707 3918 833 3980 ciuitate
854 3918 1004 3997 imperiali
1023 3917 1201 3992 Κιιιιιιιιιιι,
1224 3934 1346 4003 quam

341 4009 555 4107 {gunsinum-
572 4010 713 4074 incolunt
737 4011 833 4072 simul
865 4011 1028 4073 orthodoxi
1059 4027 1092 4072 ac
1122 4009 1317 4073 Lntheranae

570 4196 781 4259 ctimonialem
802 4196 979 4275 quamdam,
994 4197 1202 4259 crescentiam
1217 4197 1315 4258 nomi·

569 4304 620 4364 ne,
647 4291 722 4352 adeo
752 4290 921 4352 sanctitatis
943 4289 1089 4368 opinione
1117 4288 1314 4364 celebratam,

571 4103 769 4182 professionis
790 4109 971 4178 sectatores,
993 4103 1091 4165 vitam
1114 4103 1228 4180 (legere
1249 4118 1316 4165 sap
1343 4072 1345 4151 i
1373 4108 1469 4153 ltdilia
1456 4093 1583 4154 alioue
1606 4093 1799 4158 Sanctorum
1820 4112 1834 4156 a
1858 4097 1944 4160 nobis
1965 4101 2144 4178 conscrip-

1377 2615 1457 2662 mus

1416 2693 1435 2767 ἓ
1457 2693 1484 2754 3
1510 2695 1544 2756 ln
1566 2695 1614 2756 his
1636 2697 1780 2758 omnibus
1805 2697 1949 2775 equidem
1972 2697 2051 2761 nihil
2077 2696 2122 2759 oi·
2181 2721 2215 2762 nx
2238 2731 2342 2782 proruo

1377 2784 1542 2862 tendimus,
1566 2805 1604 2850 ex
1625 2805 1686 2867 qno
1707 2789 1852 2852 defuncta
1873 2806 1960 2852 soror
1976 2793 2121 2853 Crescen·
2139 2771 2221 2880 232¹,ss
2238 2775 2343 2871 ‘ssssfflfl'

1347 2879 1418 2940 tia
1440 2880 1476 2942 de
1498 2881 1653 2944 allectatae
1680 2883 1847 2945 sanctitatis
1874 2883 2007 2946 crimine
2031 2883 2118 2959 argui
2140 2879 2284 2978 iffi&
2299 2891 2339 2934 ιιι

1347 2964 1481 3054 possit.
1506 2971 1622 3035 Verum
1645 2989 1683 3036 ex
1705 2977 1776 3054 ipsis
1799 2977 1926 3038 testium
1947 2977 2035 3038 dictis
2062 2976 2119 3056 (et-

1377 3066 1461 3128 iamsi
1485 3067 1604 3144 integra
1621 3067 1695 3129 lides
1711 3069 1747 3130 iis
1761 3069 1970 3144 adhiberetur,
1986 3086 2044 3132 nec
2058 3070 2120 3132 nlla

1377 3159 1455 3220 iusta
1484 3160 1602 3221 adesset
1631 3161 1781 3238 suspicio,
1811 3178 1862 3224 eos
1888 3163 1924 3224 ad
1952 3162 2119 3224 favendum

1346 3285 1348 3333 ι
1377 3253 1547 3328 praedictae
1573 3250 1678 3315 Sorori
1705 3257 1924 3333 praecedenter
1955 3256 2121 3318 instructos

1346 3344 1349 3402 l
1376 3341 1500 3424 luisse),
1533 3343 1616 3406 illius
1644 3347 1773 3425 quidem
1800 3349 1896 3410 sitam
1921 3351 1956 3411 ad
1978 3364 2119 3410 normam

1347 3472 1348 3517 3
1376 3438 1536 3515 probitatis
1557 3449 1707 3514 exactam,
1724 3449 1755 3502 et
1776 3441 1922 3518 gravibus
1944 3451 2120 3522 exemptam

1375 3531 1555 3594 criminibus
1587 3549 1753 3610 agnoscere
1785 3534 1872 3596 nobis
1906 3536 1960 3597 visi
1992 3551 2118 3611 sumus,

1376 3625 1494 3686 nullam
1516 3634 1620 3688 tamen
1641 3628 1793 3690 heroicam
1809 3629 2015 3704 virtutem,n
1995 3628 2120 3692 nullum

1373 3718 1514 3794 signum,
1541 3720 1607 3780 sive
1632 3721 1818 3783 miraculum
1847 3722 1884 3784 ab
1912 3724 2119 3827 omnipotenti

1344 3813 1476 3900 ιι“ιο,
1470 3814 1565 3892 ipsius
1586 3814 1819 3890 intercessione,
1837 3824 1991 3894 patratum
2012 3816 2119 3896 depre-

1344 3906 1558 3979 lhendisse,
1551 3921 1689 3984 ingenue
1712 3907 1904 3970 latemur·

1413 3999 1432 4074 5
1452 4000 1481 4060 ι.
1505 3999 1573 4061 Non
1596 4002 1739 4078 ignotum
1756 4002 1811 4064 tibi
1826 4019 1892 4066 esse
1907 4020 1982 4084 opus
1997 4005 2042 4066 lle
2061 4004 2118 4068 Co·
2190 4037 2246 4083 10„
2265 4049 2293 4092 ορ
2296 4049 2335 4082 „„

2138 4049 2336 4136 ffi.D.Nmm

2136 4144 2251 4190 ueniret.
2273 4147 2336 4188 iccir-

1374 4193 1452 4258 tum,
1475 4203 1514 4247 ex
1536 4185 1737 4250 fraternitatis
1764 4196 1833 4251 tuae
1857 4191 1969 4254 litteris
1995 4193 2118 4255 intelle-
2136 4203 2227 4244 coriam

1375 4279 1486 4341 ximus.
1510 4279 1543 4342 ln
1560 4297 1621 4359 quo
1636 4298 1729 4360 opere
1744 4283 1928 4346 elaborando
1931 4296 2116 4367 ,postquam

569 4389 605 4444 ut
626 4382 764 4444 assiduus
784 4384 819 4446 ad
842 4399 911 4444 eam
925 4397 1092 4444 concursus
1108 4384 1198 4445 beret
1215 4382 1314 4444 honri·
1342 4381 1344 4471 l
1374 4372 1453 4434 illita
1475 4373 1586 4450 viginti
1609 4391 1704 4436 annos
1726 4377 1758 4436 in
1781 4392 1913 4440 munere
1933 4383 2118 4458 promotoris

569 4491 648 4538 num
669 4475 763 4538 ettam
789 4476 909 4538 virtute
929 4481 961 4538 et
987 4491 1103 4551 genere
1130 4476 1311 4538 illustrium.
1342 4476 1344 4540 3
1373 4467 1443 4529 nou
1454 4469 1568 4529 versati
1580 4467 1708 4544 ruimus,
1721 4470 1980 4550 qualemcumque
1992 4489 2116 4553 operam

568 4570 759 4647 Quapropter
781 4567 943 4646 multiplici
965 4568 1181 4646 experimento
1202 4571 1313 4644 edocti,
1343 4601 1344 4618 ι

1373 4568 1511 4622 nostram
1538 4560 1680 4623 conterre
1709 4570 1923 4641 opportunum
1951 4568 2116 4644 duximus,

568 4661 676 4723 inanes
697 4661 861 4740 aliquando
882 4659 1037 4723 affectatae
1065 4663 1236 4724 sanctitatis
1258 4661 1316 4724 las.
1342 4652 1344 4707 ι
1372 4667 1434 4714 ῐιῦιι
1458 4661 1492 4714 ul
1513 4655 1670 4716 doctrinali
1693 4655 1815 4720 laudem
1829 4675 1862 4720 uu
1884 4660 2019 4722 nominis
2039 4662 2117 4724 Gele-

569 4769 622 4814 vas
643 4753 779 4828 obtendi,
802 4762 895 4831 atque
916 4753 1009 4814 etiam
1030 4753 1067 4816 ab
1082 4755 1257 4816 animarum
1273 4754 1314 4816 dl·
1341 4762 1344 4844 ,¹

569 4847 751 4921 rectoribus,
764 4845 803 4908 ob
816 4862 888 4908 suos
909 4847 1076 4926 peculiares
1098 4849 1187 4922 fines,
1202 4861 1315 4924 eosque

569 4939 729 5002 interdum
751 4940 855 5002 minus
869 4949 980 5014 rectos,
996 4939 1203 5017 depraedicari
1225 4949 1256 5002 et
1271 4942 1314 5005 di-

568 5033 708 5110 vulgari3
732 5031 808 5094 datis
823 5031 857 5092 ad
874 5031 1101 5095 iraternitatem
1117 5039 1202 5094 tuam
1218 5033 1314 5096 literis
1341 5103 1342 5112 χ

568 5126 618 5190 die
639 5141 716 5188 xxn.
741 5125 813 5188 maii
834 5127 1002 5204 superioris
1031 5127 1104 5189 anni
1125 5142 1312 5204 unccxurv,
1341 5132 1342 5183 l

1340 5244 1342 5295 ι
1370 5230 1442 5277 rum
1464 5215 1594 5279 llituum
1614 5234 1676 5279 non
1692 5219 1765 5281 satis
1780 5222 1893 5282 versati
1909 5221 2044 5300 inerant,
2061 5223 2115 5286 ali·

1340 5300 1342 5382 {
1370 5323 1430 5386 quo
1446 5311 1536 5372 modo
1550 5309 1690 5378 involuta
1705 5330 1739 5374 ac
1749 5315 1929 5391 perturbata
1941 5318 2112 5395 videbatur;

1340 5450 1342 5483 ,
1370 5411 1467 5480 utque
1488 5405 1630 5466 omnium
1651 5405 1748 5467 oculis
1765 5415 1894 5485 pateret,
1912 5425 2005 5487 quam
2026 5421 2114 5474 cante

567 5217 746 5282 discretioni
768 5227 839 5281 tuae
866 5219 1095 5294 commisimus,
1117 5228 1152 5282 ut
1174 5221 1206 5281 ιιι
1228 5236 1313 5299 prae-

567 5313 666 5374 dictae
688 5313 807 5375 Sororis
828 5313 1022 5375 crescentiae
1040 5313 1138 5374 vitam
1159 5321 1190 5375 et
1211 5329 1313 5376 mores

567 5405 755 5484 inquireres,
777 5405 876 5484 deque
898 5405 981 5466 illius
996 5406 1105 5482 agendi
1128 5407 1342 5481 rationibus,

566 5499 632 5560 sive
654 5499 753 5575 bonis,
775 5497 842 5560 slve
867 5498 972 5574 malis,
1000 5498 1147 5560 certiores
1168 5515 1224 5560 nos
1246 5501 1314 5564 red-

567 5593 665 5654 deres.

607 5831 637 5888 (ι)
652 5830 715 5877 vide
728 5843 809 5889 snpra
822 5832 922 5889 vol.11.,
936 5843 994 5890 pag.
1006 5835 1030 5878 ts
1044 5833 1178 5882 decretum
1193 5839 1217 5882 S.
1232 5839 1310 5894 cong.

567 5896 687 5954 Rittium,
702 5899 729 5944 ei
742 5899 812 5945 inira
830 5900 926 5946 decret.
945 5902 1016 5958 poni.
1038 5903 1105 5946 Cum
1120 5907 1149 5948 tn
1166 5905 1310 5956 Concrepu-
1336 5906 1338 5931 ¹

1371 4745 1516 4808 britatem
1547 4763 1827 4828 consequeremur,
1857 4753 1908 4814 sed
1936 4761 1970 4816 ut
2001 4763 2116 4818 certam

1341 4849 1343 4862 ⁴
1371 4855 1404 4901 ac
1426 4847 1525 4902 tutam
1548 4842 1729 4904 methodum
1752 4845 1944 4908 traderemus
1962 4847 2116 4924 dirigendi

1370 4935 1484 4994 seriem
1504 4950 1665 4998 causarum
1687 4938 1924 5000 Beatilieationis
1938 4947 1969 5002 et
1986 4943 2116 5005 Canoni·
2214 5015 2218 5026 ¹

1371 5029 1511 5103 nationis,
1534 5045 1612 5107 quae
1634 5031 1674 5091 ob
1694 5032 1793 5091 varias
1814 5033 1976 5112 opiniones
1990 5038 2116 5115 scripto-

1371 5137 1453 5197 rum,
1469 5124 1522 5200 qui
1539 5127 1570 5185 in
1587 5125 1722 5201 negociis
1739 5129 1995 5204 congregationis
2010 5129 2116 5193 Sacro-

1369 5513 1402 5560 ac
1417 5497 1586 5573 diligenter
1601 5498 1773 5576 Apostolica
1785 5497 1895 5563 Sedes
1889 5519 1921 5563 ιιι
1936 5503 2113 5568 huiusmodi

1339 5608 1530 5659 causarum
1551 5595 1694 5656 examine
1714 5610 1747 5656 se
1768 5606 1899 5672 gereret.
1994 5635 1996 5639 ψ

1365 5841 1442 5886 atone,
1459 5840 1486 5882 ot
1500 5836 1528 5881 in
1543 5847 1592 5882 sec.
1608 5839 1676 5894 part.
1692 5837 1718 5882 h.
1733 5849 1773 5895 op.
1788 5837 1911 5887 instruct.
1927 5843 1950 5886 s.
1962 5843 1987 5887 c,
2001 5841 2033 5888 de
2047 5845 2072 5888 P.
2084 5843 2110 5888 ιι.

1367 5909 1450 5950 t'uuse
1464 5909 1493 5950 at
1507 5907 1711 5959 uectaptceacone
1723 5931 1749 5941 -
1765 5910 1919 5954 Processu-a
1933 5917 2071 5956 cartonicu.
