4708 6978
295 610 348 662 An.
363 612 392 662 C·
415 613 483 664 1746
534 614 593 680 270
809 592 813 598 ¹
1039 639 1103 684 ruti.
1129 641 1218 684 ronr.
1244 641 1283 684 rra
1305 641 1332 685 r.
1358 641 1385 684 r.
1412 643 1492 686 entre
1515 643 1535 686 r.
2092 631 2148 681 An.
2166 629 2201 680 0·
2226 629 2298 680 1746

283 759 497 861 ,mfflfflffil
556 758 624 832 58.
650 762 783 840 Excepta
805 763 853 826 die
875 761 1053 826 llominicae
1073 760 1260 837 Natiuitatis,
1314 759 1397 823 idem
1427 777 1552 840 prorsus
1580 763 1750 840 significat,
1773 781 1807 827 ac
1837 764 1944 828 liceat.
1981 764 2061 828 Cum

283 878 348 949 cam,
363 878 452 930 nenos
467 871 497 916 n·
517 853 602 917 iuxta
623 855 807 918 hodiernam
828 856 1023 936 disciplinam
1045 872 1108 918 non
1131 856 1203 919 lieet
1217 873 1263 918 sa·
1316 853 1412 930 igitur
1437 871 1622 933 responsum
1651 857 1770 920 dederit
1798 857 1956 933 Pontifex,
1979 860 2061 921 sufli-

284 921 454 978 ¹b³³¹¹⁶¹¹vb
515 947 632 1010 cerdoti
653 949 761 1012 eodem
783 949 832 1012 die
851 951 1037 1014 sacrificium
1059 950 1182 1012 iterare.
1207 952 1262 1012 Ar·
1315 963 1385 1010 cere
1405 949 1565 1011 sacerdoti
1586 951 1678 1012 semel
1698 951 1913 1015 iudicatione
1926 952 2061 1014 ruissent

516 1051 665 1119 gumenta
687 1044 820 1106 minime
850 1045 1043 1110 desumimus
1070 1063 1109 1109 ex
1135 1049 1262 1110 Decreta
1316 1042 1508 1104 solumunodo
1530 1041 1704 1118 celebrare,-
1725 1045 1803 1106 illud
1817 1046 1947 1125 sufficit,
1964 1062 2061 1108 sacer·

515 1137 685 1200 Alexandri
705 1137 800 1218 Papae
821 1141 857 1202 ll.
884 1140 963 1206 cca.
980 1141 1103 1222 Sufficit
1125 1142 1161 1204 de
1184 1141 1263 1206 Cea·
1316 1136 1401 1196 dotes
1422 1135 1518 1212 adigit
1539 1145 1720 1217 praecepto,
1743 1155 1784 1200 ne
1804 1138 1893 1218 plura
1917 1139 2062 1201 sacrificia

516 1232 704 1306 secretione,
730 1233 805 1295 dist.
827 1233 855 1310 1,
875 1236 926 1297 ubi
949 1234 1090 1298 Pontifex
1107 1237 1147 1296 ita
1161 1235 1266 1298 decre·
1318 1245 1380 1291 uno
1402 1231 1451 1291 die
1474 1229 1594 1294 faciant.

516 1329 581 1392 uit:
607 1327 730 1414 Sufficit
757 1331 916 1393 secerdoti
943 1345 1044 1394 uuum
1073 1331 1204 1395 Missam
1227 1329 1262 1391 iu
1357 1324 1376 1398 ἓ
1405 1322 1451 1386 lb.
1481 1325 1524 1386 lta
1556 1324 1742 1404 llasquesius
1773 1327 1998 1406 interpretatur
2024 1345 2062 1392 eo

516 1425 566 1486 dic
592 1441 659 1486 unu
686 1421 858 1495 celebrare,
883 1425 959 1504 qaid
992 1423 1143 1488 Christus
1170 1424 1262 1485 semel
1317 1417 2060 1496 loco,quempauloanteindicavimnsuum.44:

516 1533 632 1596 poscas
654 1523 718 1589 est,
742 1523 773 1578 et
796 1522 901 1578 toturu
930 1519 1087 1584 Mundum
1116 1517 1259 1580 redemit.
1319 1513 1399 1574 Nora
1422 1512 1501 1590 quod
1523 1513 1704 1590 quaesitum
1726 1515 1807 1592 facit,
1824 1520 1937 1577 atrurn
1957 1516 2061 1580 vroleat

519 1613 588 1674 Noc
609 1612 732 1675 modica
749 1629 797 1674 res
812 1621 869 1690 eat,
887 1631 985 1677 ccam
997 1615 1128 1679 Missam
1144 1615 1263 1694 facere:
1318 1603 1492 1678 celebrare,
1526 1607 1606 1670 taem
1629 1613 1694 1678 ast,
1724 1625 1761 1670 oc
1782 1607 1812 1670 si
1839 1615 2058 1686 quaereretur,

517 1712 547 1769 er
568 1705 659 1768 aalma
680 1706 762 1786 serap
788 1714 846 1782 egr,
869 1710 924 1788 qui
946 1725 1046 1772 gnam
1073 1709 1167 1790 peyne
1188 1710 1262 1772 cepe.
1318 1705 1432 1762 utrum
1454 1699 1549 1762 liceat
1574 1700 1603 1761 ei
1626 1699 1792 1764 celebrere.
1821 1703 1900 1764 Cum
1921 1718 1993 1782 erpo
2015 1719 2062 1762 re·

517 1799 611 1864 brcre
625 1806 743 1879 pateat.-
766 1803 883 1866 etenim
899 1805 1041 1867 Pontifex
1055 1806 1095 1868 na
1111 1822 1179 1868 rem
1194 1822 1262 1885 pro·
1317 1795 1448 1873 spondit
1462 1794 1627 1876 Pouatsec,
1644 1795 1768 1868 sancit,
1786 1804 1844 1858 erc.
1861 1795 1919 1856 boc
1933 1795 2061 1859 cereum

516 1897 672 1974 sequitur:
699 1895 960 1976 Quidamtamen
978 1899 1264 1979 prodefccuctisu-
1319 1889 1449 1951 delibuti
1471 1896 1676 1966 Praecelllbm
1695 1887 1876 1967 Ptbbibeos,
1892 1891 2062 1968 plusquam

518 2005 591 2050 uam
615 1988 746 2067 fuciunt
761 1995 792 2052 et
806 1992 944 2056 alteram
967 1992 1003 2054 de
1025 1994 1085 2064 die,
1104 1994 1130 2054 ri
1145 2011 1265 2056 necesse
1317 1981 1408 2042 semel
1430 1983 1596 2045 Celebrate·
1621 1981 1728 2061 Neque
1748 1983 1855 2046 mirati
1876 1984 1945 2062 fluis
1959 1983 2060 2059 debet,

518 2082 638 2162 fucrit.-
661 2083 773 2162 quibus
801 2085 902 2146 verbis
932 2085 1108 2148 Alexander
1129 2085 1165 2150 ll.
1200 2103 1264 2149 non
1318 2077 1341 2137 Sl
1353 2077 1435 2138 idem
1447 2075 1720 2156 Vffl'bilfflibffifl'f,
1732 2077 1898 2139 millium
1910 2077 2061 2152 11110¹0⁰⁰‚

517 2175 692 2253 improbare
720 2177 844 2239 ridetur
873 2195 945 2240 eurn
975 2181 1183 2255 sacerdotem,
1210 2181 1263 2259 qui
1318 2169 1903 2249 a¹10dubim'lilitffl'blilllfflllffl‘ssssssslill·
1917 2171 1948 2232 ld
1961 2173 2062 2249 ipsum

515 2267 624 2330 saltem
648 2269 686 2331 oh
706 2269 830 2332 allatam
851 2287 972 2334 causam
996 2273 1041 2335 his
1062 2289 1126 2334 mm
1148 2273 1196 2334 dte
1217 2291 1263 2336 ce.
1318 2263 1432 2342 quippe
1447 2263 1540 2324 etiam
1555 2263 1728 2340 contigitin
1741 2265 1836 2326 verbo
1851 2271 2061 2343 oouoportet:

518 2361 659 2424 lebraret.
694 2363 809 2428 Deinde
840 2365 883 2428 sic
914 2365 1056 2428 Pontifex
1089 2366 1260 2429 concludit:
1318 2359 1398 2434 quod
1422 2357 1506 2418 iuxta
1534 2357 1632 2418 varies
1664 2373 1771 2420 rerum
1803 2351 2075 2435 circumstantias,

520 2456 674 2530 Quirero
697 2457 913 2536 propeccatis
935 2457 1263 2522 percantationibus
1321 2453 1350 2513 in
1379 2452 1447 2513 inre
1474 2452 1622 2514 canonico
1650 2454 1740 2514 modo
1765 2453 1868 2515 solum
1896 2453 2062 2516 honestatis

516 2550 748 2622 saecularium,
765 2568 833 2613 uuo
850 2552 901 2612 dic
921 2560 1134 2630 praesumunt
1155 2553 1263 2632 plures
1318 2543 1455 2606 Officium
1476 2561 1508 2605 ³ss
1529 2543 1702 2607 dissessliflffl
1723 2545 1858 2622 d0¹10l³l2
1875 2549 1967 2610 modo
1988 2563 2063 2609 Vsss⁰

517 2645 623 2724 fucere
645 2643 772 2715 Missos,
806 2661 869 2706 acu
901 2647 1034 2708 aestimo
1059 2644 1189 2708 euadere
1209 2645 1263 2708 da·
1318 2637 1531 2699 Πθῦθὸὃὶῑᾶίθῐῐῑ
1553 2646 1876 2724 atquepraeceptnm,
1900 2640 1946 2702 Uli
1967 2639 2063 2719 pluri-

517 2737 724 2800 ntuatiouern.
749 2738 844 2800 Porro
867 2754 904 2800 ex
931 2739 978 2800 his
994 2739 1073 2802 facili
1088 2739 1263 2804 coniectura
1319 2729 1374 2791 bus
1395 2729 1545 2809 elfflsslllis
1564 2729 1756 2794 defflffllsll'il
1772 2733 1925 2795 Baldellns
1940 2733 2060 2810 disput.

518 2831 692 2909 prospicere
716 2831 848 2910 quisque
868 2839 980 2910 potest,
997 2833 1208 2896 Alexandrum
1225 2835 1260 2896 lt.
1324 2821 1466 2902 TbPPlPP·
1492 2829 1565 2885 lfm·
1580 2825 1608 2894 1,
1633 2822 1687 2886 lib·
1701 2828 1734 2898 5,
1761 2823 1834 2888 dub·
1850 2825 1904 2897 21,
1929 2827 2060 2888 butt-4·

517 2922 640 2984 acorem
662 2923 764 2985 solum
785 2941 906 2999 caver-0,
929 2941 968 2987 ne
990 2925 1127 2988 sommae
1149 2928 1263 2989 puppa.
1319 2917 1433 2980 llerum
1457 2933 1496 2979 ex
1517 2918 1654 2980 Honorio
1676 2918 1724 2981 lll.
1748 2919 1800 2997 qui
1823 2929 1891 2997 post
1912 2919 2062 2982 innocen·
2110 2940 2285 2986 nonenim.

518 3017 574 3090 tis,
601 3015 669 3077 sive
694 3017 910 3079 assentationis
936 3019 1046 3094 gratia,
1070 3019 1263 3083 Sacrificium
1320 3012 1396 3072 [illm
1419 3011 1466 3072 Ill·
1492 3009 1634 3072 POPlisssl
1649 3011 1846 3073 lssssllssllillls
1862 3011 1932 3087 luit,
1948 3013 1980 3075 in
1996 3021 2061 3075 ῑθΧ·

518 3109 660 3170 iteretur.
678 3107 865 3188 Vasquesius
881 3111 963 3174 idem
975 3114 1138 3174 Decretum
1154 3115 1197 3175 sic
1211 3131 1263 3176 ex·
1319 3112 1352 3166 lu
1379 3103 1416 3164 Τθ
1437 3104 1607 3183 referente,
1633 3103 1690 3166 suh
1711 3105 1820 3166 eodem
1847 3106 1938 3167 tilulo
1960 3106 1996 3168 de
2018 3121 2062 3167 ct·

521 3201 610 3280 pljpax
632 3203 667 3264 aa
697 3203 719 3262 3
740 3209 825 3282 para,
861 3204 937 3266 naret
968 3205 1101 3268 prasimae
1132 3213 1204 3268 rom,
1228 3207 1258 3281 3,
1318 3195 1494 3259 lebrutioue
1510 3197 1697 3267 Missurum,
1715 3197 1878 3260 manifesto
1893 3197 2062 3278 deprehen-

518 3301 639 3372 puoest.
663 3297 716 3368 83,
741 3304 806 3359 art.
829 3295 860 3371 2,
887 3314 954 3376 cap,
972 3299 1003 3371 5,
1029 3315 1116 3360 nam,
1137 3299 1202 3358 43:
1225 3299 1262 3361 ln
1317 3287 1412 3364 ditur,
1437 3290 1513 3351 illud
1545 3289 1677 3351 verbum
1704 3291 1859 3370 srcfficerc,
1888 3292 1926 3354 de
1946 3309 2007 3370 quo
2030 3293 2062 3356 in

518 3388 684 3466 praedicta
702 3390 1262 3471 lipristolusolumrloruuarttur’,qui
1318 3383 1469 3445 Decretali
1500 3382 1673 3446 innocentii
1702 3383 1768 3457 lll.,
1797 3400 1869 3445 cum
1901 3393 2062 3464 praecepto

517 3498 574 3559 pro
595 3483 741 3558 pecuniis
763 3489 823 3544 out
845 3483 1092 3547 adulationibus
1120 3487 1263 3551 saeculo·
1318 3477 1476 3553 0⁰11ll1ssgl·
1500 3475 1576 3537 Rem
1599 3483 1706 3551 ῑθῑθῐῃ,
1726 3478 1817 3540 Siculi
1839 3487 1921 3554 gesta
1943 3487 2000 3552 esi,
2017 3495 2063 3541 1'0·

518 3575 606 3636 riutu
628 3593 696 3637 uua
719 3575 771 3636 die
793 3583 1004 3652 prraesuoruut
1020 3579 1127 3656 plures
1149 3581 1261 3645 Missas
1318 3576 1523 3648 censebimus,
1548 3572 1594 3634 uti
1616 3579 1735 3634 constat
1755 3587 1794 3632 ex
1816 3573 1986 3649 Gonzalez,
2009 3575 2063 3653 qui

520 3666 694 3731 celebrare:
717 3669 753 3731 de
777 3669 818 3730 iis
839 3687 923 3742 uero,
947 3673 1002 3750 qui
1027 3689 1066 3733 ecc
1087 3675 1153 3736 acta
1176 3675 1263 3735 dcco·
1318 3668 1507 3732 Decretalem
1531 3667 1685 3743 integram
1707 3666 1845 3728 eiusdem
1862 3667 1991 3730 lionorii
2012 3670 2062 3730 de-

518 3761 602 3824 tiouc
628 3762 736 3840 plures
765 3761 979 3838 celebrarent,
1012 3765 1095 3828 uibil
1125 3766 1260 3830 dicitur.
1318 3765 1432 3829 scribit.

520 3857 669 3918 Famdem
693 3873 760 3918 rem
782 3858 918 3920 maxime
942 3859 1097 3922 declarant
1118 3876 1163 3934 ea,
1185 3875 1263 3938 quae
1358 3859 1446 3934 §lt
1471 3857 1663 3936 sypontinus
1692 3856 1947 3936 Archiepiscopus
1977 3859 2061 3936 (eam
2095 3875 2305 3935 casuserusae-

447 4021 448 4026 ἵ
518 3949 739 4011 Thomassinus
760 3951 872 4028 scripta
890 3950 1038 4028 relinquit
1062 3952 1105 4012 be
1119 3953 1217 4013 ueteri
1233 3957 1263 4013 et
1321 3957 1411 4016 inodo
1433 3954 1592 4016 civitatem
1621 3951 1715 4027 vulgo
1743 3950 1986 4014 Manlredoniam
2012 3969 2062 4031 ap
2081 3925 2192 3972 ΝΜ·

518 4059 597 4104 uoco
622 4042 784 4104 Ecclesiae
805 4043 979 4119 disciplina
999 4060 1070 4122 por.
1093 4047 1124 4106 3.
1153 4043 1206 4108 lib.
1232 4048 1260 4106 1.
1288 4063 1289 4066 ’
1320 4045 1449 4128 pellant)
1472 4046 1545 4107 feria
1573 4046 1680 4123 quinta
1708 4044 1832 4106 maioris
1857 4045 2063 4108 hebdomadae

518 4150 586 4212 cap.
609 4133 662 4208 72,
688 4153 776 4198 rauna.
794 4138 825 4208 6,
844 4135 897 4198 ubi
919 4136 999 4198 clare
1014 4139 1160 4214 ostendit,
1173 4139 1266 4202 liber·
1320 4143 1427 4206 Sancta
1449 4140 1520 4204 Olea
1540 4141 1577 4201 de
1598 4153 1684 4200 more
1705 4138 1738 4200 in
1760 4139 1885 4202 ecclesia
1899 4139 2064 4201 cathedrali

518 4237 613 4290 tatem
638 4229 754 4307 pluries
777 4247 837 4292 una
859 4231 908 4292 die
929 4231 1103 4294 celebrandi
1129 4249 1266 4295 neeessa-
1321 4236 1380 4298 rite
1400 4233 1606 4296 consecrabat.
1632 4233 1745 4294 Eadem
1767 4234 1815 4294 die
1837 4249 1928 4295 mane
1946 4248 1979 4295 se
1993 4249 2065 4296 con-

518 4323 565 4383 rio
586 4325 790 4386 coercendam
811 4324 917 4399 fuisse,
939 4335 974 4387 nt
995 4326 1199 4405 quorumdam
1221 4343 1267 4389 sa·
1320 4329 1436 4390 ferebat
1449 4330 1483 4390 ad
1507 4328 1645 4390 illontem
1666 4326 1855 4403 Garganum,
1872 4335 1907 4387 nt
1929 4327 2064 4405 peregri-

519 4418 681 4478 cerdotum
702 4417 846 4479 avaritiae
868 4420 977 4480 modus
998 4419 1222 4496 imponeretur.
1322 4439 1377 4484 nos
1409 4423 1582 4498 exciperet,
1612 4420 1664 4496 qrri
1692 4435 1803 4496 magna
1836 4419 2011 4497 frequentia
2032 4420 2064 4481 in

301 4523 498 4578 rrrnocentnnr,
559 4514 578 4588 ξ
598 4511 628 4574 9.
652 4513 751 4588 lgitur
773 4513 953 4576 omittentes
975 4513 1141 4574 Alexandri
1164 4513 1199 4574 ll.
1216 4513 1268 4574 de-
1321 4531 1395 4577 eum
1426 4516 1530 4577 locum
1552 4513 1712 4590 religionis
1739 4529 1827 4575 causa
1855 4514 2063 4578 confluebant.

518 4613 651 4682 eretum,
675 4605 804 4668 alterius
826 4607 1065 4684 praedecessoris
1088 4606 1197 4681 nostri,
1220 4607 1266 4668 ni·
1323 4611 1396 4670 Eius
1427 4609 1486 4670 loci
1515 4608 1615 4670 clerus
1636 4605 1669 4668 irc
1695 4607 1827 4686 populus
1858 4609 2065 4686 Archiepisco·

520 4700 637 4762 mirnm
662 4698 836 4762 innocentii
858 4701 908 4762 ΙΙΙ.
943 4701 1125 4762 auctoritate
1157 4717 1191 4763 ac
1211 4702 1267 4762 De·
1322 4720 1398 4782 pum
1425 4718 1538 4779 margno
1564 4703 1667 4763 studio
1698 4709 1866 4777 rogarunt,
1889 4711 1925 4764 ut
1945 4719 2066 4765 sacrum

520 4793 625 4855 cretali
649 4809 716 4854 rem
745 4801 882 4857 nostram
913 4796 1159 4872 comprobamus.
1190 4795 1265 4874 bap.
1321 4798 1465 4872 iteraret3
1488 4796 1568 4874 qtaod
1592 4795 1879 4857 tamenillefacere
1900 4795 2065 4868 recusavit,

522 4887 741 4959 Consuluistt',
771 4888 806 4949 de
835 4885 1047 4950 celebratione
1075 4890 1266 4953 Missurum:
1322 4894 1418 4954 donec
1438 4907 1531 4970 snper
1554 4892 1608 4952 hac
1629 4905 1664 4950 re
1684 4888 1838 4951 Pontificis
1864 4888 1991 4950 Horrorii
2014 4887 2065 4949 lll.

520 4979 773 5059 Respondemus,
808 4981 927 5060 inqrrit,
958 4983 1040 5060 pund
1067 4989 1196 5061 eccepto
1217 4983 1267 5045 die
1322 4999 1506 5064 responsum
1532 4983 1589 5045 sihi
1617 4983 1810 5044 redderetur.
1845 4981 1988 5043 Pontifex
2010 4981 2067 5042 ini·

522 5076 717 5138 Natiuitatis
739 5075 927 5138 flaminicae
949 5081 1007 5136 etc.
1031 5077 1149 5157 sacfficit
1165 5093 1267 5140 sacer·
1323 5081 1403 5141 tium
1424 5078 1560 5140 desumit
1575 5094 1590 5136 a
1607 5077 1709 5138 uerbis
1730 5075 1804 5154 ipsis
1825 5075 2000 5138 innocentii
2015 5073 2064 5135 lll.

523 5169 694 5230 dotiseroel
710 5170 807 5233 indie
821 5169 1269 5233 uuoutllfissarusotamntodo
1323 5172 1561 5253 praedecessoris
1587 5170 1652 5246 sui,
1676 5187 1803 5249 nempe:
1831 5169 1911 5231 Cum
1933 5166 2066 5231 cuilibet

524 5261 691 5326 celebrare.
707 5263 859 5342 liquidem
871 5264 1047 5326 Alexander
1057 5264 1164 5337 ll.,uti
1179 5281 1271 5343 supe·
1323 5266 1492 5336 sacerdoti,
1516 5281 1714 5342 glaucumque
1738 5263 1898 5342 dignitate
1924 5261 2067 5342 praeful-

521 5355 586 5418 rius
608 5358 935 5431 commemoravimus,
956 5365 987 5418 et
1005 5358 1204 5420 Innocentius
1217 5357 1266 5419 lll.
1324 5365 1407 5439 peut,
1432 5373 1531 5420 auant
1555 5357 1589 5418 in
1605 5357 1654 5419 dic
1669 5354 1826 5417 celebrare
1846 5355 1977 5417 missurn
1998 5355 2066 5432 sas·

521 5449 568 5510 usi
589 5457 665 5511 sunt
686 5449 744 5510 hoc
766 5450 874 5512 eodem
896 5449 993 5512 verbe
1014 5449 1151 5530 sufficit:
1172 5458 1202 5511 at
1223 5467 1268 5512 se·
1322 5453 1424 5533 ficirat,
1438 5469 1513 5514 aaut
1534 5457 1565 5511 et
1588 5450 1677 5513 ualde
1692 5454 1739 5510 eat
1753 5448 1846 5530 felic,
1860 5448 1915 5526 pul
1930 5443 2067 5509 celebret

520 5545 623 5606 cundo
652 5551 775 5606 tantum
797 5544 863 5606 loco
886 5560 941 5622 per
968 5544 995 5605 id
1024 5543 1153 5606 verbum
1184 5559 1269 5620 prae-
1324 5546 1418 5625 digne
1440 5561 1549 5607 uuam.
1585 5544 1655 5604 Post
1682 5543 1755 5605 haec
1777 5542 1922 5620 praecipit
1944 5541 2069 5602 Archie-

521 5645 645 5714 ceptum
678 5637 840 5700 indicitur:
873 5652 945 5697 narn
967 5637 992 5696 si
1015 5637 1083 5714 quis
1112 5637 1268 5713 integram
1324 5637 1508 5717 piscop0,ut
1530 5635 1661 5714 Syponti
1684 5651 1750 5698 rem
1772 5634 1909 5696 divinam
1930 5642 2066 5711 peragat,

520 5729 693 5792 innocentii
716 5729 906 5793 Decretalem
928 5738 1099 5806 percurrat,
1115 5730 1268 5808 apertissi-
1325 5731 1376 5793 ubi
1399 5747 1520 5793 sacrum
1543 5730 1684 5792 Chrisma
1706 5730 1858 5792 conficere
1881 5727 2019 5801 debebat,
2037 5734 2067 5788 et

522 5839 572 5883 me
587 5832 763 5900 cognoscet,
778 5825 804 5886 id
817 5824 950 5902 petitum
966 5824 1059 5886 luisse
1074 5841 1089 5885 a
1105 5824 1266 5900 Pontihre,
1324 5825 1356 5886 in
1379 5825 1512 5887 Ecclesia
1533 5823 1646 5885 Montis
1668 5823 1800 5899 Gargani
1819 5821 2003 5883 sacrificium
2025 5820 2068 5881 of-

522 5921 637 5978 utraru
658 5915 828 5994 Presbyter
850 5917 931 5979 duos
960 5916 1077 5982 Missus
1101 5917 1135 5978 iu
1161 5916 1268 5980 eadem
1323 5917 1405 5981 ferre
1435 5917 1677 5997 praetermittat:
1711 5916 1795 5978 hisce
1820 5916 1921 5979 utitur
1951 5913 2065 5990 verbis,

408 6045 412 6054 ·
522 6009 572 6070 die
593 6009 700 6071 ualeat
722 6007 889 6071 celebrare.
919 6010 1014 6072 Porro
1040 6010 1117 6073 illud
1146 6011 1266 6082 caleat,
1321 6013 1436 6090 quibus
1467 6012 1557 6075 illum
1588 6010 1724 6093 sufficit,
1752 6010 1789 6072 ab
1817 6009 1996 6072 innocentio
2017 6008 2064 6072 lll.
