4820 6980
966 575 1164 630 obstaturus
1187 573 1248 623 xiv.

336 713 542 774 concurrente
564 705 746 786 praesertim
772 719 860 768 causa
881 700 1033 778 legitima,
1054 698 1080 758 si

337 804 490 884 generalis
513 801 562 866 illa
583 799 691 878 regula
712 794 1003 868 subsisterautacile
1023 794 1080 854 dis·

337 898 459 980 pensari
476 897 506 958 in
523 893 686 976 prohibitis
701 891 769 954 lure
786 894 910 952 tantum
932 887 1078 965 positivo:

337 1008 439 1071 neque
461 998 564 1052 tamen
586 985 730 1062 exempla
752 982 816 1044 ullo
837 987 966 1052 constat,
980 978 1084 1040 Ponti-

339 1088 427 1149 dcem
456 1083 647 1162 dispensasse
668 1079 700 1140 in
727 1074 949 1155 impedimenta
975 1070 1083 1132 huius-

338 1178 420 1240 modi
438 1175 571 1254 publico.
596 1171 767 1234 videantur
782 1182 860 1246 quae
875 1168 954 1225 hanc
969 1163 1001 1224 in
1015 1175 1083 1222 rem

338 1270 493 1348 congessit
515 1262 742 1342 Miglioruccius
765 1261 801 1322 in
817 1250 1084 1322 imitationibus

340 1357 699 1428 canonicatibus,
725 1358 778 1418 nt.
806 1354 857 1423 14,
883 1353 918 1414 in
944 1348 1085 1429 suplica-

342 1457 485 1522 tionibus
507 1455 547 1519 ud
569 1470 658 1516 num.
682 1454 703 1514 9
726 1457 756 1512 et
781 1452 835 1521 10,
859 1445 913 1512 ubi
939 1442 1085 1522 contupis

340 1553 456 1616 occisio
470 1554 580 1612 secuta
593 1549 649 1617 sit,
668 1559 843 1622 numquam
865 1543 1083 1618 dispensatur,

341 1662 405 1707 nan
427 1645 504 1723 quio
535 1641 688 1721 Pantiseu
710 1654 774 1700 non
801 1634 920 1714 possit.-
943 1632 968 1694 si
990 1632 1087 1706 impe-

341 1739 517 1800 dimentum
540 1737 580 1795 sit
606 1731 777 1805 occultum,
801 1728 899 1790 maior
924 1724 1088 1804 paeniten-

342 1833 450 1894 tiarlus
470 1830 627 1906 dispensat
647 1827 680 1887 in
701 1819 907 1886 matrimoniis
926 1826 994 1879 tum
1015 1830 1087 1878 con-

343 1927 446 1987 tractis
469 1932 536 1985 tum
558 1915 776 1982 contrahendis
790 1929 846 1993 pro
861 1911 928 1973 loro
950 1911 1087 1978 interna,

343 2016 508 2080 commisso
523 2011 686 2085 adulteria,
702 2010 754 2072 sed
771 2013 887 2068 neutra
901 2001 1087 2065 1111111111-

345 2117 392 2181 11,·
414 2123 525 2170 vemm
545 2107 571 2168 si
592 2101 852 2181 impedimentum
875 2099 1088 2159 1111111111-

345 2203 490 2275 dulterio,
513 2205 649 2277 utroque
674 2195 722 2258 uel
744 2197 844 2258 altero
869 2187 1087 2254 machinante,

344 2296 446 2374 sitque
466 2294 635 2366 occuitum,
651 2291 744 2353 habet
764 2288 889 2367 quiden
903 2282 997 2345 Maior
1016 2278 1091 2340 Poe·

347 2388 546 2452 nitentiarius
573 2388 752 2451 lacultatem
783 2376 990 2459 dispensandi,
1013 2389 1090 2436 raro

349 2493 465 2556 tamen,
490 2490 521 2544 et
542 2497 665 2559 semper
685 2492 742 2556 pro
763 2474 829 2536 loro
852 2477 975 2535 tantum
996 2469 1092 2530 inter-

348 2594 400 2652 no,
416 2577 464 2638 his
483 2591 606 2655 quoque
625 2571 766 2645 servatis,
784 2575 817 2629 ut
839 2565 942 2643 gravis
963 2575 1092 2624 concur·

349 2680 395 2735 rat
416 2669 589 2743 necessitas,
605 2673 658 2726 aut
673 2679 766 2742 grave
788 2659 950 2722 immineat
972 2655 1092 2733 pericu·

349 2766 416 2828 lum
439 2771 472 2823 et
494 2777 565 2822 casu
594 2760 625 2820 in
647 2757 737 2836 plena
769 2749 1017 2828 congregatione
1040 2751 1093 2806 aut

348 2853 607 2920 Paenitentiariae
620 2849 789 2925 signatura,
806 2843 973 2923 proposito.
987 2839 1095 2902 Videa-

351 2959 403 3012 tur·
424 2944 613 3010 Constitutio
640 2949 745 3002 nostra
771 2936 879 3013 XCV,
906 2935 1023 2997 Pastor
1045 2929 1093 2993 be

350 3057 424 3112 nus,
449 3049 522 3102 toan.
541 3041 559 3098 1
584 3035 689 3098 nostri
711 3031 866 3100 Bullatii,
889 3031 909 3103 ἓ
928 3027 984 3090 44.

355 3183 357 3188 .
390 3150 456 3196 xrr.
479 3133 632 3194 Hactenus
654 3128 686 3189 in
708 3125 847 3187 medium
869 3122 958 3184 allata
973 3117 1096 3183 abunde

351 3229 597 3290 commonstrant
619 3236 681 3282 non
704 3226 821 3281 temere
843 3231 900 3295 pra
914 3213 1023 3290 regula
1038 3218 1098 3273 sta·

353 3323 518 3392 tuendum,
541 3313 623 3394 quad
646 3311 809 3392 prohibitis
831 3309 900 3385 lege
921 3307 1023 3368 solum
1045 3317 1097 3382 po-

353 3413 454 3487 sitiva,
467 3424 531 3472 nau
552 3422 627 3469 rero
649 3402 784 3467 naturali
805 3401 856 3463 vel
878 3400 994 3472 diuina,
1010 3399 1092 3460 dera-

354 3504 447 3582 gandi
468 3503 558 3582 plena
579 3509 609 3562 et
628 3514 691 3561 nan
712 3494 946 3572 circumscripta
966 3492 1006 3553 sit
1020 3490 1099 3552 Pon·

356 3599 430 3661 tiltci
451 3596 590 3658 llomano
622 3593 762 3656 libertas:
786 3589 849 3652 imo
877 3585 1028 3664 exemplis
1049 3585 1099 3646 ad-

355 3690 454 3754 ductis
475 3688 551 3752 illud
567 3685 693 3762 adiungi
708 3689 809 3762 pateat
830 3682 868 3744 de
890 3681 977 3743 Missa
991 3678 1099 3741 seden-

357 3783 431 3846 tatia
452 3795 601 3844 unacum
617 3779 741 3842 Canone
754 3774 947 3838 celebranda:
965 3784 1099 3850 namque

355 3875 462 3938 Missae
489 3874 583 3936 huius
611 3877 806 3949 oppugnator
835 3865 1041 3928 concessionis
1061 3863 1101 3924 si·

355 3969 439 4030 milis
461 3965 643 4028 memoriam
658 3962 739 4023 haud
761 3969 865 4023 extare
886 3956 1058 4020 contendit.

397 4075 475 4120 xvir.
500 4057 608 4138 Neque
622 4056 710 4117 dictis
731 4054 829 4128 obest,
845 4053 926 4128 quod
948 4050 1102 4128 dispensa·

356 4143 1101 4225 tioniseiusmodidenegatloimpediatmagnum

358 4248 488 4320 bonum,
504 4243 749 4308 aedificationem
771 4239 924 4302 nimirum
945 4234 1103 4315 populien

359 4340 499 4419 Episcopi
510 4337 728 4410 celebratione,
740 4332 960 4412 qualicumque
975 4331 1102 4392 demum

359 4433 477 4494 valeret
498 4431 600 4505 modo,
612 4437 744 4508 peracta,
760 4433 1002 4504 proventuram,
1017 4437 1103 4484 nam-

359 4541 422 4604 que
448 4524 618 4586 aedifioatia
639 4521 691 4583 illa
720 4521 904 4598 neutiquam
932 4518 1104 4592 obtinetur,

359 4633 432 4684 cum
453 4615 696 4693 dispensationes
711 4613 786 4673 istae
800 4612 976 4674 celebrandi
996 4611 1105 4674 seden-

360 4715 410 4789 do,
433 4718 562 4788 excepto
594 4717 732 4784 tempore
760 4707 905 4781 canonis,
934 4704 1105 4768 clausulam

360 4805 558 4876 contineant,
588 4807 623 4860 ut
645 4799 733 4861 Missa
760 4799 792 4860 in
820 4801 941 4876 privato
971 4797 1105 4859 oratoria

361 4899 536 4972 celebretur
564 4895 601 4956 ad
626 4893 801 4954 evitandam
832 4891 937 4970 populi
969 4891 1104 4952 miratio·

362 5007 452 5063 neum
474 4995 567 5068 atque
580 5001 652 5050 cum
664 4984 783 5046 bonum
798 4983 876 5046 illud
890 4983 1023 5046 obtineri
1041 4999 1107 5062 pos-

361 5087 413 5159 sit,
430 5079 670 5162 praescindendo
684 5095 699 5140 a
715 5079 833 5140 motivo
851 5079 1026 5155 praemisso,
1042 5091 1106 5138 non

364 5179 488 5241 ridetur
509 5174 594 5236 illius
620 5172 797 5234 consecutio
819 5169 994 5249 quaerenda
1018 5171 1107 5232 nori-

366 5270 434 5332 tatls
456 5267 549 5328 huius
572 5265 604 5325 in
627 5264 792 5326 Ecclesiam
816 5263 1008 5340 intrusione;
1037 5263 1109 5341 Epi·

364 5362 447 5440 scopi
477 5357 632 5437 siquidem
657 5359 751 5436 pietas
782 5357 898 5419 nutriri
926 5365 1025 5436 potest
1053 5372 1108 5435 per

364 5453 621 5518 communionem
648 5465 733 5511 nore
756 5448 916 5513 laicorum
941 5458 1108 5528 sumptam,

366 5549 419 5628 qui
440 5553 545 5609 autem
566 5560 622 5623 pro
643 5543 756 5622 populo
780 5543 967 5606 sacrificium
988 5543 1108 5618 oderat,

366 5643 556 5706 substituere
579 5637 637 5700 sibi
659 5643 758 5717 potest
782 5637 972 5697 sacerdotem
993 5636 1100 5697 alium.

407 5751 498 5820 xurrr.
522 5733 670 5808 Magnum
692 5728 878 5790 beneficium
901 5736 958 5802 est,
977 5729 1002 5789 si
1024 5728 1110 5788 intir-

367 5843 431 5903 mu,
452 5828 534 5905 quod
554 5825 645 5904 petiit
664 5838 785 5884 sacrum
802 5820 953 5884 lliaticum
977 5838 993 5882 a
1014 5837 1113 5882 sacer-

368 5924 440 5992 date
461 5921 652 6002 porrigatur:
676 5931 790 5980 rerum
809 5917 836 5979 si
857 5916 1023 5998 nequidem
1051 5929 1113 5977 una

1138 695 1286 759 habeatur
1306 697 1448 774 candala,
1470 700 1494 760 si
1516 705 1618 762 vestes
1639 715 1740 762 sacrae
1766 699 1881 774 desint,

1136 792 1163 853 si
1178 792 1237 853 alio
1251 793 1408 870 proiectus
1422 803 1501 856 esset
1522 795 1661 856 sacerdos
1683 808 1786 854 casum
1801 793 1882 854 haud

1137 885 1339 962 praevidens,
1369 887 1533 966 clavesque
1563 887 1752 949 tabernaculi
1777 901 1882 948 secum
1941 929 1946 936 ·

1138 977 1258 1056 lercns3
1290 989 1356 1042 tum
1386 981 1471 1042 enim
1494 995 1569 1044 vero
1600 980 1744 1042 inllrmus
1773 979 1884 1042 viatici

1137 1073 1215 1133 sacri
1237 1073 1414 1136 munimine
1435 1075 1549 1136 carebit
1570 1074 1709 1152 quidem,
1725 1073 1885 1136 docebitur

1139 1171 1242 1228 tamen
1264 1167 1407 1230 suliicere
1427 1167 1625 1245 desiderium,
1642 1176 1673 1229 et
1695 1166 1885 1230 Sacramentl

1140 1261 1371 1339 perceptionem
1393 1263 1429 1323 in
1450 1277 1514 1338 spe,
1536 1277 1608 1324 cum
1634 1263 1815 1342 nequiverit
1837 1279 1885 1324 re-

1139 1355 1242 1433 cipere
1266 1355 1299 1414 in
1316 1371 1366 1417 ra:
1388 1354 1542 1429 similiter,
1558 1363 1590 1416 ct
1606 1356 1637 1416 in
1652 1360 1810 1418 sacerdote
1824 1356 1886 1419 sui-

1142 1447 1223 1509 liciet
1235 1457 1373 1526 prompta
1385 1447 1580 1509 ministrandi
1594 1447 1720 1509 infirmo
1732 1447 1886 1512 viaticum

1142 1540 1296 1614 voluntas,
1312 1555 1383 1601 cum
1399 1539 1506 1601 Missae
1527 1539 1691 1602 celebratio
1712 1541 1827 1621 absque
1841 1542 1887 1604 lu·

1143 1632 1277 1694 minibus
1298 1638 1352 1693 aut
1379 1632 1471 1694 sacris
1499 1632 1690 1695 indumentis
1715 1633 1797 1696 licita
1823 1650 1887 1696 non

1141 1727 1192 1801 sit,
1209 1725 1376 1802 nequidem
1391 1740 1446 1802 pro
1467 1726 1673 1790 ministrando
1694 1726 1825 1803 lliatico,
1842 1729 1889 1790 iu·

1144 1826 1193 1878 xta
1214 1817 1635 1897 probatioremopinionem,
1652 1838 1711 1900 qua
1733 1820 1820 1884 dere
1842 1839 1888 1884 ac-

1144 1918 1209 1972 tum
1231 1918 1279 1970 est
1301 1910 1333 1971 in
1356 1919 1463 1973 nostro
1491 1919 1620 1975 tractatu
1650 1914 1687 1974 de
1709 1914 1763 1977 SS.
1787 1915 1889 1992 Missa,

1145 2009 1217 2064 tant.
1241 2007 1276 2076 2,
1300 2008 1375 2063 sect.
1400 2007 1432 2073 2,
1457 2019 1524 2080 cap.
1558 2005 1586 2073 1,
1610 2005 1629 2078 ἓ
1651 2009 1682 2076 3,
1707 2005 1786 2068 edit.
1814 2007 1887 2069 ital.

1143 2103 1218 2158 sect.
1242 2101 1276 2164 2,
1301 2112 1390 2158 nunt.
1416 2095 1573 2168 511111.
1597 2097 1730 2161 latinae.

1379 2285 1660 2352 conmendatio

1147 2473 1190 2536 ile
1211 2471 1419 2546 celebratione
1443 2475 1557 2538 Missus
1578 2475 1677 2537 etiam
1692 2473 1750 2538 sub
1767 2477 1894 2540 Curione

1188 2585 1207 2630 a
1224 2567 1360 2640 sedente,
1377 2567 1455 2645 quin
1472 2565 1632 2646 obligetur
1644 2569 1790 2630 sacerdos
1804 2578 1894 2633 stare

1188 2677 1251 2723 nan
1266 2659 1376 2722 ualens
1391 2661 1431 2722 ad
1448 2662 1662 2739 recipiendam
1673 2679 1794 2740 suaper
1807 2664 1894 2727 Cont-

1188 2755 1372 2816 munionem
1393 2771 1478 2816 mare
1500 2754 1668 2818 laicarum.

1190 2959 1257 3006 xrx.
1282 2944 1429 3005 llsserens
1457 2943 1534 3004 bene
1562 2945 1686 3006 concedi
1714 2945 1894 3024 licentiam,

1150 3047 1185 3100 ut
1205 3039 1343 3100 sacerdos
1358 3037 1514 3100 debilitate
1535 3051 1657 3114 pressus
1671 3041 1806 3103 sedendo
1828 3042 1896 3104 Mis-

1150 3147 1215 3194 sam
1250 3131 1414 3209 ipsumque
1447 3131 1522 3193 adeo
1554 3147 1706 3195 canonem
1737 3134 1897 3197 absolvere

1153 3225 1256 3302 possit,
1279 3223 1451 3298 contendit,
1476 3225 1645 3286 sessionem
1667 3226 1750 3287 inter
1778 3228 1897 3289 diuinas

1151 3332 1257 3395 preces
1278 3331 1335 3378 nec
1351 3316 1544 3378 indecentem
1568 3333 1645 3392 csse,
1662 3333 1720 3380 nec
1734 3319 1899 3396 opprobria

1153 3409 1287 3488 plenam.
1312 3409 1346 3470 ln
1368 3408 1451 3471 lictis
1473 3409 1703 3487 Apostolorum,
1720 3425 1788 3488 cap.
1802 3414 1836 3482 2,
1856 3411 1899 3474 le-

1154 3503 1267 3579 gimus,
1284 3502 1427 3564 divinum
1439 3501 1584 3579 spiritum
1598 3503 1793 3566 descendisse
1806 3520 1900 3582 super

1154 3595 1313 3672 Apostolos
1329 3595 1362 3655 in
1381 3596 1547 3658 coenaculo
1568 3598 1724 3658 sedentes:
1750 3603 1781 3657 et
1803 3596 1900 3674 repie-

1154 3689 1203 3750 111
1234 3694 1335 3752 totam
1368 3689 1512 3759 domum,
1543 3687 1598 3752 ubi
1628 3697 1721 3752 erant
1748 3691 1898 3752 sedentes.

1155 3783 1290 3862 ideoque
1311 3780 1482 3846 cardinalis
1499 3781 1663 3844 caietanus
1686 3782 1901 3860 1111111111-

1155 3876 1307 3938 stolorum
1339 3875 1380 3935 111
1415 3881 1659 3936 commentatur:
1694 3891 1758 3936 non
1789 3873 1901 3936 horrea

1155 3969 1322 4030 sessionem
1336 3965 1544 4044 amputatum,
1560 3983 1632 4029 cum
1654 3966 1740 4028 nibil
1756 3966 1902 4029 indecens

1157 4061 1312 4123 inducat.-
1335 4059 1478 4140 additque
1498 4057 1653 4122 Navarrus
1670 4060 1701 4122 in
1716 4060 1850 4123 Manuali
1865 4062 1904 4124 de

1157 4153 1309 4227 oratione,
1325 4166 1393 4228 cap.
1410 4149 1443 4221 4,
1461 4166 1550 4214 nunt.
1570 4153 1625 4220 12,
1642 4153 1668 4212 sl
1683 4159 1751 4214 tum
1766 4152 1903 4230 corporis

1157 4243 1368 4308 sedentarium
1390 4259 1454 4306 uon
1475 4259 1542 4305 esse
1556 4245 1767 4322 incongruum
1789 4244 1905 4305 oranti·

1159 4339 1225 4400 bus.
1257 4335 1402 4400 Admittit
1427 4337 1554 4416 quidem
1582 4339 1773 4400 sedentariae
1798 4336 1905 4398 Missae

1158 4440 1317 4511 patronus,
1341 4429 1487 4492 indecens
1509 4445 1575 4492 esse
1601 4430 1722 4492 Missam
1750 4429 1905 4492 celebrare

1159 4543 1174 4588 a
1196 4523 1340 4600 sedente;
1363 4531 1500 4584 attamen
1515 4540 1603 4585 causa
1618 4523 1756 4600 legitima
1777 4539 1906 4585 concur·

1160 4625 1267 4692 rente,
1290 4621 1362 4695 puta
1384 4616 1500 4696 pedum
1529 4615 1705 4691 debilitate,
1737 4615 1905 4693 nequidem

1161 4711 1320 4772 canonem
1334 4708 1443 4770 stando
1453 4709 1679 4787 perficiendum
1690 4708 1904 4785 permittente,

1160 4802 1316 4864 sufficiens
1334 4803 1487 4864 motivum
1508 4800 1613 4862 haberi
1628 4803 1663 4864 ad
1678 4801 1905 4863 concedendam

1160 4897 1330 4958 sessionem
1351 4911 1406 4974 per
1428 4902 1525 4958 totam
1546 4893 1680 4970 Missam,
1696 4907 1760 4955 non
1781 4893 1906 4972 quidem

1161 4987 1307 5064 siugulis,
1328 4987 1379 5049 sed
1401 4987 1712 5065 spectabiliutibus,e
1733 4987 1817 5047 clero
1838 5000 1909 5063 pro-

1163 5089 1230 5158 pter
1251 5079 1437 5155 dignitatem
1453 5094 1541 5143 suam
1562 5079 1809 5154 ecclesiasticam,
1826 5077 1908 5140 mul·

1163 5181 1257 5252 toque
1271 5173 1368 5250 magis
1390 5173 1547 5252 Episcopis
1561 5175 1595 5236 ad
1612 5173 1854 5236 celebrationem
1869 5186 1907 5233 ex

1163 5281 1295 5328 munero
1309 5282 1365 5328 sua
1385 5265 1547 5328 adstrictis.
1569 5267 1599 5330 S.
1619 5267 1727 5330 Petrus
1744 5267 1909 5328 Damianos

1162 5360 1360 5422 aversabatur
1381 5359 1584 5422 vehementer
1604 5361 1774 5422 sessionem
1792 5361 1825 5421 in
1841 5373 1910 5438 pre-

1163 5453 1261 5528 11111,
1284 5453 1342 5514 sub
1372 5453 1468 5514 linem
1489 5459 1595 5515 tamen
1626 5453 1813 5531 praelaudati
1835 5468 1909 5531 opu·

1163 5546 1240 5607 sculi
1262 5558 1331 5620 cap.
1353 5546 1386 5615 4,
1402 5559 1475 5624 pua.
1494 5545 1573 5614 336,
1597 5544 1670 5606 haec
1691 5543 1790 5606 addit:
1816 5544 1910 5606 Nemo

1164 5640 1281 5709 sedeat,
1306 5639 1371 5698 nisi
1394 5639 1536 5714 corporis
1558 5651 1630 5698 euin
1659 5635 1808 5698 ualetudo
1830 5651 1910 5697 cana·

1165 5731 1274 5809 pellat.
1289 5729 1352 5791 Nee
1367 5730 1499 5808 pacatior
1509 5730 1655 5792 sessionis
1670 5731 1702 5792 in
1715 5731 1829 5792 orando
1841 5745 1911 5792 osor

1166 5823 1355 5901 Theophilus
1371 5822 1567 5899 llaynaudus,
1584 5822 1641 5883 loc.
1656 5822 1725 5895 cit,
1739 5838 1812 5902 paq.
1828 5821 1910 5894 503,

1166 5917 1226 5980 cai.
1246 5919 1278 5986 l,
1294 5915 1336 5976 ita
1358 5913 1465 5978 babet:
1495 5911 1572 5992 Quis
1593 5915 1699 5978 sedere
1720 5931 1828 5979 caram
1849 5915 1912 5980 Dea

1804 555 1861 624 787
1912 559 1965 609 An.
1980 559 2009 609 (i.
2032 552 2100 607 1757
