4764 6972
333 535 430 616 666.
453 565 520 616 1743

571 559 627 624 120

550 699 643 777 legio,
667 697 708 758 ita
728 693 809 774 quod
831 692 934 755 statim
962 706 995 752 66
1015 705 1102 754 66666
1126 683 1292 748 6666116616

549 791 728 856 buiusmodi
750 786 902 860 evenerit,
915 784 1003 846 116661
1025 779 1154 857 collegio
1176 777 1294 858 praedi-

550 893 598 949 cto
620 893 650 947 61
672 900 727 963 666
748 897 785 942 66
814 882 894 943 11616
922 877 1088 950 1161116666,
1111 875 1240 952 6166666
1260 871 1293 933 16

550 983 649 1046 ollicio
672 977 909 1050 successoribus
932 989 988 1035 seu
1012 967 1125 1033 rectori
1147 975 1178 1030 et
1199 963 1295 1029 admi·

550 1074 780 1148 nistratoribus,
797 1076 850 1133 661
871 1065 1024 1147 166616116
1045 1063 1183 1126 eiusdem
1204 1058 1295 1123 colle-

552 1171 595 1249 gii
615 1185 671 1248 pro
695 1174 836 1245 tempore
857 1159 1071 1233 existentibus,
1095 1155 1168 1219 dicti
1189 1168 1294 1216 mona-

439 1309 444 1318 ·
550 1263 638 1326 sterii
658 1260 806 1338 illiusque
826 1259 991 1329 bonorum,
1014 1267 1134 1325 rerum,
1157 1247 1294 1327 proprie·

334 4077 537 4140 quingentorum

325 4137 477 4202 ducatorum
481 4149 539 4241 [luten

325 4203 480 4240 6666666666
510 4228 515 4238 .

348 5393 489 5441 curialium
502 5395 540 5441 lu·

329 5447 396 5493 vium
415 5448 501 5506 16666
520 5461 542 5495 6-

328 5461 541 5551 tuumrelaxatpro.

551 1365 667 1429 tatum,
701 1351 933 1424 membrorum,
963 1343 1243 1426 dependentiarum
1264 1347 1295 1401 et

549 1447 813 1530 pertinentiarum
848 1454 1138 1524 quarumcumque,
1172 1449 1293 1497 necnon

550 1543 721 1616 iructuum,
745 1539 942 1611 reddituum,
970 1537 1200 1614 proventuum,
1223 1526 1295 1588 alio·

551 1651 687 1714 rumque
708 1634 843 1708 iuriam,
873 1630 1099 1692 obventionum
1121 1632 1153 1686 et
1176 1619 1297 1684 emolu-

551 1735 731 1792 mentorum
754 1726 979 1806 praedictorum
1001 1735 1120 1794 veram,
1137 1716 1251 1779 realem
1264 1721 1296 1777 et

550 1823 700 1885 actualem
712 1819 936 1899 possessionem
948 1832 1003 1896 per
1016 1831 1049 1877 66
1064 1813 1113 1875 661
1129 1811 1224 1873 alium
1240 1825 1296 1871 seu

551 1915 637 1990 alios,
654 1915 792 1976 eiusdem
808 1911 929 1988 collegii
941 1909 1080 1982 nomine,
1094 1904 1215 1986 propria
1227 1917 1298 1964 666-

552 2010 676 2074 16611616
697 2008 794 2071 libere
819 2003 1052 2085 apprehendere
1073 2009 1105 2062 et
1125 1999 1297 2078 apprehen·

551 2118 616 2164 sam
637 2102 791 2174 retinere,
814 2099 955 2177 11616666
986 2096 1075 2170 bona,
1105 2110 1154 2155 res
1175 2098 1205 2152 et
1227 2105 1295 2168 pro·

551 2197 695 2275 prietates
716 2193 827 2269 locare,
851 2191 1009 2266 dislocare,
1029 2187 1205 2260 emendare,
1230 2183 1297 2245 illo-

552 2306 687 2370 rumque
717 2289 853 2364 1666166,
881 2287 1037 2362 redditae,
1067 2288 1238 2364 proventus
1266 2285 1297 2341 et

552 2383 765 2446 emolumenta
786 2395 1011 2460 quaecumque,
1028 2379 1059 2440 in
1076 2373 1235 2456 quibusvis
1250 2388 1297 2434 66-

553 2477 610 2540 166
640 2475 857 2548 consistentia,
887 2482 917 2535 et
949 2471 1240 2551 quomodocumque
1267 2473 1298 2527 et

553 2570 823 2650 qualitercumque
837 2583 875 2641 ex
897 2567 963 2629 eius
984 2561 1210 2644 provenientia,
1233 2560 1297 2622 exi-

554 2681 639 2744 gere,
661 2663 830 2742 percipere,
854 2661 970 2734 levare,
986 2676 1020 2720 ac
1042 2658 1073 2719 in
1089 2656 1161 2719 dicti
1176 2653 1297 2730 collegii

554 2758 701 2837 illiusque
735 2753 977 2818 adolescentium
1013 2759 1043 2814 et
1081 2750 1297 2813 ministrorum

554 2867 639 2916 6666
660 2858 690 2913 61
712 2866 766 2928 666
788 2856 927 2928 tempore
948 2846 1147 2910 existentium
1172 2859 1246 2906 6666
1268 2847 1298 2902 61

554 2946 722 3009 utilitatem
751 2949 946 3025 convertere,
968 2938 1146 3004 llioecesani
1168 2936 1225 3001 loci
1248 2935 1298 2998 661

555 3039 690 3103 66166616
711 3038 839 3100 61166166
861 3035 986 3099 11666116
1012 3034 1144 3111 desuper
1168 3031 1298 3095 minime

554 3133 713 3210 requisita,
726 3129 911 3210 supportatis
922 3135 1027 3191 tamen
1039 3143 1094 3207 per
1109 3125 1299 3205 praedictum

555 3225 722 3302 collegium
738 3232 769 3286 et
782 3240 838 3303 pro
849 3239 885 3285 eo
899 3238 954 3302 per
968 3219 1298 3292 1161661116111666666,

556 3319 685 3397 eiusque
700 3318 732 3381 in
748 3317 847 3380 obicio
862 3331 1062 3390 successores,
1078 3329 1132 3376 666
1143 3319 1298 3374 rectorem

557 3419 588 3500 et
609 3412 883 3488 administratores,
906 3417 959 3473 aut
983 3409 1144 3488 deputatos
1166 3405 1301 3485 6666116-Ι

556 3511 615 3581 166,
638 3505 783 3568 omnibus
805 3512 834 3566 et
861 3503 993 3580 singulis
1020 3502 1092 3566 dicti
1120 3497 1300 3562 monasterii

557 3598 715 3674 oneribus,
738 3597 900 3675 apostolica
921 3595 1116 3668 auctoritate,
1140 3594 1236 3656 donec
1259 3601 1299 3653 ta-

556 3707 629 3753 men
645 3698 676 3753 et
690 3707 853 3770 quousque
873 3688 1063 3768 praedictum
1084 3686 1252 3763 collegium
1268 3685 1299 3746 in

555 3784 634 3846 dicta
655 3786 780 3847 civitate
801 3783 994 3861 neapolitana
1023 3780 1160 3844 extiterit
1182 3788 1211 3841 61
1232 3779 1300 3840 6166

555 3877 685 3940 61166166
695 3877 894 3956 66661611616,
904 3883 1012 3938 166666
1024 3873 1202 3938 earumdem
1215 3887 1300 3952 prae-

555 3973 693 4034 sentium
717 3964 860 4046 unimus,
891 3970 1086 4032 annectimus
1109 3976 1139 4030 et
1160 3967 1300 4044 incorpo-

556 4087 670 4132 ramus.
696 4069 775 4133 Cum
797 4069 854 4131 boe
876 4074 979 4130 tamen
1002 4068 1083 4147 quod
1105 4067 1222 4128 (lictum
1240 4063 1300 4126 col-

557 4165 675 4243 legium
697 4171 728 4225 et
750 4179 805 4242 pro
825 4179 863 4224 eo
883 4163 1053 4225 illattbaeus
1074 4162 1243 4222 modernus
1265 4159 1300 4220 il-

557 4259 737 4322 1166666166
757 4255 930 4336 praedictus
951 4254 1302 4328 666666611661,6ο6666-

557 4351 676 4414 vationi
708 4359 738 4412 61
768 4349 967 4426 assignationi
995 4349 1152 4427 pensionis
1180 4362 1301 4408 annuae

557 4444 997 4524 quingentorumducatorum
1009 4450 1152 4504 monetae
1163 4439 1301 4502 eiusdem

557 4539 647 4616 regni
670 4536 869 4616 neapolitani,
893 4551 948 4616 per
969 4551 1025 4597 nos
1046 4551 1140 4614 super
1161 4535 1300 4597 eiusdem

558 4631 738 4694 monasterii
761 4630 922 4704 fructibus,
939 4628 1109 4692 redditibus
1123 4635 1154 4689 et
1169 4644 1301 4706 proven-

559 4725 641 4787 tibus
662 4723 824 4803 praedictis
846 4724 1060 4799 reservandae,
1084 4731 1114 4784 et
1135 4723 1172 4784 ab
1193 4722 1301 4784 eodem

557 4817 698 4894 collegio,
715 4819 811 4880 donec
826 4825 858 4878 et
879 4833 1042 4896 quousque
1052 4816 1127 4879 unio
1149 4817 1301 4894 praedicta

557 4911 784 4992 perduraverit,
807 4911 1040 4988 persolvendae,
1057 4909 1089 4970 in
1111 4909 1256 4971 omnibus
1271 4916 1301 4970 61

558 5022 611 5086 666
632 5004 749 5080 omnia,
772 5004 858 5066 iuxta
878 5012 909 5066 61
929 5005 1102 5065 secuudum
1124 5001 1301 5064 schedulam

557 5100 656 5162 nostri
678 5097 919 5177 motus-proprii
934 5097 1065 5176 desuper
1087 5113 1181 5158 manu
1197 5103 1301 5158 nostra

556 5194 756 5272 signandam,
784 5191 960 5254 consentire
989 5191 1117 5252 omnino
1143 5190 1250 5252 debeat
1272 5196 1302 5250 61

558 5295 713 5351 16666166.

599 5385 617 5460 5
638 5383 666 5444 3.
683 5383 844 5444 Praeterea
860 5380 1090 5443 necessitatibus
1101 5377 1226 5457 praelati
1243 5378 1304 5440 col·

561 5477 633 5554 legii
646 5477 778 5539 ulterius
792 5475 955 5538 consulere
971 5474 1123 5547 volentes,
1135 5471 1302 5548 collegium

559 5571 662 5650 ipsum
673 5571 710 5632 ab
721 5579 917 5644 annatarum,
931 5567 1209 5646 quindenniorum,
1221 5581 1302 5627 com-

560 5665 718 5739 munium,
731 5665 940 5739 minutorum,
957 5661 1152 5739 aliorumque
1173 5659 1301 5733 larium,

560 5772 698 5819 camerae
716 5755 1057 5844 Ι6666161166666611666
1079 5753 1109 5816 S.
1124 5753 1159 5814 ll.
1178 5753 1213 5814 E.
1232 5751 1304 5814 Car-

560 5850 713 5914 dinalibus
742 5859 773 5914 61
801 5851 898 5914 116166
925 5849 1028 5914 666166
1057 5848 1237 5913 officialibus
1266 5848 1304 5909 de

560 5945 691 6022 6666116,
704 5944 917 6024 66161666116,
930 5944 1159 6019 communibus,
1175 5941 1303 6004 minutis

1072 568 1136 614 lliit.
1161 567 1251 612 roda.
1275 565 1316 610 be
1337 563 1365 608 b.
1390 563 1419 609 F-
1443 561 1525 608 PARS
1546 560 1568 604 l.

1350 687 1380 742 61
1391 679 1458 741 61116
1472 678 1590 741 iuribus
1605 676 1767 756 praedictis
1781 670 2013 754 quomodolibet
2027 685 2095 747 par-

1350 773 1558 852 ticipantibus,
1575 785 1747 847 eorumque
1768 766 1939 847 respective
1957 763 2095 842 collegiis

1349 867 1470 929 ratione
1492 866 1618 928 unionis
1639 863 1815 926 huiusmodi
1838 860 2026 933 debitorum,
2045 874 2092 920 so-

1351 961 1469 1024 lutione
1492 969 1523 1023 et
1543 958 1766 1038 praestatione,
1793 955 1975 1018 auctoritate
1996 958 2027 1014 et
2049 959 2094 1012 te-

1351 1069 1427 1118 nore
1447 1053 1634 1133 praesentis,
1656 1050 1787 1114 omnino
1815 1048 1982 1112 eximimus
2005 1053 2039 1108 et
2058 1045 2096 1107 li-

1351 1149 1509 1222 beramus,
1537 1147 1730 1224 liberamque
1751 1152 1783 1206 et
1804 1149 1981 1220 exemptam
2007 1139 2095 1202 omni

1350 1241 1457 1304 161666
1484 1249 1626 1319 tempore
1652 1239 1717 1301 1666
1744 1244 1775 1300 61
1803 1253 1869 1298 esse
1896 1234 2043 1298 volumus
2063 1239 2096 1295 61

1350 1336 1542 1397 mandamus.

1391 1427 1460 1500 51.
1488 1429 1695 1492 116666666166
1720 1427 1838 1491 dictum
1868 1421 2094 1488 monasterium

1352 1537 1389 1581 ex
1411 1537 1495 1584 6666
1517 1523 1670 1600 666611616
1691 1520 1820 1596 collegio
1835 1531 2005 1590 annexum,
2025 1514 2096 1578 uni·

1351 1621 1420 1676 tum
1439 1622 1472 1677 et
1496 1617 1726 1694 incorporatum
1755 1631 1821 1678 6666
1842 1622 1872 1676 61
1900 1612 1978 1684 1666,
2000 1626 2034 1672 66
2055 1623 2095 1669 ex

1353 1724 1436 1771 nunc
1457 1709 1587 1788 plenum
1612 1710 1660 1772 ius
1682 1709 1782 1772 eidem
1811 1707 1940 1784 collegio
1962 1705 2096 1768 indicto

1352 1803 1539 1864 monasterio
1561 1803 1611 1865 vel
1632 1805 1667 1866 ad
1691 1802 1765 1865 illud
1791 1817 1866 1864 vere
1887 1807 1918 1864 61
1939 1815 2003 1863 666
2025 1801 2097 1860 11616

1351 1894 1538 1972 acquisitum
1560 1912 1722 1972 exercere;
1746 1898 1911 1974 ipsumque
1928 1892 2096 1970 collegium

1353 1987 1503 2051 benellcio
1524 1989 1705 2066 regularum
1727 1999 1905 2052 nostrarum
1926 1984 2096 2050 61066661-

1353 2080 1446 2143 laviae
1457 2083 1628 2162 praedictae
1642 2083 1680 2144 de
1694 2099 1758 2145 non
1769 2082 1908 2145 tollendo
1923 2081 1990 2144 iure
2005 2095 2097 2158 quae·

1352 2174 1411 2237 sito
1432 2175 1517 2238 6616
1533 2177 1637 2239 666611
1658 2185 1689 2240 61
1712 2177 1857 2239 triennali
1872 2173 2097 2254 possessoribus

1353 2269 1497 2345 gaudere,
1511 2270 1656 2350 idemque
1667 2270 1904 2346 monasterium,
1918 2269 2001 2332 illius
2014 2285 2099 2332 com-

1353 2362 1464 2424 menda
1486 2363 1637 2442 praedicta
1651 2364 1688 2426 de
1709 2373 1812 2427 cetero
1825 2381 1864 2427 ex
1879 2379 2009 2443 persona
2024 2363 2097 2426 dicti

1353 2454 1488 2535 blagistri
1515 2457 1602 2519 116611
1629 2459 1856 2538 quovismodo
1883 2465 2038 2532 cessante,
2061 2457 2097 2519 61

1354 2547 1410 2610 boc
1432 2557 1466 2612 61
1489 2551 1526 2612 16
1548 2551 1601 2614 1116
1622 2553 1654 2613 16
1676 2553 1804 2615 61166166
1828 2569 1921 2632 quam
1943 2550 2015 2614 dicti
2035 2549 2098 2612 col-

2125 528 2178 582 An.
2191 529 2224 582 C.
2246 527 2317 580 1743

2127 1430 2264 1494 clausulae
2273 1441 2332 1477 eon-

2114 1484 2283 1533 llrmatonae.

1353 2641 1427 2719 legii
1451 2643 1591 2706 favorem
1616 2645 1735 2724 disponi
1760 2647 1866 2725 possit,
1894 2644 2023 2708 minime
2046 2661 2098 2705 va·
2199 2675 2200 2678 ¹

1354 2751 1423 2797 6666
1444 2752 1547 2814 6ο666;
1570 2755 1603 2800 66
1623 2755 1663 2800 ex
1684 2755 1769 2802 nunc
1790 2755 1900 2803 omnes
1913 2747 1945 2800 61
1959 2738 2097 2815 singulas

1354 2827 1957 2910 collationes,provisiones‚commendas
1968 2837 1999 2892 et
2009 2845 2098 2910 quas·

1354 2923 1401 2983 vis
1418 2923 1489 2984 alias
1504 2926 1718 3004 dispositiones
1733 2928 1770 2989 16
1785 2928 1894 2989 eodem
1910 2926 2097 2988 monasterio

1354 3016 1465 3092 quovis
1486 3017 1578 3079 modo
1599 3027 1762 3094 vacaturo,
1785 3034 1840 3098 per
1864 3033 1920 3080 nos
1941 3026 1972 3080 et
1998 3033 2099 3080 roma-

1356 3124 1432 3171 num
1455 3111 1637 3174 Pontificem
1658 3127 1714 3189 pro
1736 3121 1876 3190 tempore
1897 3113 2096 3187 existentem,

1355 3211 1408 3265 aut
1429 3202 1539 3268 Sedem
1574 3206 1732 3282 eamdem,
1756 3205 1808 3268 vel
1835 3205 1919 3268 illius
1946 3205 2040 3268 etiam
2061 3205 2098 3267 16

1355 3298 1465 3361 Latere
1487 3299 1613 3375 legatos,
1630 3299 1720 3360 etiam
1743 3315 1815 3362 eum
1836 3299 1996 3377 quibusvis
2016 3297 2099 3360 clau·

1354 3393 1430 3454 sulis
1451 3397 1481 3454 61
1502 3392 1644 3467 decretis,
1660 3393 1693 3454 in
1715 3393 1842 3454 alterius
1862 3407 1955 3472 quam
1976 3390 2099 3468 collegii

1355 3486 1499 3564 praedicti
1523 3485 1661 3548 favorem
1672 3487 1833 3562 iaciendas,
1850 3493 1997 3564 tanquam
2013 3501 2098 3565 6666-

1356 3587 1402 3640 166
1424 3584 1454 3641 61
1475 3588 1582 3642 666166
1605 3585 1744 3642 mentem
1766 3587 1796 3642 et
1814 3580 2023 3642 intentionem
2044 3594 2098 3640 no-

1354 3681 1433 3734 stras
1455 3671 1556 3747 166166,
1580 3673 1680 3734 nullas
1695 3681 1725 3735 et
1736 3671 1895 3747 invalidas,
1918 3673 2100 3751 nulliusque

1356 3765 1473 3827 roboris
1487 3765 1535 3826 vel
1545 3767 1696 3830 momenti
1709 3766 1816 3828 166661
1827 3765 2099 3844 esse‚nullumque

1355 3874 1410 3937 per
1431 3875 1481 3920 eas
1501 3860 1644 3937 cuiquam
1666 3861 1713 3923 ius
1728 3859 1857 3939 acquiri,
1872 3859 1923 3922 vel
1944 3859 2035 3920 etiam
2050 3873 2099 3920 ce

1357 3955 1489 4017 loratum
1516 3957 1645 4019 titulum
1671 3957 1845 4036 possidendi
1871 3957 1968 4018 tribui
1993 3971 2096 4034 posse3

1355 4058 1530 4127 praesentes
1541 4065 1666 4129 666666
1686 4059 1807 4112 6661666
1822 4050 1924 4112 literas
1939 4048 2099 4111 6611666-

1355 4165 1447 4228 quam
1471 4160 1622 4229 tempore,
1646 4166 1685 4212 ex
1706 4161 1904 4227 quocumque
1929 4147 2028 4226 capite
2049 4147 2098 4209 vel

1356 4260 1551 4324 quacumque
1578 4261 1666 4306 causa
1691 4243 1893 4322 quantumvis
1921 4241 2047 4303 16611166
2068 4247 2099 4302 61

1356 4339 1507 4415 legitima,
1530 4339 1567 4400 de
1597 4337 1805 4416 subreptionis
1833 4336 1883 4398 vel
1911 4335 2099 4414 obreptionis

1356 4441 1408 4495 aut
1430 4432 1581 4494 nullitatis
1598 4431 1750 4506 vitio‚seu
1773 4429 1957 4492 intentionis
1977 4435 2099 4490 nostrae

1356 4525 1407 4586 vel
1427 4525 1572 4602 quopiam
1583 4524 1642 4586 alio
1657 4523 1789 4597 1616616,
1805 4523 1897 4584 etiam
1914 4537 1952 4584 ex
1967 4519 2099 4599 eoquod

1357 4619 1389 4680 in
1411 4619 1586 4696 praemissis
1609 4617 1737 4679 6161666
1760 4633 1794 4678 66
1806 4615 2037 4695 quomodolibet
2052 4614 2100 4673 in-

1359 4717 1470 4772 teresse
1493 4711 1640 4772 babentes
1662 4711 1711 4772 vel
1733 4711 1847 4772 babere
1882 4706 2099 4770 vaetendentes

1357 4805 1472 4868 eisdem
1494 4821 1638 4884 expresse
1659 4821 1723 4866 non
1745 4726 1969 4877 666666ᾖ6161,
1992 4817 2049 4863 666
2063 4800 2099 4862 61

1357 4899 1387 4960 11
1409 4898 1492 4960 611611
1508 4898 1559 4960 661
1573 4899 1669 4962 661111
1684 4897 1813 4973 1666161,
1830 4904 1861 4958 61
1875 4910 1994 4970 666666,
2010 4907 2100 4972 prop

1358 4998 1404 5053 ter
1425 5008 1499 5070 quas
1521 4993 1607 5068 unio,
1631 4980 2101 5068 666661661166666666116166·

1358 5085 1490 5148 11131110ᾶί
1512 5089 1603 5170 fiunt,
1633 5117 1736 5163 coram
1757 5099 1918 5162 Ordinario
1942 5097 2000 5160 loci
2023 5103 2100 5158 tam-

1358 5210 1450 5276 quam
1472 5195 1558 5259 Sedis
1580 5194 1769 5272 apostolicae
1788 5194 1928 5272 delegato
1944 5195 2100 5255 examina-

1359 5297 1406 5350 tae
1428 5297 1459 5350 61
1480 5289 1660 5351 166111166166
1681 5304 1744 5350 666
1760 5287 1888 5361 1666161,
1901 5295 1955 5350 661
1976 5289 2048 5350 61166
2061 5304 2101 5349 ex

1358 5383 1466 5463 quavis
1487 5399 1574 5444 causa
1597 5381 1707 5456 notari,
1721 5381 1908 5459 impugnari,
1925 5380 2100 5459 invalidari3

1359 5475 1505 5538 66161166
1536 5473 1767 5552 quomodolibet
1796 5473 1942 5552 infringi,
1974 5480 2102 5552 661666

1359 5583 1414 5630 666
1430 5577 1460 5628 61
1474 5581 1661 5630 successores
1683 5572 1804 5627 nostros
1825 5565 1977 5629 Romanos
1999 5566 2103 5628 Ponti·

1359 5661 1505 5740 11666666
1538 5670 1678 5737 tempore
1711 5659 1899 5736 existentes,
1927 5677 1961 5722 66
1990 5659 2101 5722 Sedem

1359 5755 1546 5834 praedictam
1568 5753 1617 5814 vel
1642 5753 1778 5815 eiusdem
1801 5751 1831 5816 S.
1844 5751 1880 5814 ll.
1900 5752 1935 5814 E.
1959 5753 2103 5816 Cardine·

1359 5846 1415 5922 les,
1439 5856 1491 5909 661
1513 5861 1724 5926 quoscumque
1745 5845 1818 5906 alios
1843 5845 1949 5924 quavis
1972 5845 2103 5907 auctori-

1359 5947 1422 6004 tate
1442 5941 1622 6018 iungentes,
1639 5939 1788 6015 revocari,
1804 5936 1961 6018 suspendi,
1974 5937 2102 6001 restrin-
