4798 6978
937 581 1134 629 euhemerus
1155 581 1218 626 xtv.

659 703 695 766 ll.

306 887 459 950 Ilcclcrct
481 887 614 950 unicum
632 887 851 950 comestionem
874 880 984 948 dicbus
1012 883 1055 944 ie-

346 979 435 1041 iunii
446 977 484 1043 cb
497 978 642 1043 omnium
656 979 847 1042 seruandum
862 995 935 1050 csse,
953 977 1053 1038 ctione

346 1072 385 1135 ob
408 1073 462 1146 iis,
479 1070 646 1150 quidesch
661 1071 840 1150 peculiares
856 1087 971 1134 cousus
985 1084 1054 1146 per·

346 1165 498 1229 mittitur
519 1183 589 1228 esus
613 1166 775 1237 carnium,
800 1179 929 1227 cuorum
951 1167 1010 1224 etc.

306 1345 1052 1428 mmmmmmmfflffimmmm·

345 1441 1053 1526 mmmmmfflmmhmmmwsm

346 1539 505 1623 Episcopie
532 1534 840 1622 anticensoribus
865 1539 897 1600 et
919 1551 1052 1601 conrnu-

346 1635 464 1701 nionen
487 1629 578 1698 sedis
601 1629 796 1715 dpostolioee
821 1626 1012 1708 habentibus,

465 1813 708 1886 terebintus
731 1814 791 1881 PP.
818 1813 889 1882 llll.

496 1990 703 2076 wtlenerubiles
725 1991 852 2070 tratres,

346 2102 474 2171 salutem
493 2106 526 2168 et
544 2099 741 2186 apostolicam
762 2095 1011 2165 benedictionem.

62 2297 286 2407 „obmittit
322 2391 326 2401 Ι
345 2295 379 2358 fn
393 2311 538 2374 suprema
550 2293 733 2357 universatis
745 2290 898 2354 Ecclesiae
909 2305 1051 2368 procura·

61 2405 203 2468 aelfstanus
222 2404 285 2450 reru·
305 2398 402 2464 tione,
425 2388 546 2450 meritis
568 2387 640 2450 ticet
667 2385 845 2463 imparibus,
870 2399 924 2461 per
946 2382 1051 2444 ineffa-

63 2469 172 2558 ggaam
183 2468 286 2504 ΝΜ
305 2484 400 2546 bilem
422 2484 544 2545 divinae
558 2482 704 2545 bonitatis
719 2479 941 2543 abundantiam
953 2484 987 2539 ut
1003 2495 1052 2539 or·

306 2577 458 2639 thodoxae
486 2577 556 2640 fidei
579 2585 754 2650 assertores,
778 2575 821 2636 sic
842 2575 934 2635 etiam
955 2570 1050 2632 eccle-

304 2672 441 2734 siasticae
471 2670 650 2748 disciplinae
682 2667 823 2731 custodes
854 2682 888 2727 ac
912 2663 1050 2725 vindices

304 2765 477 2838 constituti,
500 2759 762 2843 quadragesimale
775 2759 960 2839 praesertim
975 2757 1051 2820 ieiu-

305 2859 405 2933 nium,
421 2857 502 2936 quod
518 2857 600 2918 inter
621 2854 784 2934 praecipua
804 2851 991 2914 orthodoxae
1006 2849 1050 2912 di-

304 2952 449 3031 scipiinac
473 2952 569 3031 capita
590 2965 714 3028 semper
736 2955 766 3011 et
787 2945 902 3024 uirique
923 2944 961 3006 ab
985 2944 1049 3021 ipso

304 3047 458 3110 Ecclesiae
480 3045 606 3107 exordio
634 3047 835 3106 numeratum
863 3055 928 3100 esse
956 3053 1049 3100 nemo

304 3157 342 3203 ex
363 3138 522 3202 catholicis
549 3137 717 3210 inficiatur,
740 3135 776 3196 ab
800 3132 948 3195 hodierna
974 3131 1050 3192 ieiu-

304 3233 448 3298 nantium
477 3230 651 3309 corruptcla
679 3229 853 3302 vindicare,
880 3232 911 3288 et
936 3225 968 3286 in
989 3225 1051 3303 pri-

303 3317 1049 3403 stiuam,quantum,benedicenteDcmino,lieri

303 3424 416 3497 posset,
445 3414 675 3478 observantiam
703 3425 850 3473 revocare
870 3409 1047 3486 cupientes,

303 3527 358 3589 per
378 3511 452 3572 alias
473 3516 593 3571 nostras
615 3504 756 3566 insimili
778 3503 877 3565 forma
892 3501 999 3564 Breuis
1014 3500 1051 3561 li·

303 3613 384 3668 teras
406 3605 441 3666 ad
456 3600 662 3664 fraternitates
684 3607 800 3661 vestras
815 3597 865 3659 die
879 3611 955 3656 xxx.
979 3610 1050 3673 pro·

302 3699 388 3760 xime
409 3695 503 3774 elapsi
524 3694 640 3756 mensis
654 3691 727 3753 maii
742 3691 898 3753 currentis
909 3689 985 3752 anni
999 3688 1048 3750 da·

303 3799 360 3866 tas,
383 3791 536 3853 eximium
558 3787 787 3851 fraternitatum
801 3791 977 3847 vestrarum
999 3799 1048 3844 ze-

303 3885 369 3948 lum
392 3883 591 3946 excitandum
613 3881 802 3954 curarimus,
819 3886 854 3941 ut
875 3876 1048 3940 adlaborare

302 3977 480 4052 studeretis,
493 3993 534 4038 ne
553 3977 610 4038 hac
630 3976 663 4036 in
678 3981 765 4052 parte
779 3979 810 4036 et
824 3978 963 4050 optatum
978 3987 1048 4049 apo·

302 4071 427 4133 stolicae
450 4077 573 4133 nostrae
593 4067 797 4130 solicitudinis
818 4064 984 4141 angoribus
1007 4063 1050 4125 lc·

302 4185 429 4244 ramen,
451 4167 637 4230 obsalutare
664 4165 830 4228 abolendae
854 4161 1048 4223 sacratissimi

302 4264 414 4329 ieiunii
424 4262 616 4342 corruptelae
631 4261 806 4322 remedium
821 4262 951 4322 deesset.
969 4261 1047 4334 Quo·

303 4359 387 4422 niam
409 4367 514 4419 autem
535 4362 682 4434 paternae
706 4354 880 4432 pontificiae
901 4354 1047 4437 caritatis,

303 4466 381 4529 quae
392 4435 721 4511 noxit‘imhecillitates
735 4446 935 4508 infirmorum
956 4447 1048 4508 susti·

303 4558 391 4616 nere,
421 4548 515 4620 atque
534 4539 629 4601 etiam
651 4555 723 4602 cum
749 4538 979 4601 infirmantibus
1001 4538 1047 4599 in-

302 4635 433 4710 firmari,
455 4650 519 4696 non
548 4635 764 4708 immemores,
786 4632 1047 4710 quemadmodum

303 4747 319 4791 a
336 4729 453 4791 ieiunio
471 4728 645 4806 aliquando,
660 4726 795 4806 legitima
811 4742 898 4788 causa
914 4734 966 4788 aut
981 4743 1048 4804 gra·

301 4822 425 4885 vissima
454 4822 646 4900 negantique
675 4820 857 4882 necessitate
884 4821 1045 4898 exigente,

302 4913 544 4992 dispensandum
573 4930 639 4976 esse
660 4929 697 4976 ex
719 4914 882 4992 apostolica
903 4913 1047 4989 benigni-

302 5015 365 5070 tate
386 5007 577 5082 censuimus,
601 5007 642 5069 ita
664 5008 747 5070 inter
762 5015 879 5070 caetera
903 5009 1046 5086 praescri·

302 5102 419 5181 psimus
450 5101 572 5164 unicam
600 5101 822 5162 comestionem
850 5101 1045 5176 servandam,

302 5203 334 5256 et
355 5194 452 5256 licitas
480 5203 573 5274 atque
593 5193 772 5255 interdictas
794 5192 896 5271 epulas
917 5194 1048 5258 minime

302 5301 367 5349 esse
389 5289 597 5366 apponendas.

70 5382 225 5492 „,⁰„¹¹}?,³„‘,¹',‘,³
243 5393 284 5482 ἐξ
341 5384 360 5458 ἓ
384 5383 411 5445 d.
435 5383 513 5444 ilinc
533 5381 649 5444 factum
672 5397 737 5443 esse
759 5382 942 5461 accepimus,
965 5386 1045 5462 quod

70 5498 127 5532 rom
142 5499 226 5536 sensu.
302 5493 366 5540 non
382 5477 561 5550 defuerunt,
573 5478 637 5552 qui,
653 5491 709 5552 per
723 5479 874 5538 humanas
895 5485 926 5539 et
947 5477 1048 5538 homi·

302 5572 394 5633 nibus
405 5586 420 5630 a
431 5569 595 5632 christiana
609 5569 798 5648 poenitentia
810 5570 1047 5633 abhorrentibus

301 5667 461 5730 dumtaxat
493 5665 601 5742 dignas
629 5665 800 5740 illationes,
829 5665 886 5727 sibi
918 5666 1046 5744 aliisque

302 5759 515 5838 persuadeant,
536 5760 659 5822 unicam
675 5758 868 5837 potissimum
883 5761 1045 5821 comestio·

300 5869 374 5917 nem
395 5853 525 5927 serrari,
540 5859 633 5930 atque
653 5852 758 5931 epulas
780 5852 877 5914 licitas
896 5859 929 5914 et
950 5852 1046 5915 inter·

300 5948 393 6011 dietas
414 5946 547 6009 minime
567 5946 678 6024 apponi
699 5945 821 6020 debere,
844 5961 916 6008 cum
938 5945 1046 6008 multi-

406 6093 458 6139 duc.
476 6091 544 6137 Ponet.
560 6089 591 6136 de
603 6089 680 6162 Prcp.
695 6089 758 6138 Fide
771 6091 853 6138 Portis
867 6093 885 6136 1.
900 6089 956 6137 tol.
971 6092 1014 6138 tlt.

1109 697 1212 760 tudini
1232 699 1359 776 quidem
1381 699 1653 766 indiscriminatim
1674 702 1713 764 ob
1736 718 1852 780 urgen-

1109 797 1172 852 tem
1188 793 1467 871 gravissimamque
1481 795 1708 871 necessitatem,
1724 811 1787 857 non
1800 813 1852 858 ve-

1108 899 1144 945 ro
1172 885 1306 962 singulis
1331 886 1370 948 ob
1396 885 1569 963 legitimam
1596 905 1729 964 causam,
1756 895 1787 950 et
1815 888 1852 951 de

1109 976 1271 1055 utriusque
1292 979 1404 1041 medici
1426 979 1554 1043 consilio
1576 981 1780 1059 dispensatur.

1148 1070 1167 1145 ἓ
1188 1072 1217 1133 2.
1240 1072 1337 1146 Quam
1357 1089 1431 1136 sane
1452 1075 1683 1152 persuasionem
1697 1093 1714 1137 a
1728 1083 1852 1140 senten·
1898 1090 2055 1138 naeinam.

1109 1163 1149 1226 tia
1170 1172 1275 1228 nostra
1300 1166 1432 1229 alienam
1455 1175 1490 1230 ut
1512 1185 1549 1230 ex
1575 1169 1720 1232 omnium
1741 1170 1853 1232 animis

1107 1257 1231 1335 penitus
1243 1257 1424 1336 evellamus
1441 1275 1496 1322 nos
1507 1261 1766 1340 quibuscumque,
1779 1279 1853 1341 qua-

1107 1366 1240 1428 cumque
1266 1353 1433 1428 occasione,
1456 1355 1520 1415 sire
1542 1354 1737 1418 multitudini
1759 1355 1853 1417 indis·

1106 1444 1295 1506 criminatim
1317 1445 1355 1506 ob
1379 1455 1548 1523 urgentem
1577 1448 1851 1527 gravissimamque

1108 1537 1338 1614 necessitatem,
1367 1539 1433 1601 sive
1461 1541 1592 1617 singulis
1614 1541 1652 1602 ob
1680 1541 1852 1618 legitimam

1107 1645 1239 1702 causam,
1263 1632 1353 1693 etde
1380 1633 1543 1712 utriusque
1572 1634 1683 1697 medici
1710 1635 1851 1710 consilio,

1106 1721 1276 1785 dummodo
1304 1724 1390 1786 nulla
1419 1734 1502 1788 certa
1529 1728 1756 1806 ettpcricutosa
1782 1728 1852 1791 atie·

1106 1821 1172 1876 ctae
1194 1815 1381 1900 valetudinis
1402 1819 1479 1879 ratio
1501 1819 1686 1898 intercedat,
1709 1829 1741 1883 et
1755 1821 1853 1890 ,aliter

1107 1907 1175 1970 fieri
1196 1911 1370 1972 necessario
1395 1911 1507 1988 exigat,
1530 1913 1564 1974 in
1586 1916 1875 2001 quadragesimae„

1106 1997 1235 2075 aliisque
1257 1999 1330 2061 anni
1355 2003 1545 2079 temporibus
1560 2009 1590 2066 et
1605 2004 1723 2080 diebus,
1739 2005 1852 2083 quibus

1105 2092 1258 2166 carnium,
1275 2108 1418 2169 ovorum,
1435 2101 1466 2158 et
1481 2095 1708 2159 lacticiniorum
1722 2114 1792 2162 esus
1806 2106 1852 2161 est

1106 2183 1292 2262 prohibitus,
1307 2185 1478 2265 dispensari
1492 2190 1671 2266 contigerit,
1693 2192 1730 2254 ab
1751 2193 1852 2254 omni-

1105 2277 1162 2338 bus
1183 2277 1325 2354 omnino,
1348 2281 1476 2342 nemine
1497 2289 1638 2360 exceptu,
1659 2283 1781 2346 unicam
1804 2301 1851 2346 co-

1107 2371 1293 2432 mestionem
1313 2372 1507 2450 servandam,
1523 2385 1554 2437 et
1577 2375 1673 2438 licitas
1690 2387 1782 2455 atquc
1805 2379 1852 2439 in·

1107 2465 1246 2525 terdictas
1273 2465 1378 2548 epulas
1405 2467 1537 2530 minime
1558 2485 1624 2531 esse
1645 2468 1850 2548 apponendas,

1107 2565 1215 2619 tenore
1225 2559 1435 2635 praesentium
1446 2561 1635 2624 declaramus
1646 2571 1677 2625 et
1688 2564 1850 2640 edicimus3

1105 2653 1366 2727 quemadmodum
1382 2653 1589 2731 persingulas
1604 2663 1723 2718 nostras
1739 2656 1771 2717 in
1785 2657 1851 2735 pari

1105 2741 1204 2806 forma
1225 2743 1332 2806 Brevis
1356 2745 1459 2807 literas
1480 2747 1612 2824 singulis
1627 2749 1791 2827 utriusque
1806 2766 1853 2811 se·

1106 2852 1163 2898 xus
1184 2836 1455 2914 christifidelibus,
1471 2841 1510 2901 ob
1530 2844 1667 2921 corporis
1687 2845 1852 2908 infirmita·

1106 2938 1162 3005 tes,
1175 2931 1288 3009 quibus
1302 2931 1427 2995 obnoxii
1442 2935 1653 3014 reperiuntur,
1666 2939 1699 3000 iu
1714 2943 1852 3005 sacratis·

1105 3025 1182 3086 sima
1203 3027 1447 3106 quadragesima,
1463 3030 1591 3113 aliisque
1612 3035 1729 3098 ieiunio
1746 3053 1851 3099 conse·

1105 3121 1195 3182 cratis
1216 3122 1336 3198 diebus,
1353 3127 1495 3188 vescendi
1510 3129 1673 3204 prohibitis
1694 3129 1850 3191 licentiam

1104 3216 1223 3292 dantes,
1247 3218 1414 3296 unicuique
1444 3236 1586 3299 expresse
1614 3222 1850 3301 praescribimus

1103 3315 1196 3386 atque
1217 3312 1432 3390 praecipimus.

1144 3401 1162 3476 5
1183 3401 1212 3464 3.
1237 3404 1407 3483 Eapropter
1428 3404 1635 3469 fraternitates
1665 3415 1781 3472 vestras
1802 3425 1852 3471 ro·
1869 3426 2033 3538 ,fflffgssm
2049 3427 2083 3474 ad

1105 3516 1213 3577 gamus
1240 3504 1332 3579 atque
1360 3502 1393 3561 in
1419 3501 1551 3563 Domino
1578 3503 1785 3583 obsecramus,
1814 3515 1850 3571 ut

1104 3594 1233 3674 populos
1261 3599 1380 3656 vestrae
1408 3609 1501 3657 curae
1528 3597 1708 3660 commissos
1728 3601 1764 3662 ad
1788 3607 1849 3663 tam

1104 3696 1314 3766 opportunum
1340 3687 1483 3750 sanandis
1510 3689 1705 3770 vulneribus,
1738 3694 1849 3771 quibus

1104 3797 1159 3858 per
1182 3782 1352 3843 humanam
1378 3783 1595 3846 infirmitatem
1624 3788 1756 3866 quisque
1782 3805 1849 3850 sau-

1103 3874 1212 3948 ciatur,
1229 3875 1411 3936 sanctissimi
1436 3875 1543 3938 ieiunii
1557 3879 1732 3942 remedium
1743 3882 1848 3946 alacri·
1910 3919 1912 3923 ·

1105 3974 1151 4029 ter
1171 3965 1381 4030 adhibendum
1403 3969 1609 4044 cohortantes,
1621 3973 1729 4036 sedulo
1751 3992 1784 4038 ac
1800 3993 1848 4055 pa·

1103 4067 1193 4123 terne
1214 4061 1376 4137 moneatis,
1399 4079 1465 4124 rem
1487 4065 1536 4140 agi
1556 4080 1620 4126 non
1637 4072 1762 4147 quidem
1785 4075 1849 4136 exi·

1103 4175 1208 4236 guam,
1230 4160 1285 4223 sed
1316 4159 1408 4238 longe
1433 4163 1665 4244 gravissimam,
1688 4171 1725 4232 de
1746 4172 1850 4235 obscr-

1102 4254 1204 4316 xando
1233 4255 1478 4334 sustinendoque
1507 4258 1624 4322 ieiunio
1652 4265 1856 4340 purificandis·

1102 4347 1213 4408 animis
1226 4348 1467 4426 corporibusque
1480 4351 1617 4414 salutari.
1642 4354 1676 4419 ln
1690 4374 1777 4436 spem
1794 4361 1849 4438 igi·

1103 4439 1249 4501 turilias
1277 4440 1389 4516 crigite
1414 4441 1596 4507 coelmtium
1624 4455 1847 4532 praemiorum,

1102 4532 1214 4610 quibus
1224 4533 1420 4610 assequendis
1435 4552 1499 4598 non
1510 4547 1584 4600 sunt
1599 4544 1770 4621 condignae
1785 4565 1849 4627 pas·

1101 4627 1203 4686 sioues
1225 4625 1318 4687 huius
1340 4630 1503 4708 temporis;
1527 4632 1623 4696 immo
1646 4635 1714 4700 leve
1735 4656 1769 4702 ac
1784 4655 1850 4702 mo·

1103 4727 1307 4780 mentaneum
1321 4734 1384 4782 oon
1407 4721 1624 4803 tribulationis,
1639 4731 1691 4793 sed
1713 4735 1849 4798 modicae

1101 4809 1847 4905 abstinentiaenostraeincommodum,magnum

1101 4903 1218 4979 gloriae
1232 4909 1352 4983 pondus
1372 4917 1520 4987 operatur
1534 4915 1567 4976 in
1588 4919 1691 4982 coelis.
1716 4923 1762 4985 bb
1783 4940 1848 4986 om·

1101 4997 1193 5058 nibus
1214 5014 1247 5059 se
1267 4999 1434 5078 abstinent,
1457 5006 1511 5082 qui
1533 5008 1565 5069 in
1593 5027 1692 5088 agone
1719 4999 1848 5082 conten-

1101 5089 1192 5164 dunt,
1214 5097 1249 5152 ut
1270 5097 1505 5172 corruptibilem
1526 5116 1672 5166 coronam
1687 5112 1845 5189 accipiant:
1870 5165 1883 5176 .

1101 5186 1215 5264 pudeat
1236 5197 1298 5248 tam
1322 5189 1462 5254 imbelles
1489 5213 1522 5257 ac
1543 5196 1687 5262 delicatos
1708 5204 1848 5266 christia-

1101 5294 1159 5339 nae
1173 5280 1300 5342 militiae
1316 5283 1431 5348 milites
1445 5287 1637 5364 refugientes
1659 5310 1674 5353 a
1693 5296 1848 5357 consortio

1102 5377 1209 5439 Crucis
1231 5379 1357 5454 Christi,
1380 5382 1433 5460 qui
1455 5398 1601 5446 coronam
1624 5386 1761 5464 legitime
1783 5405 1850 5451 eer-

1103 5477 1240 5540 tantibus
1268 5478 1455 5554 propositam
1481 5495 1604 5557 sperare
1631 5481 1779 5561 praecipit
1800 5483 1848 5545 in·

1100 5575 1293 5649 corruptam!
1309 5569 1355 5632 nd
1377 5572 1466 5634 cuius
1486 5573 1656 5650 auspicium
1676 5582 1707 5636 et
1721 5575 1847 5654 pignus,
1877 5613 1880 5620 ·

1101 5663 1345 5726 fraternitatibus
1368 5665 1478 5726 vestris
1503 5667 1701 5743 apostolicam
1722 5668 1849 5730 benedi·

1101 5759 1248 5832 ctionem,
1271 5757 1380 5819 iisdem
1402 5759 1496 5819 etiam
1518 5759 1639 5837 populis
1661 5762 1772 5822 vestris
1793 5777 1849 5823 no·

1099 5861 1164 5916 stro
1196 5851 1326 5913 nomine
1357 5851 1616 5929 impertiendam,
1649 5861 1848 5932 peramanter

1100 5945 1279 6024 elargimur.

1714 6091 1741 6134 90

1775 566 1832 629 713
1883 559 2072 616 bn.c.1741
2152 536 2155 544 ’
