4856 6984
949 574 1146 618 nuuuorcrns
1168 571 1230 617 xrv.
1787 550 1844 613 513
1893 547 1947 603 An.
1962 551 1993 604 b.
2014 549 2082 602 1752

319 695 483 758 inhaerere
503 696 668 760 decessoris
692 696 735 760 tui
757 695 984 774 archiepiscopi
1006 693 1064 758 lfa·
1090 706 1093 726 ¹
1160 695 1180 770 ἓ
1202 695 1229 756 l.
1253 694 1405 768 Quoniam
1419 700 1523 755 autem
1538 691 1669 754 dilectus
1684 690 1766 752 filius
1780 689 1864 752 Guil-
1914 698 2014 760 recturo.

318 787 459 862 lentiam,
475 788 556 850 bene
577 789 689 852 idcirco
710 788 814 850 meriti
836 788 874 850 de
895 788 1008 850 vestris
1022 787 1064 848 ci·
1090 731 1093 883 I
1120 791 1231 854 lelmus
1253 791 1370 856 Cuillin
1397 789 1557 870 presbyter
1581 786 1732 864 regularis
1763 782 1864 847 Socie-

318 882 417 945 ribus.
436 883 513 946 (lum
529 881 827 944 autemeorumdem
839 883 1062 944 monachorum
1091 886 1093 966 j
1121 885 1188 947 tatis
1209 886 1288 961 lesu,
1311 887 1482 963 praefectus
1502 881 1685 961 apostolicus
1709 879 1865 942 missionis

318 975 441 1038 comitia
457 976 545 1038 brevi
559 977 695 1054 cogenda
709 978 772 1040 sint
787 977 885 1056 iisque
900 978 965 1057 ipse
979 993 1065 1056 prae-
1091 967 1093 1049 Ϊ
1121 979 1153 1040 iu
1174 979 1286 1042 lnsulis
1316 977 1523 1051 nmerimnis,
1555 975 1725 1050 llartinica,
1748 972 1865 1036 Guada-

116 4082 272 4128 Exordium.

317 1069 417 1132 sidere
438 1070 558 1144 debere,
586 1069 674 1133 facile
699 1071 755 1133 tibi
782 1072 842 1132 erit
869 1087 982 1148 urgere
1004 1070 1063 1132 col·

319 1165 412 1227 lectos
433 1165 474 1228 ibi
495 1165 718 1227 coenobiorum
734 1167 886 1244 praesides
908 1173 954 1240 ut,
971 1180 1064 1244 quam
1091 1112 1093 1211 ν

319 1259 391 1337 ipsis
412 1259 663 1337 praescripsimus
690 1275 831 1321 normam
862 1274 935 1320 suae
961 1260 1065 1320 mode·

319 1353 429 1414 rendae
460 1350 662 1430 reipublicae,
689 1353 829 1430 apprime
858 1359 1002 1426 teneant,
1025 1368 1063 1413 ex

319 1447 416 1524 etque
430 1446 647 1508 Rutbenorum
662 1446 869 1523 sempiternae
885 1445 976 1507 saluti
991 1461 1064 1507 oon-

319 1541 433 1603 sulant.
468 1541 563 1618 ldque
591 1539 679 1602 nobis
706 1547 894 1616 argumento
925 1540 985 1603 erit
1013 1555 1064 1600 eos

319 1649 444 1711 prorsus
465 1648 537 1694 cum
553 1632 688 1695 Romani
707 1633 784 1698 Sede
805 1633 991 1694 consentire.
1016 1631 1063 1693 ln-

320 1726 412 1786 terim
434 1725 618 1786 fraternitati
648 1734 722 1788 tuae·
746 1725 938 1802 apostolicam
972 1725 1063 1786 bene-

320 1817 486 1880 dictionem
504 1819 615 1897 pignus
632 1829 802 1896 propensae
813 1818 848 1880 ad
864 1827 915 1880 tua
930 1833 1066 1879 commo-

319 1911 354 1972 da
382 1912 551 1975 voluntatis
578 1919 702 1974 nostrae
729 1920 925 1989 peramanter
951 1912 1082 1994 imper-¹

320 2007 426 2069 timur.
583 2075 584 2078 Ἴ

358 2101 471 2160 ltatum
499 2099 625 2173 Romae,
651 2101 730 2178 apud
760 2099 791 2163 S.
820 2099 946 2162 fllaciam
976 2099 1064 2162 llaio·

319 2210 398 2269 rem,
415 2192 475 2256 sult
488 2192 604 2255 annulo
616 2193 787 2269 Piscatoris,
803 2193 853 2254 die
868 2209 968 2253 xxvn.
993 2191 1065 2252 maii

319 2304 476 2362 nocetur,
498 2287 695 2364 pontificatus
717 2286 815 2349 nostri
837 2303 919 2348 anno
941 2301 998 2347 xn.

649 2759 736 2824 CXL.

320 2945 485 3027 Praefecto
512 2947 691 3023 Apostolico
713 2952 744 3007 et
771 2943 989 3007 missionariis
1013 2943 1064 3006 So·

358 3039 490 3102 rietatis
515 3039 792 3111 humilitatatis
816 3038 981 3103 Antericoc
1003 3035 1065 3101 Me·

358 3132 543 3204 radionatis,
572 3131 761 3206 Murtinicu,
793 3132 986 3209 mactatam
1008 3147 1065 3208 pro

361 3236 499 3307 tempore
520 3225 746 3298 emittentibus,
759 3226 903 3289 concedit
925 3224 1066 3305 fuculta-

360 3327 421 3382 tem
437 3319 622 3402 conferendi
636 3325 876 3382 sacromentum
891 3318 1065 3396 Confirma-

358 3413 565 3485 tinnierunt
594 3409 784 3490 quibusdum
812 3407 1062 3482 conditionibus,

358 3505 516 3570 clausulis
536 3511 567 3568 et
590 3505 861 3567 circumstantiis.

485 3700 729 3771 senioretus
747 3702 806 3770 PP.
825 3701 895 3769 xlv.

458 3855 989 3934 mmmmmmm'

357 4072 510 4134 immensa
532 4072 600 4134 lesu
626 4071 757 4146 Christi,
786 4071 873 4134 cuius
905 4056 1064 4150 supre'mas

318 4166 352 4228 in
374 4167 465 4228 terris
486 4165 568 4226 uices
583 4165 673 4244 plane
695 4165 896 4226 immerentes
913 4165 1062 4241 gerimus,

318 4259 438 4334 caritas,
472 4257 734 4338 quemadmodum
764 4257 890 4336 quidem
917 4257 999 4333 facit,
1030 4268 1064 4321 ut

320 4369 376 4415 nos
397 4351 435 4414 de
455 4359 581 4414 aeterna
596 4351 770 4413 animarum
785 4349 919 4429 pretioso
939 4352 1065 4428 sangui·

319 4461 358 4507 ne
384 4445 471 4524 quasi
502 4445 582 4521 Agui
613 4443 803 4506 immaculati
832 4444 1064 4522 redemptarum

318 4538 417 4599 salute
437 4537 559 4600 solliciti
582 4537 792 4614 maximopere
814 4536 976 4613 laetemur,
991 4553 1064 4599 cum

319 4631 460 4693 audimus
489 4630 631 4692 barbaros
664 4627 866 4706 infidelesque
900 4630 1064 4709 utriusque

318 4739 411 4786 sexus
432 4723 576 4784 homines
598 4723 636 4784 ab
657 4723 720 4801 ipsa
742 4723 863 4800 Europa
884 4721 1064 4800 longissime

318 4823 455 4878 remotos
476 4813 625 4892 accepisse
647 4814 778 4876 verbum
803 4814 868 4890 Dei,
892 4823 922 4878 et
943 4830 999 4894 per
1019 4833 1065 4878 sa-

318 4923 409 4970 crum
430 4907 673 4984 regenerationis
694 4905 865 4971 Lavacrum
887 4909 920 4970 in
942 4909 1064 4972 Cbristo

319 5010 441 5064 renatos
456 5003 540 5063 riam
555 5003 771 5064 mandatorum
785 5001 838 5063 Dei
859 5017 1000 5080 currere,
1022 5003 1064 5065 ita

319 5100 410 5170 urget
441 5110 497 5155 nos
531 5094 643 5168 etiam,
680 5100 715 5154 ut
746 5093 876 5155 minime
911 5096 1065 5173 patiamur

257 5245 260 5252 ,
318 5194 490 5267 opportuna
519 5186 699 5265 apostolicae
721 5185 935 5264 providentiae
962 5197 1065 5252 aucto·

318 5281 481 5359 citatisque
502 5289 624 5342 nostrae
644 5280 804 5342 commoda
819 5282 856 5343 ab
870 5281 942 5360 ipsis
963 5283 1065 5344 catho-

320 5373 409 5436 licam
431 5375 523 5438 lidem
546 5373 697 5453 amplexis
712 5373 891 5452 desiderari,
906 5375 1019 5452 quibus
1034 5383 1065 5440 et

319 5469 355 5530 ad
376 5469 517 5530 eamdem
539 5468 632 5530 sidem
654 5474 782 5530 strenue
803 5469 1020 5548 profitendam,
1033 5477 1065 5532 et

319 5562 355 5624 ad
377 5577 515 5639 pugnam
536 5568 643 5622 contra
659 5568 843 5639 potestatem
866 5563 1062 5626 tenebrarum

319 5653 441 5716 fortiter
470 5656 685 5717 sustinendam
717 5669 773 5732 per
799 5654 931 5732 Spiritus
962 5653 1083 5719 Sancti

319 5749 549 5828 plenitudinem
583 5755 776 5810 sacramento
813 5749 1065 5812 confirmationis

319 5841 478 5920 collatam,
508 5841 607 5920 magis
635 5842 794 5921 magisque
825 5842 1013 5906 roborentur
1034 5850 1065 5905 et

319 5937 556 6001 confirmentur.

429 6087 481 6134 fur.
498 6087 567 6132 font.
583 6084 613 6132 de
628 6085 702 6146 frop.
718 6085 781 6133 Fide
794 6086 876 6133 Partis
890 6087 908 6132 l.
924 6086 978 6132 vol.
993 6087 1036 6133 fll.
1083 6051 1086 6054 .

1120 1072 1201 1151 lupa,
1225 1072 1365 1154 aliisque,
1389 1073 1567 1136 charissimo
1589 1071 1622 1134 in
1644 1069 1765 1134 Christo
1787 1067 1865 1131 Filio

1120 1175 1226 1228 nostro
1238 1169 1428 1232 Francorum
1440 1168 1515 1245 Regi
1527 1165 1780 1230 christianissimo
1796 1165 1866 1228 sub

1121 1259 1204 1322 iectis
1226 1276 1281 1339 per
1302 1261 1438 1326 eiusdem
1456 1261 1614 1325 Societatis
1635 1262 1703 1324 lesu
1724 1260 1865 1323 alumnos

1120 1351 1310 1432 peragendae
1332 1355 1519 1418 constitutus
1533 1354 1621 1417 nohis
1636 1353 1799 1416 humiliter
1813 1369 1867 1414 ex-

1122 1446 1190 1522 poni
1213 1445 1304 1525 fecit3
1326 1455 1358 1508 et
1383 1448 1513 1510 dilectus
1535 1447 1644 1510 itidem
1673 1446 1757 1510 filius
1778 1449 1865 1524 lgna-

1122 1540 1181 1601 tius
1198 1538 1372 1604 vicecomes
1387 1541 1523 1604 laudatae
1536 1540 1695 1604 Societatis
1709 1539 1867 1618 Praeposi-

1122 1641 1169 1694 tus
1184 1634 1338 1710 generalis
1352 1633 1451 1696 fusius
1464 1633 1640 1712 explicavit,
1654 1633 1865 1696 confirmauit-

1121 1727 1235 1807 quein
1259 1729 1437 1790 memoratis
1469 1727 1622 1789 nimirum
1644 1725 1754 1788 lnsulis
1776 1726 1866 1787 dme-

1122 1820 1232 1883 ricanis
1263 1821 1377 1884 Galliae
1416 1821 1525 1884 ditioni
1561 1819 1706 1884 subiectis
1740 1818 1864 1881 nullum

1121 1914 1219 1977 adbuc
1233 1916 1421 1992 ¹antistitem
1443 1915 1649 1978 constitutum
1671 1929 1780 1988 esse,a
1802 1927 1865 1990 quo

1121 2008 1270 2087 neophyti
1291 2019 1481 2072 sacramento
1493 2007 1744 2072 confirmationis
1764 2007 1866 2068 hacte-

1121 2115 1180 2162 nus
1203 2099 1347 2178 insigniri
1368 2101 1543 2180 potuerint;
1567 2101 1650 2162 unde
1672 2098 1737 2161 fere
1751 2113 1865 2164 ,omnes

1121 2210 1206 2256 sacro
1227 2195 1416 2274 baptismatis
1438 2195 1558 2256 lavacro
1575 2195 1736 2255 dumtaxat
1756 2190 1864 2266 abluti,

1122 2286 1250 2366 aliisque
1271 2289 1387 2351 muniti
1409 2287 1621 2362 sacramentis,
1633 2285 1716 2346 viam
1738 2283 1865 2347 unirer·

1120 2396 1170 2441 sae
1201 2382 1301 2444 carnis
1333 2381 1558 2457 ingrediantur.
1590 2379 1768 2458 liapropter,
1794 2391 1864 2454 sup·

1121 2471 1213 2550 plices
1243 2485 1375 2553 uterque
1402 2473 1516 2536 addidit
1546 2487 1663 2552 preces,
1692 2478 1727 2533 ut
1752 2471 1808 2532 lrac
1832 2469 1864 2532 in

1120 2574 1207 2648 parte
1228 2568 1265 2630 de
1285 2567 1446 2645 apostolica
1470 2566 1661 2642 benignitate
1683 2571 1714 2627 et
1735 2561 1864 2626 auctori-

1122 2670 1192 2735 tate,
1216 2669 1251 2722 ut
1273 2660 1363 2736 infra,
1390 2661 1552 2740 providere
1574 2666 1605 2721 et
1635 2657 1799 2735 indulgere
1820 2655 1864 2717 di-

1121 2770 1299 2832 gnaremur.

1158 2849 1178 2922 ἓ
1199 2847 1227 2908 2.
1245 2845 1306 2908 Nos
1322 2847 1436 2926 itaque,
1450 2864 1464 2907 a
1481 2847 1593 2926 quibus
1608 2863 1753 2927 supremo
1765 2855 1864 2926 pasto-

1121 2958 1191 3004 rum
1215 2941 1345 3020 principi
1372 2941 1440 3003 lesu
1462 2941 1584 3004 Gbristo
1612 2949 1746 3004 aeterno·
1767 2941 1863 3004 ludici

1121 3042 1217 3120 ipsius
1239 3040 1270 3104 in
1287 3038 1376 3101 terris
1391 3038 1474 3100 vices
1489 3037 1669 3115 gerentibus
1685 3035 1863 3113 gravissima

1110 3135 1261 3198 omnium
1284 3134 1460 3195 animarum
1481 3147 1537 3194 suo
1563 3125 1715 3208 sanguine
1742 3131 1864 3194 redem-

1121 3236 1243 3306 ptarum
1265 3227 1342 3289 ratio
1358 3224 1511 3288 reddenda
1532 3232 1589 3300 est,
1604 3239 1741 3287 summas
1753 3231 1864 3314 totpo-

1122 3321 1266 3400 pulorum
1290 3321 1464 3398 angustias,
1493 3335 1657 3381 aerumnas
1685 3335 1717 3380 ac
1745 3324 1864 3380 tantam

1122 3414 1333 3477 infelicitatem
1355 3429 1392 3475 ex
1414 3413 1518 3474 animo
1539 3411 1804 3488 commiserantes,
1821 3419 1864 3473 at-

1120 3524 1181 3585 que
1209 3508 1334 3570 eosdem
1366 3505 1595 3580 missionarios,
1619 3505 1672 3583 qui
1693 3519 1781 3567 suam
1809 3521 1864 3585 pro

1120 3599 1274 3664 lucrandis
1302 3598 1448 3661 fratribus
1475 3599 1539 3660 suis
1561 3599 1696 3660 animam
1725 3608 1863 3676 ponunt,

1120 3693 1290 3772 apostolicis
1311 3692 1451 3754 laudibus
1472 3691 1735 3767 commendantes,
1757 3691 1865 3754 huius-

1120 3780 1202 3850 modi
1223 3785 1498 3867 supplicationibus
1519 3785 1677 3862 inclinati,
1700 3786 1864 3866 ipsumque

1120 3882 1323 3946 Guillelmum
1344 3877 1474 3954 Guillin,
1491 3893 1612 3940 necnon
1636 3884 1771 3941 caeteros
1786 3879 1863 3942 inibi

1121 3977 1329 4040 missionarios
1355 3976 1453 4038 dictae
1475 3973 1633 4037 Societatis
1655 3975 1734 4049 lesu,
1757 3977 1795 4038 de
1818 3991 1865 4037 ca-

1121 4071 1232 4134 tbolica
1255 4069 1387 4132 Ecclesia
1408 4077 1440 4132 et
1460 4076 1585 4130 aeterna
1607 4067 1865 4132 christifidelium

1119 4164 1217 4225 salute
1229 4163 1382 4241 imprimis
1396 4159 1725 4235 commendatissima,
1737 4160 1864 4238 amplio-

1121 4256 1205 4319 ribus
1227 4255 1396 4332 gratiarum
1418 4253 1573 4317 favoribus
1595 4253 1739 4332 prosequi
1758 4253 1864 4316 rolen-

1121 4356 1176 4425 tes,
1200 4365 1373 4427 eorumque
1393 4345 1567 4424 singulares
1589 4360 1734 4424 personas
1756 4363 1772 4407 a
1797 4349 1865 4426 qui·

1119 4442 1225 4505 busvis
1246 4439 1585 4514 excommunicationis,
1604 4441 1815 4518 suspensionis
1833 4449 1865 4504 et

1120 4536 1289 4612 interdicti,
1308 4535 1436 4613 aliisque
1458 4533 1668 4596 ecclesiasticis
1689 4535 1863 4611 sententiis,

1120 4631 1259 4694 censuris
1280 4635 1311 4691 et
1331 4627 1456 4708 poenis,
1479 4643 1495 4687 a
1517 4627 1584 4689 iure
1607 4626 1657 4688 vel
1678 4626 1715 4689 ab
1734 4628 1864 4690 bomine

1119 4725 1226 4804 quavis
1245 4723 1405 4785 occasione
1426 4719 1477 4782 vel
1497 4737 1583 4782 causa
1605 4719 1686 4796 latis,
1705 4720 1731 4782 si
1753 4721 1865 4798 quibus

1120 4815 1350 4897 quomodolibet
1371 4814 1537 4877 innodatae
1556 4813 1707 4889 existunt,
1723 4815 1758 4876 ad
1778 4813 1866 4876 elice

1120 4919 1188 4972 tum
1203 4909 1413 4989 praesentium
1429 4909 1587 4970 dumtaxat
1598 4910 1863 4988 consequendum,
1884 4914 1887 4920 ’

1121 5004 1231 5067 barum
1251 5004 1331 5064 serie
1352 5001 1545 5064 absolventes
1566 5009 1597 5063 et
1619 5001 1771 5064 absolutas
1798 5002 1865 5064 fore

1120 5105 1291 5172 censentes,
1315 5095 1441 5157 attentis
1456 5095 1630 5173 praemissis
1644 5103 1675 5157 et
1690 5095 1864 5172 insignibus

1119 5193 1257 5254 eiusdem
1273 5189 1381 5267 lgnatii
1394 5188 1561 5267 Praepositi
1576 5188 1730 5266 generalis
1741 5189 1866 5266 religio·

1121 5285 1160 5346 sis
1188 5282 1358 5347 virtutibus
1379 5290 1410 5362 et
1433 5281 1569 5358 meritis,
1592 5288 1683 5360 atque
1704 5281 1790 5342 tiliali
1811 5299 1864 5344 sua

1119 5392 1191 5455 erga
1223 5393 1279 5439 nos
1307 5386 1337 5440 et
1373 5374 1578 5456 apostolicam
1609 5375 1687 5435 banc
1721 5374 1865 5437 Sanctam

1121 5471 1231 5534 Sedem
1254 5469 1448 5532 observantia
1470 5475 1501 5529 et
1525 5467 1710 5542 ohedientia,
1733 5469 1867 5531 auctori·

1120 5571 1182 5626 tate
1192 5563 1355 5642 apostolica
1372 5570 1479 5623 tenore
1493 5562 1705 5641 praesentium
1717 5563 1866 5626 moderno

1120 5664 1150 5719 et
1171 5671 1227 5735 pro
1238 5663 1377 5734 ternpore
1392 5653 1544 5734 praefecto
1559 5655 1773 5716 tantummodo
1786 5655 1867 5716 eius·

1120 5751 1191 5812 dem
1223 5749 1376 5812 missionis
1403 5741 1656 5809 almericanarum
1689 5747 1866 5812 insularum

1120 5843 1277 5919 existenti,
1300 5857 1334 5904 ac
1361 5838 1505 5921 praefecti
1526 5840 1704 5904 huiusmodi
1735 5857 1868 5905 munere

1121 5937 1329 6014 durantem
1358 5941 1587 6002 sacramentum
1616 5935 1867 6001 confirmationis

1735 6089 1761 6132 65

1909 2857 2049 2904 concessio.
