4828 6990
71 586 138 644 tut.
155 575 216 638 llll
876 547 1072 640 tentaremus
1094 579 1158 639 xit.
1464 539 1466 558 Ι
1710 553 1769 634 lbi
1818 539 2007 626 Aut-1⁷4⁹

287 711 378 790 duod
398 714 427 778 si
442 718 590 796 aegrotos
605 709 745 778 voluerit
760 713 916 796 confiteri,
932 729 989 778 au·
1090 711 1176 776 Taoc
1196 709 1281 775 dicto
1302 705 1341 774 ob
1363 723 1427 774 orto
1448 722 1488 772 er
1503 705 1635 774 Clericis
1656 706 1791 773 adstan-

246 807 316 872 diot
339 807 444 882 illam,
468 814 500 870 et
521 807 674 874 absolvat.
706 807 741 872 Si
764 809 990 890 confessionem
1047 801 1146 878 tibus,
1170 805 1328 871 Confiteor
1353 813 1412 868 etc.
1445 803 1595 868 Sacerdos
1624 801 1713 867 dicat
1734 803 1788 866 bli-

245 917 308 964 ooo
336 909 446 981 petat,
471 903 589 966 caritot
616 902 710 966 illam
731 903 772 966 ad
798 901 990 965 eliciendam
1045 907 1185 962 seruatur
1206 908 1263 963 etc.
1289 899 1411 962 deinde.

244 999 356 1056 actam
378 996 603 1068 contritionis·
624 995 661 1058 dc
682 995 780 1058 bitias
802 993 990 1058 benedictio-

244 1087 295 1148 nis
317 1089 458 1169 efficacia
478 1106 517 1152 ae
536 1088 672 1162 oirtote,
690 1090 718 1152 si
742 1094 865 1168 tempas
889 1088 988 1169 serat,
1086 1087 1233 1150 Dominus
1264 1085 1375 1150 Noster
1405 1087 1488 1150 lesus
1520 1087 1669 1156 Christus¹
1692 1085 1788 1150 Filius

244 1178 385 1244 breviter
405 1184 594 1252 admoneat,-
617 1189 685 1246 taor
711 1183 868 1255 instruat,
894 1187 990 1260 atpac
1045 1181 1098 1244 Dei
1121 1181 1197 1256 riui,
1213 1181 1266 1260 qui
1289 1182 1380 1243 Beato
1395 1181 1485 1243 Petro
1499 1179 1645 1260 Apostolo
1667 1196 1722 1242 suo
1738 1180 1789 1242 de-

240 1273 409 1348 bortetar,
425 1281 465 1338 at
482 1274 585 1339 morbi
606 1275 803 1342 iocoormoda
817 1292 855 1338 ac
870 1273 990 1338 dolores
1046 1276 1090 1338 dit
1111 1282 1294 1354 potestatem
1316 1273 1443 1352 ligandi,
1459 1283 1551 1354 atque
1565 1275 1718 1350 solvendi,
1734 1290 1790 1353 per

245 1368 282 1429 io
309 1375 481 1432 anteactae
501 1369 587 1431 ailoe
608 1369 827 1447 captationem
856 1367 991 1432 libenter
1045 1383 1131 1428 suam
1146 1367 1314 1447 piissimam
1325 1367 1788 1445 misericordiamrecipiatcon-

243 1461 402 1539 perferat,
424 1459 547 1542 Deoqae
566 1477 631 1522 sese
643 1469 799 1539 paratam
821 1459 990 1542 offeratad
1045 1459 1210 1522 sessionem
1243 1467 1339 1531 tuam,
1368 1469 1399 1522 et
1425 1461 1568 1524 restituat
1593 1461 1648 1524 tibi
1679 1460 1788 1522 stolam

242 1551 334 1615 altro
355 1554 587 1633 acceptandam
603 1555 757 1639 paidpaid
772 1555 802 1616 ei
815 1555 988 1634 placuerit,
1045 1552 1188 1632 primam,
1205 1569 1297 1632 quam
1320 1554 1351 1616 iu
1374 1553 1556 1634 baptismate
1577 1551 1736 1633 recepisti3
1758 1561 1789 1615 et

242 1651 273 1708 et
293 1651 428 1709 mortem
451 1646 553 1726 ipsam
573 1648 736 1726 patienter
758 1646 932 1712 obeoadara
954 1647 990 1709 in
1046 1643 1110 1723 Ego
1131 1645 1274 1709 facultate
1298 1647 1373 1710 milti
1395 1648 1432 1709 ab
1454 1647 1626 1726 apostolica
1641 1645 1720 1711 Sede
1735 1646 1789 1709 tri-

241 1739 503 1820 sotissoctioaert
524 1755 709 1818 poenarum,
736 1757 815 1822 paas
833 1740 989 1820 peccando
1045 1740 1131 1815 buta,
1155 1739 1382 1819 indulgentiam
1404 1741 1577 1820 plenariam
1591 1747 1622 1803 et
1636 1740 1789 1802 remissio-

240 1834 436 1910 promerdit.
472 1833 550 1896 Tarra
575 1833 639 1912 piis
661 1835 767 1912 ipsam
793 1831 895 1897 serbis
919 1849 989 1894 coo·
1045 1849 1119 1896 nem
1140 1833 1282 1896 omnium
1298 1841 1492 1913 peccatorum
1509 1832 1564 1897 tibi
1585 1833 1729 1898 concedo.
1753 1834 1788 1896 ln

241 1927 378 1999 soletur,
402 1928 438 1988 io
458 1942 542 2005 spem
570 1925 695 2007 eripeos
716 1929 796 2008 sore,
820 1933 859 1990 at
883 1943 922 1988 err
943 1928 988 1991 di·
1045 1927 1173 1989 nomine
1195 1927 1291 1988 Patris
1313 1935 1371 1989 etc.

240 2019 339 2082 aiace
359 2020 601 2100 munificentiae
622 2020 856 2102 larpitoteeort
877 2035 992 2100 poena·
1084 2022 1141 2083 Per
1173 2027 1361 2084 sacrosancta
1401 2023 1554 2084 numanae
1585 2021 1789 2102 reparationis

242 2128 319 2180 rum
349 2114 565 2175 remissionem
593 2119 623 2176 et
648 2113 750 2178 eitam
776 2113 822 2175 sit
844 2129 991 2174 eooseca-
1046 2113 1204 2191 Npsleria,
1232 2113 1371 2177 remittat
1401 2114 1455 2175 tibi
1480 2113 1676 2194 omnipotens
1708 2116 1788 2178 Deus

243 2213 342 2270 taras
363 2214 540 2270 aeternam.
563 2207 678 2270 Postea
700 2207 805 2271 dicat.-
1045 2223 1153 2268 omnes
1173 2207 1342 2286 praesentis
1364 2215 1395 2268 et
1416 2207 1540 2268 laturae
1560 2207 1641 2269 vitae
1663 2224 1787 2287 poenas,

284 2302 323 2372 a.
346 2299 546 2366 Adiutorium
567 2307 710 2364 nostrum
731 2301 764 2362 in
787 2301 914 2364 nomine
934 2301 989 2363 Do·
1046 2299 1174 2379 paradisi
1195 2307 1296 2379 portas
1318 2300 1433 2378 aperiat
1454 2306 1484 2362 et
1499 2301 1534 2363 ad
1549 2300 1658 2378 gaudia
1678 2302 1788 2384 sempi-

241 2395 334 2456 mini.
1045 2399 1132 2455 terna
1154 2393 1310 2471 perducat.
1334 2393 1444 2456 Amen.

282 2492 322 2565 n).
346 2485 405 2562 Qui
426 2487 497 2550 lecit
519 2487 660 2562 Caelum,
682 2493 714 2548 et
736 2486 874 2552 lernam.
1084 2484 1248 2548 Benedicat
1274 2485 1317 2550 ae
1343 2485 1544 2564 Omnipotens
1567 2487 1659 2562 bens,
1686 2487 1787 2564 Pater,

516 2631 702 2712 Antipborta
1045 2585 1076 2642 et
1097 2579 1206 2676 NiliuS,
1229 2586 1260 2641 et
1282 2577 1415 2658 Spiritus
1438 2580 1579 2680 Sanctus.
1602 2581 1715 2642 nmen.

284 2771 331 2836 Ne
352 2771 558 2837 reminiscaris
586 2769 718 2832 Domirm
746 2770 855 2833 delicta
880 2769 988 2832 lamuli
1087 2766 1122 2830 Si
1142 2783 1214 2829 cero
1237 2765 1385 2845 infirmas
1399 2765 1442 2829 sit
1464 2765 1541 2830 adeo
1560 2766 1658 2830 morti
1679 2767 1789 2846 proci-

243 2867 291 2929 tui
317 2865 383 2948 (acl
411 2864 540 2928 ancillae
571 2861 659 2943 tuae)
688 2879 790 2943 neque
820 2863 989 2926 vindictam
1044 2877 1127 2932 mas,
1151 2867 1187 2922 at
1210 2876 1307 2938 nepae
1329 2859 1536 2940 confessionis
1557 2860 1717 2950 pomerolis
1738 2864 1789 2942 pa-

241 2977 347 3022 sumas
367 2961 405 3024 de
426 2959 555 3038 pereatis
575 2957 653 3022 eius.
1044 2953 1185 3024 cicadae,
1209 2969 1305 3031 reepae
1325 2951 1579 3032 praemissarum
1594 2967 1724 3030 precam
1740 2970 1787 3014 re-

284 3051 521 3132 llyrieeleison,
534 3051 654 3115 Christe
667 3051 795 3126 eleison,
808 3049 989 3130 llyrieelei·
1045 3046 1253 3109 citandaram
1276 3051 1398 3124 tempas
1418 3050 1582 3123 suppetat,
1602 3045 1717 3108 statim
1737 3064 1788 3110 sa-

240 3164 310 3212 sou.
333 3147 423 3210 Pater
444 3153 550 3209 noster
570 3153 628 3208 etc.
1045 3140 1151 3202 cordos
1173 3138 1417 3203 benedictionem
1438 3139 1466 3201 ei
1488 3139 1711 3216 impertiatur.

284 3243 321 3312 ᾗ.
346 3240 385 3302 Εῑ
407 3255 446 3302 ne
469 3255 525 3303 nos
543 3239 691 3304 inducas
683 3256 715 3302 m
731 3237 946 3302 tentationem
1039 3304 1044 3314 ,
1675 3287 1685 3304 .

282 3341 323 3416 a).
347 3333 406 3398 Sed
431 3333 526 3396 libera
548 3347 604 3394 nos
624 3348 641 3392 a
662 3333 753 3396 malo.
1083 3329 1103 3404 ἓ
1126 3327 1172 3390 ll.
1197 3325 1281 3389 Nulli
1296 3325 1684 3403 ergoomninolrominum
1700 3327 1790 3391 liceat

286 3429 322 3499 i.
348 3426 476 3490 Salvum
508 3424 554 3487 lac
580 3442 707 3488 servum
735 3434 825 3488 tuum
854 3427 914 3508 (rel
937 3442 989 3488 au·
1045 3423 1189 3502 paginam
1217 3421 1296 3482 haue
1323 3427 1501 3482 nostrarum
1532 3421 1787 3497 confirmationis

243 3521 347 3585 uillam
369 3527 467 3594 tuam,
488 3526 519 3581 et
540 3519 587 3586 sic
612 3517 779 3600 deinceps).
1045 3513 1281 3594 prorogationis,
1298 3511 1505 3591 ampliationis
1526 3520 1557 3574 et
1571 3515 1787 3591 concessionis,

283 3621 322 3696 ip.
344 3614 427 3676 Deus
449 3627 536 3675 ruens
556 3622 735 3692 sperantem
757 3614 790 3676 in
811 3614 865 3676 Te.
1046 3608 1274 3682 mandatorum,
1297 3612 1496 3682 statutorum,
1523 3604 1732 3684 decretorum,
1755 3623 1789 3670 ac

286 3711 322 3779 i.
345 3707 477 3770 Domine
498 3707 608 3769 exaudi
630 3707 801 3769 orationem
823 3721 936 3768 meam.
1044 3700 1280 3779 derogationum
1308 3698 1492 3776 infringere,
1518 3698 1569 3762 rel
1590 3701 1618 3762 ei
1638 3717 1715 3764 ausu
1744 3709 1788 3764 te-

283 3810 322 3883 rp.
346 3802 386 3864 Et
400 3801 523 3865 ,elamor
543 3815 633 3862 meus
654 3801 690 3864 ad
713 3807 744 3862 te
766 3799 880 3862 veniat.
1045 3796 1176 3858 merario
1197 3793 1361 3857 contraire.
1395 3790 1426 3855 Si
1449 3793 1517 3872 quis
1537 3801 1642 3856 autem
1662 3794 1721 3856 hoe
1744 3803 1789 3858 at·

286 3898 322 3968 b.
346 3895 496 3958 maninus
517 3893 688 3956 vobiscum.
1046 3897 1165 3953 tentare
1187 3886 1438 3968 praesumpserit,
1459 3884 1704 3964 indignationem
1718 3889 1789 3952 Om-

284 3996 323 4069 a).
347 3989 386 4052 Et
408 4003 480 4052 oum
500 3987 615 4068 spiritu
633 3994 697 4051 tuo.
1045 3983 1214 4064 nipotentis
1231 3980 1296 4056 Dei,
1315 3997 1349 4042 ac
1369 3979 1535 4042 Beatorum
1557 3979 1637 4042 Petri
1652 3989 1684 4044 et
1703 3981 1789 4044 Pauli

732 4097 736 4104 ’
1045 4075 1263 4158 Apostolorum
1286 4073 1352 4136 eius
1373 4089 1406 4134 se
1427 4071 1550 4135 noverit
1573 4071 1785 4137 incursurum.

556 4151 680 4198 (ΜΝ
1084 4171 1196 4232 Datum
1211 4167 1336 4240 Romae,
1350 4163 1429 4242 apud
1447 4164 1476 4228 S.
1488 4165 1614 4228 Nariam
1629 4166 1787 4242 Maiorem,

284 4269 533 4337 clementissime
553 4270 646 4345 Deus,
661 4269 750 4332 Pater
765 4267 989 4332 misericordia·
1044 4279 1126 4326 anno
1147 4259 1368 4323 incarnationis
1389 4257 1561 4321 dominicae
1585 4275 1787 4336 uncertain,

246 4383 329 4442 ram,
352 4371 384 4426 et
405 4365 485 4426 Deus
508 4363 602 4426 totius
623 4360 850 4438 consolationis,
867 4363 920 4442 qui
935 4378 988 4424 ne·
1044 4356 1135 4420 nonis
1156 4352 1271 4434 aprilis,
1288 4351 1484 4434 pontificatus
1505 4353 1604 4414 nostri
1626 4369 1709 4417 anno
1730 4365 1786 4416 rut.

244 4460 365 4540 minem
386 4458 433 4518 vis
455 4456 555 4536 perire
576 4455 609 4517 in
631 4465 662 4517 te
683 4454 874 4530 credentem,
895 4461 988 4535 atque

244 4559 434 4634 sperantem,
449 4550 621 4613 seeundum
640 4547 877 4612 multitudinem
899 4549 989 4612 mise·
1039 4579 1042 4586 v
1148 4547 1151 4554 '

245 4649 402 4710 rationum
423 4652 551 4706 tuarum
578 4641 695 4721 respice
719 4641 869 4723 propitius
890 4641 988 4704 lamu·
1361 4633 1465 4700 xetlt.

244 4739 310 4802 lum
333 4746 424 4802 tuum
453 4735 506 4811 N,
528 4735 575 4798 ool
590 4733 745 4796 famulam
773 4741 870 4808 tuam,
894 4749 988 4813 quem
1252 4731 1256 4738 '
1569 4733 1572 4740 '

236 4817 289 4894 'ael
305 4847 399 4912 quam
417 4829 472 4894 tibi
488 4845 561 4891 vera
575 4827 676 4903 lides,
689 4835 719 4889 et
735 4823 809 4906 Spes
823 4827 988 4889 christiana
1046 4825 1154 4906 Eripit
1174 4823 1336 4904 publicam
1358 4821 1605 4888 uniuersitatem
1619 4823 1724 4886 stadii
1739 4839 1789 4905 pe·

245 4925 475 4988 commendant
499 4921 594 4985 Visite
616 4937 702 4995 eum,
725 4919 773 4982 oel
794 4936 874 4995 eam,
889 4919 923 4982 in
944 4937 990 4984 sa·
1083 4918 1235 4982 oeralis
1224 4935 1261 4980 ro
1281 4917 1410 4998 eollepio
1433 4916 1604 4982 societatis
1625 4919 1696 4982 lesa
1712 4917 1788 4980 rioi-

245 5018 336 5081 lutari
359 5026 425 5092 tuo,
439 5026 470 5077 et
485 5031 539 5095 per
552 5013 715 5092 Unigeniti
736 5013 794 5076 lui
815 5013 986 5092 passionem
1085 5013 1164 5077 totis
1197 5011 1310 5076 Sdreeti
1339 5010 1501 5073 Dominici
1527 5009 1654 5074 insulae
1676 5012 1790 5089 llispo·

244 5120 274 5175 et
292 5118 441 5184 mortem,
457 5110 600 5174 omnium
616 5108 643 5171 ei
659 5107 844 5171 delictorum
857 5119 987 5169 suorum
1083 5105 1188 5169 niolae
1210 5105 1267 5186 (l).
1438 5111 1440 5114 ’

245 5205 459 5268 remissionem
477 5210 509 5265 et
525 5203 651 5266 veniam
666 5200 837 5266 elementer
848 5199 986 5277 indulge,

246 5306 279 5361 ut
300 5299 367 5360 eius
389 5299 491 5359 anima
513 5297 546 5358 in
567 5296 642 5357 hora
664 5295 764 5358 exitus
783 5293 887 5356 suile
909 5293 989 5356 ludi·
1215 5273 1618 5345 BENED!01USPP.XW.

246 5407 312 5454 cem
333 5389 535 5470 propitiatam
558 5389 709 5463 inveniat,
724 5387 782 5448 et'
775 5403 807 5448 m
830 5387 988 5464 Sanguine
1162 5398 1199 5466 aa
1221 5404 1393 5484 nemetum„
1421 5399 1464 5488 „ep
1485 5399 1665 5468 mempppgm

247 5483 383 5546 eiusdem
407 5483 478 5546 Filii
501 5482 545 5546 tul
570 5483 607 5545 ab
624 5481 708 5544 omni
729 5479 847 5543 macula
872 5481 985 5556 abluta,

247 5578 376 5641 transire
392 5575 426 5638 ad
443 5577 538 5639 vitam
553 5583 712 5638 mereatur
726 5583 917 5655 perpetuam
928 5575 987 5636 Per
1082 5578 1117 5639 ln
1139 5575 1387 5657 supereminenti
1408 5577 1600 5656 Apostolieae
1622 5576 1706 5641 Sedis
1721 5593 1788 5661 spe·
1832 5605 2001 5656 emmiu„

248 5672 391 5735 eumdem
427 5670 585 5735 Christum
620 5667 788 5732 Dominum
830 5675 983 5732 nostrum.
1042 5670 1121 5748 cula,
1144 5670 1264 5734 meritis
1295 5669 1368 5734 licet
1395 5670 1575 5750 imparibus,
1604 5670 1786 5750 disponente

248 5765 356 5830 lmen.
1043 5763 1175 5826 Domino
1195 5763 1367 5839 constituti,
1391 5771 1421 5826 et
1443 5763 1523 5826 intra
1538 5763 1652 5827 mentis
1667 5772 1787 5829 nostrae

286 5984 316 6048 (l)
330 5985 368 6030 Ex
380 5981 448 6030 nult.
463 5983 536 6030 Pont.
551 5979 614 6028 edit.
629 5979 717 6039 Nalm,
731 5993 755 6046 p.
769 5982 817 6029 263.
