<?xml version="1.0" encoding="UTF-8"?>
<!DOCTYPE html PUBLIC "-//W3C//DTD XHTML 1.0 Transitional//EN"
    "http://www.w3.org/TR/xhtml1/DTD/xhtml1-transitional.dtd">
<html xmlns="http://www.w3.org/1999/xhtml" xml:lang="en" lang="en">
 <head>
  <title>
</title>
<meta http-equiv="Content-Type" content="text/html;charset=utf-8" />
  <meta name='ocr-system' content='tesseract 3.04.00' />
  <meta name='ocr-capabilities' content='ocr_page ocr_carea ocr_par ocr_line ocrx_word'/>
</head>
<body>
  <div class='ocr_page' id='page_1' title='image "./iurispontificii02martgoog_0208.png"; bbox 0 0 4744 6976; ppageno 0'>
   <div class='ocr_carea' id='block_1_1' title="bbox 310 526 608 596">
    <p class='ocr_par' dir='ltr' id='par_1_1' title="bbox 310 526 608 596">
     <span class='ocr_line' id='line_1_1' title="bbox 310 526 608 596; baseline -0.003 -18"><span class='ocrx_word' id='word_1_1' title='bbox 310 526 608 596; x_wconf 64' lang='lat' dir='ltr'><strong>mmmpffl</strong></span> 
     </span>
    </p>
   </div>
   <div class='ocr_carea' id='block_1_2' title="bbox 297 658 1278 3526">
    <p class='ocr_par' dir='ltr' id='par_1_2' title="bbox 530 658 1277 743">
     <span class='ocr_line' id='line_1_2' title="bbox 530 658 1277 743; baseline -0.016 -15"><span class='ocrx_word' id='word_1_2' title='bbox 530 673 674 743; x_wconf 83' lang='lat' dir='ltr'><strong>rogatum</strong></span> <span class='ocrx_word' id='word_1_3' title='bbox 696 679 763 726; x_wconf 92' lang='lat' dir='ltr'><strong>esse</strong></span> <span class='ocrx_word' id='word_1_4' title='bbox 785 662 943 735; x_wconf 92' lang='lat' dir='ltr'><strong>volumus,</strong></span> <span class='ocrx_word' id='word_1_5' title='bbox 967 658 1138 736; x_wconf 86' lang='lat' dir='ltr'><strong>ceterisque</strong></span> <span class='ocrx_word' id='word_1_6' title='bbox 1156 663 1277 719; x_wconf 89' lang='lat' dir='ltr'><strong>contra·</strong></span> 
     </span>
    </p>

    <p class='ocr_par' dir='ltr' id='par_1_3' title="bbox 297 758 1278 2411">
     <span class='ocr_line' id='line_1_3' title="bbox 530 758 866 837; baseline -0.021 -17"><span class='ocrx_word' id='word_1_7' title='bbox 530 759 584 820; x_wconf 93' lang='lat' dir='ltr'><strong>riis</strong></span> <span class='ocrx_word' id='word_1_8' title='bbox 608 758 866 837; x_wconf 86' lang='lat' dir='ltr'><strong>quibuscumque.</strong></span> 
     </span>
     <span class='ocr_line' id='line_1_4' title="bbox 340 846 1277 926; baseline -0.009 -13"><span class='ocrx_word' id='word_1_9' title='bbox 340 858 510 906; x_wconf 70' lang='lat' dir='ltr'><strong>publicationi</strong></span> <span class='ocrx_word' id='word_1_10' title='bbox 570 851 588 926; x_wconf 70' lang='grc' dir='ltr'><strong>ἓ</strong></span> <span class='ocrx_word' id='word_1_11' title='bbox 609 850 658 912; x_wconf 77' lang='lat'><strong>23.</strong></span> <span class='ocrx_word' id='word_1_12' title='bbox 683 849 835 912; x_wconf 82' lang='lat' dir='ltr'>Volumus</span> <span class='ocrx_word' id='word_1_13' title='bbox 857 848 984 925; x_wconf 91' lang='lat' dir='ltr'><strong>iusuper</strong></span> <span class='ocrx_word' id='word_1_14' title='bbox 1000 854 1030 908; x_wconf 93' lang='lat' dir='ltr'><strong>et</strong></span> <span class='ocrx_word' id='word_1_15' title='bbox 1045 846 1152 908; x_wconf 90' lang='lat' dir='ltr'><strong>eadem</strong></span> <span class='ocrx_word' id='word_1_16' title='bbox 1173 853 1277 907; x_wconf 92' lang='lat' dir='ltr'><strong>aucto-</strong></span> 
     </span>
     <span class='ocr_line' id='line_1_5' title="bbox 298 913 1277 1020; baseline -0.013 -9"><span class='ocrx_word' id='word_1_17' title='bbox 298 913 443 1013; x_wconf 54' lang='lat' dir='ltr'><strong>ic‘riiiigr&#39;n&#39;r}</strong></span> <span class='ocrx_word' id='word_1_18' title='bbox 455 923 512 1010; x_wconf 70' lang='lat' dir='ltr'><strong>⁰⁰r⁰ai</strong></span> <span class='ocrx_word' id='word_1_19' title='bbox 530 945 620 1006; x_wconf 91' lang='lat' dir='ltr'><strong>ritate</strong></span> <span class='ocrx_word' id='word_1_20' title='bbox 635 941 788 1020; x_wconf 88' lang='lat' dir='ltr'><strong>praedicta</strong></span> <span class='ocrx_word' id='word_1_21' title='bbox 803 940 996 1013; x_wconf 87' lang='lat' dir='ltr'><strong>mandamus,</strong></span> <span class='ocrx_word' id='word_1_22' title='bbox 1009 945 1044 1000; x_wconf 94' lang='lat' dir='ltr'><strong>ui</strong></span> <span class='ocrx_word' id='word_1_23' title='bbox 1054 938 1180 999; x_wconf 89' lang='lat' dir='ltr'><strong>eaedem</strong></span> <span class='ocrx_word' id='word_1_24' title='bbox 1191 953 1277 1016; x_wconf 90' lang='lat' dir='ltr'><strong>prae-</strong></span> 
     </span>
     <span class='ocr_line' id='line_1_6' title="bbox 297 1017 1275 1128; baseline -0.009 -27"><span class='ocrx_word' id='word_1_25' title='bbox 297 1017 511 1128; x_wconf 56' lang='grc' dir='ltr'><strong>Ἢέθρζῖζξᾞὲῆξ</strong></span> <span class='ocrx_word' id='word_1_26' title='bbox 530 1044 633 1100; x_wconf 88' lang='lat' dir='ltr'><strong>semes</strong></span> <span class='ocrx_word' id='word_1_27' title='bbox 656 1043 686 1097; x_wconf 91' lang='lat' dir='ltr'><strong>et</strong></span> <span class='ocrx_word' id='word_1_28' title='bbox 708 1034 740 1096; x_wconf 93' lang='lat' dir='ltr'><strong>in</strong></span> <span class='ocrx_word' id='word_1_29' title='bbox 763 1033 806 1095; x_wconf 90' lang='lat' dir='ltr'><strong>eis</strong></span> <span class='ocrx_word' id='word_1_30' title='bbox 831 1039 976 1094; x_wconf 76' lang='lat' dir='ltr'><strong>comenia</strong></span> <span class='ocrx_word' id='word_1_31' title='bbox 1004 1046 1219 1110; x_wconf 86' lang='lat' dir='ltr'><strong>quaecumque</strong></span> <span class='ocrx_word' id='word_1_32' title='bbox 1240 1032 1275 1092; x_wconf 89' lang='lat' dir='ltr'><strong>ad</strong></span> 
     </span>
     <span class='ocr_line' id='line_1_7' title="bbox 298 1124 1277 1224; baseline -0.009 -31"><span class='ocrx_word' id='word_1_33' title='bbox 298 1124 511 1224; x_wconf 53' lang='lat' dir='ltr'><strong>{gfffflgg&#39;ffgffi</strong></span> <span class='ocrx_word' id='word_1_34' title='bbox 529 1130 673 1192; x_wconf 83' lang='lat' dir='ltr'><strong>ninnium</strong></span> <span class='ocrx_word' id='word_1_35' title='bbox 696 1127 841 1191; x_wconf 76' lang='lat' dir='ltr'><strong>notitiam</strong></span> <span class='ocrx_word' id='word_1_36' title='bbox 862 1125 979 1187; x_wconf 89' lang='lat' dir='ltr'><strong>facilius</strong></span> <span class='ocrx_word' id='word_1_37' title='bbox 1000 1126 1202 1200; x_wconf 83' lang='lat' dir='ltr'>deducantur,</span> <span class='ocrx_word' id='word_1_38' title='bbox 1219 1140 1277 1185; x_wconf 91' lang='lat' dir='ltr'><strong>nec</strong></span> 
     </span>
     <span class='ocr_line' id='line_1_8' title="bbox 505 1213 1277 1302; baseline -0.009 -17"><span class='ocrx_word' id='word_1_39' title='bbox 505 1213 508 1221; x_wconf 83' lang='grc'><strong>’</strong></span> <span class='ocrx_word' id='word_1_40' title='bbox 530 1225 693 1302; x_wconf 86' lang='lat' dir='ltr'><strong>quisquam</strong></span> <span class='ocrx_word' id='word_1_41' title='bbox 715 1223 753 1284; x_wconf 92' lang='lat' dir='ltr'><strong>de</strong></span> <span class='ocrx_word' id='word_1_42' title='bbox 774 1220 818 1281; x_wconf 89' lang='lat' dir='ltr'><strong>cis</strong></span> <span class='ocrx_word' id='word_1_43' title='bbox 840 1219 1048 1297; x_wconf 79' lang='lat' dir='ltr'><strong>ignorantiam</strong></span> <span class='ocrx_word' id='word_1_44' title='bbox 1072 1216 1277 1296; x_wconf 80' lang='lat' dir='ltr'><strong>praetendere</strong></span> 
     </span>
     <span class='ocr_line' id='line_1_9' title="bbox 531 1315 1276 1392; baseline -0.009 -15"><span class='ocrx_word' id='word_1_45' title='bbox 531 1316 642 1390; x_wconf 90' lang='lat' dir='ltr'><strong>valeat,</strong></span> <span class='ocrx_word' id='word_1_46' title='bbox 665 1315 743 1392; x_wconf 87' lang='lat' dir='ltr'><strong>ipsas</strong></span> <span class='ocrx_word' id='word_1_47' title='bbox 769 1321 964 1392; x_wconf 90' lang='lat' dir='ltr'><strong>praesentes,</strong></span> <span class='ocrx_word' id='word_1_48' title='bbox 987 1328 1042 1374; x_wconf 91' lang='lat' dir='ltr'><strong>seu</strong></span> <span class='ocrx_word' id='word_1_49' title='bbox 1064 1327 1171 1374; x_wconf 92' lang='lat' dir='ltr'><strong>earum</strong></span> <span class='ocrx_word' id='word_1_50' title='bbox 1195 1319 1276 1372; x_wconf 91' lang='lat' dir='ltr'><strong>tran·</strong></span> 
     </span>
     <span class='ocr_line' id='line_1_10' title="bbox 528 1404 1275 1487; baseline -0.011 -15"><span class='ocrx_word' id='word_1_51' title='bbox 528 1416 663 1487; x_wconf 92' lang='lat' dir='ltr'><strong>sumpta,</strong></span> <span class='ocrx_word' id='word_1_52' title='bbox 686 1409 722 1470; x_wconf 92' lang='lat' dir='ltr'><strong>ad</strong></span> <span class='ocrx_word' id='word_1_53' title='bbox 744 1408 849 1469; x_wconf 88' lang='lat' dir='ltr'><strong>valvas</strong></span> <span class='ocrx_word' id='word_1_54' title='bbox 871 1405 1023 1468; x_wconf 83' lang='lat' dir='ltr'><strong>Ecclesiae</strong></span> <span class='ocrx_word' id='word_1_55' title='bbox 1045 1405 1075 1469; x_wconf 91' lang='lat' dir='ltr'><strong>S.</strong></span> <span class='ocrx_word' id='word_1_56' title='bbox 1099 1404 1220 1466; x_wconf 92' lang='lat' dir='ltr'><strong>loannis</strong></span> <span class='ocrx_word' id='word_1_57' title='bbox 1243 1405 1275 1464; x_wconf 94' lang='lat' dir='ltr'><strong>in</strong></span> 
     </span>
     <span class='ocr_line' id='line_1_11' title="bbox 530 1496 1278 1576; baseline -0.007 -12"><span class='ocrx_word' id='word_1_58' title='bbox 530 1503 683 1564; x_wconf 87' lang='lat' dir='ltr'><strong>Laterano</strong></span> <span class='ocrx_word' id='word_1_59' title='bbox 713 1508 745 1562; x_wconf 92' lang='lat' dir='ltr'><strong>et</strong></span> <span class='ocrx_word' id='word_1_60' title='bbox 770 1498 916 1562; x_wconf 78' lang='lat' dir='ltr'><strong>Basilicas</strong></span> <span class='ocrx_word' id='word_1_61' title='bbox 940 1499 1091 1576; x_wconf 89' lang='lat' dir='ltr'><strong>Principis</strong></span> <span class='ocrx_word' id='word_1_62' title='bbox 1119 1496 1278 1575; x_wconf 75' lang='lat' dir='ltr'><strong>apostolo·</strong></span> 
     </span>
     <span class='ocr_line' id='line_1_12' title="bbox 529 1591 1277 1668; baseline -0.005 -13"><span class='ocrx_word' id='word_1_63' title='bbox 529 1611 600 1656; x_wconf 92' lang='lat' dir='ltr'><strong>rum</strong></span> <span class='ocrx_word' id='word_1_64' title='bbox 622 1595 659 1656; x_wconf 93' lang='lat' dir='ltr'><strong>de</strong></span> <span class='ocrx_word' id='word_1_65' title='bbox 680 1594 774 1667; x_wconf 91' lang='lat' dir='ltr'><strong>Urbe,</strong></span> <span class='ocrx_word' id='word_1_66' title='bbox 792 1607 916 1654; x_wconf 83' lang='lat' dir='ltr'><strong>necnon</strong></span> <span class='ocrx_word' id='word_1_67' title='bbox 928 1591 1135 1654; x_wconf 85' lang='lat' dir='ltr'><strong>Cancellariae</strong></span> <span class='ocrx_word' id='word_1_68' title='bbox 1150 1591 1277 1668; x_wconf 82' lang='lat' dir='ltr'><strong>Aposto-</strong></span> 
     </span>
     <span class='ocr_line' id='line_1_13' title="bbox 530 1681 1276 1762; baseline -0.009 -13"><span class='ocrx_word' id='word_1_69' title='bbox 530 1688 604 1749; x_wconf 91' lang='lat' dir='ltr'><strong>licae</strong></span> <span class='ocrx_word' id='word_1_70' title='bbox 626 1686 792 1762; x_wconf 88' lang='lat' dir='ltr'><strong>curiaeque</strong></span> <span class='ocrx_word' id='word_1_71' title='bbox 815 1681 968 1758; x_wconf 80' lang='lat' dir='ltr'><strong>generalis</strong></span> <span class='ocrx_word' id='word_1_72' title='bbox 983 1683 1222 1745; x_wconf 87' lang='lat' dir='ltr'><strong>innocentianae</strong></span> <span class='ocrx_word' id='word_1_73' title='bbox 1244 1683 1276 1743; x_wconf 92' lang='lat' dir='ltr'><strong>in</strong></span> 
     </span>
     <span class='ocr_line' id='line_1_14' title="bbox 530 1773 1276 1852; baseline -0.007 -12"><span class='ocrx_word' id='word_1_74' title='bbox 530 1779 634 1841; x_wconf 83' lang='lat' dir='ltr'><strong>Monte</strong></span> <span class='ocrx_word' id='word_1_75' title='bbox 663 1773 810 1840; x_wconf 86' lang='lat' dir='ltr'><strong>Gitaiorio</strong></span> <span class='ocrx_word' id='word_1_76' title='bbox 832 1781 863 1837; x_wconf 90' lang='lat' dir='ltr'><strong>ei</strong></span> <span class='ocrx_word' id='word_1_77' title='bbox 885 1776 916 1836; x_wconf 92' lang='lat' dir='ltr'><strong>in</strong></span> <span class='ocrx_word' id='word_1_78' title='bbox 939 1775 1013 1836; x_wconf 81' lang='lat' dir='ltr'><strong>Acie</strong></span> <span class='ocrx_word' id='word_1_79' title='bbox 1041 1775 1147 1852; x_wconf 84' lang='lat' dir='ltr'><strong>Campi</strong></span> <span class='ocrx_word' id='word_1_80' title='bbox 1168 1773 1276 1836; x_wconf 82' lang='lat' dir='ltr'><strong>Florae</strong></span> 
     </span>
     <span class='ocr_line' id='line_1_15' title="bbox 531 1847 1276 1950; baseline -0.011 -17"><span class='ocrx_word' id='word_1_81' title='bbox 531 1889 584 1950; x_wconf 89' lang='lat' dir='ltr'><strong>per</strong></span> <span class='ocrx_word' id='word_1_82' title='bbox 605 1847 740 1947; x_wconf 72' lang='lat' dir='ltr'><strong>aliquem</strong></span> <span class='ocrx_word' id='word_1_83' title='bbox 763 1885 801 1930; x_wconf 81' lang='lat' dir='ltr'><strong>eu</strong></span> <span class='ocrx_word' id='word_1_84' title='bbox 822 1867 998 1930; x_wconf 85' lang='lat' dir='ltr'><strong>cursoribus</strong></span> <span class='ocrx_word' id='word_1_85' title='bbox 1020 1867 1145 1941; x_wconf 89' lang='lat' dir='ltr'><strong>uostris,</strong></span> <span class='ocrx_word' id='word_1_86' title='bbox 1162 1873 1197 1928; x_wconf 93' lang='lat' dir='ltr'><strong>ut</strong></span> <span class='ocrx_word' id='word_1_87' title='bbox 1213 1882 1276 1926; x_wconf 93' lang='lat' dir='ltr'><strong>mo-</strong></span> 
     </span>
     <span class='ocr_line' id='line_1_16' title="bbox 531 1959 1277 2040; baseline -0.008 -15"><span class='ocrx_word' id='word_1_88' title='bbox 531 1965 572 2026; x_wconf 91' lang='lat' dir='ltr'><strong>ris</strong></span> <span class='ocrx_word' id='word_1_89' title='bbox 594 1971 651 2038; x_wconf 89' lang='lat' dir='ltr'><strong>esi,</strong></span> <span class='ocrx_word' id='word_1_90' title='bbox 675 1962 823 2040; x_wconf 91' lang='lat' dir='ltr'><strong>publicari</strong></span> <span class='ocrx_word' id='word_1_91' title='bbox 844 1969 876 2022; x_wconf 89' lang='lat' dir='ltr'><strong>et</strong></span> <span class='ocrx_word' id='word_1_92' title='bbox 897 1959 994 2036; x_wconf 89' lang='lat' dir='ltr'><strong>atligi,</strong></span> <span class='ocrx_word' id='word_1_93' title='bbox 1016 1960 1121 2036; x_wconf 86' lang='lat' dir='ltr'><strong>sicque</strong></span> <span class='ocrx_word' id='word_1_94' title='bbox 1142 1959 1277 2038; x_wconf 91' lang='lat' dir='ltr'><strong>publica-</strong></span> 
     </span>
     <span class='ocr_line' id='line_1_17' title="bbox 533 2051 1277 2130; baseline -0.005 -12"><span class='ocrx_word' id='word_1_95' title='bbox 533 2066 576 2120; x_wconf 89' lang='lat' dir='ltr'><strong>tas</strong></span> <span class='ocrx_word' id='word_1_96' title='bbox 597 2063 628 2117; x_wconf 91' lang='lat' dir='ltr'><strong>ei</strong></span> <span class='ocrx_word' id='word_1_97' title='bbox 650 2055 765 2128; x_wconf 82' lang='lat' dir='ltr'><strong>affixas,</strong></span> <span class='ocrx_word' id='word_1_98' title='bbox 782 2069 891 2114; x_wconf 89' lang='lat' dir='ltr'><strong>omues</strong></span> <span class='ocrx_word' id='word_1_99' title='bbox 907 2060 937 2114; x_wconf 89' lang='lat' dir='ltr'><strong>ei</strong></span> <span class='ocrx_word' id='word_1_100' title='bbox 952 2051 1103 2128; x_wconf 84' lang='lat' dir='ltr'><strong>singulos,</strong></span> <span class='ocrx_word' id='word_1_101' title='bbox 1115 2068 1191 2130; x_wconf 87' lang='lat' dir='ltr'><strong>quos</strong></span> <span class='ocrx_word' id='word_1_102' title='bbox 1206 2068 1277 2114; x_wconf 92' lang='lat' dir='ltr'><strong>cou-</strong></span> 
     </span>
     <span class='ocr_line' id='line_1_18' title="bbox 531 2144 1276 2222; baseline -0.005 -13"><span class='ocrx_word' id='word_1_103' title='bbox 531 2155 678 2221; x_wconf 89' lang='lat' dir='ltr'><strong>cernuni,</strong></span> <span class='ocrx_word' id='word_1_104' title='bbox 701 2163 756 2208; x_wconf 88' lang='lat' dir='ltr'><strong>seu</strong></span> <span class='ocrx_word' id='word_1_105' title='bbox 778 2153 968 2206; x_wconf 89' lang='lat' dir='ltr'><strong>concernent</strong></span> <span class='ocrx_word' id='word_1_106' title='bbox 989 2145 1021 2205; x_wconf 94' lang='lat' dir='ltr'><strong>in</strong></span> <span class='ocrx_word' id='word_1_107' title='bbox 1038 2144 1193 2220; x_wconf 89' lang='lat' dir='ltr'><strong>futurum,</strong></span> <span class='ocrx_word' id='word_1_108' title='bbox 1209 2161 1276 2222; x_wconf 89' lang='lat' dir='ltr'><strong>per-</strong></span> 
     </span>
     <span class='ocr_line' id='line_1_19' title="bbox 533 2237 1277 2315; baseline -0.005 -13"><span class='ocrx_word' id='word_1_109' title='bbox 533 2240 604 2303; x_wconf 90' lang='lat' dir='ltr'><strong>inde</strong></span> <span class='ocrx_word' id='word_1_110' title='bbox 635 2239 756 2301; x_wconf 87' lang='lat' dir='ltr'><strong>allicere</strong></span> <span class='ocrx_word' id='word_1_111' title='bbox 787 2244 819 2298; x_wconf 91' lang='lat' dir='ltr'><strong>ei</strong></span> <span class='ocrx_word' id='word_1_112' title='bbox 850 2245 983 2312; x_wconf 89' lang='lat' dir='ltr'><strong>arctare,</strong></span> <span class='ocrx_word' id='word_1_113' title='bbox 1006 2237 1084 2299; x_wconf 92' lang='lat' dir='ltr'><strong>acsi</strong></span> <span class='ocrx_word' id='word_1_114' title='bbox 1108 2238 1277 2315; x_wconf 86' lang='lat' dir='ltr'><strong>uuicuique</strong></span> 
     </span>
     <span class='ocr_line' id='line_1_20' title="bbox 533 2330 1277 2411; baseline -0.005 -16"><span class='ocrx_word' id='word_1_115' title='bbox 533 2334 657 2395; x_wconf 91' lang='lat' dir='ltr'><strong>illorum</strong></span> <span class='ocrx_word' id='word_1_116' title='bbox 680 2330 884 2411; x_wconf 88' lang='lat' dir='ltr'><strong>personaliter</strong></span> <span class='ocrx_word' id='word_1_117' title='bbox 905 2331 1067 2392; x_wconf 84' lang='lat' dir='ltr'><strong>intimatae</strong></span> <span class='ocrx_word' id='word_1_118' title='bbox 1088 2338 1119 2392; x_wconf 93' lang='lat' dir='ltr'><strong>ei</strong></span> <span class='ocrx_word' id='word_1_119' title='bbox 1141 2331 1277 2393; x_wconf 85' lang='lat' dir='ltr'><strong>notifica-</strong></span> 
     </span>
    </p>

    <p class='ocr_par' dir='ltr' id='par_1_4' title="bbox 535 2425 744 2488">
     <span class='ocr_line' id='line_1_21' title="bbox 535 2425 744 2488; baseline -0.014 0"><span class='ocrx_word' id='word_1_120' title='bbox 535 2435 582 2488; x_wconf 88' lang='lat' dir='ltr'><strong>tae</strong></span> <span class='ocrx_word' id='word_1_121' title='bbox 602 2425 744 2487; x_wconf 89' lang='lat' dir='ltr'><strong>fuissent·</strong></span> 
     </span>
    </p>

    <p class='ocr_par' dir='ltr' id='par_1_5' title="bbox 300 2473 1277 3526">
     <span class='ocr_line' id='line_1_22' title="bbox 336 2473 1276 2595; baseline 0.003 -20"><span class='ocrx_word' id='word_1_122' title='bbox 336 2529 513 2592; x_wconf 66' lang='lat' dir='ltr'><strong>rransumpus</strong></span> <span class='ocrx_word' id='word_1_123' title='bbox 573 2521 591 2595; x_wconf 66' lang='grc' dir='ltr'>ς</span> <span class='ocrx_word' id='word_1_124' title='bbox 605 2518 654 2580; x_wconf 72' lang='lat' dir='ltr'><strong>il.</strong></span> <span class='ocrx_word' id='word_1_125' title='bbox 667 2473 770 2595; x_wconf 56' lang='lat' dir='ltr'><strong>thu&#39;ue</strong></span> <span class='ocrx_word' id='word_1_126' title='bbox 781 2518 959 2580; x_wconf 90' lang='lat' dir='ltr'><strong>earumdem</strong></span> <span class='ocrx_word' id='word_1_127' title='bbox 972 2517 1182 2595; x_wconf 90' lang='lat' dir='ltr'><strong>praesentium</strong></span> <span class='ocrx_word' id='word_1_128' title='bbox 1196 2525 1276 2578; x_wconf 92' lang='lat' dir='ltr'><strong>iran-</strong></span> 
     </span>
     <span class='ocr_line' id='line_1_23' title="bbox 300 2583 1277 2690; baseline -0.012 -8"><span class='ocrx_word' id='word_1_129' title='bbox 300 2583 512 2684; x_wconf 51' lang='lat' dir='ltr'><strong>ga‘ifflnir&#39;fmmn</strong></span> <span class='ocrx_word' id='word_1_130' title='bbox 533 2613 674 2690; x_wconf 87' lang='lat' dir='ltr'><strong>sumptis,</strong></span> <span class='ocrx_word' id='word_1_131' title='bbox 691 2627 745 2672; x_wconf 89' lang='lat' dir='ltr'><strong>seu</strong></span> <span class='ocrx_word' id='word_1_132' title='bbox 761 2609 909 2687; x_wconf 83' lang='lat' dir='ltr'><strong>exemplis</strong></span> <span class='ocrx_word' id='word_1_133' title='bbox 922 2609 1014 2671; x_wconf 92' lang='lat' dir='ltr'><strong>eiiam</strong></span> <span class='ocrx_word' id='word_1_134' title='bbox 1030 2609 1197 2686; x_wconf 77' lang='lat' dir='ltr'><strong>impressio,</strong></span> <span class='ocrx_word' id='word_1_135' title='bbox 1214 2625 1277 2671; x_wconf 92' lang='lat' dir='ltr'><strong>ma-</strong></span> 
     </span>
     <span class='ocr_line' id='line_1_24' title="bbox 532 2701 1277 2780; baseline -0.007 -11"><span class='ocrx_word' id='word_1_136' title='bbox 532 2724 576 2769; x_wconf 92' lang='lat' dir='ltr'><strong>uu</strong></span> <span class='ocrx_word' id='word_1_137' title='bbox 601 2703 730 2767; x_wconf 89' lang='lat' dir='ltr'><strong>alicuius</strong></span> <span class='ocrx_word' id='word_1_138' title='bbox 752 2703 863 2764; x_wconf 89' lang='lat' dir='ltr'><strong>notarii</strong></span> <span class='ocrx_word' id='word_1_139' title='bbox 886 2701 1001 2780; x_wconf 90' lang='lat' dir='ltr'><strong>publici</strong></span> <span class='ocrx_word' id='word_1_140' title='bbox 1022 2703 1217 2780; x_wconf 89' lang='lat' dir='ltr'><strong>subscriptis,</strong></span> <span class='ocrx_word' id='word_1_141' title='bbox 1244 2721 1277 2764; x_wconf 91' lang='lat' dir='ltr'><strong>ac</strong></span> 
     </span>
     <span class='ocr_line' id='line_1_25' title="bbox 530 2795 1277 2876; baseline -0.005 -14"><span class='ocrx_word' id='word_1_142' title='bbox 530 2798 635 2876; x_wconf 87' lang='lat' dir='ltr'><strong>sigillo</strong></span> <span class='ocrx_word' id='word_1_143' title='bbox 660 2811 807 2874; x_wconf 86' lang='lat' dir='ltr'><strong>personae</strong></span> <span class='ocrx_word' id='word_1_144' title='bbox 833 2795 864 2857; x_wconf 91' lang='lat' dir='ltr'><strong>in</strong></span> <span class='ocrx_word' id='word_1_145' title='bbox 893 2795 1094 2856; x_wconf 79' lang='lat' dir='ltr'><strong>ecclesiastica</strong></span> <span class='ocrx_word' id='word_1_146' title='bbox 1125 2795 1277 2872; x_wconf 80' lang='lat' dir='ltr'><strong>dignitate</strong></span> 
     </span>
     <span class='ocr_line' id='line_1_26' title="bbox 531 2887 1277 2966; baseline -0.005 -12"><span class='ocrx_word' id='word_1_147' title='bbox 531 2891 716 2954; x_wconf 88' lang='lat' dir='ltr'><strong>constitutae</strong></span> <span class='ocrx_word' id='word_1_148' title='bbox 738 2888 885 2963; x_wconf 88' lang='lat' dir='ltr'><strong>munitis,</strong></span> <span class='ocrx_word' id='word_1_149' title='bbox 916 2888 1022 2949; x_wconf 88' lang='lat' dir='ltr'><strong>eadem</strong></span> <span class='ocrx_word' id='word_1_150' title='bbox 1048 2903 1173 2966; x_wconf 91' lang='lat' dir='ltr'><strong>prorsus</strong></span> <span class='ocrx_word' id='word_1_151' title='bbox 1202 2887 1277 2950; x_wconf 82' lang='lat' dir='ltr'><strong>fides</strong></span> 
     </span>
     <span class='ocr_line' id='line_1_27' title="bbox 531 2980 1276 3058; baseline -0.004 -13"><span class='ocrx_word' id='word_1_152' title='bbox 531 2991 594 3045; x_wconf 91' lang='lat' dir='ltr'><strong>iam</strong></span> <span class='ocrx_word' id='word_1_153' title='bbox 626 2983 658 3044; x_wconf 93' lang='lat' dir='ltr'><strong>in</strong></span> <span class='ocrx_word' id='word_1_154' title='bbox 681 2981 794 3042; x_wconf 88' lang='lat' dir='ltr'><strong>iudicio</strong></span> <span class='ocrx_word' id='word_1_155' title='bbox 821 2996 914 3058; x_wconf 87' lang='lat' dir='ltr'><strong>quam</strong></span> <span class='ocrx_word' id='word_1_156' title='bbox 946 2987 1031 3042; x_wconf 83' lang='lat' dir='ltr'><strong>entra</strong></span> <span class='ocrx_word' id='word_1_157' title='bbox 1058 2980 1134 3042; x_wconf 91' lang='lat' dir='ltr'><strong>illud</strong></span> <span class='ocrx_word' id='word_1_158' title='bbox 1161 2980 1276 3058; x_wconf 87' lang='lat' dir='ltr'><strong>ubique</strong></span> 
     </span>
     <span class='ocr_line' id='line_1_28' title="bbox 531 3073 1276 3152; baseline -0.005 -14"><span class='ocrx_word' id='word_1_159' title='bbox 531 3077 670 3138; x_wconf 92' lang='lat' dir='ltr'><strong>locorum</strong></span> <span class='ocrx_word' id='word_1_160' title='bbox 695 3075 854 3149; x_wconf 88' lang='lat' dir='ltr'><strong>habeatur,</strong></span> <span class='ocrx_word' id='word_1_161' title='bbox 871 3090 949 3152; x_wconf 89' lang='lat' dir='ltr'><strong>quae</strong></span> <span class='ocrx_word' id='word_1_162' title='bbox 970 3073 1041 3152; x_wconf 92' lang='lat' dir='ltr'><strong>ipsis</strong></span> <span class='ocrx_word' id='word_1_163' title='bbox 1064 3074 1276 3152; x_wconf 87' lang='lat' dir='ltr'><strong>praesentibus</strong></span> 
     </span>
     <span class='ocr_line' id='line_1_29' title="bbox 531 3166 1276 3242; baseline -0.011 -12"><span class='ocrx_word' id='word_1_164' title='bbox 531 3170 709 3242; x_wconf 89' lang='lat' dir='ltr'><strong>haberetur,</strong></span> <span class='ocrx_word' id='word_1_165' title='bbox 725 3168 750 3228; x_wconf 93' lang='lat' dir='ltr'><strong>si</strong></span> <span class='ocrx_word' id='word_1_166' title='bbox 769 3167 872 3230; x_wconf 89' lang='lat' dir='ltr'><strong>forent</strong></span> <span class='ocrx_word' id='word_1_167' title='bbox 893 3166 1048 3228; x_wconf 84' lang='lat' dir='ltr'><strong>exhibitae</strong></span> <span class='ocrx_word' id='word_1_168' title='bbox 1063 3166 1113 3227; x_wconf 92' lang='lat' dir='ltr'><strong>vel</strong></span> <span class='ocrx_word' id='word_1_169' title='bbox 1128 3173 1276 3228; x_wconf 90' lang='lat' dir='ltr'><strong>ostensae.</strong></span> 
     </span>
     <span class='ocr_line' id='line_1_30' title="bbox 570 3259 1277 3336; baseline -0.004 -13"><span class='ocrx_word' id='word_1_170' title='bbox 570 3262 658 3336; x_wconf 72' lang='lat' dir='ltr'><strong>§ih</strong></span> <span class='ocrx_word' id='word_1_171' title='bbox 689 3259 776 3322; x_wconf 89' lang='lat' dir='ltr'><strong>Nulli</strong></span> <span class='ocrx_word' id='word_1_172' title='bbox 802 3275 876 3336; x_wconf 85' lang='lat' dir='ltr'><strong>ergo</strong></span> <span class='ocrx_word' id='word_1_173' title='bbox 900 3259 1030 3321; x_wconf 92' lang='lat' dir='ltr'><strong>omnino</strong></span> <span class='ocrx_word' id='word_1_174' title='bbox 1055 3260 1220 3321; x_wconf 90' lang='lat' dir='ltr'><strong>bominum</strong></span> <span class='ocrx_word' id='word_1_175' title='bbox 1242 3259 1277 3320; x_wconf 91' lang='lat' dir='ltr'><strong>li·</strong></span> 
     </span>
     <span class='ocr_line' id='line_1_31' title="bbox 529 3353 1276 3432; baseline -0.005 -15"><span class='ocrx_word' id='word_1_176' title='bbox 529 3363 595 3417; x_wconf 89' lang='lat' dir='ltr'><strong>ceat</strong></span> <span class='ocrx_word' id='word_1_177' title='bbox 617 3354 760 3432; x_wconf 88' lang='lat' dir='ltr'><strong>paginam</strong></span> <span class='ocrx_word' id='word_1_178' title='bbox 780 3353 857 3414; x_wconf 90' lang='lat' dir='ltr'><strong>hanc</strong></span> <span class='ocrx_word' id='word_1_179' title='bbox 875 3360 1054 3414; x_wconf 89' lang='lat' dir='ltr'><strong>nostrarum</strong></span> <span class='ocrx_word' id='word_1_180' title='bbox 1069 3353 1276 3414; x_wconf 82' lang='lat' dir='ltr'><strong>confirmatio·</strong></span> 
     </span>
     <span class='ocr_line' id='line_1_32' title="bbox 529 3444 1275 3526; baseline -0.004 -17"><span class='ocrx_word' id='word_1_181' title='bbox 529 3449 589 3522; x_wconf 90' lang='lat' dir='ltr'><strong>nis,</strong></span> <span class='ocrx_word' id='word_1_182' title='bbox 603 3445 841 3526; x_wconf 88' lang='lat' dir='ltr'><strong>approbationis,</strong></span> <span class='ocrx_word' id='word_1_183' title='bbox 855 3445 1080 3519; x_wconf 83' lang='lat' dir='ltr'><strong>innovationis,</strong></span> <span class='ocrx_word' id='word_1_184' title='bbox 1094 3444 1275 3519; x_wconf 89' lang='lat' dir='ltr'><strong>voluntatis,</strong></span> 
     </span>
    </p>
   </div>
   <div class='ocr_carea' id='block_1_3' title="bbox 299 3275 511 3376">
    <p class='ocr_par' dir='ltr' id='par_1_6' title="bbox 299 3275 511 3376">
     <span class='ocr_line' id='line_1_33' title="bbox 310 3275 511 3332; baseline -0.005 -10"><span class='ocrx_word' id='word_1_185' title='bbox 310 3323 317 3328; x_wconf 76' lang='grc'><strong><em>,</em></strong></span> <span class='ocrx_word' id='word_1_186' title='bbox 334 3275 437 3322; x_wconf 88' lang='lat' dir='ltr'><strong>Sanctio</strong></span> <span class='ocrx_word' id='word_1_187' title='bbox 452 3285 511 3332; x_wconf 89' lang='lat' dir='ltr'><strong>poe·</strong></span> 
     </span>
     <span class='ocr_line' id='line_1_34' title="bbox 299 3329 374 3376; baseline -0.04 0"><span class='ocrx_word' id='word_1_188' title='bbox 299 3329 374 3376; x_wconf 85' lang='lat' dir='ltr'><strong>natis.</strong></span> 
     </span>
    </p>
   </div>
   <div class='ocr_carea' id='block_1_4' title="bbox 530 3528 1277 3804">
    <p class='ocr_par' dir='ltr' id='par_1_7' title="bbox 530 3528 1277 3804">
     <span class='ocr_line' id='line_1_35' title="bbox 530 3528 1277 3614; baseline -0.003 -13"><span class='ocrx_word' id='word_1_189' title='bbox 530 3539 678 3614; x_wconf 91' lang='lat' dir='ltr'><strong>mandati,</strong></span> <span class='ocrx_word' id='word_1_190' title='bbox 691 3528 812 3611; x_wconf 85' lang='lat' dir='ltr'><strong>statuti,</strong></span> <span class='ocrx_word' id='word_1_191' title='bbox 825 3536 952 3611; x_wconf 89' lang='lat' dir='ltr'><strong>decreti,</strong></span> <span class='ocrx_word' id='word_1_192' title='bbox 965 3542 996 3598; x_wconf 89' lang='lat' dir='ltr'><strong>ei</strong></span> <span class='ocrx_word' id='word_1_193' title='bbox 1007 3535 1219 3598; x_wconf 86' lang='lat' dir='ltr'><strong>declarationis</strong></span> <span class='ocrx_word' id='word_1_194' title='bbox 1232 3537 1277 3600; x_wconf 90' lang='lat' dir='ltr'><strong>in·</strong></span> 
     </span>
     <span class='ocr_line' id='line_1_36' title="bbox 531 3630 1275 3708; baseline -0.005 -14"><span class='ocrx_word' id='word_1_195' title='bbox 531 3633 668 3708; x_wconf 83' lang='lat' dir='ltr'><strong>fringere</strong></span> <span class='ocrx_word' id='word_1_196' title='bbox 696 3631 746 3693; x_wconf 92' lang='lat' dir='ltr'><strong>vel</strong></span> <span class='ocrx_word' id='word_1_197' title='bbox 768 3631 796 3692; x_wconf 91' lang='lat' dir='ltr'><strong>ei</strong></span> <span class='ocrx_word' id='word_1_198' title='bbox 818 3646 894 3692; x_wconf 89' lang='lat' dir='ltr'><strong>ausu</strong></span> <span class='ocrx_word' id='word_1_199' title='bbox 916 3630 1083 3692; x_wconf 90' lang='lat' dir='ltr'><strong>temerario</strong></span> <span class='ocrx_word' id='word_1_200' title='bbox 1110 3630 1275 3692; x_wconf 91' lang='lat' dir='ltr'><strong>contraire.</strong></span> 
     </span>
     <span class='ocr_line' id='line_1_37' title="bbox 530 3722 1275 3804; baseline -0.005 -18"><span class='ocrx_word' id='word_1_201' title='bbox 530 3722 645 3804; x_wconf 84' lang='lat' dir='ltr'><strong>Siquis</strong></span> <span class='ocrx_word' id='word_1_202' title='bbox 660 3733 765 3788; x_wconf 92' lang='lat' dir='ltr'><strong>autem</strong></span> <span class='ocrx_word' id='word_1_203' title='bbox 781 3725 838 3786; x_wconf 91' lang='lat' dir='ltr'><strong>hoc</strong></span> <span class='ocrx_word' id='word_1_204' title='bbox 853 3728 1007 3785; x_wconf 91' lang='lat' dir='ltr'><strong>attentare</strong></span> <span class='ocrx_word' id='word_1_205' title='bbox 1022 3722 1275 3801; x_wconf 85' lang='lat' dir='ltr'><strong>praesumpserit,</strong></span> 
     </span>
    </p>
   </div>
   <div class='ocr_carea' id='block_1_5' title="bbox 530 3961 1275 4155">
    <p class='ocr_par' dir='ltr' id='par_1_8' title="bbox 530 3961 1275 4155">
     <span class='ocr_line' id='line_1_38' title="bbox 571 3961 1275 4020; baseline -0.001 -12"><span class='ocrx_word' id='word_1_206' title='bbox 571 3964 600 4020; x_wconf 88' lang='grc'><strong>(1)</strong></span> <span class='ocrx_word' id='word_1_207' title='bbox 616 3965 653 4008; x_wconf 81' lang='lat' dir='ltr'><strong>Ex</strong></span> <span class='ocrx_word' id='word_1_208' title='bbox 667 3962 733 4008; x_wconf 88' lang='lat' dir='ltr'><strong>Bull.</strong></span> <span class='ocrx_word' id='word_1_209' title='bbox 749 3961 830 4007; x_wconf 89' lang='lat' dir='ltr'><strong>huius</strong></span> <span class='ocrx_word' id='word_1_210' title='bbox 844 3965 914 4018; x_wconf 86' lang='lat' dir='ltr'><strong>pout.</strong></span> <span class='ocrx_word' id='word_1_211' title='bbox 930 3963 1029 4007; x_wconf 79' lang='lat' dir='ltr'><strong>Romae</strong></span> <span class='ocrx_word' id='word_1_212' title='bbox 1044 3961 1082 4007; x_wconf 86' lang='lat' dir='ltr'><strong>ed.</strong></span> <span class='ocrx_word' id='word_1_213' title='bbox 1097 3973 1121 4008; x_wconf 89' lang='lat' dir='ltr'><strong>a.</strong></span> <span class='ocrx_word' id='word_1_214' title='bbox 1133 3973 1275 4008; x_wconf 80' lang='lat' dir='ltr'><strong>unocxuvu</strong></span> 
     </span>
     <span class='ocr_line' id='line_1_39' title="bbox 530 4028 1275 4087; baseline 0.003 -13"><span class='ocrx_word' id='word_1_215' title='bbox 530 4032 587 4087; x_wconf 85' lang='lat' dir='ltr'><strong>seq.</strong></span> <span class='ocrx_word' id='word_1_216' title='bbox 601 4029 641 4076; x_wconf 91' lang='lat' dir='ltr'><strong>lit.</strong></span> <span class='ocrx_word' id='word_1_217' title='bbox 662 4041 703 4087; x_wconf 91' lang='lat' dir='ltr'><strong>ap.</strong></span> <span class='ocrx_word' id='word_1_218' title='bbox 719 4032 743 4075; x_wconf 87' lang='lat' dir='ltr'><strong>S.</strong></span> <span class='ocrx_word' id='word_1_219' title='bbox 758 4031 784 4073; x_wconf 90' lang='lat' dir='ltr'><strong>P.</strong></span> <span class='ocrx_word' id='word_1_220' title='bbox 799 4029 903 4075; x_wconf 77' lang='lat' dir='ltr'><strong>Vicario</strong></span> <span class='ocrx_word' id='word_1_221' title='bbox 925 4029 1095 4075; x_wconf 88' lang='lat' dir='ltr'><strong>Cociuchinae</strong></span> <span class='ocrx_word' id='word_1_222' title='bbox 1115 4028 1275 4085; x_wconf 79' lang='lat' dir='ltr'><strong>legationem</strong></span> 
     </span>
     <span class='ocr_line' id='line_1_40' title="bbox 530 4095 874 4155; baseline -0.006 -13"><span class='ocrx_word' id='word_1_223' title='bbox 530 4100 574 4155; x_wconf 76' lang='lat' dir='ltr'><strong>Ep.</strong></span> <span class='ocrx_word' id='word_1_224' title='bbox 590 4097 742 4153; x_wconf 78' lang='lat' dir='ltr'><strong>cor&#39;ycensis</strong></span> <span class='ocrx_word' id='word_1_225' title='bbox 756 4095 874 4141; x_wconf 84' lang='lat' dir='ltr'><strong>nunciat.</strong></span> 
     </span>
    </p>
   </div>
   <div class='ocr_carea' id='block_1_6' title="bbox 530 4231 1273 4354">
    <p class='ocr_par' dir='ltr' id='par_1_9' title="bbox 530 4231 1273 4354">
     <span class='ocr_line' id='line_1_41' title="bbox 563 4231 1247 4282; baseline -0.004 -5"><span class='ocrx_word' id='word_1_226' title='bbox 563 4233 709 4278; x_wconf 53' lang='lat' dir='ltr'><strong>verenabili</strong></span> <span class='ocrx_word' id='word_1_227' title='bbox 722 4235 805 4282; x_wconf 61' lang='lat' dir='ltr'><strong>matri</strong></span> <span class='ocrx_word' id='word_1_228' title='bbox 820 4233 958 4276; x_wconf 72' lang='lat' dir='ltr'><strong>immundo</strong></span> <span class='ocrx_word' id='word_1_229' title='bbox 972 4231 1116 4275; x_wconf 79' lang='lat' dir='ltr'><strong>Franciaco</strong></span> <span class='ocrx_word' id='word_1_230' title='bbox 1131 4234 1154 4275; x_wconf 83' lang='lat' dir='ltr'><strong>te</strong></span> <span class='ocrx_word' id='word_1_231' title='bbox 1166 4233 1247 4275; x_wconf 77' lang='lat' dir='ltr'><strong>Febre</strong></span> 
     </span>
     <span class='ocr_line' id='line_1_42' title="bbox 530 4299 1273 4354; baseline -0.001 -8"><span class='ocrx_word' id='word_1_232' title='bbox 530 4301 657 4354; x_wconf 72' lang='lat' dir='ltr'><strong>rencone</strong></span> <span class='ocrx_word' id='word_1_233' title='bbox 671 4301 793 4344; x_wconf 82' lang='lat' dir='ltr'><strong>Noctensi</strong></span> <span class='ocrx_word' id='word_1_234' title='bbox 814 4301 916 4344; x_wconf 82' lang='lat' dir='ltr'><strong>Vinaria</strong></span> <span class='ocrx_word' id='word_1_235' title='bbox 931 4301 1077 4351; x_wconf 72' lang='lat' dir='ltr'><strong>apostolico</strong></span> <span class='ocrx_word' id='word_1_236' title='bbox 1094 4299 1273 4346; x_wconf 58' lang='lat' dir='ltr'><strong>comacliensis</strong></span> 
     </span>
    </p>
   </div>
   <div class='ocr_carea' id='block_1_7' title="bbox 721 4433 1082 4477">
    <p class='ocr_par' dir='ltr' id='par_1_10' title="bbox 721 4433 1082 4477">
     <span class='ocr_line' id='line_1_43' title="bbox 721 4433 1082 4477; baseline -0.003 0"><span class='ocrx_word' id='word_1_237' title='bbox 721 4433 913 4477; x_wconf 75' lang='lat' dir='ltr'><strong>euhemerus</strong></span> <span class='ocrx_word' id='word_1_238' title='bbox 927 4433 1006 4476; x_wconf 78' lang='lat' dir='ltr'><strong>Para</strong></span> <span class='ocrx_word' id='word_1_239' title='bbox 1021 4433 1082 4476; x_wconf 86' lang='lat' dir='ltr'>XIV.</span> 
     </span>
    </p>
   </div>
   <div class='ocr_carea' id='block_1_8' title="bbox 1048 532 1545 586">
    <p class='ocr_par' dir='ltr' id='par_1_11' title="bbox 1048 532 1545 586">
     <span class='ocr_line' id='line_1_44' title="bbox 1048 532 1545 586; baseline -0.014 -1"><span class='ocrx_word' id='word_1_240' title='bbox 1048 539 1111 586; x_wconf 79' lang='lat' dir='ltr'><strong>itih-</strong></span> <span class='ocrx_word' id='word_1_241' title='bbox 1137 538 1227 584; x_wconf 81' lang='lat' dir='ltr'><strong>PON&#39;l&#39;·</strong></span> <span class='ocrx_word' id='word_1_242' title='bbox 1251 535 1292 582; x_wconf 76' lang='lat' dir='ltr'><strong>DE</strong></span> <span class='ocrx_word' id='word_1_243' title='bbox 1314 538 1341 581; x_wconf 87' lang='lat' dir='ltr'><strong>P·</strong></span> <span class='ocrx_word' id='word_1_244' title='bbox 1367 535 1395 582; x_wconf 78' lang='lat' dir='ltr'><strong>ii.</strong></span> <span class='ocrx_word' id='word_1_245' title='bbox 1420 532 1502 581; x_wconf 78' lang='lat' dir='ltr'>PARS</span> <span class='ocrx_word' id='word_1_246' title='bbox 1523 535 1545 578; x_wconf 91' lang='lat'><strong>1.</strong></span> 
     </span>
    </p>
   </div>
   <div class='ocr_carea' id='block_1_9' title="bbox 1303 4244 1305 4291">
    <p class='ocr_par' dir='ltr' id='par_1_12' title="bbox 1303 4244 1305 4291">
     <span class='ocr_line' id='line_1_45' title="bbox 1303 4244 1305 4259; baseline 0 0"><span class='ocrx_word' id='word_1_247' title='bbox 1303 4244 1305 4259; x_wconf 91' lang='lat' dir='ltr'><strong>i</strong></span> 
     </span>
     <span class='ocr_line' id='line_1_46' title="bbox 1303 4270 1305 4291; baseline 0 0"><span class='ocrx_word' id='word_1_248' title='bbox 1303 4270 1305 4291; x_wconf 90' lang='lat' dir='ltr'><strong>i</strong></span> 
     </span>
    </p>
   </div>
   <div class='ocr_carea' id='block_1_10' title="bbox 2108 512 2304 568">
    <p class='ocr_par' dir='ltr' id='par_1_13' title="bbox 2108 512 2304 568">
     <span class='ocr_line' id='line_1_47' title="bbox 2108 512 2304 568; baseline -0.031 0"><span class='ocrx_word' id='word_1_249' title='bbox 2108 514 2161 568; x_wconf 79' lang='lat' dir='ltr'><strong>An.</strong></span> <span class='ocrx_word' id='word_1_250' title='bbox 2175 516 2208 565; x_wconf 84' lang='lat' dir='ltr'><strong>O.</strong></span> <span class='ocrx_word' id='word_1_251' title='bbox 2232 512 2304 562; x_wconf 75' lang='lat'><strong>1744</strong></span> 
     </span>
    </p>
   </div>
   <div class='ocr_carea' id='block_1_11' title="bbox 1330 651 2076 1273">
    <p class='ocr_par' dir='ltr' id='par_1_14' title="bbox 1330 651 2076 903">
     <span class='ocr_line' id='line_1_48' title="bbox 1331 651 2076 732; baseline 0.001 -19"><span class='ocrx_word' id='word_1_252' title='bbox 1331 653 1581 730; x_wconf 86' lang='lat' dir='ltr'><strong>indignationem</strong></span> <span class='ocrx_word' id='word_1_253' title='bbox 1596 653 1824 732; x_wconf 78' lang='lat' dir='ltr'><strong>omnipotentis</strong></span> <span class='ocrx_word' id='word_1_254' title='bbox 1845 651 1909 725; x_wconf 83' lang='lat' dir='ltr'><strong>liei,</strong></span> <span class='ocrx_word' id='word_1_255' title='bbox 1929 651 2076 715; x_wconf 91' lang='lat' dir='ltr'><strong>acbeato-</strong></span> 
     </span>
     <span class='ocr_line' id='line_1_49' title="bbox 1330 745 2076 823; baseline -0.001 -15"><span class='ocrx_word' id='word_1_256' title='bbox 1330 764 1401 809; x_wconf 90' lang='lat' dir='ltr'><strong>rum</strong></span> <span class='ocrx_word' id='word_1_257' title='bbox 1430 747 1514 808; x_wconf 90' lang='lat' dir='ltr'><strong>Petri</strong></span> <span class='ocrx_word' id='word_1_258' title='bbox 1535 754 1567 809; x_wconf 90' lang='lat' dir='ltr'><strong>ei</strong></span> <span class='ocrx_word' id='word_1_259' title='bbox 1599 746 1682 807; x_wconf 89' lang='lat' dir='ltr'><strong>Pauli</strong></span> <span class='ocrx_word' id='word_1_260' title='bbox 1711 745 1929 823; x_wconf 79' lang='lat' dir='ltr'><strong>Apostolorum</strong></span> <span class='ocrx_word' id='word_1_261' title='bbox 1954 746 2021 807; x_wconf 89' lang='lat' dir='ltr'><strong>eius</strong></span> <span class='ocrx_word' id='word_1_262' title='bbox 2042 763 2076 807; x_wconf 91' lang='lat' dir='ltr'><strong>se</strong></span> 
     </span>
     <span class='ocr_line' id='line_1_50' title="bbox 1331 839 1695 903; baseline -0.011 -1"><span class='ocrx_word' id='word_1_263' title='bbox 1331 839 1456 903; x_wconf 91' lang='lat' dir='ltr'><strong>noverit</strong></span> <span class='ocrx_word' id='word_1_264' title='bbox 1483 841 1695 901; x_wconf 90' lang='lat' dir='ltr'><strong>incursurum.</strong></span> 
     </span>
    </p>

    <p class='ocr_par' dir='ltr' id='par_1_15' title="bbox 1330 931 2076 1273">
     <span class='ocr_line' id='line_1_51' title="bbox 1370 931 2075 1009; baseline -0.001 -15"><span class='ocrx_word' id='word_1_265' title='bbox 1370 933 1482 994; x_wconf 77' lang='lat' dir='ltr'><strong>batum</strong></span> <span class='ocrx_word' id='word_1_266' title='bbox 1497 932 1624 1007; x_wconf 87' lang='lat' dir='ltr'><strong>Romae,</strong></span> <span class='ocrx_word' id='word_1_267' title='bbox 1640 933 1718 1009; x_wconf 89' lang='lat' dir='ltr'><strong>apud</strong></span> <span class='ocrx_word' id='word_1_268' title='bbox 1736 931 1768 994; x_wconf 90' lang='lat' dir='ltr'><strong>S.</strong></span> <span class='ocrx_word' id='word_1_269' title='bbox 1780 933 1906 994; x_wconf 88' lang='lat' dir='ltr'><strong>hieriam</strong></span> <span class='ocrx_word' id='word_1_270' title='bbox 1919 932 2075 1008; x_wconf 83' lang='lat' dir='ltr'><strong>liniarem,</strong></span> 
     </span>
     <span class='ocr_line' id='line_1_52' title="bbox 1330 1025 2075 1100; baseline 0 -16"><span class='ocrx_word' id='word_1_271' title='bbox 1330 1041 1412 1087; x_wconf 89' lang='lat' dir='ltr'><strong>auno</strong></span> <span class='ocrx_word' id='word_1_272' title='bbox 1434 1025 1656 1086; x_wconf 87' lang='lat' dir='ltr'><strong>incarnationis</strong></span> <span class='ocrx_word' id='word_1_273' title='bbox 1681 1025 1856 1087; x_wconf 84' lang='lat' dir='ltr'><strong>Dominicae</strong></span> <span class='ocrx_word' id='word_1_274' title='bbox 1889 1041 2075 1100; x_wconf 68' lang='lat' dir='ltr'><strong>unccxurv,</strong></span> 
     </span>
     <span class='ocr_line' id='line_1_53' title="bbox 1331 1117 2076 1194; baseline -0.001 -14"><span class='ocrx_word' id='word_1_275' title='bbox 1331 1129 1438 1180; x_wconf 90' lang='lat' dir='ltr'><strong>octavo</strong></span> <span class='ocrx_word' id='word_1_276' title='bbox 1460 1117 1527 1179; x_wconf 87' lang='lat' dir='ltr'><strong>idus</strong></span> <span class='ocrx_word' id='word_1_277' title='bbox 1549 1117 1739 1189; x_wconf 71' lang='lat' dir='ltr'><strong>novembris</strong></span> <span class='ocrx_word' id='word_1_278' title='bbox 1763 1117 1961 1194; x_wconf 83' lang='lat' dir='ltr'><strong>pontificatus</strong></span> <span class='ocrx_word' id='word_1_279' title='bbox 1979 1119 2076 1179; x_wconf 90' lang='lat' dir='ltr'><strong>nostri</strong></span> 
     </span>
     <span class='ocr_line' id='line_1_54' title="bbox 1330 1227 1462 1273; baseline -0.008 -2"><span class='ocrx_word' id='word_1_280' title='bbox 1330 1227 1412 1273; x_wconf 93' lang='lat' dir='ltr'><strong>anuo</strong></span> <span class='ocrx_word' id='word_1_281' title='bbox 1433 1228 1462 1271; x_wconf 92' lang='lat' dir='ltr'><strong>v.</strong></span> 
     </span>
    </p>
   </div>
   <div class='ocr_carea' id='block_1_12' title="bbox 1668 1493 1744 1555">
    <p class='ocr_par' dir='ltr' id='par_1_16' title="bbox 1668 1493 1744 1555">
     <span class='ocr_line' id='line_1_55' title="bbox 1668 1493 1744 1555; baseline -0.013 -1"><span class='ocrx_word' id='word_1_282' title='bbox 1668 1493 1744 1555; x_wconf 80' lang='lat' dir='ltr'><strong>tvl.</strong></span> 
     </span>
    </p>
   </div>
   <div class='ocr_carea' id='block_1_13' title="bbox 1335 1675 2078 2038">
    <p class='ocr_par' dir='ltr' id='par_1_17' title="bbox 1335 1675 2078 2038">
     <span class='ocr_line' id='line_1_56' title="bbox 1335 1675 2077 1759; baseline 0.003 -21"><span class='ocrx_word' id='word_1_283' title='bbox 1335 1675 1497 1740; x_wconf 84' lang='lat' dir='ltr'><strong>Vicoricrn</strong></span> <span class='ocrx_word' id='word_1_284' title='bbox 1525 1679 1738 1757; x_wconf 84' lang='lat' dir='ltr'><strong>apostolicum</strong></span> <span class='ocrx_word' id='word_1_285' title='bbox 1767 1681 1802 1741; x_wconf 86' lang='lat' dir='ltr'><strong>in</strong></span> <span class='ocrx_word' id='word_1_286' title='bbox 1828 1679 1933 1759; x_wconf 71' lang='lat' dir='ltr'><strong>Regno</strong></span> <span class='ocrx_word' id='word_1_287' title='bbox 1967 1677 2077 1742; x_wconf 87' lang='lat' dir='ltr'><strong>Cocin-</strong></span> 
     </span>
     <span class='ocr_line' id='line_1_57' title="bbox 1372 1769 2077 1850; baseline 0.009 -22"><span class='ocrx_word' id='word_1_288' title='bbox 1372 1769 1485 1832; x_wconf 85' lang='lat' dir='ltr'><strong>chiaoc</strong></span> <span class='ocrx_word' id='word_1_289' title='bbox 1520 1788 1592 1833; x_wconf 83' lang='lat' dir='ltr'><strong>cam</strong></span> <span class='ocrx_word' id='word_1_290' title='bbox 1629 1771 1848 1850; x_wconf 73' lang='lat' dir='ltr'><strong>facultatibus</strong></span> <span class='ocrx_word' id='word_1_291' title='bbox 1888 1774 2077 1850; x_wconf 82' lang='lat' dir='ltr'><strong>opportunis</strong></span> 
     </span>
     <span class='ocr_line' id='line_1_58' title="bbox 1371 1863 2078 1935; baseline 0.006 -13"><span class='ocrx_word' id='word_1_292' title='bbox 1371 1863 1490 1935; x_wconf 85' lang='lat' dir='ltr'><strong>mittit,</strong></span> <span class='ocrx_word' id='word_1_293' title='bbox 1505 1868 1543 1925; x_wconf 87' lang='lat' dir='ltr'><strong>cti</strong></span> <span class='ocrx_word' id='word_1_294' title='bbox 1563 1865 1797 1926; x_wconf 81' lang='lat' dir='ltr'><strong>controuersias</strong></span> <span class='ocrx_word' id='word_1_295' title='bbox 1818 1865 2008 1927; x_wconf 81' lang='lat' dir='ltr'><strong>nt-iasionttm</strong></span> <span class='ocrx_word' id='word_1_296' title='bbox 2030 1866 2078 1926; x_wconf 87' lang='lat' dir='ltr'><strong>di-</strong></span> 
     </span>
     <span class='ocr_line' id='line_1_59' title="bbox 1372 1955 2074 2038; baseline 0.006 -24"><span class='ocrx_word' id='word_1_297' title='bbox 1372 1955 1472 2018; x_wconf 85' lang='lat' dir='ltr'><strong>rimat</strong></span> <span class='ocrx_word' id='word_1_298' title='bbox 1493 1971 1666 2034; x_wconf 80' lang='lat' dir='ltr'><strong>coramque</strong></span> <span class='ocrx_word' id='word_1_299' title='bbox 1688 1956 1807 2018; x_wconf 82' lang='lat' dir='ltr'><strong>limites</strong></span> <span class='ocrx_word' id='word_1_300' title='bbox 1822 1958 2005 2020; x_wconf 80' lang='lat' dir='ltr'><strong>carretituot</strong></span> <span class='ocrx_word' id='word_1_301' title='bbox 2019 1957 2074 2038; x_wconf 83' lang='lat' dir='ltr'><strong>(l).</strong></span> 
     </span>
    </p>
   </div>
   <div class='ocr_carea' id='block_1_14' title="bbox 1335 2135 2076 2406">
    <p class='ocr_par' dir='ltr' id='par_1_18' title="bbox 1335 2135 2076 2406">
     <span class='ocr_line' id='line_1_60' title="bbox 1335 2135 2076 2224; baseline 0.008 -23"><span class='ocrx_word' id='word_1_302' title='bbox 1335 2135 2076 2224; x_wconf 57' lang='lat' dir='ltr'><strong>mmmssmfflwhmhfflmm</strong></span> 
     </span>
     <span class='ocr_line' id='line_1_61' title="bbox 1372 2228 2076 2317; baseline 0.009 -23"><span class='ocrx_word' id='word_1_303' title='bbox 1372 2228 2076 2317; x_wconf 57' lang='lat' dir='ltr'><strong>cmmmmmmmhwhmm</strong></span> 
     </span>
     <span class='ocr_line' id='line_1_62' title="bbox 1372 2319 1713 2406; baseline 0.021 -19"><span class='ocrx_word' id='word_1_304' title='bbox 1372 2319 1518 2391; x_wconf 80' lang='lat' dir='ltr'><strong>lunohini</strong></span> <span class='ocrx_word' id='word_1_305' title='bbox 1541 2325 1713 2406; x_wconf 81' lang='lat' dir='ltr'><strong>orientalia,</strong></span> 
     </span>
    </p>
   </div>
   <div class='ocr_carea' id='block_1_15' title="bbox 1492 2469 1915 2541">
    <p class='ocr_par' dir='ltr' id='par_1_19' title="bbox 1492 2469 1915 2541">
     <span class='ocr_line' id='line_1_63' title="bbox 1492 2469 1915 2541; baseline 0.005 -2"><span class='ocrx_word' id='word_1_306' title='bbox 1492 2469 1735 2540; x_wconf 71' lang='lat' dir='ltr'><strong>causaturus</strong></span> <span class='ocrx_word' id='word_1_307' title='bbox 1763 2473 1821 2541; x_wconf 85' lang='grc' dir='ltr'><strong>ΡΡ.</strong></span> <span class='ocrx_word' id='word_1_308' title='bbox 1845 2473 1915 2541; x_wconf 87' lang='lat' dir='ltr'><strong>xiii.</strong></span> 
     </span>
    </p>
   </div>
   <div class='ocr_carea' id='block_1_16' title="bbox 1366 2608 2040 2786">
    <p class='ocr_par' dir='ltr' id='par_1_20' title="bbox 1366 2608 2040 2786">
     <span class='ocr_line' id='line_1_64' title="bbox 1549 2608 1864 2688; baseline 0.006 -15"><span class='ocrx_word' id='word_1_309' title='bbox 1549 2608 1864 2688; x_wconf 59' lang='lat' dir='ltr'><strong>lmmmmm</strong></span> 
     </span>
     <span class='ocr_line' id='line_1_65' title="bbox 1366 2701 2040 2786; baseline -0.006 -18"><span class='ocrx_word' id='word_1_310' title='bbox 1366 2701 2040 2786; x_wconf 56' lang='lat' dir='ltr'><strong>mmmmfflmmmmm.</strong></span> 
     </span>
    </p>
   </div>
   <div class='ocr_carea' id='block_1_17' title="bbox 1331 2889 2362 3806">
    <p class='ocr_par' dir='ltr' id='par_1_21' title="bbox 1331 2889 2362 3806">
     <span class='ocr_line' id='line_1_66' title="bbox 1371 2889 2314 2970; baseline 0.003 -19"><span class='ocrx_word' id='word_1_311' title='bbox 1371 2889 1570 2970; x_wconf 83' lang='lat' dir='ltr'><strong>Quantopere</strong></span> <span class='ocrx_word' id='word_1_312' title='bbox 1591 2894 1699 2955; x_wconf 88' lang='lat' dir='ltr'><strong>caritas</strong></span> <span class='ocrx_word' id='word_1_313' title='bbox 1722 2893 1837 2955; x_wconf 88' lang='lat' dir='ltr'><strong>Christi</strong></span> <span class='ocrx_word' id='word_1_314' title='bbox 1862 2901 1894 2956; x_wconf 89' lang='lat' dir='ltr'><strong>et</strong></span> <span class='ocrx_word' id='word_1_315' title='bbox 1917 2893 2079 2956; x_wconf 87' lang='lat' dir='ltr'><strong>solicitudo</strong></span> <span class='ocrx_word' id='word_1_316' title='bbox 2149 2899 2314 2960; x_wconf 74' lang='lat' dir='ltr'><strong>,inosio&#39;icao</strong></span> 
     </span>
     <span class='ocr_line' id='line_1_67' title="bbox 1332 2951 2315 3067; baseline 0.004 -24"><span class='ocrx_word' id='word_1_317' title='bbox 1332 2970 1473 3045; x_wconf 76' lang='lat' dir='ltr'><strong>oninium</strong></span> <span class='ocrx_word' id='word_1_318' title='bbox 1491 2985 1693 3048; x_wconf 85' lang='lat' dir='ltr'><strong>Ecclesiaram</strong></span> <span class='ocrx_word' id='word_1_319' title='bbox 1706 3002 1819 3062; x_wconf 88' lang='lat' dir='ltr'><strong>urgere</strong></span> <span class='ocrx_word' id='word_1_320' title='bbox 1831 2995 1938 3066; x_wconf 81' lang='lat' dir='ltr'><strong>pergat</strong></span> <span class='ocrx_word' id='word_1_321' title='bbox 1949 2988 2077 3065; x_wconf 81' lang='lat' dir='ltr'><strong>hposio·</strong></span> <span class='ocrx_word' id='word_1_322' title='bbox 2097 2951 2168 3050; x_wconf 57' lang='lat' dir='ltr'><strong>{iffi</strong></span> <span class='ocrx_word' id='word_1_323' title='bbox 2179 2962 2315 3067; x_wconf 48' lang='lat' dir='ltr'><strong>‚iuriirfliit’</strong></span> 
     </span>
     <span class='ocr_line' id='line_1_68' title="bbox 1332 3057 2362 3158; baseline 0.006 -23"><span class='ocrx_word' id='word_1_324' title='bbox 1332 3075 1421 3137; x_wconf 87' lang='lat' dir='ltr'><strong>licam</strong></span> <span class='ocrx_word' id='word_1_325' title='bbox 1438 3077 1514 3139; x_wconf 91' lang='lat' dir='ltr'><strong>hanc</strong></span> <span class='ocrx_word' id='word_1_326' title='bbox 1526 3077 1669 3140; x_wconf 88' lang='lat' dir='ltr'><strong>Sanctam</strong></span> <span class='ocrx_word' id='word_1_327' title='bbox 1682 3079 1804 3154; x_wconf 91' lang='lat' dir='ltr'><strong>Sedem,</strong></span> <span class='ocrx_word' id='word_1_328' title='bbox 1817 3081 1905 3142; x_wconf 91' lang='lat' dir='ltr'><strong>cuius</strong></span> <span class='ocrx_word' id='word_1_329' title='bbox 1920 3088 2076 3158; x_wconf 88' lang='lat' dir='ltr'><strong>pastorum</strong></span> <span class='ocrx_word' id='word_1_330' title='bbox 2097 3057 2271 3104; x_wconf 60' lang='lat' dir='ltr'>⁰⁰⁶¹⁰⁸¹³f¹¹¹¹¹·</span> <span class='ocrx_word' id='word_1_331' title='bbox 2361 3083 2362 3086; x_wconf 75' lang='grc'>’</span> 
     </span>
     <span class='ocr_line' id='line_1_69' title="bbox 1331 3168 2076 3250; baseline 0.007 -21"><span class='ocrx_word' id='word_1_332' title='bbox 1331 3168 1473 3247; x_wconf 91' lang='lat' dir='ltr'><strong>princeps</strong></span> <span class='ocrx_word' id='word_1_333' title='bbox 1502 3170 1585 3231; x_wconf 90' lang='lat' dir='ltr'><strong>lesus</strong></span> <span class='ocrx_word' id='word_1_334' title='bbox 1614 3171 1753 3233; x_wconf 88' lang='lat' dir='ltr'><strong>Christus</strong></span> <span class='ocrx_word' id='word_1_335' title='bbox 1774 3188 1830 3250; x_wconf 90' lang='lat' dir='ltr'><strong>per</strong></span> <span class='ocrx_word' id='word_1_336' title='bbox 1857 3171 2076 3234; x_wconf 91' lang='lat' dir='ltr'><strong>abundantiam</strong></span> 
     </span>
     <span class='ocr_line' id='line_1_70' title="bbox 1331 3261 2078 3343; baseline 0.004 -20"><span class='ocrx_word' id='word_1_337' title='bbox 1331 3261 1455 3323; x_wconf 91' lang='lat' dir='ltr'><strong>divinae</strong></span> <span class='ocrx_word' id='word_1_338' title='bbox 1477 3263 1621 3324; x_wconf 90' lang='lat' dir='ltr'><strong>bonitatis</strong></span> <span class='ocrx_word' id='word_1_339' title='bbox 1642 3264 1730 3326; x_wconf 93' lang='lat' dir='ltr'><strong>nobis</strong></span> <span class='ocrx_word' id='word_1_340' title='bbox 1749 3265 1889 3343; x_wconf 83' lang='lat' dir='ltr'><strong>quamvis</strong></span> <span class='ocrx_word' id='word_1_341' title='bbox 1910 3265 2078 3328; x_wconf 88' lang='lat' dir='ltr'><strong>immeren-</strong></span> 
     </span>
     <span class='ocr_line' id='line_1_71' title="bbox 1332 3354 2077 3437; baseline 0.004 -22"><span class='ocrx_word' id='word_1_342' title='bbox 1332 3354 1414 3416; x_wconf 92' lang='lat' dir='ltr'><strong>tibus</strong></span> <span class='ocrx_word' id='word_1_343' title='bbox 1435 3355 1580 3417; x_wconf 85' lang='lat' dir='ltr'><strong>vicariam</strong></span> <span class='ocrx_word' id='word_1_344' title='bbox 1609 3358 1799 3419; x_wconf 89' lang='lat' dir='ltr'><strong>auctoritatis</strong></span> <span class='ocrx_word' id='word_1_345' title='bbox 1820 3374 1893 3419; x_wconf 87' lang='lat' dir='ltr'><strong>suae</strong></span> <span class='ocrx_word' id='word_1_346' title='bbox 1915 3359 1947 3419; x_wconf 90' lang='lat' dir='ltr'><strong>iu</strong></span> <span class='ocrx_word' id='word_1_347' title='bbox 1971 3374 2077 3437; x_wconf 89' lang='lat' dir='ltr'><strong>supre-</strong></span> 
     </span>
     <span class='ocr_line' id='line_1_72' title="bbox 1332 3447 2078 3512; baseline 0.007 -5"><span class='ocrx_word' id='word_1_348' title='bbox 1332 3462 1381 3507; x_wconf 89' lang='lat' dir='ltr'><strong>ma</strong></span> <span class='ocrx_word' id='word_1_349' title='bbox 1396 3447 1563 3509; x_wconf 91' lang='lat' dir='ltr'><strong>catholicae</strong></span> <span class='ocrx_word' id='word_1_350' title='bbox 1579 3449 1729 3511; x_wconf 88' lang='lat' dir='ltr'><strong>Ecclesiae</strong></span> <span class='ocrx_word' id='word_1_351' title='bbox 1740 3449 2008 3512; x_wconf 89' lang='lat' dir='ltr'><strong>administratione</strong></span> <span class='ocrx_word' id='word_1_352' title='bbox 2023 3452 2078 3512; x_wconf 93' lang='lat' dir='ltr'><strong>tri·</strong></span> 
     </span>
     <span class='ocr_line' id='line_1_73' title="bbox 1332 3538 2078 3618; baseline 0.007 -18"><span class='ocrx_word' id='word_1_353' title='bbox 1332 3538 1399 3601; x_wconf 92' lang='lat' dir='ltr'><strong>buit</strong></span> <span class='ocrx_word' id='word_1_354' title='bbox 1420 3547 1622 3618; x_wconf 88' lang='lat' dir='ltr'><strong>potestatem,</strong></span> <span class='ocrx_word' id='word_1_355' title='bbox 1646 3541 1720 3602; x_wconf 90' lang='lat' dir='ltr'><strong>adeo</strong></span> <span class='ocrx_word' id='word_1_356' title='bbox 1741 3551 1864 3604; x_wconf 88' lang='lat' dir='ltr'><strong>cerium</strong></span> <span class='ocrx_word' id='word_1_357' title='bbox 1893 3551 1954 3618; x_wconf 91' lang='lat' dir='ltr'><strong>est,</strong></span> <span class='ocrx_word' id='word_1_358' title='bbox 1976 3551 2011 3605; x_wconf 94' lang='lat' dir='ltr'><strong>ut</strong></span> <span class='ocrx_word' id='word_1_359' title='bbox 2033 3543 2078 3605; x_wconf 94' lang='lat' dir='ltr'><strong>lu-</strong></span> 
     </span>
     <span class='ocr_line' id='line_1_74' title="bbox 1332 3629 2079 3712; baseline 0.004 -19"><span class='ocrx_word' id='word_1_360' title='bbox 1332 3629 1543 3694; x_wconf 89' lang='lat' dir='ltr'><strong>culentissima</strong></span> <span class='ocrx_word' id='word_1_361' title='bbox 1566 3635 1749 3712; x_wconf 90' lang='lat' dir='ltr'><strong>apostolicae</strong></span> <span class='ocrx_word' id='word_1_362' title='bbox 1769 3637 1903 3698; x_wconf 90' lang='lat' dir='ltr'><strong>caritatis</strong></span> <span class='ocrx_word' id='word_1_363' title='bbox 1925 3643 1955 3697; x_wconf 89' lang='lat' dir='ltr'><strong>ei</strong></span> <span class='ocrx_word' id='word_1_364' title='bbox 1979 3635 2079 3698; x_wconf 91' lang='lat' dir='ltr'><strong>solici-</strong></span> 
     </span>
     <span class='ocr_line' id='line_1_75' title="bbox 1334 3723 2080 3806; baseline 0.008 -22"><span class='ocrx_word' id='word_1_365' title='bbox 1334 3723 1451 3786; x_wconf 91' lang='lat' dir='ltr'><strong>tudinis</strong></span> <span class='ocrx_word' id='word_1_366' title='bbox 1472 3726 1654 3788; x_wconf 89' lang='lat' dir='ltr'><strong>huiusmodi</strong></span> <span class='ocrx_word' id='word_1_367' title='bbox 1675 3736 1860 3803; x_wconf 84' lang='lat' dir='ltr'><strong>argumenta</strong></span> <span class='ocrx_word' id='word_1_368' title='bbox 1883 3728 1998 3806; x_wconf 81' lang='lat' dir='ltr'><strong>ubique</strong></span> <span class='ocrx_word' id='word_1_369' title='bbox 2020 3737 2080 3790; x_wconf 91' lang='lat' dir='ltr'><strong>ter·</strong></span> 
     </span>
    </p>
   </div>
   <div class='ocr_carea' id='block_1_18' title="bbox 1330 3963 2079 4490">
    <p class='ocr_par' dir='ltr' id='par_1_22' title="bbox 1330 3963 2079 4490">
     <span class='ocr_line' id='line_1_76' title="bbox 1331 3963 2079 4022; baseline 0.003 -14"><span class='ocrx_word' id='word_1_370' title='bbox 1331 3963 1362 4008; x_wconf 91' lang='lat' dir='ltr'><strong>de</strong></span> <span class='ocrx_word' id='word_1_371' title='bbox 1376 3963 1548 4019; x_wconf 85' lang='lat' dir='ltr'><strong>particularis</strong></span> <span class='ocrx_word' id='word_1_372' title='bbox 1566 3964 1784 4022; x_wconf 83' lang='lat' dir='ltr'><strong>congregationis</strong></span> <span class='ocrx_word' id='word_1_373' title='bbox 1805 3964 1991 4010; x_wconf 88' lang='lat' dir='ltr'><strong>nonnullorum</strong></span> <span class='ocrx_word' id='word_1_374' title='bbox 2006 3975 2079 4010; x_wconf 70' lang='grc' dir='ltr'><strong>νοηθ-</strong></span> 
     </span>
     <span class='ocr_line' id='line_1_77' title="bbox 1331 4027 2078 4077; baseline 0.001 -3"><span class='ocrx_word' id='word_1_375' title='bbox 1331 4027 1455 4075; x_wconf 90' lang='lat' dir='ltr'><strong>rabilium</strong></span> <span class='ocrx_word' id='word_1_376' title='bbox 1471 4030 1585 4075; x_wconf 75' lang='lat' dir='ltr'><strong>fratrum</strong></span> <span class='ocrx_word' id='word_1_377' title='bbox 1600 4033 1752 4076; x_wconf 89' lang='lat' dir='ltr'><strong>nostrorum</strong></span> <span class='ocrx_word' id='word_1_378' title='bbox 1768 4033 1792 4075; x_wconf 85' lang='lat' dir='ltr'><strong>S.</strong></span> <span class='ocrx_word' id='word_1_379' title='bbox 1807 4034 1837 4077; x_wconf 80' lang='lat' dir='ltr'><strong>R.</strong></span> <span class='ocrx_word' id='word_1_380' title='bbox 1854 4034 1880 4075; x_wconf 80' lang='grc' dir='ltr'><strong>Ε.</strong></span> <span class='ocrx_word' id='word_1_381' title='bbox 1899 4031 2078 4076; x_wconf 85' lang='lat' dir='ltr'><strong>cardinalium</strong></span> 
     </span>
     <span class='ocr_line' id='line_1_78' title="bbox 1332 4095 2079 4155; baseline 0.001 -14"><span class='ocrx_word' id='word_1_382' title='bbox 1332 4095 1443 4152; x_wconf 85' lang='lat' dir='ltr'><strong>negotiis</strong></span> <span class='ocrx_word' id='word_1_383' title='bbox 1458 4099 1643 4154; x_wconf 81' lang='lat' dir='ltr'><strong>Propagandae</strong></span> <span class='ocrx_word' id='word_1_384' title='bbox 1656 4097 1728 4143; x_wconf 81' lang='lat' dir='ltr'><strong>ridet</strong></span> <span class='ocrx_word' id='word_1_385' title='bbox 1738 4097 1950 4155; x_wconf 86' lang='lat' dir='ltr'><strong>praepositorum</strong></span> <span class='ocrx_word' id='word_1_386' title='bbox 1961 4098 2079 4152; x_wconf 92' lang='lat' dir='ltr'><strong>consilio,</strong></span> 
     </span>
     <span class='ocr_line' id='line_1_79' title="bbox 1330 4162 2078 4220; baseline 0.004 -14"><span class='ocrx_word' id='word_1_387' title='bbox 1330 4162 1519 4208; x_wconf 85' lang='lat' dir='ltr'><strong>constituimus</strong></span> <span class='ocrx_word' id='word_1_388' title='bbox 1534 4167 1561 4209; x_wconf 88' lang='lat' dir='ltr'><strong>et</strong></span> <span class='ocrx_word' id='word_1_389' title='bbox 1575 4164 1768 4220; x_wconf 85' lang='lat' dir='ltr'><strong>deputavimus.</strong></span> <span class='ocrx_word' id='word_1_390' title='bbox 1780 4167 1814 4210; x_wconf 90' lang='lat' dir='ltr'><strong>De</strong></span> <span class='ocrx_word' id='word_1_391' title='bbox 1824 4165 1977 4210; x_wconf 90' lang='lat' dir='ltr'><strong>huiusmodi</strong></span> <span class='ocrx_word' id='word_1_392' title='bbox 1987 4167 2078 4210; x_wconf 86' lang='lat' dir='ltr'><strong>autem</strong></span> 
     </span>
     <span class='ocr_line' id='line_1_80' title="bbox 1331 4229 2079 4286; baseline 0.005 -14"><span class='ocrx_word' id='word_1_393' title='bbox 1331 4229 1501 4286; x_wconf 86' lang='lat' dir='ltr'><strong>deputatione</strong></span> <span class='ocrx_word' id='word_1_394' title='bbox 1522 4229 1720 4276; x_wconf 83' lang='lat' dir='ltr'><strong>fraternitatem</strong></span> <span class='ocrx_word' id='word_1_395' title='bbox 1742 4233 1816 4276; x_wconf 88' lang='lat' dir='ltr'><strong>tuam</strong></span> <span class='ocrx_word' id='word_1_396' title='bbox 1831 4231 1972 4276; x_wconf 84' lang='lat' dir='ltr'><strong>certiorem</strong></span> <span class='ocrx_word' id='word_1_397' title='bbox 1987 4231 2079 4276; x_wconf 89' lang='lat' dir='ltr'><strong>facien·</strong></span> 
     </span>
     <span class='ocr_line' id='line_1_81' title="bbox 1331 4296 2079 4354; baseline 0.004 -14"><span class='ocrx_word' id='word_1_398' title='bbox 1331 4297 1379 4351; x_wconf 86' lang='lat' dir='ltr'><strong>tes,</strong></span> <span class='ocrx_word' id='word_1_399' title='bbox 1395 4298 1420 4341; x_wconf 89' lang='lat' dir='ltr'><strong>te</strong></span> <span class='ocrx_word' id='word_1_400' title='bbox 1435 4307 1561 4354; x_wconf 85' lang='lat' dir='ltr'><strong>rogamus</strong></span> <span class='ocrx_word' id='word_1_401' title='bbox 1582 4305 1608 4342; x_wconf 91' lang='lat' dir='ltr'><strong>et</strong></span> <span class='ocrx_word' id='word_1_402' title='bbox 1629 4298 1656 4343; x_wconf 91' lang='lat' dir='ltr'><strong>in</strong></span> <span class='ocrx_word' id='word_1_403' title='bbox 1678 4296 1787 4343; x_wconf 79' lang='lat' dir='ltr'><strong>Donuno</strong></span> <span class='ocrx_word' id='word_1_404' title='bbox 1807 4299 1957 4354; x_wconf 85' lang='lat' dir='ltr'><strong>hortamur,</strong></span> <span class='ocrx_word' id='word_1_405' title='bbox 1978 4309 2009 4344; x_wconf 88' lang='lat' dir='ltr'><strong>ac</strong></span> <span class='ocrx_word' id='word_1_406' title='bbox 2030 4299 2079 4344; x_wconf 91' lang='lat' dir='ltr'><strong>tibi</strong></span> 
     </span>
     <span class='ocr_line' id='line_1_82' title="bbox 1330 4363 2079 4420; baseline 0.005 -14"><span class='ocrx_word' id='word_1_407' title='bbox 1330 4363 1495 4419; x_wconf 89' lang='lat' dir='ltr'><strong>mandamus,</strong></span> <span class='ocrx_word' id='word_1_408' title='bbox 1511 4366 1541 4408; x_wconf 91' lang='lat' dir='ltr'><strong>ut</strong></span> <span class='ocrx_word' id='word_1_409' title='bbox 1561 4363 1637 4409; x_wconf 89' lang='lat' dir='ltr'><strong>illum</strong></span> <span class='ocrx_word' id='word_1_410' title='bbox 1658 4363 1748 4409; x_wconf 90' lang='lat' dir='ltr'><strong>isthuc</strong></span> <span class='ocrx_word' id='word_1_411' title='bbox 1768 4365 1960 4420; x_wconf 82' lang='lat' dir='ltr'><strong>advenientem,</strong></span> <span class='ocrx_word' id='word_1_412' title='bbox 1975 4377 2026 4410; x_wconf 90' lang='lat' dir='ltr'><strong>non</strong></span> <span class='ocrx_word' id='word_1_413' title='bbox 2041 4377 2079 4410; x_wconf 91' lang='lat' dir='ltr'><strong>so·</strong></span> 
     </span>
     <span class='ocr_line' id='line_1_83' title="bbox 1330 4427 2079 4490; baseline 0.008 -19"><span class='ocrx_word' id='word_1_414' title='bbox 1330 4427 1387 4472; x_wconf 90' lang='lat' dir='ltr'><strong>lum</strong></span> <span class='ocrx_word' id='word_1_415' title='bbox 1406 4428 1447 4484; x_wconf 89' lang='lat' dir='ltr'><strong>iis,</strong></span> <span class='ocrx_word' id='word_1_416' title='bbox 1466 4439 1533 4486; x_wconf 86' lang='lat' dir='ltr'><strong>qnae</strong></span> <span class='ocrx_word' id='word_1_417' title='bbox 1554 4430 1718 4476; x_wconf 89' lang='lat' dir='ltr'><strong>venerabiles</strong></span> <span class='ocrx_word' id='word_1_418' title='bbox 1738 4430 1835 4476; x_wconf 89' lang='lat' dir='ltr'><strong>fratres</strong></span> <span class='ocrx_word' id='word_1_419' title='bbox 1857 4431 1978 4488; x_wconf 75' lang='lat' dir='ltr'><strong>Episcopi</strong></span> <span class='ocrx_word' id='word_1_420' title='bbox 1998 4435 2079 4490; x_wconf 87' lang='lat' dir='ltr'><strong>atque</strong></span> 
     </span>
    </p>
   </div>
   <div class='ocr_carea' id='block_1_19' title="bbox 529 4495 2082 5957">
    <p class='ocr_par' dir='ltr' id='par_1_23' title="bbox 529 4495 2082 5957">
     <span class='ocr_line' id='line_1_84' title="bbox 1302 4495 2079 4581; baseline 0.004 -40"><span class='ocrx_word' id='word_1_421' title='bbox 1302 4497 1305 4581; x_wconf 49' lang='grc' dir='ltr'><strong>ι</strong></span> <span class='ocrx_word' id='word_1_422' title='bbox 1331 4495 1412 4541; x_wconf 83' lang='lat' dir='ltr'><strong>hulcus</strong></span> <span class='ocrx_word' id='word_1_423' title='bbox 1435 4499 1547 4542; x_wconf 88' lang='lat' dir='ltr'><strong>Sanctae</strong></span> <span class='ocrx_word' id='word_1_424' title='bbox 1570 4497 1643 4542; x_wconf 83' lang='lat' dir='ltr'><strong>sedis</strong></span> <span class='ocrx_word' id='word_1_425' title='bbox 1667 4495 1820 4543; x_wconf 87' lang='lat' dir='ltr'><strong>administri</strong></span> <span class='ocrx_word' id='word_1_426' title='bbox 1842 4497 1869 4543; x_wconf 91' lang='lat' dir='ltr'><strong>in</strong></span> <span class='ocrx_word' id='word_1_427' title='bbox 1890 4497 2079 4544; x_wconf 88' lang='lat' dir='ltr'><strong>remotissimis</strong></span> 
     </span>
     <span class='ocr_line' id='line_1_85' title="bbox 1331 4563 2079 4620; baseline 0.003 -12"><span class='ocrx_word' id='word_1_428' title='bbox 1331 4563 1488 4619; x_wconf 89' lang='lat' dir='ltr'><strong>praesertim</strong></span> <span class='ocrx_word' id='word_1_429' title='bbox 1508 4563 1662 4620; x_wconf 83' lang='lat' dir='ltr'><strong>regionibus</strong></span> <span class='ocrx_word' id='word_1_430' title='bbox 1683 4567 1878 4610; x_wconf 85' lang='lat' dir='ltr'><strong>commorantes</strong></span> <span class='ocrx_word' id='word_1_431' title='bbox 1898 4563 2008 4611; x_wconf 88' lang='lat' dir='ltr'><strong>invicem</strong></span> <span class='ocrx_word' id='word_1_432' title='bbox 2028 4566 2079 4611; x_wconf 90' lang='lat' dir='ltr'><strong>sibi</strong></span> 
     </span>
     <span class='ocr_line' id='line_1_86' title="bbox 1303 4604 2079 4686; baseline 0.005 -12"><span class='ocrx_word' id='word_1_433' title='bbox 1303 4604 1305 4657; x_wconf 71' lang='grc' dir='ltr'>Ι</span> <span class='ocrx_word' id='word_1_434' title='bbox 1330 4633 1466 4686; x_wconf 89' lang='lat' dir='ltr'><strong>praestare</strong></span> <span class='ocrx_word' id='word_1_435' title='bbox 1480 4629 1583 4684; x_wconf 87' lang='lat' dir='ltr'><strong>debent,</strong></span> <span class='ocrx_word' id='word_1_436' title='bbox 1602 4629 1787 4685; x_wconf 89' lang='lat' dir='ltr'><strong>humanitatis,</strong></span> <span class='ocrx_word' id='word_1_437' title='bbox 1807 4630 1888 4676; x_wconf 89' lang='lat' dir='ltr'><strong>studii</strong></span> <span class='ocrx_word' id='word_1_438' title='bbox 1904 4635 1930 4676; x_wconf 92' lang='lat' dir='ltr'><strong>ei</strong></span> <span class='ocrx_word' id='word_1_439' title='bbox 1945 4631 2079 4678; x_wconf 84' lang='lat' dir='ltr'><strong>fraternae</strong></span> 
     </span>
     <span class='ocr_line' id='line_1_87' title="bbox 1331 4695 2080 4756; baseline 0.007 -16"><span class='ocrx_word' id='word_1_440' title='bbox 1331 4695 1451 4741; x_wconf 87' lang='lat' dir='ltr'><strong>caritatis</strong></span> <span class='ocrx_word' id='word_1_441' title='bbox 1466 4699 1492 4742; x_wconf 90' lang='lat' dir='ltr'><strong>et</strong></span> <span class='ocrx_word' id='word_1_442' title='bbox 1506 4695 1660 4742; x_wconf 88' lang='lat' dir='ltr'><strong>concordiae</strong></span> <span class='ocrx_word' id='word_1_443' title='bbox 1674 4696 1913 4753; x_wconf 84' lang='lat' dir='ltr'><strong>significationibus</strong></span> <span class='ocrx_word' id='word_1_444' title='bbox 1930 4701 1986 4744; x_wconf 89' lang='lat' dir='ltr'><strong>tum</strong></span> <span class='ocrx_word' id='word_1_445' title='bbox 1996 4699 2080 4756; x_wconf 90' lang='lat' dir='ltr'><strong>priva·</strong></span> 
     </span>
     <span class='ocr_line' id='line_1_88' title="bbox 570 4762 2081 4824; baseline -0.002 -11"><span class='ocrx_word' id='word_1_446' title='bbox 570 4769 640 4820; x_wconf 87' lang='lat' dir='ltr'><strong>Quae</strong></span> <span class='ocrx_word' id='word_1_447' title='bbox 654 4765 725 4812; x_wconf 89' lang='lat' dir='ltr'><strong>inter</strong></span> <span class='ocrx_word' id='word_1_448' title='bbox 739 4766 809 4824; x_wconf 88' lang='lat' dir='ltr'><strong>ipsos</strong></span> <span class='ocrx_word' id='word_1_449' title='bbox 824 4775 960 4812; x_wconf 89' lang='lat' dir='ltr'><strong>sacrarum</strong></span> <span class='ocrx_word' id='word_1_450' title='bbox 976 4763 1132 4811; x_wconf 82' lang='lat' dir='ltr'><strong>missionum</strong></span> <span class='ocrx_word' id='word_1_451' title='bbox 1142 4763 1276 4821; x_wconf 88' lang='lat' dir='ltr'><strong>operarios</strong></span> <span class='ocrx_word' id='word_1_452' title='bbox 1330 4762 1366 4808; x_wconf 89' lang='lat' dir='ltr'><strong>tis</strong></span> <span class='ocrx_word' id='word_1_453' title='bbox 1385 4767 1443 4807; x_wconf 91' lang='lat' dir='ltr'><strong>tum</strong></span> <span class='ocrx_word' id='word_1_454' title='bbox 1464 4763 1575 4819; x_wconf 89' lang='lat' dir='ltr'><strong>publicis</strong></span> <span class='ocrx_word' id='word_1_455' title='bbox 1596 4763 1723 4820; x_wconf 66' lang='lat' dir='ltr'><strong>excipiam</strong></span> <span class='ocrx_word' id='word_1_456' title='bbox 1745 4775 1839 4809; x_wconf 86' lang='lat' dir='ltr'><strong>verum</strong></span> <span class='ocrx_word' id='word_1_457' title='bbox 1860 4763 1949 4821; x_wconf 78' lang='lat' dir='ltr'><strong>enam,</strong></span> <span class='ocrx_word' id='word_1_458' title='bbox 1965 4765 2081 4810; x_wconf 91' lang='lat' dir='ltr'><strong>ubicum-</strong></span> 
     </span>
     <span class='ocr_line' id='line_1_89' title="bbox 530 4829 2079 4888; baseline -0.003 -7"><span class='ocrx_word' id='word_1_459' title='bbox 530 4835 610 4881; x_wconf 89' lang='lat' dir='ltr'><strong>unius</strong></span> <span class='ocrx_word' id='word_1_460' title='bbox 623 4836 671 4881; x_wconf 87' lang='lat' dir='ltr'><strong>aut</strong></span> <span class='ocrx_word' id='word_1_461' title='bbox 684 4832 796 4879; x_wconf 89' lang='lat' dir='ltr'><strong>alterius</strong></span> <span class='ocrx_word' id='word_1_462' title='bbox 811 4831 924 4886; x_wconf 88' lang='lat' dir='ltr'><strong>ordinis,</strong></span> <span class='ocrx_word' id='word_1_463' title='bbox 934 4830 1148 4888; x_wconf 80' lang='lat' dir='ltr'><strong>congregationis</strong></span> <span class='ocrx_word' id='word_1_464' title='bbox 1162 4833 1190 4876; x_wconf 89' lang='lat' dir='ltr'><strong>et</strong></span> <span class='ocrx_word' id='word_1_465' title='bbox 1203 4829 1277 4875; x_wconf 90' lang='lat' dir='ltr'><strong>iusti·</strong></span> <span class='ocrx_word' id='word_1_466' title='bbox 1303 4842 1305 4853; x_wconf 91' lang='lat'>·</span> <span class='ocrx_word' id='word_1_467' title='bbox 1330 4840 1381 4885; x_wconf 87' lang='lat' dir='ltr'><strong>que</strong></span> <span class='ocrx_word' id='word_1_468' title='bbox 1395 4838 1461 4885; x_wconf 88' lang='lat' dir='ltr'><strong>opus</strong></span> <span class='ocrx_word' id='word_1_469' title='bbox 1481 4829 1562 4874; x_wconf 90' lang='lat' dir='ltr'><strong>fuerit</strong></span> <span class='ocrx_word' id='word_1_470' title='bbox 1576 4831 1603 4874; x_wconf 90' lang='lat' dir='ltr'><strong>et</strong></span> <span class='ocrx_word' id='word_1_471' title='bbox 1618 4840 1660 4875; x_wconf 90' lang='lat' dir='ltr'><strong>res</strong></span> <span class='ocrx_word' id='word_1_472' title='bbox 1682 4831 1866 4887; x_wconf 83' lang='lat' dir='ltr'><strong>postulaverit,</strong></span> <span class='ocrx_word' id='word_1_473' title='bbox 1885 4831 1974 4877; x_wconf 88' lang='lat' dir='ltr'><strong>omnia</strong></span> <span class='ocrx_word' id='word_1_474' title='bbox 1994 4831 2079 4877; x_wconf 89' lang='lat' dir='ltr'><strong>eidem</strong></span> 
     </span>
     <span class='ocr_line' id='line_1_90' title="bbox 529 4890 2080 4981; baseline -0.003 -33"><span class='ocrx_word' id='word_1_475' title='bbox 529 4902 592 4957; x_wconf 89' lang='lat' dir='ltr'><strong>tuti,</strong></span> <span class='ocrx_word' id='word_1_476' title='bbox 601 4899 661 4946; x_wconf 90' lang='lat' dir='ltr'><strong>istic</strong></span> <span class='ocrx_word' id='word_1_477' title='bbox 675 4897 874 4945; x_wconf 89' lang='lat' dir='ltr'><strong>intercesserint</strong></span> <span class='ocrx_word' id='word_1_478' title='bbox 882 4896 999 4951; x_wconf 88' lang='lat' dir='ltr'><strong>dissidia,</strong></span> <span class='ocrx_word' id='word_1_479' title='bbox 1010 4897 1092 4943; x_wconf 90' lang='lat' dir='ltr'><strong>etiam</strong></span> <span class='ocrx_word' id='word_1_480' title='bbox 1102 4900 1161 4953; x_wconf 88' lang='lat' dir='ltr'><strong>post</strong></span> <span class='ocrx_word' id='word_1_481' title='bbox 1171 4897 1276 4942; x_wconf 88' lang='lat' dir='ltr'><strong>decreta</strong></span> <span class='ocrx_word' id='word_1_482' title='bbox 1303 4890 1305 4981; x_wconf 54' lang='lat' dir='ltr'>y</span> <span class='ocrx_word' id='word_1_483' title='bbox 1331 4898 1394 4941; x_wconf 88' lang='lat' dir='ltr'><strong>nota</strong></span> <span class='ocrx_word' id='word_1_484' title='bbox 1407 4896 1501 4952; x_wconf 90' lang='lat' dir='ltr'><strong>facere,</strong></span> <span class='ocrx_word' id='word_1_485' title='bbox 1515 4898 1595 4953; x_wconf 90' lang='lat' dir='ltr'><strong>atque</strong></span> <span class='ocrx_word' id='word_1_486' title='bbox 1609 4907 1694 4953; x_wconf 88' lang='lat' dir='ltr'><strong>opem,</strong></span> <span class='ocrx_word' id='word_1_487' title='bbox 1709 4897 1881 4954; x_wconf 89' lang='lat' dir='ltr'><strong>praesidium,</strong></span> <span class='ocrx_word' id='word_1_488' title='bbox 1897 4897 2080 4956; x_wconf 85' lang='lat' dir='ltr'><strong>auxiliumque</strong></span> 
     </span>
     <span class='ocr_line' id='line_1_91' title="bbox 530 4962 2079 5034; baseline -0.002 -21"><span class='ocrx_word' id='word_1_489' title='bbox 530 4965 703 5013; x_wconf 90' lang='lat' dir='ltr'><strong>aveuerabili</strong></span> <span class='ocrx_word' id='word_1_490' title='bbox 716 4965 799 5010; x_wconf 88' lang='lat' dir='ltr'><strong>fratre</strong></span> <span class='ocrx_word' id='word_1_491' title='bbox 813 4964 933 5009; x_wconf 82' lang='lat' dir='ltr'><strong>Eizeario</strong></span> <span class='ocrx_word' id='word_1_492' title='bbox 946 4963 1086 5009; x_wconf 69' lang='lat' dir='ltr'><strong>francisco</strong></span> <span class='ocrx_word' id='word_1_493' title='bbox 1100 4963 1145 5008; x_wconf 91' lang='lat' dir='ltr'><strong>des</strong></span> <span class='ocrx_word' id='word_1_494' title='bbox 1160 4963 1275 5008; x_wconf 81' lang='lat' dir='ltr'><strong>scherus</strong></span> <span class='ocrx_word' id='word_1_495' title='bbox 1303 4984 1305 5034; x_wconf 52' lang='lat' dir='ltr'><strong>p</strong></span> <span class='ocrx_word' id='word_1_496' title='bbox 1330 4963 1407 5006; x_wconf 89' lang='lat' dir='ltr'><strong>tuum</strong></span> <span class='ocrx_word' id='word_1_497' title='bbox 1429 4963 1595 5008; x_wconf 88' lang='lat' dir='ltr'><strong>commodare</strong></span> <span class='ocrx_word' id='word_1_498' title='bbox 1617 4966 1724 5020; x_wconf 83' lang='lat' dir='ltr'><strong>satagas</strong></span> <span class='ocrx_word' id='word_1_499' title='bbox 1738 4966 1764 5008; x_wconf 91' lang='lat' dir='ltr'><strong>et</strong></span> <span class='ocrx_word' id='word_1_500' title='bbox 1779 4962 1915 5010; x_wconf 81' lang='lat' dir='ltr'><strong>adniteris.</strong></span> <span class='ocrx_word' id='word_1_501' title='bbox 1933 4968 2000 5015; x_wconf 88' lang='lat' dir='ltr'><strong>Quas</strong></span> <span class='ocrx_word' id='word_1_502' title='bbox 2016 4976 2079 5012; x_wconf 87' lang='lat' dir='ltr'><strong>sane</strong></span> 
     </span>
     <span class='ocr_line' id='line_1_92' title="bbox 530 5027 2081 5088; baseline -0.003 -8"><span class='ocrx_word' id='word_1_503' title='bbox 530 5035 561 5080; x_wconf 86' lang='lat' dir='ltr'><strong>cle</strong></span> <span class='ocrx_word' id='word_1_504' title='bbox 575 5035 602 5080; x_wconf 91' lang='lat' dir='ltr'><strong>la</strong></span> <span class='ocrx_word' id='word_1_505' title='bbox 615 5037 728 5078; x_wconf 85' lang='lat' dir='ltr'><strong>Beaume</strong></span> <span class='ocrx_word' id='word_1_506' title='bbox 743 5031 868 5088; x_wconf 80' lang='lat' dir='ltr'><strong>Episcopo</strong></span> <span class='ocrx_word' id='word_1_507' title='bbox 889 5029 1114 5076; x_wconf 74' lang='lat' dir='ltr'><strong>halicarnassensi</strong></span> <span class='ocrx_word' id='word_1_508' title='bbox 1135 5028 1212 5085; x_wconf 90' lang='lat' dir='ltr'><strong>edita,</strong></span> <span class='ocrx_word' id='word_1_509' title='bbox 1228 5029 1277 5076; x_wconf 87' lang='lat' dir='ltr'><strong>ira·</strong></span> <span class='ocrx_word' id='word_1_510' title='bbox 1303 5035 1305 5053; x_wconf 86' lang='lat'><strong>¹</strong></span> <span class='ocrx_word' id='word_1_511' title='bbox 1330 5027 1434 5074; x_wconf 86' lang='lat' dir='ltr'><strong>debitae</strong></span> <span class='ocrx_word' id='word_1_512' title='bbox 1456 5031 1517 5076; x_wconf 89' lang='lat' dir='ltr'><strong>tuae</strong></span> <span class='ocrx_word' id='word_1_513' title='bbox 1536 5040 1600 5086; x_wconf 78' lang='lat' dir='ltr'><strong>erga</strong></span> <span class='ocrx_word' id='word_1_514' title='bbox 1618 5041 1665 5076; x_wconf 90' lang='lat' dir='ltr'><strong>nos</strong></span> <span class='ocrx_word' id='word_1_515' title='bbox 1680 5033 1706 5075; x_wconf 91' lang='lat' dir='ltr'><strong>et</strong></span> <span class='ocrx_word' id='word_1_516' title='bbox 1726 5031 1902 5086; x_wconf 80' lang='lat' dir='ltr'><strong>apostoticam</strong></span> <span class='ocrx_word' id='word_1_517' title='bbox 1922 5031 1989 5077; x_wconf 88' lang='lat' dir='ltr'><strong>hanc</strong></span> <span class='ocrx_word' id='word_1_518' title='bbox 2004 5035 2081 5078; x_wconf 76' lang='lat' dir='ltr'><strong>Sane</strong></span> 
     </span>
     <span class='ocr_line' id='line_1_93' title="bbox 531 5087 2081 5169; baseline -0.001 -23"><span class='ocrx_word' id='word_1_519' title='bbox 531 5099 653 5146; x_wconf 77' lang='lat' dir='ltr'><strong>tenuitati</strong></span> <span class='ocrx_word' id='word_1_520' title='bbox 666 5103 727 5144; x_wconf 91' lang='lat' dir='ltr'><strong>tuae</strong></span> <span class='ocrx_word' id='word_1_521' title='bbox 737 5109 799 5155; x_wconf 90' lang='lat' dir='ltr'><strong>prae</strong></span> <span class='ocrx_word' id='word_1_522' title='bbox 811 5097 925 5143; x_wconf 90' lang='lat' dir='ltr'><strong>caeteris</strong></span> <span class='ocrx_word' id='word_1_523' title='bbox 935 5096 1116 5144; x_wconf 83' lang='lat' dir='ltr'><strong>manifestiora</strong></span> <span class='ocrx_word' id='word_1_524' title='bbox 1126 5098 1194 5142; x_wconf 82' lang='lat' dir='ltr'><strong>stunt.</strong></span> <span class='ocrx_word' id='word_1_525' title='bbox 1207 5099 1276 5146; x_wconf 88' lang='lat' dir='ltr'><strong>Quae</strong></span> <span class='ocrx_word' id='word_1_526' title='bbox 1303 5087 1305 5169; x_wconf 76' lang='grc' dir='ltr'>Ι</span> <span class='ocrx_word' id='word_1_527' title='bbox 1332 5097 1386 5140; x_wconf 91' lang='lat' dir='ltr'><strong>iam</strong></span> <span class='ocrx_word' id='word_1_528' title='bbox 1402 5095 1494 5140; x_wconf 82' lang='lat' dir='ltr'><strong>sedem</strong></span> <span class='ocrx_word' id='word_1_529' title='bbox 1509 5096 1692 5142; x_wconf 85' lang='lat' dir='ltr'><strong>observantiae</strong></span> <span class='ocrx_word' id='word_1_530' title='bbox 1702 5097 1917 5156; x_wconf 86' lang='lat' dir='ltr'><strong>obedientiaeque</strong></span> <span class='ocrx_word' id='word_1_531' title='bbox 1928 5100 2017 5154; x_wconf 88' lang='lat' dir='ltr'><strong>partes</strong></span> <span class='ocrx_word' id='word_1_532' title='bbox 2028 5109 2081 5144; x_wconf 91' lang='lat' dir='ltr'><strong>ma-</strong></span> 
     </span>
     <span class='ocr_line' id='line_1_94' title="bbox 530 5160 2080 5220; baseline -0.002 -8"><span class='ocrx_word' id='word_1_533' title='bbox 530 5178 592 5212; x_wconf 88' lang='lat' dir='ltr'><strong>vsro</strong></span> <span class='ocrx_word' id='word_1_534' title='bbox 606 5165 723 5211; x_wconf 86' lang='lat' dir='ltr'><strong>dissidiis</strong></span> <span class='ocrx_word' id='word_1_535' title='bbox 737 5163 890 5210; x_wconf 88' lang='lat' dir='ltr'><strong>huiusmodi</strong></span> <span class='ocrx_word' id='word_1_536' title='bbox 903 5161 1088 5220; x_wconf 88' lang='lat' dir='ltr'><strong>componendis</strong></span> <span class='ocrx_word' id='word_1_537' title='bbox 1103 5163 1277 5219; x_wconf 85' lang='lat' dir='ltr'><strong>sedandisque</strong></span> <span class='ocrx_word' id='word_1_538' title='bbox 1303 5172 1305 5214; x_wconf 85' lang='grc'>;</span> <span class='ocrx_word' id='word_1_539' title='bbox 1332 5160 1391 5216; x_wconf 89' lang='lat' dir='ltr'><strong>iori,</strong></span> <span class='ocrx_word' id='word_1_540' title='bbox 1405 5171 1485 5217; x_wconf 90' lang='lat' dir='ltr'><strong>quam</strong></span> <span class='ocrx_word' id='word_1_541' title='bbox 1499 5171 1547 5206; x_wconf 92' lang='lat' dir='ltr'><strong>uos</strong></span> <span class='ocrx_word' id='word_1_542' title='bbox 1561 5162 1690 5218; x_wconf 83' lang='lat' dir='ltr'><strong>augurari</strong></span> <span class='ocrx_word' id='word_1_543' title='bbox 1700 5161 1839 5218; x_wconf 88' lang='lat' dir='ltr'><strong>possimus,</strong></span> <span class='ocrx_word' id='word_1_544' title='bbox 1850 5163 1989 5208; x_wconf 87' lang='lat' dir='ltr'><strong>alacritate</strong></span> <span class='ocrx_word' id='word_1_545' title='bbox 1999 5175 2029 5208; x_wconf 88' lang='lat' dir='ltr'><strong>ac</strong></span> <span class='ocrx_word' id='word_1_546' title='bbox 2039 5175 2080 5210; x_wconf 79' lang='lat' dir='ltr'><strong>vo</strong></span> 
     </span>
     <span class='ocr_line' id='line_1_95' title="bbox 530 5215 2079 5301; baseline -0.001 -22"><span class='ocrx_word' id='word_1_547' title='bbox 530 5234 574 5279; x_wconf 91' lang='lat' dir='ltr'><strong>hic</strong></span> <span class='ocrx_word' id='word_1_548' title='bbox 586 5237 646 5278; x_wconf 88' lang='lat' dir='ltr'><strong>acta</strong></span> <span class='ocrx_word' id='word_1_549' title='bbox 661 5231 722 5286; x_wconf 89' lang='lat' dir='ltr'><strong>sint,</strong></span> <span class='ocrx_word' id='word_1_550' title='bbox 737 5231 827 5276; x_wconf 88' lang='lat' dir='ltr'><strong>omnia</strong></span> <span class='ocrx_word' id='word_1_551' title='bbox 840 5229 952 5287; x_wconf 90' lang='lat' dir='ltr'><strong>accipies</strong></span> <span class='ocrx_word' id='word_1_552' title='bbox 962 5241 978 5275; x_wconf 88' lang='lat' dir='ltr'><strong>a</strong></span> <span class='ocrx_word' id='word_1_553' title='bbox 988 5229 1133 5276; x_wconf 90' lang='lat' dir='ltr'><strong>venerabili</strong></span> <span class='ocrx_word' id='word_1_554' title='bbox 1144 5229 1226 5275; x_wconf 86' lang='lat' dir='ltr'><strong>fratre</strong></span> <span class='ocrx_word' id='word_1_555' title='bbox 1237 5229 1277 5274; x_wconf 86' lang='lat' dir='ltr'><strong>Hi·</strong></span> <span class='ocrx_word' id='word_1_556' title='bbox 1303 5215 1305 5301; x_wconf 69' lang='lat'>1</span> <span class='ocrx_word' id='word_1_557' title='bbox 1331 5229 1435 5272; x_wconf 89' lang='lat' dir='ltr'><strong>luntate</strong></span> <span class='ocrx_word' id='word_1_558' title='bbox 1448 5238 1465 5273; x_wconf 90' lang='lat' dir='ltr'><strong>a</strong></span> <span class='ocrx_word' id='word_1_559' title='bbox 1478 5227 1648 5273; x_wconf 89' lang='lat' dir='ltr'><strong>fraternitate</strong></span> <span class='ocrx_word' id='word_1_560' title='bbox 1669 5231 1716 5273; x_wconf 89' lang='lat' dir='ltr'><strong>tua</strong></span> <span class='ocrx_word' id='word_1_561' title='bbox 1731 5239 1760 5274; x_wconf 89' lang='lat' dir='ltr'><strong>re</strong></span> <span class='ocrx_word' id='word_1_562' title='bbox 1774 5228 1832 5286; x_wconf 88' lang='lat' dir='ltr'><strong>ipsa</strong></span> <span class='ocrx_word' id='word_1_563' title='bbox 1853 5231 2001 5287; x_wconf 90' lang='lat' dir='ltr'><strong>explendas,</strong></span> <span class='ocrx_word' id='word_1_564' title='bbox 2016 5231 2079 5277; x_wconf 88' lang='lat' dir='ltr'><strong>dum</strong></span> 
     </span>
     <span class='ocr_line' id='line_1_96' title="bbox 530 5295 2079 5356; baseline -0.002 -10"><span class='ocrx_word' id='word_1_565' title='bbox 530 5301 598 5346; x_wconf 91' lang='lat' dir='ltr'><strong>lario</strong></span> <span class='ocrx_word' id='word_1_566' title='bbox 611 5303 688 5345; x_wconf 82' lang='lat' dir='ltr'><strong>costa</strong></span> <span class='ocrx_word' id='word_1_567' title='bbox 703 5299 828 5356; x_wconf 80' lang='lat' dir='ltr'><strong>Episcopo</strong></span> <span class='ocrx_word' id='word_1_568' title='bbox 842 5296 990 5353; x_wconf 82' lang='lat' dir='ltr'><strong>coryoensi,</strong></span> <span class='ocrx_word' id='word_1_569' title='bbox 1005 5300 1031 5341; x_wconf 90' lang='lat' dir='ltr'><strong>et</strong></span> <span class='ocrx_word' id='word_1_570' title='bbox 1045 5296 1192 5353; x_wconf 74' lang='lat' dir='ltr'><strong>apostolico</strong></span> <span class='ocrx_word' id='word_1_571' title='bbox 1206 5297 1277 5342; x_wconf 83' lang='lat' dir='ltr'><strong>Vica-</strong></span> <span class='ocrx_word' id='word_1_572' title='bbox 1303 5307 1305 5318; x_wconf 76' lang='lat'>¹</span> <span class='ocrx_word' id='word_1_573' title='bbox 1332 5295 1407 5340; x_wconf 91' lang='lat' dir='ltr'><strong>nobis</strong></span> <span class='ocrx_word' id='word_1_574' title='bbox 1420 5297 1493 5340; x_wconf 87' lang='lat' dir='ltr'><strong>cario</strong></span> <span class='ocrx_word' id='word_1_575' title='bbox 1507 5295 1670 5352; x_wconf 89' lang='lat' dir='ltr'><strong>pollicemur,</strong></span> <span class='ocrx_word' id='word_1_576' title='bbox 1685 5298 1823 5352; x_wconf 88' lang='lat' dir='ltr'><strong>pastorum</strong></span> <span class='ocrx_word' id='word_1_577' title='bbox 1837 5296 1983 5354; x_wconf 87' lang='lat' dir='ltr'><strong>principem</strong></span> <span class='ocrx_word' id='word_1_578' title='bbox 1993 5301 2079 5343; x_wconf 86' lang='lat' dir='ltr'><strong>lesum</strong></span> 
     </span>
     <span class='ocr_line' id='line_1_97' title="bbox 530 5361 2081 5422; baseline -0.003 -10"><span class='ocrx_word' id='word_1_579' title='bbox 530 5367 571 5412; x_wconf 91' lang='lat' dir='ltr'><strong>rio</strong></span> <span class='ocrx_word' id='word_1_580' title='bbox 585 5365 662 5422; x_wconf 83' lang='lat' dir='ltr'><strong>regui</strong></span> <span class='ocrx_word' id='word_1_581' title='bbox 682 5363 810 5410; x_wconf 76' lang='lat' dir='ltr'><strong>Tuachini</strong></span> <span class='ocrx_word' id='word_1_582' title='bbox 829 5363 978 5410; x_wconf 88' lang='lat' dir='ltr'><strong>orientalis.</strong></span> <span class='ocrx_word' id='word_1_583' title='bbox 994 5367 1068 5408; x_wconf 81' lang='lat' dir='ltr'><strong>Hunc</strong></span> <span class='ocrx_word' id='word_1_584' title='bbox 1086 5362 1165 5417; x_wconf 91' lang='lat' dir='ltr'><strong>enim,</strong></span> <span class='ocrx_word' id='word_1_585' title='bbox 1181 5365 1210 5408; x_wconf 88' lang='lat' dir='ltr'><strong>ut</strong></span> <span class='ocrx_word' id='word_1_586' title='bbox 1224 5374 1277 5409; x_wconf 88' lang='lat' dir='ltr'><strong>om·</strong></span> <span class='ocrx_word' id='word_1_587' title='bbox 1332 5361 1477 5416; x_wconf 82' lang='lat' dir='ltr'><strong>christum,</strong></span> <span class='ocrx_word' id='word_1_588' title='bbox 1491 5361 1567 5406; x_wconf 84' lang='lat' dir='ltr'><strong>onius</strong></span> <span class='ocrx_word' id='word_1_589' title='bbox 1581 5361 1651 5406; x_wconf 86' lang='lat' dir='ltr'><strong>vices</strong></span> <span class='ocrx_word' id='word_1_590' title='bbox 1664 5362 1835 5408; x_wconf 90' lang='lat' dir='ltr'><strong>immerentes</strong></span> <span class='ocrx_word' id='word_1_591' title='bbox 1845 5363 1973 5419; x_wconf 83' lang='lat' dir='ltr'><strong>gerimus,</strong></span> <span class='ocrx_word' id='word_1_592' title='bbox 1984 5364 2081 5420; x_wconf 89' lang='lat' dir='ltr'><strong>suppli-</strong></span> 
     </span>
     <span class='ocr_line' id='line_1_98' title="bbox 531 5427 2081 5489; baseline -0.001 -11"><span class='ocrx_word' id='word_1_593' title='bbox 531 5444 591 5478; x_wconf 89' lang='lat' dir='ltr'><strong>nem</strong></span> <span class='ocrx_word' id='word_1_594' title='bbox 605 5433 665 5489; x_wconf 88' lang='lat' dir='ltr'><strong>pius</strong></span> <span class='ocrx_word' id='word_1_595' title='bbox 678 5431 726 5477; x_wconf 91' lang='lat' dir='ltr'><strong>uni</strong></span> <span class='ocrx_word' id='word_1_596' title='bbox 739 5441 819 5488; x_wconf 89' lang='lat' dir='ltr'><strong>quam</strong></span> <span class='ocrx_word' id='word_1_597' title='bbox 840 5429 917 5476; x_wconf 88' lang='lat' dir='ltr'><strong>alteri</strong></span> <span class='ocrx_word' id='word_1_598' title='bbox 932 5430 1049 5488; x_wconf 89' lang='lat' dir='ltr'><strong>partium</strong></span> <span class='ocrx_word' id='word_1_599' title='bbox 1071 5431 1121 5475; x_wconf 90' lang='lat' dir='ltr'><strong>hac</strong></span> <span class='ocrx_word' id='word_1_600' title='bbox 1135 5429 1162 5474; x_wconf 91' lang='lat' dir='ltr'><strong>in</strong></span> <span class='ocrx_word' id='word_1_601' title='bbox 1176 5441 1206 5476; x_wconf 89' lang='lat' dir='ltr'><strong>re</strong></span> <span class='ocrx_word' id='word_1_602' title='bbox 1220 5440 1278 5475; x_wconf 89' lang='lat' dir='ltr'><strong>con·</strong></span> <span class='ocrx_word' id='word_1_603' title='bbox 1331 5440 1373 5474; x_wconf 89' lang='lat' dir='ltr'><strong>ces</strong></span> <span class='ocrx_word' id='word_1_604' title='bbox 1388 5427 1528 5485; x_wconf 89' lang='lat' dir='ltr'><strong>poscimus,</strong></span> <span class='ocrx_word' id='word_1_605' title='bbox 1543 5431 1573 5473; x_wconf 89' lang='lat' dir='ltr'><strong>ut</strong></span> <span class='ocrx_word' id='word_1_606' title='bbox 1588 5439 1668 5486; x_wconf 90' lang='lat' dir='ltr'><strong>quarn</strong></span> <span class='ocrx_word' id='word_1_607' title='bbox 1687 5432 1759 5475; x_wconf 88' lang='lat' dir='ltr'><strong>certe</strong></span> <span class='ocrx_word' id='word_1_608' title='bbox 1774 5432 1906 5478; x_wconf 89' lang='lat' dir='ltr'><strong>mandatis</strong></span> <span class='ocrx_word' id='word_1_609' title='bbox 1926 5432 2024 5478; x_wconf 87' lang='lat' dir='ltr'><strong>nostris</strong></span> <span class='ocrx_word' id='word_1_610' title='bbox 2038 5433 2081 5478; x_wconf 77' lang='lat' dir='ltr'><strong>ob</strong></span> 
     </span>
     <span class='ocr_line' id='line_1_99' title="bbox 530 5495 2080 5555; baseline 0 -11"><span class='ocrx_word' id='word_1_611' title='bbox 530 5499 696 5544; x_wconf 89' lang='lat' dir='ltr'><strong>tendentium</strong></span> <span class='ocrx_word' id='word_1_612' title='bbox 721 5497 825 5543; x_wconf 87' lang='lat' dir='ltr'><strong>favendi</strong></span> <span class='ocrx_word' id='word_1_613' title='bbox 848 5496 1024 5553; x_wconf 86' lang='lat' dir='ltr'><strong>suspicionem</strong></span> <span class='ocrx_word' id='word_1_614' title='bbox 1049 5495 1082 5541; x_wconf 90' lang='lat' dir='ltr'><strong>ab</strong></span> <span class='ocrx_word' id='word_1_615' title='bbox 1104 5495 1277 5552; x_wconf 82' lang='lat' dir='ltr'><strong>integerrima</strong></span> <span class='ocrx_word' id='word_1_616' title='bbox 1332 5495 1503 5552; x_wconf 89' lang='lat' dir='ltr'><strong>temperando</strong></span> <span class='ocrx_word' id='word_1_617' title='bbox 1517 5505 1533 5540; x_wconf 91' lang='lat' dir='ltr'><strong>a</strong></span> <span class='ocrx_word' id='word_1_618' title='bbox 1547 5496 1622 5540; x_wconf 88' lang='lat' dir='ltr'><strong>uobis</strong></span> <span class='ocrx_word' id='word_1_619' title='bbox 1637 5498 1716 5553; x_wconf 87' lang='lat' dir='ltr'><strong>atque</strong></span> <span class='ocrx_word' id='word_1_620' title='bbox 1726 5497 1776 5542; x_wconf 91' lang='lat' dir='ltr'><strong>hac</strong></span> <span class='ocrx_word' id='word_1_621' title='bbox 1785 5500 1880 5542; x_wconf 86' lang='lat' dir='ltr'><strong>Sancta</strong></span> <span class='ocrx_word' id='word_1_622' title='bbox 1891 5498 1955 5543; x_wconf 85' lang='lat' dir='ltr'><strong>Sede</strong></span> <span class='ocrx_word' id='word_1_623' title='bbox 1965 5498 2080 5555; x_wconf 80' lang='lat' dir='ltr'><strong>gratiam</strong></span> 
     </span>
     <span class='ocr_line' id='line_1_100' title="bbox 530 5561 2082 5623; baseline -0.001 -12"><span class='ocrx_word' id='word_1_624' title='bbox 530 5566 693 5623; x_wconf 79' lang='lat' dir='ltr'><strong>probataque</strong></span> <span class='ocrx_word' id='word_1_625' title='bbox 707 5563 885 5610; x_wconf 88' lang='lat' dir='ltr'><strong>fraternitatis</strong></span> <span class='ocrx_word' id='word_1_626' title='bbox 900 5567 962 5609; x_wconf 88' lang='lat' dir='ltr'><strong>tuae</strong></span> <span class='ocrx_word' id='word_1_627' title='bbox 976 5563 1076 5608; x_wconf 89' lang='lat' dir='ltr'><strong>virtute</strong></span> <span class='ocrx_word' id='word_1_628' title='bbox 1086 5573 1277 5619; x_wconf 87' lang='lat' dir='ltr'><strong>amoveremus,</strong></span> <span class='ocrx_word' id='word_1_629' title='bbox 1332 5561 1420 5617; x_wconf 89' lang='lat' dir='ltr'><strong>inibis,</strong></span> <span class='ocrx_word' id='word_1_630' title='bbox 1436 5561 1572 5608; x_wconf 88' lang='lat' dir='ltr'><strong>uberrima</strong></span> <span class='ocrx_word' id='word_1_631' title='bbox 1586 5561 1739 5607; x_wconf 90' lang='lat' dir='ltr'><strong>coelestium</strong></span> <span class='ocrx_word' id='word_1_632' title='bbox 1749 5563 1943 5609; x_wconf 87' lang='lat' dir='ltr'><strong>charismatum</strong></span> <span class='ocrx_word' id='word_1_633' title='bbox 1953 5564 2082 5621; x_wconf 69' lang='lat' dir='ltr'><strong>copman-</strong></span> 
     </span>
     <span class='ocr_line' id='line_1_101' title="bbox 531 5626 2081 5687; baseline 0 -11"><span class='ocrx_word' id='word_1_634' title='bbox 531 5635 652 5677; x_wconf 88' lang='lat' dir='ltr'><strong>nostrum</strong></span> <span class='ocrx_word' id='word_1_635' title='bbox 667 5631 844 5687; x_wconf 79' lang='lat' dir='ltr'><strong>apostolicum</strong></span> <span class='ocrx_word' id='word_1_636' title='bbox 859 5630 1002 5685; x_wconf 88' lang='lat' dir='ltr'><strong>vicarium,</strong></span> <span class='ocrx_word' id='word_1_637' title='bbox 1012 5629 1182 5676; x_wconf 87' lang='lat' dir='ltr'><strong>facultatibus</strong></span> <span class='ocrx_word' id='word_1_638' title='bbox 1193 5641 1278 5676; x_wconf 88' lang='lat' dir='ltr'><strong>neces·</strong></span> <span class='ocrx_word' id='word_1_639' title='bbox 1332 5629 1423 5674; x_wconf 87' lang='lat' dir='ltr'><strong>mutet.</strong></span> <span class='ocrx_word' id='word_1_640' title='bbox 1439 5628 1561 5673; x_wconf 86' lang='lat' dir='ltr'><strong>interim·</strong></span> <span class='ocrx_word' id='word_1_641' title='bbox 1571 5629 1742 5686; x_wconf 89' lang='lat' dir='ltr'><strong>apostolicam</strong></span> <span class='ocrx_word' id='word_1_642' title='bbox 1763 5626 2081 5677; x_wconf 76' lang='lat' dir='ltr'><strong>benedictionem&#39;frater·</strong></span> 
     </span>
     <span class='ocr_line' id='line_1_102' title="bbox 531 5695 1866 5755; baseline -0.001 -12"><span class='ocrx_word' id='word_1_643' title='bbox 531 5697 610 5744; x_wconf 84' lang='lat' dir='ltr'><strong>seriis</strong></span> <span class='ocrx_word' id='word_1_644' title='bbox 625 5699 651 5743; x_wconf 88' lang='lat' dir='ltr'><strong>et</strong></span> <span class='ocrx_word' id='word_1_645' title='bbox 665 5697 822 5755; x_wconf 90' lang='lat' dir='ltr'><strong>opportunis</strong></span> <span class='ocrx_word' id='word_1_646' title='bbox 835 5697 868 5742; x_wconf 92' lang='lat' dir='ltr'><strong>ad</strong></span> <span class='ocrx_word' id='word_1_647' title='bbox 882 5697 1074 5743; x_wconf 88' lang='lat' dir='ltr'><strong>conficiendum</strong></span> <span class='ocrx_word' id='word_1_648' title='bbox 1084 5696 1220 5752; x_wconf 83' lang='lat' dir='ltr'><strong>negotium</strong></span> <span class='ocrx_word' id='word_1_649' title='bbox 1231 5697 1278 5742; x_wconf 90' lang='lat' dir='ltr'><strong>hu·</strong></span> <span class='ocrx_word' id='word_1_650' title='bbox 1332 5695 1413 5741; x_wconf 91' lang='lat' dir='ltr'><strong>nitati</strong></span> <span class='ocrx_word' id='word_1_651' title='bbox 1428 5698 1489 5741; x_wconf 89' lang='lat' dir='ltr'><strong>tuae</strong></span> <span class='ocrx_word' id='word_1_652' title='bbox 1504 5697 1674 5752; x_wconf 88' lang='lat' dir='ltr'><strong>peramanter</strong></span> <span class='ocrx_word' id='word_1_653' title='bbox 1687 5695 1866 5752; x_wconf 88' lang='lat' dir='ltr'><strong>impertimur.</strong></span> 
     </span>
     <span class='ocr_line' id='line_1_103' title="bbox 531 5761 2080 5821; baseline 0.001 -12"><span class='ocrx_word' id='word_1_654' title='bbox 531 5765 646 5810; x_wconf 88' lang='lat' dir='ltr'><strong>iusmodi</strong></span> <span class='ocrx_word' id='word_1_655' title='bbox 660 5765 831 5820; x_wconf 89' lang='lat' dir='ltr'><strong>instructum,</strong></span> <span class='ocrx_word' id='word_1_656' title='bbox 842 5775 888 5821; x_wconf 91' lang='lat' dir='ltr'><strong>per</strong></span> <span class='ocrx_word' id='word_1_657' title='bbox 902 5763 970 5810; x_wconf 88' lang='lat' dir='ltr'><strong>alias</strong></span> <span class='ocrx_word' id='word_1_658' title='bbox 984 5766 1090 5809; x_wconf 87' lang='lat' dir='ltr'><strong>nostras</strong></span> <span class='ocrx_word' id='word_1_659' title='bbox 1099 5761 1125 5807; x_wconf 91' lang='lat' dir='ltr'><strong>in</strong></span> <span class='ocrx_word' id='word_1_660' title='bbox 1136 5762 1219 5808; x_wconf 87' lang='lat' dir='ltr'><strong>simili</strong></span> <span class='ocrx_word' id='word_1_661' title='bbox 1230 5763 1279 5808; x_wconf 86' lang='lat' dir='ltr'><strong>for·</strong></span> <span class='ocrx_word' id='word_1_662' title='bbox 1372 5764 1466 5808; x_wconf 85' lang='lat' dir='ltr'><strong>Datum</strong></span> <span class='ocrx_word' id='word_1_663' title='bbox 1487 5765 1594 5819; x_wconf 87' lang='lat' dir='ltr'><strong>Romae,</strong></span> <span class='ocrx_word' id='word_1_664' title='bbox 1616 5762 1685 5819; x_wconf 87' lang='lat' dir='ltr'><strong>apud</strong></span> <span class='ocrx_word' id='word_1_665' title='bbox 1707 5765 1730 5806; x_wconf 82' lang='lat' dir='ltr'><strong>s.</strong></span> <span class='ocrx_word' id='word_1_666' title='bbox 1747 5763 1858 5809; x_wconf 85' lang='lat' dir='ltr'><strong>Mariam</strong></span> <span class='ocrx_word' id='word_1_667' title='bbox 1881 5764 2015 5821; x_wconf 84' lang='lat' dir='ltr'><strong>Maiorem,</strong></span> <span class='ocrx_word' id='word_1_668' title='bbox 2031 5765 2080 5811; x_wconf 89' lang='lat' dir='ltr'><strong>sub</strong></span> 
     </span>
     <span class='ocr_line' id='line_1_104' title="bbox 532 5827 2080 5890; baseline 0.001 -14"><span class='ocrx_word' id='word_1_669' title='bbox 532 5842 576 5876; x_wconf 90' lang='lat' dir='ltr'><strong>ma</strong></span> <span class='ocrx_word' id='word_1_670' title='bbox 589 5831 677 5877; x_wconf 90' lang='lat' dir='ltr'><strong>brevis</strong></span> <span class='ocrx_word' id='word_1_671' title='bbox 691 5832 804 5888; x_wconf 87' lang='lat' dir='ltr'><strong>desuper</strong></span> <span class='ocrx_word' id='word_1_672' title='bbox 817 5831 951 5888; x_wconf 84' lang='lat' dir='ltr'><strong>expeditas</strong></span> <span class='ocrx_word' id='word_1_673' title='bbox 965 5830 1067 5886; x_wconf 88' lang='lat' dir='ltr'><strong>literas,</strong></span> <span class='ocrx_word' id='word_1_674' title='bbox 1083 5840 1196 5888; x_wconf 88' lang='lat' dir='ltr'><strong>quarum</strong></span> <span class='ocrx_word' id='word_1_675' title='bbox 1207 5833 1278 5875; x_wconf 88' lang='lat' dir='ltr'><strong>teno—</strong></span> <span class='ocrx_word' id='word_1_676' title='bbox 1332 5828 1430 5876; x_wconf 90' lang='lat' dir='ltr'><strong>annulo</strong></span> <span class='ocrx_word' id='word_1_677' title='bbox 1448 5828 1598 5883; x_wconf 84' lang='lat' dir='ltr'><strong>Piscatoris,</strong></span> <span class='ocrx_word' id='word_1_678' title='bbox 1612 5827 1655 5874; x_wconf 89' lang='lat' dir='ltr'><strong>die</strong></span> <span class='ocrx_word' id='word_1_679' title='bbox 1673 5839 1747 5874; x_wconf 86' lang='lat' dir='ltr'><strong>xxvr.</strong></span> <span class='ocrx_word' id='word_1_680' title='bbox 1763 5829 1912 5877; x_wconf 82' lang='lat' dir='ltr'><strong>novembris</strong></span> <span class='ocrx_word' id='word_1_681' title='bbox 1926 5842 2080 5890; x_wconf 74' lang='lat' dir='ltr'><strong>mnocxmv,</strong></span> 
     </span>
     <span class='ocr_line' id='line_1_105' title="bbox 532 5894 1724 5957; baseline -0.008 -9"><span class='ocrx_word' id='word_1_682' title='bbox 532 5909 589 5948; x_wconf 83' lang='lat' dir='ltr'><strong>uem</strong></span> <span class='ocrx_word' id='word_1_683' title='bbox 603 5897 647 5944; x_wconf 90' lang='lat' dir='ltr'><strong>hic</strong></span> <span class='ocrx_word' id='word_1_684' title='bbox 660 5909 708 5956; x_wconf 88' lang='lat' dir='ltr'><strong>pro</strong></span> <span class='ocrx_word' id='word_1_685' title='bbox 729 5908 851 5957; x_wconf 87' lang='lat' dir='ltr'><strong>expresso</strong></span> <span class='ocrx_word' id='word_1_686' title='bbox 870 5900 897 5943; x_wconf 92' lang='lat' dir='ltr'><strong>et</strong></span> <span class='ocrx_word' id='word_1_687' title='bbox 915 5897 1016 5944; x_wconf 84' lang='lat' dir='ltr'><strong>inserto</strong></span> <span class='ocrx_word' id='word_1_688' title='bbox 1035 5895 1128 5943; x_wconf 90' lang='lat' dir='ltr'><strong>haberi</strong></span> <span class='ocrx_word' id='word_1_689' title='bbox 1146 5895 1279 5953; x_wconf 89' lang='lat' dir='ltr'><strong>volumus,</strong></span> <span class='ocrx_word' id='word_1_690' title='bbox 1333 5895 1503 5952; x_wconf 86' lang='lat' dir='ltr'><strong>pontificatus</strong></span> <span class='ocrx_word' id='word_1_691' title='bbox 1517 5894 1602 5942; x_wconf 89' lang='lat' dir='ltr'><strong>nostri</strong></span> <span class='ocrx_word' id='word_1_692' title='bbox 1616 5906 1686 5941; x_wconf 85' lang='lat' dir='ltr'><strong>auae</strong></span> <span class='ocrx_word' id='word_1_693' title='bbox 1700 5905 1724 5939; x_wconf 86' lang='lat' dir='ltr'><strong>v.</strong></span> 
     </span>
    </p>
   </div>
   <div class='ocr_carea' id='block_1_20' title="bbox 621 4567 1187 4686">
    <p class='ocr_par' dir='ltr' id='par_1_24' title="bbox 621 4567 1187 4686">
     <span class='ocr_line' id='line_1_106' title="bbox 769 4567 1040 4616; baseline -0.011 -5"><span class='ocrx_word' id='word_1_694' title='bbox 769 4567 929 4612; x_wconf 79' lang='lat' dir='ltr'><strong>Venerabilis</strong></span> <span class='ocrx_word' id='word_1_695' title='bbox 942 4568 1040 4616; x_wconf 53' lang='grc' dir='ltr'><em>[ναίω</em></span> 
     </span>
     <span class='ocr_line' id='line_1_107' title="bbox 621 4635 1187 4686; baseline -0.004 -8"><span class='ocrx_word' id='word_1_696' title='bbox 621 4635 736 4680; x_wconf 75' lang='lat' dir='ltr'><strong>salutem</strong></span> <span class='ocrx_word' id='word_1_697' title='bbox 749 4638 774 4678; x_wconf 84' lang='lat' dir='ltr'><strong>et</strong></span> <span class='ocrx_word' id='word_1_698' title='bbox 787 4636 961 4686; x_wconf 75' lang='lat' dir='ltr'><strong>apostoticam</strong></span> <span class='ocrx_word' id='word_1_699' title='bbox 976 4635 1187 4678; x_wconf 78' lang='lat' dir='ltr'><strong>benedictionem.</strong></span> 
     </span>
    </p>
   </div>
   <div class='ocr_carea' id='block_1_21' title="bbox 0 0 2379 6976">
    <p class='ocr_par' dir='ltr' id='par_1_25' title="bbox 0 0 2379 6976">
     <span class='ocr_line' id='line_1_108' title="bbox 0 0 2379 6976; baseline 0 0"><span class='ocrx_word' id='word_1_700' title='bbox 0 0 2379 6976; x_wconf 95' lang='lat' dir='ltr'><strong> </strong></span> 
     </span>
    </p>
   </div>
  </div>
 </body>
</html>
