4708 6978
776 599 778 604 -
860 575 1056 622 0000070000
1078 573 1141 620 xrv.
1695 541 1753 606 337
1803 540 1901 600 aab
1922 535 1992 588 1747

229 695 352 766 007007,
375 692 576 773 baptismum,
598 701 634 758 ut
653 694 712 758 sibi
731 695 906 771 consulant,
921 711 972 757 su·
1026 694 1144 758 tionem
1164 693 1222 757 sibi
1244 692 1338 756 luisse
1366 695 1526 772 pernegat,
1549 693 1688 750 autnon
1710 682 1774 746 ido·

229 786 403 865 scipientes,
414 787 451 849 ab
461 787 498 849 iis
509 788 685 866 distinguit,
699 788 823 866 quibus,
836 789 866 849 vi
878 789 971 852 etiarn
1028 804 1136 864 neam,
1166 787 1357 866 minimeque
1384 782 1601 855 subicientem,
1634 777 1774 842 extitisse

229 878 321 954 illata,
344 882 626 945 contradicentibus
647 882 798 960 palamst
819 882 973 946 00700700-
1026 881 1197 945 contendit.

231 971 323 1048 tibus,
347 973 403 1038 boc
428 983 656 1040 sacramentum
683 991 738 1055 per
759 976 824 1038 rim
852 974 972 1039 000700-
1066 975 1155 1051 §on
1178 973 1263 1050 Quod
1284 973 1308 1035 si
1325 973 1410 1035 nulla
1424 972 1465 1034 sit
1479 970 1596 1049 0077000
1611 963 1771 1036 dubitatio,

229 1067 459 1138 melienorum
486 1078 590 1132 autem
612 1071 644 1132 in
671 1072 770 1148 primo
784 1087 884 1145 0000,
907 1085 971 1132 000
1027 1068 1179 1148 07000000
1199 1075 1320 1132 0000707
1350 1069 1405 1128 000
1425 1065 1494 1130 7000
1522 1063 1652 1137 0700700,Ι
1667 1058 1772 1122 adulto

228 1161 428 1238 insecundo,
453 1161 641 1242 baptismatis
662 1164 802 1243 imprimi
823 1165 972 1226 characte-
1027 1161 1211 1241 baptismum
1227 1162 1388 1240 accipienti
1402 1159 1521 1224 nullam
1538 1169 1662 1236 prorsus
1676 1151 1771 1215 inisse
1820 1233 1830 1250 .

228 1269 309 1316 rem:
333 1255 376 1327 70,
400 1257 455 1334 qui
477 1258 655 1322 terroribus
681 1265 776 1337 alque
802 1256 971 1334 suppliciis
1026 1257 1220 1318 voluntalem
1241 1263 1294 1318 aut
1314 1249 1606 1327 intentionemnil
1627 1249 1722 1311 restat
1742 1263 1772 1308 a·

227 1347 426 1412 veliementer
447 1350 657 1423 attrabitnr‚·
684 1367 722 1414 ue
743 1352 972 1414 detrimentum
1027 1349 1103 1424 liud,
1137 1366 1229 1430 quam
1260 1348 1406 1411 eumdem
1427 1355 1459 1410 07
1478 1345 1596 1408 hortari
1618 1350 1649 1405 el
1669 1342 1771 1404 admo·

228 1443 393 1516 incurrat,
407 1441 558 1522 baptismi
570 1446 707 1524 00007077
718 1449 969 1514 sacramentum,
1027 1459 1113 1518 0000,
1137 1451 1171 1507 07
1193 1444 1252 1506 0770
1274 1443 1302 1506 id
1325 1443 1423 1517 iaciat,
1446 1439 1526 1520 quod
1549 1439 1610 1500 iarn
1625 1435 1714 1498 irrito
1729 1433 1773 1495 70-

226 1538 313 1600 sieut
335 1545 366 1601 et
388 1541 428 1611 is,
451 1541 507 1618 qui
528 1539 599 1620 07070
613 1540 655 1604 07
671 1537 865 1617 baptismum
885 1555 972 1600 acre·
1026 1537 1077 1612 cit,
1101 1545 1132 1599 et
1152 1537 1297 1616 suscipiat
1327 1533 1471 1599 absolute
1498 1549 1532 1594 00
1558 1531 1656 1594 iibere
1675 1543 1771 1590 sacra-

228 1631 288 1703 dit,
312 1631 530 1696 characterem
551 1632 689 1710 suscipit
714 1631 971 1694 christianitatis
1027 1637 1187 1706 mentum;
1210 1646 1255 1705 au,
1282 1631 1307 1692 si
1329 1628 1481 1692 obstinate
1506 1631 1670 1705 repugnet,
1703 1629 1772 1684 tum

227 1729 418 1804 impressum
443 1731 502 1787 etc.
526 1725 581 1788 ille
609 1742 693 1798 cero,
718 1726 773 1803 qui
805 1739 971 1802 nunquam
1026 1724 1103 1787 nibil
1126 1724 1208 1787 aliud
1228 1732 1379 1802 superest,
1396 1722 1455 1784 nisi
1477 1729 1513 1784 ut
1534 1720 1722 1783 remittatur.
1739 1715 1771 1780 Si

227 1820 399 1892 consentit,
430 1821 483 1882 007
511 1821 641 1898 penitus
669 1819 882 1890 euertradicit,
915 1833 971 1878 nee
1025 1826 1129 1880 autem
1151 1834 1200 1880 res
1218 1820 1249 1881 70
1266 1817 1358 1880 dubio
1372 1818 1424 1890 sit,
1440 1831 1499 1878 000
1514 1812 1650 1889 intelligi
1665 1811 1771 1890 possit,
1872 1829 1874 1836 ¹

227 1929 293 1974 rem
308 1929 365 1974 nee
377 1913 595 1975 characterem
610 1911 747 1990 suscipit
762 1909 969 1982 sacramenti,
1025 1929 1062 1974 an
1085 1912 1219 1975 70700077
1240 1911 1385 1985 70700770,
1408 1927 1447 1972 00
1468 1907 1625 1972 subiciens
1639 1903 1772 1966 adiuerit

226 2007 393 2086 quidplus
409 2014 455 2068 est
471 2020 615 2089 erepresse
630 2004 859 2074 contradicere,
877 2017 971 2081 qrcam
1026 2021 1135 2081 necne,
1157 2005 1281 2068 aduitus
1310 2013 1377 2067 tum
1399 2001 1594 2076 retinendus,
1616 1999 1772 2067 baptizan-

225 2100 360 2160 minime
381 2101 580 2172 consentire‚·
601 2099 688 2160 sicul
709 2113 765 2160 nee
785 2096 840 2160 illc
861 2093 971 2158 uitam
1026 2101 1145 2178 dusqne
1165 2096 1224 2161 007
1239 2098 1432 2160 conditione:
1449 2097 1479 2160 S.
1498 2096 1630 2157 Thomas
1647 2093 1767 2170 3000,

225 2191 371 2254 alieuius
403 2197 515 2255 reatus
542 2192 701 2264 incurrit,
726 2189 782 2269 qui
810 2188 971 2252 contradi·
1026 2209 1053 2272 q.
1077 2197 1133 2266 68,
1158 2198 1222 2254 art.
1246 2194 1282 2264 7,·
1303 2192 1368 2268 077,
1391 2199 1427 2254 07
1447 2197 1537 2252 00700
1567 2188 1716 2261 diximus,
1739 2185 1771 2246 70

226 2302 299 2347 cens
330 2286 460 2363 penitus
492 2293 522 2348 et
554 2283 747 2355 reclamans,
782 2282 971 2362 7700770000
1025 2286 1177 2365 baptizato
1197 2286 1381 2349 intentionis
1399 2279 1770 2357 necessitatemprobans,

170 2427 172 2432 .
229 2378 324 2443 idelis
349 2379 478 2460 eapitur
508 2380 674 2440 uiolenter.
705 2376 866 2440 Distinctio
892 2377 971 2436 eius·
1025 2379 1082 2442 boc
1103 2379 1160 2442 sibi
1180 2379 1336 2442 obiectum
1364 2377 1510 2456 proponit
1530 2374 1665 2438 secundo
1686 2372 1769 2435 loco:

225 2471 466 2536 modioccurrit
493 2487 616 2550 000000
636 2471 670 2532 70
691 2471 795 2534 7770000
818 2467 971 2532 dodonico
1028 2473 1106 2537 Germ
1127 2473 1164 2534 de
1185 2472 1364 2534 intentione
1382 2468 1544 2548 baptizati
1558 2483 1622 2530 non
1637 2470 1771 2538 constet,

225 2567 262 2628 in
285 2565 365 2628 Cati·
389 2563 425 2625 77
456 2565 602 2636 Iudaeis,
625 2564 666 2627 ad
694 2561 836 2635 77777777,
861 2560 972 2625 Cottii
1026 2564 1158 2645 quilibet
1177 2571 1281 2646 posset
1301 2571 1462 2644 peterere
1477 2564 1578 2627 denuo
1594 2560 1770 2641 baptizari,

224 2665 316 2730 tlibi,
340 2657 416 2720 diti·
445 2658 503 2728 45,
528 2657 562 2720 in
588 2674 657 2737 000.
690 2657 826 2720 Maiores
848 2657 866 2732 ᾖ
892 2647 971 2719 Item
1025 2666 1156 2739 propter
1183 2661 1376 2723 intentionis
1404 2659 1572 2739 defectum.
1597 2657 1667 2719 Non
1688 2653 1771 2716 eide·

225 2752 411 2830 quaeritur,
428 2749 625 2824 adverbum,
642 2749 919 2820 conditionaliter,
936 2747 971 2810 70
1028 2761 1084 2816 tur
1115 2770 1197 2834 erpa,
1231 2754 1312 2832 0007
1344 2753 1484 2815 intentio
1512 2750 1703 2829 requiratur
1731 2764 1771 2809 eea

226 2843 392 2923 baiiitmb
418 2851 447 2908 77
469 2845 505 2906 iu
526 2859 594 2922 cap.
618 2843 739 2909 0077777
760 2841 970 2912 cbrtsrtauos,
1024 2854 1118 2927 parte
1147 2846 1318 2926 baptizati,
1342 2853 1380 2909 ut
1402 2845 1561 2922 suscipiar
1590 2859 1771 2906 sacramen·

225 2939 267 3003 aa
287 2935 437 3011 aereum,
469 2937 624 3010 absolute,
653 2937 690 2998 aa
722 2935 913 3006 haereticis,
936 2934 971 2995 tu
1027 2949 1113 3002 tum:
1130 2949 1223 3018 atque
1239 2939 1278 3002 tta
1294 2939 1474 3018 respondet:
1494 2936 1670 2998 btceuuum
1683 2950 1769 3014 erpa,

224 3040 326 3096 00070.
1026 3033 1106 3112 quod
1127 3033 1156 3093 si
1177 3033 1213 3094 in
1235 3031 1348 3095 070770
1370 3031 1486 3094 deesset
1512 3029 1652 3093 intentio
1671 3027 1774 3089 susci-

79 3137 208 3200 07700οᾳ-
265 3129 284 3203 5
305 3127 355 3191 50.
381 3127 520 3190 Examen
541 3141 633 3205 porro
648 3127 673 3187 si
688 3123 792 3186 baberi
813 3121 920 3185 debeat
934 3121 973 3183 de
1025 3125 1135 3205 piendi
1148 3132 1398 3198 sacramentum,
1413 3129 1492 3187 esset
1507 3120 1773 3201 rebaptizandus,-

64 3191 208 3306 iiiiii?
226 3219 324 3284 adulti
355 3220 524 3299 proposito,
546 3225 599 3282 007
623 3217 797 3291 uoluntate,
830 3229 901 3278 curu
923 3213 973 3275 ba·
1025 3220 1054 3281 si
1078 3225 1183 3282 tamen
1204 3218 1261 3281 700
1282 3236 1345 3282 non
1370 3224 1545 3289 constaret,
1568 3221 1646 3278 esset
1668 3215 1772 3278 dicen·

62 3299 209 3397 ,lfflssffij
225 3314 377 3394 ptismum
398 3312 525 3392 accepit,
541 3312 715 3392 7000070070
730 3317 776 3374 est
790 3315 862 3371 0070
876 3315 972 3370 00070-
1027 3311 1114 3374 dum.
1130 3312 1164 3376 Si
1180 3329 1244 3374 non
1258 3329 1288 3373 es
1304 3309 1502 3390 baptizatus,
1517 3327 1570 3390 eqo
1586 3313 1616 3372 te
1630 3307 1770 3387 baptiza.

59 3405 137 3503 fflffl
165 3403 208 3450 ¹¹³-
224 3425 275 3470 ras
289 3407 473 3482 audiendus,
484 3414 516 3469 07
527 3403 781 3483 interrogandum
797 3402 971 3465 cavendum
1065 3407 1154 3481 §52
1178 3407 1310 3470 [ternum
1336 3407 1594 3484 quotiescumque
1614 3403 1714 3481 aliqua
1735 3417 1773 3464 ex

224 3509 343 3576 tamen,
360 3516 401 3563 00
421 3501 595 3566 7000000770
617 3497 803 3562 iideseidsm
825 3497 906 3560 illico
921 3497 973 3558 ba·
1026 3509 1113 3580 parte
1133 3501 1171 3564 de
1195 3502 1305 3565 0077070
1332 3501 1514 3580 baptismate
1538 3499 1699 3562 dubitetur
1719 3506 1772 3560 007

225 3597 346 3673 beatur,
362 3597 415 3660 ubi
438 3595 642 3674 responderit,
655 3611 686 3656 se
703 3595 890 3673 baptizatum
907 3608 970 3654 non
1027 3595 1059 3657 in
1081 3594 1159 3658 70070
1179 3604 1232 3658 007
1252 3597 1286 3658 70
1307 3597 1393 3671 iures
1416 3611 1487 3658 cum
1509 3610 1548 3657 ex
1568 3594 1646 3656 70070
1661 3593 1774 3655 articu-

224 3691 333 3766 libere,
355 3689 408 3752 sed
431 3690 540 3752 invito.
563 3690 645 3751 Fieri
666 3688 751 3750 enim
780 3695 880 3765 007007
901 3685 972 3765 (000
1026 3687 1074 3750 700
1096 3689 1170 3751 70070
1191 3691 1319 3765 0070700,
1343 3690 1381 3752 70
1402 3705 1463 3767 000
1484 3688 1562 3750 nibil
1582 3688 1681 3750 adhuc
1695 3687 1770 3750 certi

224 3799 310 3846 cesus
331 3799 406 3845 sane
427 3783 476 3846 bic
507 3781 736 3860 metaphysicus
764 3779 824 3859 007)
851 3785 886 3842 07
908 3779 972 3856 7000
1027 3783 1160 3846 Ecclesia
1180 3783 1298 3847 statuit.
1323 3783 1553 3860 'iheologorum
1574 3788 1679 3844 autem
1699 3781 1772 3844 scri·

224 3876 256 3938 in
278 3883 349 3939 0070
372 3875 581 3938 intentionem
595 3874 738 3936 babuerit
751 3871 970 3947 sufficientem,
1025 3885 1214 3956 plerumque
1242 3876 1416 3940 0007007700
1447 3877 1563 3940 diuisae
1593 3887 1685 3951 sunt,
1719 3877 1771 3938 be-

223 3968 381 4032 diaboiicis
402 3966 514 4031 deinde
534 3967 669 4030 stimulis
689 3967 836 4029 incitatus
857 3973 888 4028 et
909 3965 971 4026 ric·
1025 3969 1134 4032 braeus
1156 3971 1217 4031 iarn
1238 3968 1385 4032 lustratus
1409 3985 1473 4031 000
1495 3969 1627 4043 remitti,
1649 3970 1701 4031 sed
1724 3985 1771 4030 re-

225 4061 333 4138 tus,ad
348 4061 505 4124 vomitum
520 4061 676 4122 rediturus
691 4057 887 4120 mendacium
902 4072 973 4135 pro·
1025 4063 1119 4124 tineri
1149 4063 1239 4124 debet
1259 4057 1290 4124 07
1312 4062 1460 4141 baptizari
1490 4059 1550 4124 sub
1576 4061 1767 4134 conditione,

224 4156 300 4218 70007
322 4163 353 4218 07
367 4154 405 4217 de
425 4155 602 4217 intentione
618 4154 827 4230 interrogatus
841 4151 970 4228 nigrum
1024 4156 1108 4219 iuxta
1139 4157 1281 4233 reguiam
1302 4154 1469 4218 Alexandri
1498 4155 1547 4218 777.
1572 4155 1608 4217 in
1634 4170 1701 4232 cap.
1727 4155 1771 4217 170

224 4264 279 4328 000
299 4248 388 4323 albo,
411 4255 446 4310 ut
467 4247 632 4326 inquiunt,
658 4251 879 4324 repraesentet.
913 4244 970 4321 Qui
1024 4247 1150 4328 quibus,
1173 4245 1232 4311 007
1255 4249 1309 4310 777.
1336 4247 1377 4310 770
1398 4247 1573 4327 baptismo.-
1596 4245 1640 4308 Iie
1655 4244 1771 4326 quibus

226 4343 256 4404 in
278 4341 363 4418 7000,
385 4343 419 4404 70
448 4341 555 4416 Curia,
578 4340 611 4402 70
640 4339 806 4419 Republica
831 4346 970 4400 versatus
1024 4340 1159 4405 dubium
1180 4349 1237 4414 est,
1261 4359 1305 4405 an
1327 4339 1488 4421 baptizati
1510 4341 1648 4422 suerint,
1667 4338 1773 4418 bapti·

225 4443 281 4510 esl,
303 4450 369 4498 000
390 4435 524 4512 ignorat,
541 4441 572 4496 el
585 4448 676 4512 saepe
696 4433 767 4494 alias
792 4431 968 4507 contigisse,
1024 4445 1144 4500 seratur
1165 4434 1215 4497 770
1235 4433 1339 4498 uerbis
1361 4435 1562 4514 praemissis:
1586 4436 1656 4499 Non
1679 4442 1709 4497 te
1724 4451 1771 4496 re·

225 4536 254 4591 et
275 4528 459 4608 7000000700
479 4527 659 4602 usuvenire,
682 4533 716 4588 ut
737 4525 828 4587 sacris
850 4524 972 4588 Ordini-
1025 4527 1164 4608 baptiso,
1197 4529 1259 4603 sed,
1290 4529 1320 4591 si
1348 4529 1489 4593 nondum
1518 4526 1769 4606 baptizatores,

225 4621 280 4684 bus
300 4621 426 4696 initiati,
440 4637 482 4682 ac
501 4621 598 4684 vitam
625 4617 801 4696 regularem
830 4617 970 4696 professi,
1024 4640 1077 4704 epa
1100 4621 1228 4702 baptizo
1251 4629 1291 4684 te.
1317 4624 1353 4687 Hi
1376 4639 1466 4702 porro
1488 4623 1530 4686 ita
1561 4622 1706 4701 baptizati
1728 4629 1771 4683 te·

226 4715 316 4778 enixe
337 4712 498 4794 postulent
519 4712 682 4776 contractis
703 4728 719 4772 a
740 4711 875 4773 vinculis
888 4710 971 4772 solu·
1024 4727 1142 4780 nentur
1162 4718 1293 4780 omnino
1315 4717 1408 4781 fidem
1430 4715 1609 4780 catholicam
1631 4715 1770 4778 observa-

225 4809 355 4883 tionem,
378 4807 553 4871 (777777777777
579 4805 742 4880 nimirum,
771 4812 802 4866 et
824 4818 970 4897 nonnun·
1024 4827 1069 4883 re,
1092 4827 1202 4874 eorum
1223 4813 1331 4887 instar,
1354 4812 1407 4890 007
1428 4809 1521 4873 minis
1540 4826 1574 4872 ac
1589 4817 1708 4872 terrore
1721 4809 1772 4870 ad·

225 4917 317 4980 quam
349 4901 550 4962 iureiurando
582 4899 787 4974 affirmantes,
819 4913 886 4959 sese
918 4897 970 4958 7770
1023 4905 1119 4982 duoti,
1141 4905 1335 4983 suscipiendo
1359 4903 1535 4983 baptismali
1555 4917 1714 4964 assensum
1736 4902 1771 4963 li·

227 5002 376 5074 77777707θο
399 5003 452 5056 7777
473 4989 968 5070 777777377177777775777771770777117,
1025 4999 1096 5060 bere
1117 4999 1342 5076 praebuerunt:
1367 4997 1438 5059 vide
1459 4996 1514 5057 eit.
1539 5010 1609 5073 cap.
1633 4995 1770 5062 Maiores

225 5097 275 5150 aut
301 5088 433 5149 omuino
463 5085 651 5148 contrariam
681 5083 833 5146 babuisse.
857 5085 891 5145 70
914 5083 971 5145 boc
1022 5091 1042 5166 5
1067 5091 1190 5161 Verum,
1214 5090 1249 5152 70
1272 5087 1444 5168 baptismo.-
1469 5089 1511 5152 777
1526 5089 1592 5167 7000
1608 5096 1771 5168 tamquam

225 5197 331 5246 rerum
352 5186 435 5241 statu
456 5178 529 5258 quid
551 5177 628 5240 00707
649 5177 770 5241 00007777
795 5191 904 5256 000000
925 5177 971 5240 iu·
1025 5183 1290 5246 conditionaliter
1310 5183 1426 5254 colens,
1447 5183 1520 5244 ticet
1542 5181 1687 5246 absolute
1708 5199 1771 5244 nan

225 5277 414 5338 dexterius
440 5282 472 5335 et
492 5271 653 5351 prudenst
684 5272 840 5334 0777110707
869 5287 970 5349 asper·
1024 5277 1110 5350 eelit,
1136 5277 1293 5358 rependas
1314 5284 1360 5338 est
1389 5283 1495 5340 tumen
1517 5276 1558 5340 ad
1581 5275 1770 5340 obseruatio-

225 5377 327 5442 00700,
351 5367 469 5446 respuit
490 5365 719 5441 iusiurandum,
742 5363 801 5428 nisi
816 5366 874 5427 hoc
888 5366 970 5428 idem
1025 5388 1094 5434 uem
1108 5372 1182 5451 fidei
1197 5370 1407 5434 christianae.
1427 5371 1466 5432 Et
1479 5370 1629 5450 prolixius
1645 5372 1680 5432 in
1695 5388 1768 5433 can.

225 5461 425 5541 comprobent
451 5461 593 5523 adiuncta
619 5459 764 5537 plurima,
787 5461 970 5521 070700οῐ0·
1024 5463 1069 5526 De
1090 5465 1228 5537 7070070,
1251 5465 1293 5528 07
1318 5464 1393 5528 dist.
1417 5463 1473 5536 45,
1496 5465 1549 5528 nbi
1568 5465 1613 5527 sic
1633 5465 1768 5541 legitur:

225 5557 353 5619 stantiae
366 5553 595 5626 antecedentes,
607 5553 971 5615 concomitantesetsub
1027 5563 1170 5638 Oportet,
1194 5567 1231 5623 ut
1251 5558 1354 5638 077000,
1374 5576 1469 5638 quam
1490 5560 1588 5623 etiam
1609 5560 1642 5621 oi
1656 5558 1704 5621 vel
1719 5575 1772 5621 ne·

225 5656 405 5727 sequentes,
435 5653 465 5708 et
491 5661 546 5708 eae
572 5646 697 5725 quidem
728 5647 881 5708 momenti
908 5646 970 5709 0707
1025 5653 1406 5730 00007707000000000007,
1424 5661 1529 5716 tenere
1545 5661 1771 5732 repentanne

226 5740 430 5804 ineluctabilis
449 5747 482 5802 07
495 5738 681 5802 inconcussi.
697 5737 757 5800 iiac
772 5738 909 5816 00070070
924 5755 984 5816 ra·¹
1024 5761 1137 5807 nomen
1168 5744 1296 5807 Domini
1328 5744 1582 5824 blasphemetur,
1617 5755 1646 5810 et
1677 5747 1769 5826 7700,

228 5836 320 5912 77000,
349 5835 407 5896 boe
434 5835 589 5909 examine,
621 5833 677 5896 bac
704 5831 864 5910 diligentia
893 5848 970 5911 opus
1024 5853 1118 5915 quom
1139 5844 1361 5917 susceperunt,
1383 5838 1504 5903 viliset
1520 5838 1770 5918 contemptibilis

227 5943 280 6011 est,
303 5933 356 5996 ubi
377 5931 501 5995 adultus
515 5938 583 6011 post
597 5930 784 6010 baptismum
799 5936 852 5991 aut
867 5928 970 5991 inteu·
1024 5929 1192 5994 70700700.

328 6081 381 6128 ine.
399 6079 469 6127 Perti.
484 6079 515 6128 70
531 6079 605 6139 Prop.
619 6076 681 6125 Fide
695 6077 778 6126 Partis
791 6077 810 6126 1.
825 6076 878 6124 vol.
892 6079 936 6128 111.
1637 6095 1665 6138 4³
