4744 6976
868 588 1063 632 assensores
1087 587 1148 634 xtr.
1709 571 1764 634 lOO
1815 577 1868 628 An.
1882 575 1913 627 c.
1935 576 2004 627 1744

241 705 516 783 missionariorum,
540 706 653 796 quibus
675 706 852 770 fraternitas
874 714 926 770 tua
949 727 984 772 u·
1041 723 1110 770 rum
1141 707 1295 785 catalogo,
1325 707 1392 772 sive
1416 709 1532 785 indice,
1558 709 1654 788 rutgo
1679 710 1782 782 Noto,

240 817 469 881 namquamque
504 801 685 877 ecclesiam,
724 802 824 864 habita
857 818 981 878 rerum,
1041 817 1163 864 necnon
1184 801 1315 866 dilucida
1346 803 1506 882 amplaque
1530 821 1593 866 non
1615 805 1717 868 solum
1739 823 1786 870 re-

239 912 441 976 personarum
465 896 667 974 locorumque
688 897 819 972 ratione,
843 896 983 974 indigere
1040 911 1111 957 rum
1134 896 1278 957 omnium
1300 897 1336 958 ad
1357 897 1585 961 conficiendum
1607 898 1784 962 huiusmodi

240 991 362 1053 noverit
393 998 487 1067 atque
522 989 748 1050 existimaverit
786 997 923 1052 statuere
951 1006 983 1052 ac
1041 989 1203 1064 negotium
1225 1005 1279 1068 per
1302 996 1330 1050 te
1352 997 1528 1066 gestarum,
1550 990 1715 1053 sedetiam
1739 1008 1786 1054 re-

239 1083 463 1162 praescribere3
488 1081 761 1160 quemadmodum,
776 1089 810 1144 ut
824 1090 938 1144 statuas
953 1089 984 1146 et
1040 1096 1112 1142 rum
1137 1082 1279 1144 omnium
1301 1082 1342 1144 ibi
1358 1084 1577 1159 gerendarum,
1593 1086 1628 1147 ad
1644 1087 1786 1149 commis·

240 1175 436 1256 praescribas,
449 1163 505 1238 tibi
518 1175 632 1255 pariter
648 1175 841 1252 iniungimus
855 1183 887 1237 et
898 1192 984 1238 man·
1041 1173 1160 1236 sionem
1182 1176 1424 1254 mandatumque
1446 1183 1588 1239 nostrum
1604 1186 1634 1240 et
1662 1178 1787 1242 laculta·

24 1333 25 1336 ,
240 1273 358 1334 damus.
1012 1312 1013 1323 ,
1044 1273 1087 1327 tes
1110 1269 1425 1347 tuaspertinentium,
1441 1286 1507 1346 seu,
1525 1281 1650 1351 propter
1672 1271 1787 1334 inordi-

86 1375 141 1434 nam
154 1371 175 1415 n
189 1379 221 1413 rr
279 1365 298 1440 §
321 1363 368 1424 ll.
384 1363 626 1426 Declarationcm
640 1363 785 1442 denique,
798 1362 984 1426 authenticis
1012 1344 1015 1447 l
1041 1361 1182 1423 nationes
1204 1363 1299 1423 etiam
1320 1363 1592 1444 conlusionmque,
1616 1373 1708 1444 atque
1729 1367 1786 1428 alia

61 1430 222 1528 ἱῖἶέιξέἔῧῖἓῗῖὶ
239 1459 346 1534 etiam,
364 1465 398 1520 ut
414 1457 637 1536 praemittitur,
660 1457 854 1520 documentis
871 1457 986 1518 instru-
1012 1458 1014 1491 ²
1042 1451 1236 1531 huiusmodi,
1259 1457 1430 1518 necessario
1458 1457 1639 1536 apostolicae
1665 1467 1787 1521 nostrae

62 1533 155 1636 ξζξξῗῗξζξ
170 1539 222 1627 fiir}
240 1559 320 1613 ctam
353 1551 459 1626 exiges
485 1551 523 1612 ab
548 1550 656 1612 iisdem
689 1549 835 1612 tratribus
863 1548 985 1613 Ordinis
1042 1547 1252 1625 providentiae
1280 1565 1506 1629 supremaeque
1531 1551 1718 1614 auctoritatis
1740 1569 1788 1614 re-

24 1695 26 1700 s
62 1637 196 1688 ¹¹⁰l‘¹⁰¹l⁵¹⁵·
240 1645 396 1708 lltnorum
420 1643 451 1706 S-
480 1643 649 1717 Francisci,
673 1643 724 1722 qui
748 1643 876 1705 nomine
900 1649 985 1703 ante·
1044 1641 1145 1702 medio
1169 1642 1391 1720 indigentium,
1414 1643 1563 1707 relatione
1585 1652 1615 1707 et
1638 1645 1786 1708 narratio-

239 1738 337 1800 dictae
353 1737 533 1816 provinciae
547 1736 724 1799 insularum
740 1735 985 1814 Philippinarum
1044 1750 1095 1809 ne,
1120 1735 1246 1797 insimul
1268 1736 1445 1812 coniuncta,
1468 1753 1562 1816 quam
1583 1739 1738 1801 tutissime
1756 1749 1787 1802 et

240 1831 328 1893 nobis
348 1830 434 1894 ultro
448 1830 640 1904 obtulerunt,
657 1829 810 1891 nimirum
824 1845 890 1890 sese
904 1829 985 1890 subi·
1043 1829 1225 1906 quantocius
1259 1829 1379 1891 curabis
1411 1829 1592 1908 perferenda
1623 1833 1658 1894 ad
1690 1833 1785 1912 ipsam

241 1932 328 1988 turos
349 1933 449 1986 totum
482 1939 581 1994 onus,
610 1925 741 2002 propriis
768 1923 831 1985 suis
857 1923 985 1984 omnino
1013 1940 1015 1963 ⁴
1044 1921 1327 1999 congregationem
1348 1922 1562 2000 Propagandae
1584 1924 1678 1986 l'idei.

239 2019 416 2097 sumptibus
437 2033 561 2095 semper
588 2016 843 2090 substinentiam,
867 2015 986 2076 missio·
1083 2015 1102 2090 „S
1126 2014 1172 2076 ta.
1197 2014 1385 2077 Praeclaram
1407 2030 1491 2090 vero,
1509 2032 1603 2095 quam
1618 2018 1656 2080 dc
1670 2025 1788 2097 aposto-
1819 2045 1963 2094 saculares
1977 2057 2019 2104 op.

241 2127 317 2176 num
339 2112 441 2190 Regni
474 2110 625 2188 Giompoc
650 2108 696 2187 (in
720 2126 752 2170 ea
780 2118 882 2172 tamen
906 2109 988 2170 eius·
1013 2142 1016 2159 ·
1044 2107 1108 2169 licis
1130 2105 1331 2170 fraternitatis
1353 2115 1424 2170 tuae
1445 2109 1614 2172 virtutibus
1627 2118 1658 2172 et
1679 2111 1787 2174 labori·
1806 2105 1934 2199 lgffllgt
1959 2111 2020 2200 {2313

239 2206 309 2268 dem
332 2204 423 2282 regni
455 2210 558 2282 parte,
582 2203 614 2264 in
637 2218 695 2280 qua
720 2201 826 2264 nullus
858 2201 986 2262 alterius
1013 2186 1016 2231 ¹
1044 2201 1099 2262 bus
1115 2209 1294 2280 conceptam
1306 2201 1466 2277 babemus,
1478 2202 1669 2281 opinionem,
1679 2213 1714 2268 ut
1726 2223 1788 2268 ma·
1806 2205 1929 2252 ⁰¹³⁰³¹¹¹¹⁸
1945 2211 1991 2254 0¹⁰»

238 2298 375 2372 Ordinis,
392 2296 647 2373 congregationis
668 2303 700 2356 et
722 2294 859 2356 instituti
881 2309 987 2372 opera·
1013 2238 1016 2367 i
1044 2294 1089 2370 gis
1106 2293 1266 2372 magisque
1283 2295 1596 2374 nobisprobesatque
1610 2300 1787 2375 confirmes,

238 2395 304 2455 rius
325 2392 450 2467 existat)
464 2400 495 2452 et
511 2391 542 2452 in
558 2387 665 2466 Regno
686 2386 887 2459 Combodice,
908 2403 987 2466 quae
1013 2396 1016 2451 t
1044 2385 1142 2448 oblata
1164 2387 1279 2448 occasio
1299 2394 1331 2448 et
1352 2387 1533 2450 demandata
1555 2405 1570 2448 a
1596 2390 1684 2453 nobis
1706 2408 1790 2454 com-

241 2486 349 2563 llegna
363 2501 419 2563 per
432 2483 634 2561 Apostolicam
651 2482 730 2544 hanc
746 2482 776 2545 S.
792 2481 902 2544 Sedem
917 2495 987 2557 apo·
1014 2466 1016 2519 Ι
1043 2479 1147 2542 missio
1169 2479 1223 2541 tibi
1238 2495 1304 2542 esse
1322 2480 1435 2543 debent
1449 2483 1557 2544 acriori
1574 2483 1785 2548 incitamento.

238 2579 340 2641 stolici
363 2575 575 2640 Cocirarbinoe
598 2591 652 2653 pro
666 2581 805 2653 tempore
827 2572 987 2636 existentis
1014 2542 1016 2625 Ι
1044 2571 1105 2634 Nos
1126 2573 1213 2634 enim
1234 2574 1269 2636 ad
1292 2575 1457 2652 praemissa
1478 2577 1582 2638 omnia
1603 2587 1788 2656 opportune,

239 2672 351 2734 llicarii
384 2669 588 2733 iurisdictioni
622 2669 739 2731 addicta
772 2634 1016 2754 reperiuntunl
1044 2667 1220 2742 salubriter,
1242 2668 1400 2742 canonice,
1413 2685 1446 2731 ac
1462 2668 1602 2746 legitime
1616 2673 1789 2750 peragenda

240 2767 302 2828 lloc
323 2771 407 2827 certe
423 2763 686 2842 quemadmodum
701 2761 789 2822 nobis
807 2766 986 2839 pergratum
1044 2767 1075 2821 et
1097 2761 1286 2839 praestanda,
1309 2759 1467 2823 facultates
1481 2778 1590 2825 omnes
1606 2766 1790 2828 necessarias

240 2859 361 2932 accidit,
379 2857 420 2919 ita
441 2871 570 2918 omnem
584 2853 751 2916 altercandi
766 2853 909 2931 deinceps
924 2851 986 2913 adi·
1046 2861 1077 2914 et
1103 2861 1291 2931 opportunas
1323 2854 1376 2918 tibi
1403 2856 1570 2920 tribuimus
1596 2866 1626 2922 et
1652 2859 1791 2937 imperti-

241 2959 309 3014 tum
331 2951 494 3012 obstruere
509 2947 680 3026 cupientes,
694 2947 840 3008 volumus
855 2953 885 3006 et
900 2959 988 3006 man·
1045 2960 1133 3020 mur;
1157 2961 1279 3008 necnon
1301 2949 1482 3011 auctoritate
1499 2960 1529 3013 et
1545 2959 1653 3015 tenore
1667 2953 1790 3032 paribus

240 3048 349 3109 damus
372 3052 417 3119 ut,
445 3043 610 3106 accedente
643 3041 754 3103 liniunt
783 3056 837 3101 seu
866 3038 989 3100 discric·
1044 3037 1227 3116 derogamus
1248 3039 1285 3101 iis
1313 3041 1456 3104 omnibus
1478 3050 1509 3105 et
1539 3043 1685 3121 singulis,
1713 3063 1790 3124 quae

241 3149 332 3202 tuum
354 3137 561 3214 assignatione
584 3153 600 3196 a
621 3133 776 3214 praedicto
798 3133 918 3197 Vicario
945 3132 988 3194 la·
1044 3130 1171 3193 tortasse
1193 3133 1312 3196 obstare
1334 3143 1474 3213 possent;
1499 3145 1620 3199 nostrae
1636 3153 1748 3217 nempe
1759 3147 1789 3200 et

239 3233 347 3294 cienda
369 3237 400 3293 et
421 3230 458 3292 ab
489 3229 605 3292 eisdem
637 3229 784 3303 omnino,
808 3227 853 3290 uti
882 3241 986 3305 supra,
1045 3223 1253 3287 Cancellariae
1269 3226 1457 3304 Apostolicae
1482 3230 1620 3306 regulae,
1637 3238 1790 3309 quatenus

239 3324 403 3398 servanda,
419 3322 531 3384 iratres
548 3321 693 3384 antedicti
709 3322 744 3382 ad
760 3321 865 3396 liegna
883 3319 987 3382 Ginnt-
1044 3333 1121 3395 opus
1142 3317 1193 3393 sit,
1217 3318 1253 3379 dc
1274 3319 1347 3380 iure
1372 3321 1516 3398 quaesito
1544 3341 1607 3386 raon
1639 3323 1788 3398 tollendo,

239 3425 349 3497 pacet
379 3415 569 3480 Contdodt'cc
595 3414 780 3476 missionum
809 3410 987 3475 huiusmodi
1015 3452 1017 3505 ,
1044 3418 1075 3472 et
1110 3411 1177 3472 aliis
1208 3412 1395 3489 apostolicis,
1428 3431 1462 3477 ac
1495 3415 1527 3477 in
1564 3416 1789 3479 universalibus

239 3528 328 3575 causa
350 3512 542 3584 accedentes,
561 3509 686 3572 nullum
709 3509 844 3586 penitus,
861 3513 988 3585 propter
1015 3507 1017 3583 ξ
1045 3504 1346 3585 provincialibusque
1371 3516 1403 3568 et
1430 3507 1626 3586 synodalibus
1654 3510 1790 3572 conciliis

240 3607 315 3668 baec
336 3604 522 3667 christianae
550 3603 685 3666 caritatis
714 3611 823 3682 sponte
849 3608 987 3678 suscepta
1015 3612 1017 3679 ξ
1045 3596 1133 3658 editis
1155 3597 1352 3674 generalibus
1373 3599 1422 3660 rel
1444 3601 1624 3680 specialibus
1640 3603 1790 3666 constitu·

241 3709 271 3761 et
293 3699 424 3761 omnino
446 3697 649 3774 imposterum
675 3695 855 3774 praestanda
877 3694 986 3767 cilicia,
1015 3714 1018 3785 q
1046 3690 1199 3764 tionibus,
1236 3690 1501 3769 ordinationibus,
1539 3710 1661 3758 necnon
1686 3712 1790 3775 supra-

240 3793 298 3854 sibi
321 3806 460 3869 unquam
482 3805 630 3865 asserere,
643 3789 801 3852 vindicare
816 3795 846 3850 et
861 3795 989 3850 conten·
1015 3788 1017 3849 t
1044 3783 1198 3846 dictorum
1219 3784 1383 3860 Ordinum,
1407 3785 1565 3850 Societatis
1585 3797 1617 3850 et
1638 3789 1788 3865 instituti,

240 3885 315 3947 dere
336 3885 459 3946 valeant
480 3884 529 3945 ius
550 3883 754 3962 privativum,
776 3881 843 3942 sive
872 3880 989 3943 directe
1044 3877 1138 3938 etiam
1161 3877 1345 3952 iurament0,
1365 3879 1600 3942 confirmatione
1615 3881 1789 3960 apostolica,

240 3979 307 4040 sive
329 3978 491 4048 indirecte,
507 3977 605 4056 quoad
628 3976 701 4037 alios
722 3975 890 4054 operarios,
913 3989 988 4052 quos
1048 3970 1096 4032 vel
1115 3971 1223 4049 quavis
1244 3972 1390 4036 firmitate
1412 3972 1469 4034 alia
1491 3973 1641 4038 roboratis
1668 3975 1791 4038 statutis

241 4073 277 4136 ad
293 4073 400 4134 cadem
415 4069 521 4148 Regna
536 4085 591 4148 per
602 4067 813 4147 Apostolicum
829 4065 989 4130 Cocincbi-
1045 4069 1076 4125 et
1097 4063 1384 4140 consuetudinibus,
1406 4065 1577 4144 privilegiis
1592 4083 1726 4147 quoque,
1744 4068 1790 4130 in-

242 4179 370 4243 naepro
394 4171 533 4242 tempore
554 4159 918 4224 existentem'llicarium
940 4175 989 4220 or·
1016 4212 1018 4221 ,
1045 4157 1139 4220 dultis
1160 4165 1191 4219 et
1213 4156 1323 4220 litteris
1345 4158 1517 4237 apostolicis
1542 4161 1574 4221 in
1599 4161 1790 4224 contrarium

241 4258 404 4332 dinariam,
418 4265 452 4318 ut
468 4254 652 4335 praefertur,
675 4255 922 4317 iurisdictionem
937 4254 987 4314 ba·
1015 4236 1018 4369 i
1045 4251 1285 4328 praemissorum
1296 4251 1526 4330 quomodolibet
1541 4254 1702 4329 concessis,
1718 4271 1790 4317 con-

241 4351 463 4423 bentem,cum
475 4348 656 4428 opportunis
671 4347 882 4426 legitimisque
896 4344 991 4407 facul·
1046 4344 1174 4406 firmatis
1196 4351 1227 4406 et
1248 4345 1416 4420 innovatis,
1436 4346 1609 4426 ceterisque
1629 4349 1790 4411 contrariis

242 4444 357 4505 tatibus
383 4450 414 4505 et
440 4441 589 4517 licentiis,
616 4456 815 4521 quocumque
849 4447 988 4519 tempore
1045 4438 1303 4516 quibuscumque.

242 4538 326 4599 mitti
348 4536 525 4612 contigerit.
1086 4531 1196 4594 Oatum
1224 4530 1349 4609 Romae,
1379 4534 1459 4611 apud
1489 4533 1519 4598 S.
1551 4534 1677 4596 llariam
1698 4535 1789 4598 llaio·

74 4642 223 4704 metatorum
283 4630 372 4706 §lb
402 4629 569 4692 Caeterum
599 4627 773 4691 authentica
802 4629 988 4691 documenta
1046 4626 1195 4700 rem‚sub
1215 4625 1331 4688 annulo
1358 4626 1528 4703 Piscatoris,
1555 4629 1604 4690 die
1623 4645 1710 4690 xxva.
1736 4645 1790 4690 no·

66 4705 225 4798 issffloffiss
242 4725 470 4788 antedictarum
481 4721 723 4784 declarationum
744 4728 807 4783 tam
829 4722 990 4783 missionu-
1045 4718 1180 4780 vembris
1195 4734 1383 4795 neccarum,
1397 4720 1534 4798 pontific.
1551 4723 1650 4783 nostri
1662 4737 1744 4782 anno
1760 4738 1788 4781 v.

67 4803 225 4904 ffsslssssssffj
243 4819 364 4880 riorum
386 4815 509 4880 Ordinis
531 4813 634 4878 Sancti
650 4815 803 4878 Francisci
825 4830 920 4894 quam
935 4813 988 4877 Se-

67 4912 130 4955 lllll
243 4911 368 4974 minarii
385 4911 575 4985 Parisiensis,
592 4909 798 4987 aliorumque,
814 4908 839 4969 si
855 4907 908 4987 qui
923 4907 988 4968 lue·

242 5006 322 5079 rint,
338 5004 394 5066 tibi
415 5004 590 5066 exbibenda
611 5011 642 5064 et
663 5019 678 5063 a
701 5009 731 5063 te
751 5003 809 5064 sub
829 5002 936 5081 poenis
958 5009 989 5063 et
1376 5001 1464 5067 Lvtt.

241 5099 395 5173 censuris,
408 5107 560 5177 quatenus
571 5112 648 5176 opus
661 5096 713 5170 sit,
730 5096 892 5172 erigenda,
908 5103 990 5173 post-

241 5207 338 5272 quam
358 5191 523 5270 acceperis,
539 5205 634 5252 manu
650 5195 701 5252 tua
717 5189 842 5266 singula
856 5189 986 5252 subscri·
1045 5187 1093 5251 Ad
1120 5188 1401 5270 Arcltc'episcqpum
1431 5192 1463 5256 S.
1491 5189 1655 5254 Dominict'
1681 5190 1716 5252 ita
1743 5191 1791 5252 iac-

241 5286 308 5361 bes,
330 5287 483 5364 signoque
505 5294 559 5347 tuo
579 5285 716 5360 munies,
742 5291 833 5362 atque
856 5284 897 5344 ita
919 5283 988 5346 sub·
1084 5281 1158 5345 aulo
1180 5283 1370 5362 lla‘sporatoto
1391 5283 1519 5357 scribit,
1535 5285 1588 5346 cti
1604 5284 1714 5345 doctor
1724 5284 1792 5362 pri-

241 5380 354 5459 scripta
375 5385 406 5441 et
429 5380 560 5454 munita,
584 5394 656 5441 cum
678 5377 760 5439 claro
782 5377 989 5456 distincteque
1015 5350 1018 5457 Ι
1083 5381 1191 5448 octus,
1214 5377 1252 5438 dc
1272 5379 1455 5456 quaestione
1476 5397 1519 5442 cn
1539 5378 1653 5456 filiieao
1667 5376 1791 5441 adulte-

242 5474 387 5536 omnium
422 5473 642 5548 ecclesiarum,
683 5471 922 5534 residentiarum
957 5477 988 5532 et
1085 5469 1135 5530 rio
1156 5471 1319 5549 procreati
1339 5487 1395 5549 per
1416 5469 1605 5550 atcbsequcns
1624 5470 1790 5533 bactriano-

241 5567 451 5642 districtuum,
474 5581 644 5644 eorumque
667 5565 779 5626 finium
794 5572 825 5627 et
841 5564 989 5626 termino·
1085 5563 1176 5626 aicta
1199 5563 1423 5645 tepitimcntur
1443 5565 1499 5646 (l).

281 5839 313 5895 (t)
328 5836 386 5884 Etsi
399 5835 433 5884 ad
447 5836 515 5882 banc
532 5835 610 5894 prim.
625 5836 693 5882 iuria
713 5837 816 5894 partem
838 5847 890 5882 non
908 5835 988 5894 pertl·
1013 5839 1016 5901 ξ
1042 5845 1182 5893 personam
1203 5832 1300 5892 privati
1313 5833 1443 5890 doctoris:
1463 5837 1561 5892 tamem
1574 5843 1635 5882 cum
1649 5833 1719 5880 tanti
1733 5833 1790 5880 doo-

242 5907 302 5951 neat
321 5905 434 5962 epistola
451 5904 524 5961 haec,
538 5915 599 5950 cum
618 5915 671 5950 non
684 5916 716 5949 cx
734 5903 895 5950 auctoritate
913 5905 987 5950 sedis
1042 5905 1110 5950 toris
1130 5903 1264 5950 contineat
1285 5913 1451 5960 responsum,
1468 5903 1597 5962 optimum
1612 5903 1687 5950 nobis
1702 5903 1789 5950 visum

242 5973 405 6032 apostolicae
415 5973 540 6030 loquatur
549 5971 675 6030 Pontifex,
685 5973 731 6018 sed
740 5981 842 6018 meram
853 5971 987 6018 sustinens
1042 5977 1083 6019 eet
1097 5972 1155 6018 heic
1169 5971 1245 6018 illam
1260 5969 1386 6018 inserere.
