4732 7014
863 581 1060 630 BENEDICTUS
1081 579 1145 628 xlv.

238 703 360 766 alterius
389 703 435 765 rei
457 703 693 783 praestationem
719 703 901 766 Patriarchis
922 718 976 781 pro

239 807 373 874 tempore
403 798 608 860 existentibus
633 797 855 876 alimentorum
881 805 912 858 et
933 799 977 860 di-

238 890 359 966 gnitatis
381 890 515 952 tuendae
541 893 743 969 munerisque
770 891 977 968 patriarchalis

237 983 435 1046 commodum
463 984 598 1046 obeundi
627 985 714 1046 causi
745 984 861 1046 debitas
881 990 978 1064 ¹atque

237 1078 449 1156 praescriptas,
465 1093 588 1139 necnon
604 1078 801 1140 residentiam
817 1077 978 1156 Episcopo·

235 1187 304 1233 runt
326 1170 551 1234 Maronitarum
565 1171 598 1232 in
614 1172 743 1250 propriis
765 1170 862 1232 titulis
883 1170 977 1232 eccle-

234 1265 360 1338 siarum,
376 1272 408 1325 et
424 1265 608 1326 divisionem
623 1265 743 1327 sedium
758 1264 977 1343 episcopalium

235 1373 305 1419 cum
328 1357 480 1420 limitibus
495 1358 674 1420 dioecesum
686 1373 856 1434 earumque
871 1355 978 1420 reduc·

235 1453 370 1526 tionem,
402 1458 496 1530 prout
522 1452 556 1512 in
584 1451 760 1530 Appendice
790 1449 978 1529 praeinserth

233 1545 450 1619 continentur,
473 1545 603 1608 omnino
625 1545 846 1619 necessariam,
868 1544 978 1607 utilem

34 1627 36 1710 1
234 1655 266 1700 ac
287 1639 458 1701 salutarem
479 1655 562 1716 esse3
584 1639 658 1700 hinc
672 1650 729 1713 est,
746 1639 826 1717 quod
841 1655 909 1711 nos,
925 1638 979 1715 qui

34 1711 36 1810 1
78 1748 218 1814 assusatu-
235 1733 386 1810 inclytam
407 1734 569 1795 nationem
593 1735 815 1798 Maronitarum
837 1732 979 1810 quamvis

34 1813 36 1888 1
70 1808 216 1906 1Ἑῗ”””“’
233 1829 413 1903 haereticis,
447 1829 664 1904 schismaticis,
698 1826 925 1889 maumethanis
949 1831 980 1886 et

34 1929 36 1944 '
235 1921 405 1984 idololatris
436 1923 575 2000 undique
603 1923 851 2000 circumseptam,
873 1931 978 1982 tamen

234 2014 334 2077 veluti
356 2031 457 2078 rosam
478 2017 562 2078 inter
581 2017 684 2094 spinas
704 2022 736 2076 et
756 2014 917 2092 scopulum
933 2015 980 2074 in·

231 2119 281 2173 ter
300 2111 403 2174 undas
423 2111 546 2188 semper
561 2111 593 2172 in
608 2110 754 2172 catholica
769 2110 905 2172 Romani
921 2109 980 2170 fide

233 2211 442 2279 constantem,
465 2222 498 2267 ac
520 2213 680 2284 propterea
701 2221 717 2264 a
738 2203 883 2265 Romanis
903 2201 981 2263 Pon·

233 2298 369 2360 tihcibus
390 2297 672 2376 praedecessoribus
693 2297 805 2359 nostris
820 2304 982 2373 tantopere

233 2391 455 2465 existimatam,
469 2389 504 2450 ad
516 2390 700 2452 eorumdem
711 2391 980 2469 praedecessorum
1007 2452 1010 2473 ‚

233 2491 418 2545 nostrorum
433 2484 574 2561 exempla
586 2483 712 2562 plurimi
728 2483 855 2544 iacimus
870 2491 901 2544 et
911 2497 980 2559 apo·

232 2575 341 2638 scotica
369 2577 497 2640 caritate
524 2576 775 2655 complectimur,
802 2583 889 2637 motu
910 2591 981 2653 pro·

232 2670 299 2748 prio
320 2679 356 2731 et
378 2687 416 2732 ex
436 2671 520 2732 certi
540 2671 665 2732 scientia
681 2687 713 2732 ac
728 2671 848 2732 maturi
869 2669 980 2731 delibe-

232 2765 357 2826 ratione
377 2765 503 2839 nostris,
519 2763 619 2842 deque
633 2765 814 2842 apostolicae
825 2763 980 2842 potestatis

231 2857 445 2936 plenitudine,
469 2865 577 2920 tenore
597 2859 819 2936 praesentium,
843 2856 980 2936 primum

232 2959 410 3032 utrumque
423 2968 575 3014 canonem
586 2960 617 3014 et
632 2952 664 3012 in
675 2951 719 3012 eis
731 2959 875 3013 contenta
889 2966 981 3028 quae-

231 3063 371 3125 cumque
393 3063 426 3108 ac
454 3048 676 3126 praeinsevtam
701 3044 908 3124 dppendicem
931 3061 981 3122 ap-

232 3142 416 3221 probamus,
434 3149 464 3202 et
478 3141 710 3213 confirmamus,
728 3138 849 3217 illisque
865 3144 981 3216 aposto·

231 3236 307 3298 lioae
332 3233 490 3296 firmitatis
518 3234 613 3295 robur
633 3241 783 3311 perpetuo
810 3231 980 3304 adiicimus,

232 3336 329 3406 atque
342 3329 568 3408 inperpetuum
581 3327 723 3405 deinceps
733 3324 888 3387 observari
897 3339 982 3404 prae-

34 3479 36 3510 ,
233 3421 372 3501 cipimus
393 3429 425 3484 et
445 3421 636 3483 mandamus.

34 3521 36 3600 l
76 3519 217 3628 :iap'q‘iffiffli
272 3517 293 3592 5
307 3515 343 3578 6.
356 3517 473 3578 Deinde
485 3515 671 3578 modernum
682 3513 888 3575 Patriarcham
903 3511 983 3574 eius-

75 3609 216 3690 demqua-
233 3625 295 3688 que
317 3611 587 3688 praedecessores,
611 3626 667 3671 nec
689 3625 753 3672 non
775 3615 837 3670 tam
859 3605 983 3684 eosqui

47 3690 49 3696 ¹
75 3689 107 3777 1ξρ
118 3685 218 3790 1111ἥῖ
234 3703 407 3778 dedissent,
423 3719 517 3783 quam
532 3703 586 3782 qui
597 3704 782 3782 accepissent
796 3701 890 3764 dictas
904 3700 986 3762 ohla-

79 3787 216 3841 i'hfflffl‘·
234 3797 343 3859 tiones
363 3797 556 3877 pecuniarias
577 3796 628 3859 vel
649 3796 831 3858 alteriusvei
852 3799 985 3872 praesta-

236 3891 354 3968 tiones,
376 3907 489 3969 easque
509 3891 576 3951 sive
597 3889 679 3952 datas
702 3889 751 3950 vel
773 3889 896 3962 dandas,
920 3887 985 3946 sive

235 3994 377 4064 acceptas
388 3985 439 4046 vel
453 3985 643 4062 accipiendas
657 4000 712 4062 pro
727 3997 885 4044 sacrorum
899 3980 987 4044 0133-

235 4097 306 4143 rum
341 4077 561 4142 distributione
588 4093 654 4138 esse
681 4075 926 4148 existimassent,
949 4073 986 4133 ab

236 4173 327 4234 omni
355 4172 541 4234 simoniacae
570 4169 645 4232 labis
672 4169 821 4249 pravitate
849 4175 880 4230 et
902 4166 986 4244 turpi

237 4265 391 4327 avaritiae
411 4273 541 4343 quaestu
562 4265 719 4326 immunes
740 4262 834 4325 luisse
855 4269 888 4323 et
908 4275 984 4335 esse,

238 4373 348 4437 neque
367 4359 400 4420 in
426 4365 585 4436 posterum
606 4375 622 4418 3
643 4371 814 4434 qucquam,
842 4370 919 4416 ausu
941 4361 985 4415 te-

239 4449 390 4525 merario,
412 4451 512 4512 veluti
531 4450 714 4512 simoniacos
735 4456 766 4509 et
787 4464 893 4510 avaros
914 4446 987 4507 insi·

239 4544 357 4606 molari
378 4559 466 4622 posse
487 4549 517 4604 et
537 4542 649 4604 debere
671 4541 870 4604 declaramus.

96 4647 221 4722 stauflus-
278 4639 298 4712 5
320 4637 353 4699 7.
377 4637 536 4697 Praeterea
558 4652 598 4698 ne
620 4635 768 4697 moderno
782 4642 813 4696 et
831 4651 887 4713 pro
908 4642 985 4696 tem·

79 4708 222 4802 ᾒῗῖἳῗζξζᾟ
238 4747 315 4810 pore
340 4729 487 4792 existenti
497 4728 698 4804 Patriarchae,
715 4735 749 4791 ut
763 4729 985 4807 praemittitur,

80 4807 222 4919 ἓξζξξῌζξὲ
239 4825 346 4888 desint
366 4825 514 4886 alimenta
534 4829 565 4883 et
585 4823 734 4898 subsidia,
756 4824 921 4884 statuimus
944 4828 985 4896 et,

85 4913 223 5008 &aaaron
240 4925 399 4999 quatenus
420 4934 496 4996 opus
517 4916 568 4991 sit,
586 4917 790 4994 praecipimus
811 4925 842 4979 et
863 4916 987 4978 manda-

240 5029 311 5075 mns
335 5011 481 5074 omnibus
503 5017 533 5070 et
553 5009 904 5086 singulisecclesiarum,
921 5025 986 5070 mo-

240 5107 528 5184 nasteriorumque,
544 5104 682 5182 parochis
712 5112 743 5167 et
772 5103 987 5184 superioribus

242 5201 379 5263 nationis
393 5198 628 5272 Maronitarum,
642 5205 676 5260 ut
692 5198 808 5274 singuli
821 5199 944 5277 parochi
956 5207 986 5260 et

241 5295 417 5374 superiores
436 5291 627 5366 huiusmodi,
644 5291 729 5353 iuxta
741 5293 987 5370 designationem

242 5387 547 5465 instructionemque
581 5385 618 5446 ab
647 5386 710 5463 ipsi
741 5387 986 5464 Congregatione

242 5479 458 5560 Propagandae
484 5479 570 5543 Fidei
594 5480 782 5556 conlectam,
812 5489 903 5559 alque
925 5497 985 5542 una

243 5575 351 5638 iisdem
374 5574 490 5636 nostris
511 5573 609 5635 literis
636 5573 876 5650 adiungendam,
899 5581 931 5636 et
953 5574 985 5635 in

243 5669 362 5730 virtute
383 5674 506 5729 sanctae
533 5667 727 5730 obedientiae
747 5674 778 5729 et
798 5667 856 5728 sub
880 5667 986 5746 poenis

244 5763 279 5825 ad
300 5761 491 5842 Apostolicae
519 5759 604 5825 Sedis
626 5768 656 5822 et
676 5777 733 5840 pro
754 5768 894 5839 tempore
923 5762 986 5823 exi-

243 5857 353 5918 stentis
381 5855 574 5916 Patriarchae
599 5855 762 5918 arbitrium
790 5855 986 5933 imponendis

245 5950 372 6012 omnino
392 5950 589 6023 servandam,
610 5949 743 6026 singulis
764 5949 851 6010 annis
873 5949 921 6011 die
936 5947 988 6010 do·

1718 551 1756 616 51
1807 547 1861 604 An.
1875 548 1906 604 0.
1927 545 1995 604 1742

1033 699 1149 764 minici
1170 699 1251 762 inire
1272 705 1409 761 octavam
1431 692 1635 757 solemnitatis
1655 691 1688 752 B.
1706 691 1777 754 vtr-

1034 796 1116 870 ginis
1141 795 1252 858 Mariae
1281 791 1495 854 immaculatae
1522 790 1554 850 in
1582 787 1700 848 caelum
1722 787 1775 847 As·

1033 878 1779 967 sumptaeacurrentiannouuocxun.incipien-¹

1035 990 1081 1044 tes
1097 983 1134 1042 ¹in
1156 988 1343 1059 perpetuum
1366 977 1539 1041 Patriachae
1554 991 1610 1054 pro
1635 981 1778 1051 tempore

1034 1076 1180 1137 existenti
1202 1074 1368 1136 antedictas
1390 1071 1579 1151 pecuniarias
1607 1067 1777 1130 oblationes

1034 1169 1227 1230 subnomine
1238 1167 1391 1230 caritativi
1403 1164 1528 1226 subsidii
1538 1161 1735 1223 contribuant
1746 1166 1778 1221 et

1033 1262 1171 1338 solvant;
1188 1277 1311 1323 necnon
1323 1267 1439 1321 statum
1449 1258 1777 1332 animarum,quarum

1034 1371 1139 1418 curam
1161 1360 1288 1432 gerunt,
1311 1353 1347 1414 ad
1362 1350 1549 1428 saepedictae
1564 1348 1778 1426 Synodiprae-
1859 1357 1935 1402 sacra
1949 1367 2007 1402 varo

1034 1448 1181 1526 scriptum
1199 1455 1229 1508 et
1244 1462 1387 1508 normam
1401 1443 1500 1506 eidem
1523 1441 1713 1504 Patriarchae
1726 1440 1779 1500 de-
1797 1409 1856 1508 111ῗέ
1864 1409 2009 1508 3011ῗὲ111311

1035 1541 1152 1616 lerant,
1175 1558 1191 1600 a
1212 1557 1274 1619 quo
1296 1549 1327 1602 et
1355 1539 1458 1600 literas
1487 1535 1685 1598 instructivas
1712 1533 1777 1595 sive
1797 1515 2008 1616 ῗῇἶῗξοῑῗξὺθῗῑε·

1036 1635 1201 1715 pastorales
1215 1637 1253 1698 de
1266 1651 1365 1709 more,
1377 1635 1456 1700 sicut
1471 1639 1561 1694 antea
1573 1632 1605 1692 in
1619 1645 1778 1694 sacrorum

1036 1730 1183 1792 lileorum
1221 1728 1439 1790 distributione
1472 1727 1581 1800 fiebat,
1615 1724 1777 1802 accipiant,

1037 1824 1100 1902 ipse
1121 1839 1196 1886 vero
1218 1839 1273 1902 pro
1295 1829 1435 1900 tempore
1456 1821 1593 1882 existens
1607 1820 1779 1881 Patriarcha

1037 1918 1095 1978 alio
1118 1924 1292 1996 opportuno
1317 1925 1458 1993 tempore
1483 1931 1566 1977 sacra
1592 1913 1663 1976 Olea
1685 1913 1779 1990 gratis

1036 2011 1166 2072 omnino
1182 2011 1370 2073 transmittat
1384 2009 1450 2070 sive
1465 2007 1639 2082 distribuat,
1656 2015 1686 2068 et
1701 2005 1780 2067 nihil

1037 2104 1160 2183 penitus
1171 2103 1221 2165 vel
1236 2104 1385 2182 pecuniae
1399 2101 1449 2163 vel
1464 2102 1590 2164 alterius
1605 2101 1779 2162 cuiuscum-

1037 2213 1098 2274 que
1124 2199 1170 2258 rei
1198 2199 1291 2260 etiam
1313 2213 1329 2257 a
1350 2203 1462 2275 sponte
1482 2195 1625 2258 dantibus
1652 2191 1781 2271 recipiat

1037 2297 1089 2352 aut
1111 2292 1224 2368 exigat.

1077 2385 1096 2458 5
1117 2383 1145 2445 8.
1169 2384 1297 2463 Insuper
1312 2391 1411 2458 motu,
1427 2382 1567 2457 scientia,
1583 2386 1732 2460 potestate
1747 2393 1780 2438 ac
1812 2389 2011 2438 processuum-

1037 2483 1148 2539 tenore
1174 2478 1298 2556 paribus
1324 2478 1504 2551 statuimus,
1528 2483 1558 2538 et
1588 2473 1779 2536 declaramus
1799 2449 2010 2554 ffssr‘affifssffissi

1037 2587 1208 2635 numerum
1234 2573 1355 2634 sedium
1377 2588 1409 2632 ac
1430 2571 1606 2634 dioecesum
1628 2567 1779 2645 episcopa·
1799 2551 2011 2661 fgffilffiffilf‘·

1037 2665 1117 2726 lium
1138 2673 1170 2727 et
1191 2665 1413 2744 Episcoporum
1435 2663 1657 2728 Maronitarum
1668 2662 1704 2723 ad
1715 2676 1781 2740 sep

1039 2768 1102 2822 tent
1123 2761 1293 2836 dumtaxat,
1310 2759 1436 2837 excepti
1457 2755 1650 2836 patriarchali
1663 2755 1735 2818 sede
1749 2762 1782 2816 et

1037 2854 1266 2928 archidioecesi,
1288 2869 1421 2931 quacum
1443 2860 1510 2914 octo
1532 2851 1683 2924 existunt,
1701 2848 1782 2910 redi-

1038 2950 1176 3028 gendum
1185 2945 1543 3024 reducendumqueesse,
1552 2951 1643 3023 prout
1654 2944 1687 3004 in
1696 2957 1781 3019 prae·

1038 3044 1152 3106 inserta
1173 3043 1361 3122 Appendice,
1377 3057 1447 3104 cum
1469 3040 1532 3102 suis
1553 3038 1724 3116 respective
1738 3035 1783 3097 di·

1037 3137 1158 3199 stinctis
1179 3136 1387 3210 dioecesibus,
1410 3133 1538 3212 oppidis,
1561 3131 1665 3206 terris,
1687 3127 1782 3191 eccle·

1038 3229 1090 3290 siis
1112 3246 1145 3291 ac
1166 3229 1373 3305 monasteriis,
1387 3229 1472 3289 iuxta
1487 3226 1689 3305 praescriptos
1704 3225 1781 3286 lines

1038 3339 1072 3382 ac
1098 3322 1248 3384 terminos
1274 3322 1412 3384 redactus
1437 3323 1645 3400 redactasque
1671 3328 1727 3396 est,
1751 3329 1782 3384 et

1039 3430 1106 3490 uos,
1122 3423 1275 3492 quatenus
1296 3432 1372 3494 opus
1391 3414 1443 3490 sit,
1464 3417 1501 3478 de
1516 3430 1597 3476 novo
1612 3413 1782 3492 redigimus

1040 3519 1071 3571 et
1091 3512 1285 3586 reducimus,
1311 3517 1342 3572 et
1369 3510 1529 3572 redactum
1556 3511 1783 3589 reductumque

1041 3595 1104 3666 esse
1126 3612 1157 3666 et
1178 3604 1283 3665 haberi
1303 3593 1499 3667 decernimus
1520 3610 1550 3666 et
1570 3603 1746 3666 delinimus.

1081 3699 1099 3774 5
1114 3699 1143 3761 9.
1161 3698 1237 3760 ltem
1248 3697 1393 3759 volumus
1403 3704 1435 3759 et
1450 3696 1630 3760 mandamus
1641 3706 1687 3773 ut,
1700 3704 1782 3775 post·
1802 3697 1843 3794 εἷς
1855 3693 2013 3794 ffiibugrsstgl·

1041 3809 1134 3870 quam
1154 3793 1293 3856 reductio
1314 3794 1503 3867 huiusmodi,
1518 3801 1554 3856 ut
1568 3792 1659 3867 inlra,
1680 3790 1781 3852 locum
1801 3759 2012 3866 inopinaarffinl'an

1042 3889 1195 3963 habuerit,
1211 3887 1245 3948 in
1266 3888 1351 3948 hisce
1371 3896 1440 3950 octo
1462 3887 1652 3951 dioecesibus
1676 3885 1784 3950 distin·
1802 3856 1921 3902 uaesano.

1041 3983 1096 4046 ctis
1113 3989 1143 4043 et
1156 3982 1193 4043 ab
1208 3981 1344 4042 invicem
1365 3980 1471 4043 divisis
1492 3997 1525 4044 ac
1545 3981 1702 4059 separatis
1722 3989 1784 4042 tam

1042 4075 1213 4138 Patriarcha
1234 4075 1266 4135 in
1281 4075 1336 4136 suit
1360 4074 1466 4153 (quam
1487 4073 1592 4136 adsui
1619 4073 1784 4138 arbitrium

1042 4169 1138 4232 semel
1159 4169 1344 4246 eligendam,
1359 4169 1411 4229 sed
1425 4168 1523 4230 semel
1538 4169 1667 4231 electam
1682 4175 1712 4230 et
1727 4169 1785 4232 dr-

1042 4263 1256 4326 chidioecesim
1279 4269 1499 4340 nuncupatam,
1513 4262 1715 4324 Patriarcham
1731 4263 1784 4324 eli-

1043 4365 1169 4434 gentem
1190 4357 1318 4434 eiusque
1338 4371 1702 4434 successoresnunquam
1716 4373 1786 4436 per-

1042 4459 1163 4512 mutare
1193 4465 1281 4528 pesse
1307 4450 1502 4512 decernimus
1531 4458 1561 4512 et
1588 4449 1783 4531 definimus),

1043 4559 1135 4623 quam
1155 4541 1273 4618 singuli
1292 4551 1410 4620 septem
1437 4543 1579 4622 Episcopi
1600 4544 1632 4605 in
1653 4545 1717 4605 suis
1737 4561 1784 4606 re-

1043 4637 1178 4715 spective
1200 4625 1390 4698 dioecesibus
1417 4637 1579 4699 constituti
1601 4643 1631 4698 et
1653 4639 1785 4701 incardi-

1043 4731 1106 4791 nati
1121 4739 1271 4808 perpetuo
1282 4730 1344 4791 sint
1355 4736 1386 4791 et
1399 4731 1583 4806 habeantur,
1598 4733 1638 4793 ita
1654 4739 1688 4793 ut
1703 4749 1784 4799 nun-

1042 4839 1136 4900 quam
1156 4824 1191 4885 ad
1212 4823 1453 4902 Patriachaepro
1469 4830 1611 4902 tempore
1624 4825 1786 4886 existentis

1043 4925 1158 4978 nutum
1178 4917 1316 4978 amoveri
1336 4917 1464 4994 possint,
1482 4916 1542 4977 nisi
1556 4917 1607 4979 vel
1621 4933 1676 4996 per
1696 4932 1785 4979 cano-

1043 5011 1154 5086 nicam,
1171 5011 1210 5072 oh
1231 5010 1411 5086 gravissima
1425 5009 1566 5084 crimina,
1583 5011 1660 5072 iuris
1676 5012 1786 5073 ordine

1041 5113 1175 5179 servato,
1198 5103 1415 5183 privationem,
1431 5103 1480 5164 vel
1492 5118 1547 5181 per
1561 5103 1733 5182 legitimam
1748 5106 1786 5168 de

1043 5201 1105 5262 unia
1125 5198 1161 5260 ad
1184 5198 1273 5259 aliam
1305 5197 1486 5273 dioecesim,
1516 5199 1600 5260 iuxta
1628 5215 1786 5272 sacrorum

1042 5309 1197 5356 canonum
1218 5291 1340 5368 regulas
1355 5300 1386 5354 et
1400 5292 1476 5354 iuris
1498 5293 1639 5354 comunis
1660 5292 1785 5371 disposi-

1043 5387 1153 5462 tiones,
1177 5385 1422 5449 translationem.

1082 5483 1101 5556 5
1123 5481 1169 5542 lli.
1192 5481 1316 5542 Praeter
1327 5482 1400 5541 haec
1415 5481 1583 5542 modernus
1595 5487 1625 5542 et
1640 5497 1694 5559 pro
1707 5489 1786 5542 tem·
1804 5537 1808 5546 ,
1856 5481 2014 5529 patriarcnae

1042 5589 1116 5651 pore
1137 5573 1270 5635 existens
1285 5573 1458 5634 Patriarcha
1474 5574 1520 5635 ius
1536 5573 1643 5635 habeat
1658 5573 1786 5635 Antisti·
1803 5537 2015 5638 ἰἓῖῧοῗιιιιξῗὲῑὲἷῑᾶ

1043 5675 1098 5743 les,
1122 5667 1207 5728 iuxta
1227 5681 1348 5728 morem
1369 5675 1399 5728 et
1421 5682 1483 5728 non
1506 5667 1588 5742 aliaS,
1602 5665 1633 5728 in
1649 5666 1785 5744 qualibet

1042 5760 1113 5821 sede
1140 5767 1170 5821 et
1190 5759 1322 5822 dioecesi
1345 5761 1473 5838 pastoris
1501 5761 1607 5822 solatio
1639 5757 1785 5822 destituti

1043 5855 1251 5916 constituendi
1263 5860 1293 5916 et
1308 5853 1533 5930 interdicendi,
1545 5853 1677 5930 singulis
1690 5853 1785 5914 trien-

1044 5947 1103 6008 niis
1124 5948 1262 6024 singulas
1284 5947 1434 6010 dioecesos
1456 5947 1686 6026 perseipsum
1713 5946 1786 6008 visi-
