<?xml version="1.0" encoding="UTF-8"?>
<!DOCTYPE html PUBLIC "-//W3C//DTD XHTML 1.0 Transitional//EN"
    "http://www.w3.org/TR/xhtml1/DTD/xhtml1-transitional.dtd">
<html xmlns="http://www.w3.org/1999/xhtml" xml:lang="en" lang="en">
 <head>
  <title>
</title>
<meta http-equiv="Content-Type" content="text/html;charset=utf-8" />
  <meta name='ocr-system' content='tesseract 3.04.00' />
  <meta name='ocr-capabilities' content='ocr_page ocr_carea ocr_par ocr_line ocrx_word'/>
</head>
<body>
  <div class='ocr_page' id='page_1' title='image "./iurispontificii02martgoog_0553.png"; bbox 0 0 4838 6982; ppageno 0'>
   <div class='ocr_carea' id='block_1_1' title="bbox 941 569 1221 620">
    <p class='ocr_par' dir='ltr' id='par_1_1' title="bbox 941 569 1221 620">
     <span class='ocr_line' id='line_1_1' title="bbox 941 569 1221 620; baseline 0.014 -3"><span class='ocrx_word' id='word_1_1' title='bbox 941 569 1136 618; x_wconf 76' lang='lat' dir='ltr'><strong>puscbtctcs</strong></span> <span class='ocrx_word' id='word_1_2' title='bbox 1159 575 1221 620; x_wconf 75' lang='lat' dir='ltr'><strong>XIV.</strong></span> 
     </span>
    </p>
   </div>
   <div class='ocr_carea' id='block_1_2' title="bbox 305 690 1055 1347">
    <p class='ocr_par' dir='ltr' id='par_1_2' title="bbox 305 690 1055 1347">
     <span class='ocr_line' id='line_1_2' title="bbox 308 690 1054 773; baseline 0.004 -22"><span class='ocrx_word' id='word_1_3' title='bbox 308 691 403 752; x_wconf 88' lang='lat' dir='ltr'><strong>uariis</strong></span> <span class='ocrx_word' id='word_1_4' title='bbox 424 690 582 754; x_wconf 80' lang='lat' dir='ltr'><strong>facultates</strong></span> <span class='ocrx_word' id='word_1_5' title='bbox 597 694 756 773; x_wconf 73' lang='lat' dir='ltr'><strong>fornacius</strong></span> <span class='ocrx_word' id='word_1_6' title='bbox 769 694 934 768; x_wconf 83' lang='lat' dir='ltr'><strong>secundae,</strong></span> <span class='ocrx_word' id='word_1_7' title='bbox 959 694 1054 772; x_wconf 80' lang='lat' dir='ltr'>ipsam</span> 
     </span>
     <span class='ocr_line' id='line_1_3' title="bbox 309 784 1053 867; baseline 0.008 -23"><span class='ocrx_word' id='word_1_8' title='bbox 309 784 400 846; x_wconf 85' lang='lat' dir='ltr'><strong>uitro</strong></span> <span class='ocrx_word' id='word_1_9' title='bbox 421 786 610 846; x_wconf 73' lang='lat' dir='ltr'><strong>sexenuium</strong></span> <span class='ocrx_word' id='word_1_10' title='bbox 626 803 689 848; x_wconf 91' lang='lat' dir='ltr'><strong>non</strong></span> <span class='ocrx_word' id='word_1_11' title='bbox 705 786 861 850; x_wconf 89' lang='lat' dir='ltr'><strong>debebunt</strong></span> <span class='ocrx_word' id='word_1_12' title='bbox 875 805 1053 867; x_wconf 87' lang='lat' dir='ltr'><strong>prorogare,</strong></span> 
     </span>
     <span class='ocr_line' id='line_1_4' title="bbox 307 878 1051 959; baseline 0.011 -23"><span class='ocrx_word' id='word_1_13' title='bbox 307 879 359 939; x_wconf 88' lang='lat' dir='ltr'><strong>sed</strong></span> <span class='ocrx_word' id='word_1_14' title='bbox 382 878 532 956; x_wconf 88' lang='lat' dir='ltr'><strong>impertiri</strong></span> <span class='ocrx_word' id='word_1_15' title='bbox 556 881 591 940; x_wconf 89' lang='lat' dir='ltr'><strong>ad</strong></span> <span class='ocrx_word' id='word_1_16' title='bbox 607 897 766 944; x_wconf 89' lang='lat' dir='ltr'><strong>summum</strong></span> <span class='ocrx_word' id='word_1_17' title='bbox 788 881 829 942; x_wconf 86' lang='lat' dir='ltr'><strong>ud</strong></span> <span class='ocrx_word' id='word_1_18' title='bbox 850 883 1051 959; x_wconf 78' lang='lat' dir='ltr'><strong>semermium,</strong></span> 
     </span>
     <span class='ocr_line' id='line_1_5' title="bbox 308 971 1053 1055; baseline 0.012 -23"><span class='ocrx_word' id='word_1_19' title='bbox 308 979 337 1033; x_wconf 84' lang='lat' dir='ltr'><strong>nt</strong></span> <span class='ocrx_word' id='word_1_20' title='bbox 361 971 495 1036; x_wconf 77' lang='lat' dir='ltr'><em>interim</em></span> <span class='ocrx_word' id='word_1_21' title='bbox 516 974 558 1036; x_wconf 85' lang='lat' dir='ltr'><strong>ud</strong></span> <span class='ocrx_word' id='word_1_22' title='bbox 586 973 732 1049; x_wconf 84' lang='lat' dir='ltr'><strong>libitum,</strong></span> <span class='ocrx_word' id='word_1_23' title='bbox 764 990 912 1055; x_wconf 91' lang='lat' dir='ltr'><strong>eamque,</strong></span> <span class='ocrx_word' id='word_1_24' title='bbox 934 978 959 1038; x_wconf 90' lang='lat' dir='ltr'><strong>si</strong></span> <span class='ocrx_word' id='word_1_25' title='bbox 981 994 1053 1041; x_wconf 90' lang='lat' dir='ltr'><strong>cou-</strong></span> 
     </span>
     <span class='ocr_line' id='line_1_6' title="bbox 305 1067 1055 1146; baseline 0.016 -20"><span class='ocrx_word' id='word_1_26' title='bbox 305 1075 493 1130; x_wconf 87' lang='lat' dir='ltr'><strong>sentaneum</strong></span> <span class='ocrx_word' id='word_1_27' title='bbox 514 1067 731 1146; x_wconf 84' lang='lat' dir='ltr'><strong>iudicaverint,</strong></span> <span class='ocrx_word' id='word_1_28' title='bbox 746 1073 840 1135; x_wconf 83' lang='lat' dir='ltr'><strong>simili</strong></span> <span class='ocrx_word' id='word_1_29' title='bbox 853 1074 944 1135; x_wconf 90' lang='lat' dir='ltr'><strong>modo</strong></span> <span class='ocrx_word' id='word_1_30' title='bbox 965 1078 1055 1138; x_wconf 89' lang='lat' dir='ltr'><strong>resti-</strong></span> 
     </span>
     <span class='ocr_line' id='line_1_7' title="bbox 308 1167 1053 1258; baseline 0.028 -36"><span class='ocrx_word' id='word_1_31' title='bbox 308 1169 408 1238; x_wconf 91' lang='lat' dir='ltr'><strong>tuere,</strong></span> <span class='ocrx_word' id='word_1_32' title='bbox 431 1182 502 1228; x_wconf 91' lang='lat' dir='ltr'><strong>cum</strong></span> <span class='ocrx_word' id='word_1_33' title='bbox 524 1167 697 1247; x_wconf 79' lang='lat' dir='ltr'><strong>regulares,</strong></span> <span class='ocrx_word' id='word_1_34' title='bbox 720 1173 857 1240; x_wconf 89' lang='lat' dir='ltr'><strong>absoluto</strong></span> <span class='ocrx_word' id='word_1_35' title='bbox 886 1179 945 1240; x_wconf 91' lang='lat' dir='ltr'><strong>iam</strong></span> <span class='ocrx_word' id='word_1_36' title='bbox 968 1197 1053 1258; x_wconf 91' lang='lat' dir='ltr'><strong>prae·</strong></span> 
     </span>
     <span class='ocr_line' id='line_1_8' title="bbox 307 1261 1055 1347; baseline 0.013 -21"><span class='ocrx_word' id='word_1_37' title='bbox 307 1261 412 1338; x_wconf 87' lang='lat' dir='ltr'><strong>scripti</strong></span> <span class='ocrx_word' id='word_1_38' title='bbox 434 1277 570 1329; x_wconf 89' lang='lat' dir='ltr'><strong>secessus</strong></span> <span class='ocrx_word' id='word_1_39' title='bbox 593 1275 740 1347; x_wconf 90' lang='lat' dir='ltr'><strong>tempure,</strong></span> <span class='ocrx_word' id='word_1_40' title='bbox 754 1272 790 1332; x_wconf 83' lang='lat' dir='ltr'><strong>arl</strong></span> <span class='ocrx_word' id='word_1_41' title='bbox 811 1272 990 1336; x_wconf 76' lang='lat' dir='ltr'><strong>missionem</strong></span> <span class='ocrx_word' id='word_1_42' title='bbox 1006 1291 1055 1336; x_wconf 89' lang='lat' dir='ltr'><strong>re-</strong></span> 
     </span>
    </p>
   </div>
   <div class='ocr_carea' id='block_1_3' title="bbox 1777 556 2073 624">
    <p class='ocr_par' dir='ltr' id='par_1_3' title="bbox 1777 556 2073 624">
     <span class='ocr_line' id='line_1_9' title="bbox 1777 556 2073 624; baseline 0.007 -13"><span class='ocrx_word' id='word_1_43' title='bbox 1777 556 1834 624; x_wconf 74' lang='grc'><strong>537</strong></span> <span class='ocrx_word' id='word_1_44' title='bbox 1884 557 1939 612; x_wconf 81' lang='lat' dir='ltr'><strong>An.</strong></span> <span class='ocrx_word' id='word_1_45' title='bbox 1953 561 1983 613; x_wconf 82' lang='lat'><strong>0.</strong></span> <span class='ocrx_word' id='word_1_46' title='bbox 2005 559 2073 613; x_wconf 74' lang='lat'>1753</span> 
     </span>
    </p>
   </div>
   <div class='ocr_carea' id='block_1_4' title="bbox 1110 691 1856 1438">
    <p class='ocr_par' dir='ltr' id='par_1_4' title="bbox 1110 691 1856 1438">
     <span class='ocr_line' id='line_1_10' title="bbox 1114 691 1855 759; baseline 0.004 -5"><span class='ocrx_word' id='word_1_47' title='bbox 1114 691 1197 757; x_wconf 90' lang='lat' dir='ltr'><strong>tione</strong></span> <span class='ocrx_word' id='word_1_48' title='bbox 1224 694 1438 758; x_wconf 89' lang='lat' dir='ltr'><strong>Poenitentiae</strong></span> <span class='ocrx_word' id='word_1_49' title='bbox 1464 705 1694 759; x_wconf 89' lang='lat' dir='ltr'><strong>sacramentum</strong></span> <span class='ocrx_word' id='word_1_50' title='bbox 1725 696 1855 757; x_wconf 89' lang='lat' dir='ltr'><strong>admini-</strong></span> 
     </span>
     <span class='ocr_line' id='line_1_11' title="bbox 1111 789 1852 869; baseline -0.004 -18"><span class='ocrx_word' id='word_1_51' title='bbox 1111 795 1237 865; x_wconf 88' lang='lat' dir='ltr'><strong>stratur,</strong></span> <span class='ocrx_word' id='word_1_52' title='bbox 1261 790 1380 851; x_wconf 89' lang='lat' dir='ltr'><strong>etiamsi</strong></span> <span class='ocrx_word' id='word_1_53' title='bbox 1401 791 1566 868; x_wconf 91' lang='lat' dir='ltr'><strong>poenitens</strong></span> <span class='ocrx_word' id='word_1_54' title='bbox 1581 789 1679 852; x_wconf 91' lang='lat' dir='ltr'><strong>subsit</strong></span> <span class='ocrx_word' id='word_1_55' title='bbox 1693 789 1852 869; x_wconf 82' lang='lat' dir='ltr'><strong>Episcopo,</strong></span> 
     </span>
     <span class='ocr_line' id='line_1_12' title="bbox 1111 883 1855 964; baseline -0.004 -16"><span class='ocrx_word' id='word_1_56' title='bbox 1111 887 1165 964; x_wconf 90' lang='lat' dir='ltr'><strong>qui</strong></span> <span class='ocrx_word' id='word_1_57' title='bbox 1187 885 1277 947; x_wconf 93' lang='lat' dir='ltr'><strong>illum</strong></span> <span class='ocrx_word' id='word_1_58' title='bbox 1299 886 1333 946; x_wconf 89' lang='lat' dir='ltr'><strong>ad</strong></span> <span class='ocrx_word' id='word_1_59' title='bbox 1356 883 1563 946; x_wconf 90' lang='lat' dir='ltr'><strong>confessiones</strong></span> <span class='ocrx_word' id='word_1_60' title='bbox 1590 883 1785 962; x_wconf 89' lang='lat' dir='ltr'><strong>excipiendas</strong></span> <span class='ocrx_word' id='word_1_61' title='bbox 1806 884 1855 945; x_wconf 90' lang='lat' dir='ltr'><strong>ad·</strong></span> 
     </span>
     <span class='ocr_line' id='line_1_13' title="bbox 1110 973 1854 1058; baseline -0.004 -19"><span class='ocrx_word' id='word_1_62' title='bbox 1110 979 1262 1058; x_wconf 85' lang='lat' dir='ltr'><strong>probavit.</strong></span> <span class='ocrx_word' id='word_1_63' title='bbox 1286 979 1380 1058; x_wconf 87' lang='lat' dir='ltr'><strong>ldque</strong></span> <span class='ocrx_word' id='word_1_64' title='bbox 1402 983 1522 1040; x_wconf 89' lang='lat' dir='ltr'><strong>constat</strong></span> <span class='ocrx_word' id='word_1_65' title='bbox 1543 994 1582 1040; x_wconf 84' lang='lat' dir='ltr'><strong>ex</strong></span> <span class='ocrx_word' id='word_1_66' title='bbox 1603 975 1691 1038; x_wconf 79' lang='lat' dir='ltr'><strong>Bulla</strong></span> <span class='ocrx_word' id='word_1_67' title='bbox 1708 973 1854 1053; x_wconf 79' lang='lat' dir='ltr'><strong>Superato</strong></span> 
     </span>
     <span class='ocr_line' id='line_1_14' title="bbox 1112 1072 1856 1154; baseline -0.004 -15"><span class='ocrx_word' id='word_1_68' title='bbox 1112 1075 1279 1139; x_wconf 84' lang='lat' dir='ltr'><strong>Clementis</strong></span> <span class='ocrx_word' id='word_1_69' title='bbox 1301 1077 1355 1150; x_wconf 67' lang='lat' dir='ltr'><strong>X,</strong></span> <span class='ocrx_word' id='word_1_70' title='bbox 1378 1089 1455 1154; x_wconf 89' lang='lat' dir='ltr'><strong>quae</strong></span> <span class='ocrx_word' id='word_1_71' title='bbox 1478 1083 1523 1137; x_wconf 88' lang='lat' dir='ltr'><strong>est</strong></span> <span class='ocrx_word' id='word_1_72' title='bbox 1544 1075 1577 1145; x_wconf 83' lang='lat'><strong>6,</strong></span> <span class='ocrx_word' id='word_1_73' title='bbox 1603 1080 1676 1136; x_wconf 87' lang='lat' dir='ltr'><strong>tom.</strong></span> <span class='ocrx_word' id='word_1_74' title='bbox 1699 1076 1722 1135; x_wconf 83' lang='lat'><strong><em>6</em></strong></span> <span class='ocrx_word' id='word_1_75' title='bbox 1743 1072 1856 1136; x_wconf 82' lang='lat' dir='ltr'><strong>Bollu-</strong></span> 
     </span>
     <span class='ocr_line' id='line_1_15' title="bbox 1111 1169 1854 1248; baseline -0.001 -19"><span class='ocrx_word' id='word_1_76' title='bbox 1111 1170 1157 1230; x_wconf 85' lang='lat' dir='ltr'><strong>rii</strong></span> <span class='ocrx_word' id='word_1_77' title='bbox 1179 1169 1333 1242; x_wconf 85' lang='lat' dir='ltr'><strong>llomoui,·</strong></span> <span class='ocrx_word' id='word_1_78' title='bbox 1354 1170 1373 1244; x_wconf 73' lang='lat'>5</span> <span class='ocrx_word' id='word_1_79' title='bbox 1394 1169 1427 1243; x_wconf 80' lang='lat'><strong>4,</strong></span> <span class='ocrx_word' id='word_1_80' title='bbox 1458 1169 1541 1232; x_wconf 91' lang='lat' dir='ltr'><strong>solus</strong></span> <span class='ocrx_word' id='word_1_81' title='bbox 1562 1169 1647 1231; x_wconf 91' lang='lat' dir='ltr'><strong>enim</strong></span> <span class='ocrx_word' id='word_1_82' title='bbox 1668 1169 1818 1248; x_wconf 89' lang='lat' dir='ltr'><strong>parochus</strong></span> <span class='ocrx_word' id='word_1_83' title='bbox 1839 1185 1854 1228; x_wconf 91' lang='lat' dir='ltr'><strong>a</strong></span> 
     </span>
     <span class='ocr_line' id='line_1_16' title="bbox 1111 1261 1853 1342; baseline -0.007 -15"><span class='ocrx_word' id='word_1_84' title='bbox 1111 1265 1233 1327; x_wconf 86' lang='lat' dir='ltr'><strong>moralis</strong></span> <span class='ocrx_word' id='word_1_85' title='bbox 1262 1264 1434 1342; x_wconf 79' lang='lat' dir='ltr'><strong>theologiae</strong></span> <span class='ocrx_word' id='word_1_86' title='bbox 1464 1262 1662 1340; x_wconf 83' lang='lat' dir='ltr'><strong>scriptoribus</strong></span> <span class='ocrx_word' id='word_1_87' title='bbox 1692 1261 1853 1336; x_wconf 82' lang='lat' dir='ltr'><strong>eximitur,</strong></span> 
     </span>
     <span class='ocr_line' id='line_1_17' title="bbox 1110 1356 1854 1438; baseline -0.005 -18"><span class='ocrx_word' id='word_1_88' title='bbox 1110 1359 1174 1438; x_wconf 94' lang='lat' dir='ltr'><strong>qui,</strong></span> <span class='ocrx_word' id='word_1_89' title='bbox 1190 1359 1216 1420; x_wconf 92' lang='lat' dir='ltr'><strong>si</strong></span> <span class='ocrx_word' id='word_1_90' title='bbox 1230 1358 1309 1420; x_wconf 91' lang='lat' dir='ltr'><strong>forte</strong></span> <span class='ocrx_word' id='word_1_91' title='bbox 1331 1365 1416 1420; x_wconf 90' lang='lat' dir='ltr'><strong>extra</strong></span> <span class='ocrx_word' id='word_1_92' title='bbox 1437 1357 1602 1420; x_wconf 92' lang='lat' dir='ltr'><strong>dioecesim</strong></span> <span class='ocrx_word' id='word_1_93' title='bbox 1622 1363 1783 1432; x_wconf 86' lang='lat' dir='ltr'><strong>versetur,</strong></span> <span class='ocrx_word' id='word_1_94' title='bbox 1805 1356 1854 1418; x_wconf 92' lang='lat' dir='ltr'><strong>sui</strong></span> 
     </span>
    </p>
   </div>
   <div class='ocr_carea' id='block_1_5' title="bbox 65 1369 1053 1628">
    <p class='ocr_par' dir='ltr' id='par_1_5' title="bbox 65 1369 1053 1628">
     <span class='ocr_line' id='line_1_18' title="bbox 307 1369 483 1426; baseline 0.006 -5"><span class='ocrx_word' id='word_1_95' title='bbox 307 1369 483 1426; x_wconf 89' lang='lat' dir='ltr'><strong>vertentur.</strong></span> 
     </span>
     <span class='ocr_line' id='line_1_19' title="bbox 66 1454 1052 1554; baseline -0.007 -26"><span class='ocrx_word' id='word_1_96' title='bbox 66 1454 289 1554; x_wconf 45' lang='lat' dir='ltr'><strong>misggfflbssg}</strong></span> <span class='ocrx_word' id='word_1_97' title='bbox 347 1454 366 1530; x_wconf 70' lang='lat' dir='ltr'>S</span> <span class='ocrx_word' id='word_1_98' title='bbox 387 1454 436 1516; x_wconf 65' lang='lat' dir='ltr'><strong>fl.</strong></span> <span class='ocrx_word' id='word_1_99' title='bbox 460 1455 522 1516; x_wconf 93' lang='lat' dir='ltr'><strong>Etsi</strong></span> <span class='ocrx_word' id='word_1_100' title='bbox 546 1456 696 1532; x_wconf 91' lang='lat' dir='ltr'><strong>regularis</strong></span> <span class='ocrx_word' id='word_1_101' title='bbox 711 1457 862 1535; x_wconf 88' lang='lat' dir='ltr'><strong>superior,</strong></span> <span class='ocrx_word' id='word_1_102' title='bbox 879 1459 930 1538; x_wconf 91' lang='lat' dir='ltr'><strong>qui</strong></span> <span class='ocrx_word' id='word_1_103' title='bbox 946 1459 1052 1522; x_wconf 86' lang='lat' dir='ltr'><strong>statuit</strong></span> 
     </span>
     <span class='ocr_line' id='line_1_20' title="bbox 65 1547 1053 1628; baseline 0.004 -20"><span class='ocrx_word' id='word_1_104' title='bbox 65 1559 129 1608; x_wconf 76' lang='lat' dir='ltr'><strong>sut..</strong></span> <span class='ocrx_word' id='word_1_105' title='bbox 158 1567 288 1618; x_wconf 76' lang='lat' dir='ltr'><strong>quantum</strong></span> <span class='ocrx_word' id='word_1_106' title='bbox 307 1547 440 1624; x_wconf 89' lang='lat' dir='ltr'><strong>aliquem</strong></span> <span class='ocrx_word' id='word_1_107' title='bbox 473 1565 510 1610; x_wconf 90' lang='lat' dir='ltr'><strong>ex</strong></span> <span class='ocrx_word' id='word_1_108' title='bbox 538 1550 602 1612; x_wconf 89' lang='lat' dir='ltr'><strong>suis</strong></span> <span class='ocrx_word' id='word_1_109' title='bbox 629 1550 782 1628; x_wconf 77' lang='lat' dir='ltr'><strong>religiosis</strong></span> <span class='ocrx_word' id='word_1_110' title='bbox 811 1569 825 1612; x_wconf 92' lang='lat' dir='ltr'><strong>a</strong></span> <span class='ocrx_word' id='word_1_111' title='bbox 854 1553 1053 1615; x_wconf 87' lang='lat' dir='ltr'><strong>sacramentis</strong></span> 
     </span>
    </p>
   </div>
   <div class='ocr_carea' id='block_1_6' title="bbox 66 1613 1054 1713">
    <p class='ocr_par' dir='ltr' id='par_1_6' title="bbox 66 1613 1054 1713">
     <span class='ocr_line' id='line_1_21' title="bbox 66 1613 1054 1713; baseline 0.021 -27"><span class='ocrx_word' id='word_1_112' title='bbox 66 1613 288 1713; x_wconf 51' lang='lat' dir='ltr'><strong>ffiffifssgnssssnngfi</strong></span> <span class='ocrx_word' id='word_1_113' title='bbox 307 1641 557 1705; x_wconf 86' lang='lat' dir='ltr'><strong>administrandis</strong></span> <span class='ocrx_word' id='word_1_114' title='bbox 577 1643 673 1704; x_wconf 89' lang='lat' dir='ltr'><strong>sivea</strong></span> <span class='ocrx_word' id='word_1_115' title='bbox 689 1645 885 1709; x_wconf 82' lang='lat' dir='ltr'><strong>missionibus</strong></span> <span class='ocrx_word' id='word_1_116' title='bbox 906 1645 1054 1708; x_wconf 78' lang='lat' dir='ltr'><strong>exerceri-</strong></span> 
     </span>
    </p>
   </div>
   <div class='ocr_carea' id='block_1_7' title="bbox 1109 1449 1855 1719">
    <p class='ocr_par' dir='ltr' id='par_1_7' title="bbox 1109 1449 1855 1719">
     <span class='ocr_line' id='line_1_22' title="bbox 1109 1449 1855 1532; baseline -0.003 -20"><span class='ocrx_word' id='word_1_117' title='bbox 1109 1452 1283 1530; x_wconf 89' lang='lat' dir='ltr'><strong>parocbiani</strong></span> <span class='ocrx_word' id='word_1_118' title='bbox 1306 1451 1345 1513; x_wconf 93' lang='lat' dir='ltr'><strong>ibi</strong></span> <span class='ocrx_word' id='word_1_119' title='bbox 1368 1451 1508 1528; x_wconf 88' lang='lat' dir='ltr'><strong>degentis</strong></span> <span class='ocrx_word' id='word_1_120' title='bbox 1529 1449 1734 1532; x_wconf 82' lang='lat' dir='ltr'><strong>confessiones</strong></span> <span class='ocrx_word' id='word_1_121' title='bbox 1755 1455 1855 1528; x_wconf 91' lang='lat' dir='ltr'><strong>potest</strong></span> 
     </span>
     <span class='ocr_line' id='line_1_23' title="bbox 1109 1541 1854 1622; baseline -0.004 -17"><span class='ocrx_word' id='word_1_122' title='bbox 1109 1545 1226 1620; x_wconf 89' lang='lat' dir='ltr'><strong>audire,</strong></span> <span class='ocrx_word' id='word_1_123' title='bbox 1249 1544 1391 1622; x_wconf 90' lang='lat' dir='ltr'><strong>quamvis</strong></span> <span class='ocrx_word' id='word_1_124' title='bbox 1412 1545 1449 1606; x_wconf 89' lang='lat' dir='ltr'><strong>ab</strong></span> <span class='ocrx_word' id='word_1_125' title='bbox 1470 1544 1618 1622; x_wconf 85' lang='lat' dir='ltr'><strong>Episcopo</strong></span> <span class='ocrx_word' id='word_1_126' title='bbox 1638 1543 1709 1618; x_wconf 91' lang='lat' dir='ltr'><strong>loci,</strong></span> <span class='ocrx_word' id='word_1_127' title='bbox 1733 1541 1785 1604; x_wconf 90' lang='lat' dir='ltr'><strong>ubi</strong></span> <span class='ocrx_word' id='word_1_128' title='bbox 1806 1541 1854 1604; x_wconf 92' lang='lat' dir='ltr'><strong>sui</strong></span> 
     </span>
     <span class='ocr_line' id='line_1_24' title="bbox 1109 1636 1853 1719; baseline -0.007 -20"><span class='ocrx_word' id='word_1_129' title='bbox 1109 1641 1284 1718; x_wconf 88' lang='lat' dir='ltr'><strong>parochiani</strong></span> <span class='ocrx_word' id='word_1_130' title='bbox 1304 1656 1337 1701; x_wconf 90' lang='lat' dir='ltr'><strong>se</strong></span> <span class='ocrx_word' id='word_1_131' title='bbox 1350 1639 1476 1719; x_wconf 88' lang='lat' dir='ltr'><strong>praebet</strong></span> <span class='ocrx_word' id='word_1_132' title='bbox 1497 1636 1729 1708; x_wconf 89' lang='lat' dir='ltr'><strong>confessarium,</strong></span> <span class='ocrx_word' id='word_1_133' title='bbox 1746 1640 1853 1713; x_wconf 89' lang='lat' dir='ltr'><strong>adpro·</strong></span> 
     </span>
    </p>
   </div>
   <div class='ocr_carea' id='block_1_8' title="bbox 3 4791 193 4838">
    <p class='ocr_par' dir='ltr' id='par_1_8' title="bbox 3 4791 193 4838">
     <span class='ocr_line' id='line_1_25' title="bbox 3 4791 193 4838; baseline 0.011 -8"><span class='ocrx_word' id='word_1_134' title='bbox 3 4799 4 4838; x_wconf 62' lang='lat'>1</span> <span class='ocrx_word' id='word_1_135' title='bbox 66 4791 193 4832; x_wconf 77' lang='lat' dir='ltr'><strong>struatur.</strong></span> 
     </span>
    </p>
   </div>
   <div class='ocr_carea' id='block_1_9' title="bbox 66 1723 1052 5085">
    <p class='ocr_par' dir='ltr' id='par_1_9' title="bbox 66 1723 1052 3584">
     <span class='ocr_line' id='line_1_26' title="bbox 67 1723 1052 1821; baseline 0.01 -30"><span class='ocrx_word' id='word_1_136' title='bbox 67 1723 289 1821; x_wconf 53' lang='grc' dir='ltr'><strong>’[ᾖξξὼῃξξᾱξξῌξ</strong></span> <span class='ocrx_word' id='word_1_137' title='bbox 307 1734 353 1794; x_wconf 91' lang='lat' dir='ltr'><strong>dis</strong></span> <span class='ocrx_word' id='word_1_138' title='bbox 374 1751 548 1808; x_wconf 89' lang='lat' dir='ltr'><strong>removere,</strong></span> <span class='ocrx_word' id='word_1_139' title='bbox 572 1753 610 1798; x_wconf 91' lang='lat' dir='ltr'><strong>ex</strong></span> <span class='ocrx_word' id='word_1_140' title='bbox 631 1737 772 1815; x_wconf 90' lang='lat' dir='ltr'><strong>superius</strong></span> <span class='ocrx_word' id='word_1_141' title='bbox 794 1739 903 1814; x_wconf 89' lang='lat' dir='ltr'><strong>allatis,</strong></span> <span class='ocrx_word' id='word_1_142' title='bbox 928 1756 991 1801; x_wconf 89' lang='lat' dir='ltr'><strong>non</strong></span> <span class='ocrx_word' id='word_1_143' title='bbox 1007 1749 1052 1801; x_wconf 91' lang='lat' dir='ltr'><strong>te-</strong></span> 
     </span>
     <span class='ocr_line' id='line_1_27' title="bbox 66 1829 1050 1914; baseline 0.006 -27"><span class='ocrx_word' id='word_1_144' title='bbox 66 1831 167 1871; x_wconf 74' lang='lat' dir='ltr'><strong>mento.</strong></span> <span class='ocrx_word' id='word_1_145' title='bbox 307 1833 419 1889; x_wconf 91' lang='lat' dir='ltr'><strong>neatur</strong></span> <span class='ocrx_word' id='word_1_146' title='bbox 435 1829 623 1914; x_wconf 4' lang='lat' dir='ltr'><strong>promotionis</strong></span> <span class='ocrx_word' id='word_1_147' title='bbox 645 1845 765 1892; x_wconf 89' lang='lat' dir='ltr'><strong>causam</strong></span> <span class='ocrx_word' id='word_1_148' title='bbox 787 1830 908 1893; x_wconf 85' lang='lat' dir='ltr'><strong>Vicario</strong></span> <span class='ocrx_word' id='word_1_149' title='bbox 924 1832 1050 1909; x_wconf 80' lang='lat' dir='ltr'><strong>Aposto</strong></span> 
     </span>
     <span class='ocr_line' id='line_1_28' title="bbox 306 1919 1048 1996; baseline 0.007 -15"><span class='ocrx_word' id='word_1_150' title='bbox 306 1919 364 1982; x_wconf 92' lang='lat' dir='ltr'><strong>lico</strong></span> <span class='ocrx_word' id='word_1_151' title='bbox 383 1920 569 1996; x_wconf 81' lang='lat' dir='ltr'><strong>significare,</strong></span> <span class='ocrx_word' id='word_1_152' title='bbox 592 1929 623 1982; x_wconf 91' lang='lat' dir='ltr'><strong>et</strong></span> <span class='ocrx_word' id='word_1_153' title='bbox 644 1921 751 1985; x_wconf 79' lang='lat' dir='ltr'><strong>eidem</strong></span> <span class='ocrx_word' id='word_1_154' title='bbox 773 1923 892 1985; x_wconf 91' lang='lat' dir='ltr'><strong>ratione</strong></span> <span class='ocrx_word' id='word_1_155' title='bbox 915 1924 1048 1988; x_wconf 91' lang='lat' dir='ltr'><strong>liberum</strong></span> 
     </span>
     <span class='ocr_line' id='line_1_29' title="bbox 305 2012 1050 2096; baseline 0.009 -22"><span class='ocrx_word' id='word_1_156' title='bbox 305 2013 344 2074; x_wconf 91' lang='lat' dir='ltr'><strong>sit</strong></span> <span class='ocrx_word' id='word_1_157' title='bbox 367 2012 486 2076; x_wconf 85' lang='lat' dir='ltr'><strong>Vicario</strong></span> <span class='ocrx_word' id='word_1_158' title='bbox 508 2014 693 2092; x_wconf 81' lang='lat' dir='ltr'><strong>Apostolico,</strong></span> <span class='ocrx_word' id='word_1_159' title='bbox 707 2016 811 2077; x_wconf 89' lang='lat' dir='ltr'><strong>insciis</strong></span> <span class='ocrx_word' id='word_1_160' title='bbox 831 2023 924 2096; x_wconf 90' lang='lat' dir='ltr'><strong>atque</strong></span> <span class='ocrx_word' id='word_1_161' title='bbox 945 2019 1050 2081; x_wconf 91' lang='lat' dir='ltr'><strong>incon-</strong></span> 
     </span>
     <span class='ocr_line' id='line_1_30' title="bbox 304 2105 1051 2186; baseline 0.009 -20"><span class='ocrx_word' id='word_1_162' title='bbox 304 2106 392 2168; x_wconf 92' lang='lat' dir='ltr'><strong>sultis</strong></span> <span class='ocrx_word' id='word_1_163' title='bbox 407 2105 514 2168; x_wconf 90' lang='lat' dir='ltr'><strong>iisdem</strong></span> <span class='ocrx_word' id='word_1_164' title='bbox 530 2107 752 2186; x_wconf 91' lang='lat' dir='ltr'><strong>superioribus,</strong></span> <span class='ocrx_word' id='word_1_165' title='bbox 764 2116 870 2170; x_wconf 90' lang='lat' dir='ltr'><strong>contra</strong></span> <span class='ocrx_word' id='word_1_166' title='bbox 893 2111 1051 2173; x_wconf 89' lang='lat' dir='ltr'><strong>missioua-</strong></span> 
     </span>
     <span class='ocr_line' id='line_1_31' title="bbox 305 2198 1051 2279; baseline 0.008 -21"><span class='ocrx_word' id='word_1_167' title='bbox 305 2199 365 2258; x_wconf 91' lang='lat' dir='ltr'><strong>rios</strong></span> <span class='ocrx_word' id='word_1_168' title='bbox 386 2198 557 2276; x_wconf 81' lang='lat' dir='ltr'><strong>regulares,</strong></span> <span class='ocrx_word' id='word_1_169' title='bbox 573 2216 649 2278; x_wconf 90' lang='lat' dir='ltr'><strong>quos</strong></span> <span class='ocrx_word' id='word_1_170' title='bbox 663 2199 879 2279; x_wconf 85' lang='lat' dir='ltr'><strong>delinquentes</strong></span> <span class='ocrx_word' id='word_1_171' title='bbox 902 2203 934 2263; x_wconf 91' lang='lat' dir='ltr'><strong>in</strong></span> <span class='ocrx_word' id='word_1_172' title='bbox 955 2220 1051 2265; x_wconf 84' lang='lat' dir='ltr'><strong>sacru-</strong></span> 
     </span>
     <span class='ocr_line' id='line_1_32' title="bbox 304 2291 1050 2374; baseline 0.007 -23"><span class='ocrx_word' id='word_1_173' title='bbox 304 2292 418 2353; x_wconf 91' lang='lat' dir='ltr'><strong>mentis</strong></span> <span class='ocrx_word' id='word_1_174' title='bbox 446 2291 706 2366; x_wconf 84' lang='lat' dir='ltr'><strong>administrandis,</strong></span> <span class='ocrx_word' id='word_1_175' title='bbox 737 2293 788 2355; x_wconf 91' lang='lat' dir='ltr'><strong>vel</strong></span> <span class='ocrx_word' id='word_1_176' title='bbox 810 2294 930 2372; x_wconf 88' lang='lat' dir='ltr'><strong>ineptos</strong></span> <span class='ocrx_word' id='word_1_177' title='bbox 958 2301 1050 2374; x_wconf 90' lang='lat' dir='ltr'><strong>atque</strong></span> 
     </span>
     <span class='ocr_line' id='line_1_33' title="bbox 304 2383 1049 2461; baseline 0.008 -16"><span class='ocrx_word' id='word_1_178' title='bbox 304 2385 396 2446; x_wconf 88' lang='lat' dir='ltr'><strong>rudes</strong></span> <span class='ocrx_word' id='word_1_179' title='bbox 417 2383 656 2461; x_wconf 88' lang='lat' dir='ltr'><strong>negligentesve</strong></span> <span class='ocrx_word' id='word_1_180' title='bbox 678 2385 710 2446; x_wconf 90' lang='lat' dir='ltr'><strong>in</strong></span> <span class='ocrx_word' id='word_1_181' title='bbox 732 2403 787 2448; x_wconf 92' lang='lat' dir='ltr'><strong>suo</strong></span> <span class='ocrx_word' id='word_1_182' title='bbox 800 2402 931 2448; x_wconf 88' lang='lat' dir='ltr'><strong>munere</strong></span> <span class='ocrx_word' id='word_1_183' title='bbox 952 2388 1049 2451; x_wconf 88' lang='lat' dir='ltr'><strong>adim-</strong></span> 
     </span>
     <span class='ocr_line' id='line_1_34' title="bbox 304 2475 1050 2558; baseline 0.008 -21"><span class='ocrx_word' id='word_1_184' title='bbox 304 2475 417 2556; x_wconf 90' lang='lat' dir='ltr'><strong>plendo</strong></span> <span class='ocrx_word' id='word_1_185' title='bbox 431 2476 679 2553; x_wconf 87' lang='lat' dir='ltr'><strong>deprehenderit,</strong></span> <span class='ocrx_word' id='word_1_186' title='bbox 696 2478 943 2541; x_wconf 89' lang='lat' dir='ltr'><strong>animadvertere</strong></span> <span class='ocrx_word' id='word_1_187' title='bbox 957 2488 1050 2558; x_wconf 89' lang='lat' dir='ltr'><strong>prout</strong></span> 
     </span>
     <span class='ocr_line' id='line_1_35' title="bbox 304 2569 1049 2646; baseline 0.009 -18"><span class='ocrx_word' id='word_1_188' title='bbox 304 2569 360 2646; x_wconf 91' lang='lat' dir='ltr'><strong>ipsi</strong></span> <span class='ocrx_word' id='word_1_189' title='bbox 383 2570 529 2644; x_wconf 87' lang='lat' dir='ltr'><strong>expedire</strong></span> <span class='ocrx_word' id='word_1_190' title='bbox 559 2569 732 2644; x_wconf 90' lang='lat' dir='ltr'><strong>videbitur,</strong></span> <span class='ocrx_word' id='word_1_191' title='bbox 756 2580 860 2633; x_wconf 90' lang='lat' dir='ltr'><strong>tamen</strong></span> <span class='ocrx_word' id='word_1_192' title='bbox 890 2581 1049 2636; x_wconf 91' lang='lat' dir='ltr'><strong>consenta-</strong></span> 
     </span>
     <span class='ocr_line' id='line_1_36' title="bbox 305 2661 1049 2736; baseline 0.009 -14"><span class='ocrx_word' id='word_1_193' title='bbox 305 2677 399 2723; x_wconf 92' lang='lat' dir='ltr'><strong>neum</strong></span> <span class='ocrx_word' id='word_1_194' title='bbox 429 2662 500 2736; x_wconf 92' lang='lat' dir='ltr'><strong>erit,</strong></span> <span class='ocrx_word' id='word_1_195' title='bbox 523 2661 548 2722; x_wconf 90' lang='lat' dir='ltr'><strong>si</strong></span> <span class='ocrx_word' id='word_1_196' title='bbox 577 2662 718 2724; x_wconf 89' lang='lat' dir='ltr'><strong>unanimi</strong></span> <span class='ocrx_word' id='word_1_197' title='bbox 745 2664 906 2727; x_wconf 88' lang='lat' dir='ltr'><strong>voluntate</strong></span> <span class='ocrx_word' id='word_1_198' title='bbox 927 2675 958 2728; x_wconf 93' lang='lat' dir='ltr'><strong>et</strong></span> <span class='ocrx_word' id='word_1_199' title='bbox 978 2684 1049 2731; x_wconf 90' lang='lat' dir='ltr'><strong>con-</strong></span> 
     </span>
     <span class='ocr_line' id='line_1_37' title="bbox 302 2757 1049 2836; baseline 0.012 -23"><span class='ocrx_word' id='word_1_200' title='bbox 302 2769 395 2815; x_wconf 90' lang='lat' dir='ltr'><strong>sensu</strong></span> <span class='ocrx_word' id='word_1_201' title='bbox 417 2769 483 2816; x_wconf 88' lang='lat' dir='ltr'><strong>rem</strong></span> <span class='ocrx_word' id='word_1_202' title='bbox 512 2761 632 2831; x_wconf 90' lang='lat' dir='ltr'><strong>gerant,</strong></span> <span class='ocrx_word' id='word_1_203' title='bbox 656 2771 696 2817; x_wconf 87' lang='lat' dir='ltr'><strong>no</strong></span> <span class='ocrx_word' id='word_1_204' title='bbox 719 2757 878 2819; x_wconf 87' lang='lat' dir='ltr'><strong>missiones</strong></span> <span class='ocrx_word' id='word_1_205' title='bbox 903 2761 1049 2836; x_wconf 88' lang='lat' dir='ltr'><strong>operariis</strong></span> 
     </span>
     <span class='ocr_line' id='line_1_38' title="bbox 303 2845 1049 2922; baseline 0.009 -16"><span class='ocrx_word' id='word_1_206' title='bbox 303 2845 526 2922; x_wconf 85' lang='lat' dir='ltr'><strong>destituantur,</strong></span> <span class='ocrx_word' id='word_1_207' title='bbox 543 2855 574 2908; x_wconf 91' lang='lat' dir='ltr'><strong>et</strong></span> <span class='ocrx_word' id='word_1_208' title='bbox 595 2850 649 2910; x_wconf 93' lang='lat' dir='ltr'><strong>uni</strong></span> <span class='ocrx_word' id='word_1_209' title='bbox 671 2849 864 2911; x_wconf 87' lang='lat' dir='ltr'><strong>missiouario</strong></span> <span class='ocrx_word' id='word_1_210' title='bbox 885 2858 987 2913; x_wconf 91' lang='lat' dir='ltr'><strong>amoto</strong></span> <span class='ocrx_word' id='word_1_211' title='bbox 1008 2852 1049 2913; x_wconf 92' lang='lat' dir='ltr'><strong>al·</strong></span> 
     </span>
     <span class='ocr_line' id='line_1_39' title="bbox 305 2941 1048 3020; baseline 0.007 -18"><span class='ocrx_word' id='word_1_212' title='bbox 305 2949 350 3002; x_wconf 93' lang='lat' dir='ltr'><strong>ter</strong></span> <span class='ocrx_word' id='word_1_213' title='bbox 372 2941 520 3002; x_wconf 91' lang='lat' dir='ltr'><strong>continuo</strong></span> <span class='ocrx_word' id='word_1_214' title='bbox 547 2941 751 3018; x_wconf 80' lang='lat' dir='ltr'><strong>subrogetur,</strong></span> <span class='ocrx_word' id='word_1_215' title='bbox 775 2943 827 3020; x_wconf 91' lang='lat' dir='ltr'><strong>qui</strong></span> <span class='ocrx_word' id='word_1_216' title='bbox 850 2945 917 3005; x_wconf 90' lang='lat' dir='ltr'><strong>eius</strong></span> <span class='ocrx_word' id='word_1_217' title='bbox 941 2946 1048 3007; x_wconf 90' lang='lat' dir='ltr'><strong>subeat</strong></span> 
     </span>
     <span class='ocr_line' id='line_1_40' title="bbox 303 3033 1050 3112; baseline 0.011 -20"><span class='ocrx_word' id='word_1_218' title='bbox 303 3033 401 3110; x_wconf 87' lang='lat' dir='ltr'><strong>vices;</strong></span> <span class='ocrx_word' id='word_1_219' title='bbox 425 3034 568 3112; x_wconf 82' lang='lat' dir='ltr'><strong>idemque</strong></span> <span class='ocrx_word' id='word_1_220' title='bbox 595 3034 777 3097; x_wconf 86' lang='lat' dir='ltr'><strong>exhibeatur</strong></span> <span class='ocrx_word' id='word_1_221' title='bbox 803 3037 941 3100; x_wconf 89' lang='lat' dir='ltr'><strong>officium</strong></span> <span class='ocrx_word' id='word_1_222' title='bbox 963 3056 977 3100; x_wconf 94' lang='lat' dir='ltr'><strong>a</strong></span> <span class='ocrx_word' id='word_1_223' title='bbox 1000 3055 1050 3100; x_wconf 91' lang='lat' dir='ltr'><strong>su·</strong></span> 
     </span>
     <span class='ocr_line' id='line_1_41' title="bbox 303 3126 1049 3208; baseline 0.011 -22"><span class='ocrx_word' id='word_1_224' title='bbox 303 3126 476 3204; x_wconf 90' lang='lat' dir='ltr'><strong>perioribus</strong></span> <span class='ocrx_word' id='word_1_225' title='bbox 497 3127 692 3204; x_wconf 80' lang='lat' dir='ltr'><strong>regularibus</strong></span> <span class='ocrx_word' id='word_1_226' title='bbox 707 3143 780 3190; x_wconf 93' lang='lat' dir='ltr'><strong>cum</strong></span> <span class='ocrx_word' id='word_1_227' title='bbox 798 3129 978 3208; x_wconf 83' lang='lat' dir='ltr'><strong>Apostolicis</strong></span> <span class='ocrx_word' id='word_1_228' title='bbox 1000 3131 1049 3194; x_wconf 91' lang='lat' dir='ltr'><strong>lli-</strong></span> 
     </span>
     <span class='ocr_line' id='line_1_42' title="bbox 302 3219 1050 3294; baseline 0.009 -13"><span class='ocrx_word' id='word_1_229' title='bbox 302 3219 403 3294; x_wconf 90' lang='lat' dir='ltr'><strong>oariis,</strong></span> <span class='ocrx_word' id='word_1_230' title='bbox 417 3219 468 3281; x_wconf 92' lang='lat' dir='ltr'><strong>ubi</strong></span> <span class='ocrx_word' id='word_1_231' title='bbox 482 3220 579 3281; x_wconf 91' lang='lat' dir='ltr'><strong>velint</strong></span> <span class='ocrx_word' id='word_1_232' title='bbox 593 3235 664 3282; x_wconf 90' lang='lat' dir='ltr'><strong>suos</strong></span> <span class='ocrx_word' id='word_1_233' title='bbox 679 3221 711 3282; x_wconf 90' lang='lat' dir='ltr'><strong>in</strong></span> <span class='ocrx_word' id='word_1_234' title='bbox 724 3222 820 3284; x_wconf 90' lang='lat' dir='ltr'><strong>alium</strong></span> <span class='ocrx_word' id='word_1_235' title='bbox 836 3223 937 3286; x_wconf 89' lang='lat' dir='ltr'><strong>locum</strong></span> <span class='ocrx_word' id='word_1_236' title='bbox 950 3231 1050 3288; x_wconf 93' lang='lat' dir='ltr'><strong>trans·</strong></span> 
     </span>
     <span class='ocr_line' id='line_1_43' title="bbox 303 3315 1050 3398; baseline 0.009 -21"><span class='ocrx_word' id='word_1_237' title='bbox 303 3315 396 3392; x_wconf 86' lang='lat' dir='ltr'><strong>ferre,</strong></span> <span class='ocrx_word' id='word_1_238' title='bbox 412 3315 461 3377; x_wconf 91' lang='lat' dir='ltr'><strong>vel</strong></span> <span class='ocrx_word' id='word_1_239' title='bbox 483 3331 534 3378; x_wconf 90' lang='lat' dir='ltr'><strong>eos</strong></span> <span class='ocrx_word' id='word_1_240' title='bbox 549 3331 696 3378; x_wconf 87' lang='lat' dir='ltr'><strong>revocare</strong></span> <span class='ocrx_word' id='word_1_241' title='bbox 718 3317 750 3378; x_wconf 93' lang='lat' dir='ltr'><strong>in</strong></span> <span class='ocrx_word' id='word_1_242' title='bbox 767 3316 928 3379; x_wconf 82' lang='lat' dir='ltr'><strong>catholicas</strong></span> <span class='ocrx_word' id='word_1_243' title='bbox 951 3323 1050 3398; x_wconf 89' lang='lat' dir='ltr'><strong>regio-</strong></span> 
     </span>
     <span class='ocr_line' id='line_1_44' title="bbox 304 3410 1048 3490; baseline 0.011 -17"><span class='ocrx_word' id='word_1_244' title='bbox 304 3429 370 3487; x_wconf 90' lang='lat' dir='ltr'><strong>nes,</strong></span> <span class='ocrx_word' id='word_1_245' title='bbox 384 3419 475 3490; x_wconf 91' lang='lat' dir='ltr'><strong>atque</strong></span> <span class='ocrx_word' id='word_1_246' title='bbox 497 3427 560 3472; x_wconf 92' lang='lat' dir='ltr'><strong>uno</strong></span> <span class='ocrx_word' id='word_1_247' title='bbox 582 3410 754 3488; x_wconf 77' lang='lat' dir='ltr'><strong>collemque</strong></span> <span class='ocrx_word' id='word_1_248' title='bbox 776 3419 916 3490; x_wconf 89' lang='lat' dir='ltr'><strong>tempore</strong></span> <span class='ocrx_word' id='word_1_249' title='bbox 931 3431 1048 3480; x_wconf 90' lang='lat' dir='ltr'><strong>succes-</strong></span> 
     </span>
     <span class='ocr_line' id='line_1_45' title="bbox 302 3503 1050 3584; baseline 0.007 -15"><span class='ocrx_word' id='word_1_250' title='bbox 302 3523 386 3570; x_wconf 89' lang='lat' dir='ltr'><strong>sores</strong></span> <span class='ocrx_word' id='word_1_251' title='bbox 408 3505 583 3584; x_wconf 89' lang='lat' dir='ltr'><strong>expediant,</strong></span> <span class='ocrx_word' id='word_1_252' title='bbox 606 3503 749 3567; x_wconf 87' lang='lat' dir='ltr'><strong>videlicet</strong></span> <span class='ocrx_word' id='word_1_253' title='bbox 764 3521 803 3566; x_wconf 87' lang='lat' dir='ltr'><strong>ne</strong></span> <span class='ocrx_word' id='word_1_254' title='bbox 818 3506 923 3568; x_wconf 91' lang='lat' dir='ltr'><strong>missio</strong></span> <span class='ocrx_word' id='word_1_255' title='bbox 944 3525 1050 3574; x_wconf 91' lang='lat' dir='ltr'><strong>neces-</strong></span> 
     </span>
    </p>

    <p class='ocr_par' dir='ltr' id='par_1_10' title="bbox 66 3598 1049 5085">
     <span class='ocr_line' id='line_1_46' title="bbox 302 3598 686 3678; baseline -0.018 -14"><span class='ocrx_word' id='word_1_256' title='bbox 302 3602 390 3664; x_wconf 90' lang='lat' dir='ltr'><strong>sariis</strong></span> <span class='ocrx_word' id='word_1_257' title='bbox 411 3598 556 3678; x_wconf 89' lang='lat' dir='ltr'><strong>operariis</strong></span> <span class='ocrx_word' id='word_1_258' title='bbox 577 3605 686 3660; x_wconf 89' lang='lat' dir='ltr'><strong>careat.</strong></span> 
     </span>
     <span class='ocr_line' id='line_1_47' title="bbox 106 3693 1049 3771; baseline 0.01 -19"><span class='ocrx_word' id='word_1_259' title='bbox 106 3707 284 3769; x_wconf 65' lang='lat' dir='ltr'><strong>fundationes</strong></span> <span class='ocrx_word' id='word_1_260' title='bbox 341 3697 360 3771; x_wconf 72' lang='grc'>5</span> <span class='ocrx_word' id='word_1_261' title='bbox 382 3696 431 3756; x_wconf 72' lang='lat'><strong>22.</strong></span> <span class='ocrx_word' id='word_1_262' title='bbox 452 3695 499 3755; x_wconf 83' lang='lat' dir='ltr'><strong>lle</strong></span> <span class='ocrx_word' id='word_1_263' title='bbox 513 3693 745 3756; x_wconf 82' lang='lat' dir='ltr'><strong>fundationibus</strong></span> <span class='ocrx_word' id='word_1_264' title='bbox 759 3696 838 3757; x_wconf 91' lang='lat' dir='ltr'><strong>nibil</strong></span> <span class='ocrx_word' id='word_1_265' title='bbox 860 3698 987 3760; x_wconf 91' lang='lat' dir='ltr'><strong>omnino</strong></span> <span class='ocrx_word' id='word_1_266' title='bbox 1002 3700 1049 3761; x_wconf 93' lang='lat' dir='ltr'><strong>in-</strong></span> 
     </span>
     <span class='ocr_line' id='line_1_48' title="bbox 69 3770 1048 3875; baseline -0.004 -17"><span class='ocrx_word' id='word_1_267' title='bbox 69 3770 285 3875; x_wconf 58' lang='lat' dir='ltr'><strong>iliiilluiosiis‘.</strong></span> <span class='ocrx_word' id='word_1_268' title='bbox 304 3797 449 3866; x_wconf 88' lang='lat' dir='ltr'><strong>novetur;</strong></span> <span class='ocrx_word' id='word_1_269' title='bbox 466 3791 516 3850; x_wconf 91' lang='lat' dir='ltr'><strong>sed</strong></span> <span class='ocrx_word' id='word_1_270' title='bbox 530 3795 592 3848; x_wconf 91' lang='lat' dir='ltr'><strong>tam</strong></span> <span class='ocrx_word' id='word_1_271' title='bbox 606 3788 776 3850; x_wconf 85' lang='lat' dir='ltr'><strong>saeculares</strong></span> <span class='ocrx_word' id='word_1_272' title='bbox 787 3805 878 3867; x_wconf 89' lang='lat' dir='ltr'><strong>quam</strong></span> <span class='ocrx_word' id='word_1_273' title='bbox 891 3792 1048 3866; x_wconf 87' lang='lat' dir='ltr'><strong>regulares</strong></span> 
     </span>
     <span class='ocr_line' id='line_1_49' title="bbox 67 3867 1047 3965; baseline -0.018 0"><span class='ocrx_word' id='word_1_274' title='bbox 67 3867 171 3965; x_wconf 45' lang='lat' dir='ltr'><strong>idibus</strong></span> <span class='ocrx_word' id='word_1_275' title='bbox 193 3877 285 3912; x_wconf 62' lang='lat'><strong>‘⁰³⁰⁰&#39;</strong></span> <span class='ocrx_word' id='word_1_276' title='bbox 303 3889 335 3950; x_wconf 93' lang='lat' dir='ltr'><strong>in</strong></span> <span class='ocrx_word' id='word_1_277' title='bbox 357 3899 464 3946; x_wconf 88' lang='lat' dir='ltr'><strong>earum</strong></span> <span class='ocrx_word' id='word_1_278' title='bbox 485 3881 676 3960; x_wconf 89' lang='lat' dir='ltr'><strong>possessione</strong></span> <span class='ocrx_word' id='word_1_279' title='bbox 696 3889 908 3957; x_wconf 88' lang='lat' dir='ltr'><strong>perseverent,</strong></span> <span class='ocrx_word' id='word_1_280' title='bbox 925 3899 1000 3961; x_wconf 92' lang='lat' dir='ltr'><strong>quas</strong></span> <span class='ocrx_word' id='word_1_281' title='bbox 1015 3886 1047 3948; x_wconf 90' lang='lat' dir='ltr'><strong>in</strong></span> 
     </span>
     <span class='ocr_line' id='line_1_50' title="bbox 303 3975 1048 4060; baseline 0 -18"><span class='ocrx_word' id='word_1_282' title='bbox 303 3977 547 4060; x_wconf 88' lang='lat' dir='ltr'><strong>praesentiarum</strong></span> <span class='ocrx_word' id='word_1_283' title='bbox 562 3975 721 4050; x_wconf 78' lang='lat' dir='ltr'><strong>obtinent3</strong></span> <span class='ocrx_word' id='word_1_284' title='bbox 744 3983 836 4053; x_wconf 89' lang='lat' dir='ltr'><strong>atque</strong></span> <span class='ocrx_word' id='word_1_285' title='bbox 856 3976 931 4040; x_wconf 90' lang='lat' dir='ltr'><strong>adeo</strong></span> <span class='ocrx_word' id='word_1_286' title='bbox 952 3995 1048 4042; x_wconf 91' lang='lat' dir='ltr'><strong>sacra-</strong></span> 
     </span>
     <span class='ocr_line' id='line_1_51' title="bbox 303 4067 1047 4147; baseline -0.004 -10"><span class='ocrx_word' id='word_1_287' title='bbox 303 4080 419 4147; x_wconf 88' lang='lat' dir='ltr'><strong>menta,</strong></span> <span class='ocrx_word' id='word_1_288' title='bbox 442 4070 536 4132; x_wconf 91' lang='lat' dir='ltr'><strong>etiam</strong></span> <span class='ocrx_word' id='word_1_289' title='bbox 558 4067 769 4142; x_wconf 90' lang='lat' dir='ltr'><strong>confessionis,</strong></span> <span class='ocrx_word' id='word_1_290' title='bbox 786 4069 931 4133; x_wconf 90' lang='lat' dir='ltr'><strong>omnibus</strong></span> <span class='ocrx_word' id='word_1_291' title='bbox 953 4074 1047 4136; x_wconf 91' lang='lat' dir='ltr'><strong>indis-</strong></span> 
     </span>
     <span class='ocr_line' id='line_1_52' title="bbox 302 4161 1048 4241; baseline -0.003 -9"><span class='ocrx_word' id='word_1_292' title='bbox 302 4165 491 4232; x_wconf 90' lang='lat' dir='ltr'><strong>criminatim</strong></span> <span class='ocrx_word' id='word_1_293' title='bbox 514 4178 568 4241; x_wconf 93' lang='lat' dir='ltr'><strong>per</strong></span> <span class='ocrx_word' id='word_1_294' title='bbox 589 4178 640 4223; x_wconf 90' lang='lat' dir='ltr'><strong>eos</strong></span> <span class='ocrx_word' id='word_1_295' title='bbox 661 4161 919 4225; x_wconf 89' lang='lat' dir='ltr'><strong>administrentur</strong></span> <span class='ocrx_word' id='word_1_296' title='bbox 940 4166 972 4226; x_wconf 93' lang='lat' dir='ltr'><strong>in</strong></span> <span class='ocrx_word' id='word_1_297' title='bbox 994 4184 1048 4230; x_wconf 91' lang='lat' dir='ltr'><strong>ur·</strong></span> 
     </span>
     <span class='ocr_line' id='line_1_53' title="bbox 302 4255 1047 4334; baseline -0.005 -9"><span class='ocrx_word' id='word_1_298' title='bbox 302 4263 391 4326; x_wconf 92' lang='lat' dir='ltr'><strong>bibus</strong></span> <span class='ocrx_word' id='word_1_299' title='bbox 413 4264 443 4321; x_wconf 92' lang='lat' dir='ltr'><strong>et</strong></span> <span class='ocrx_word' id='word_1_300' title='bbox 465 4255 583 4334; x_wconf 88' lang='lat' dir='ltr'><strong>oppidis</strong></span> <span class='ocrx_word' id='word_1_301' title='bbox 600 4270 692 4317; x_wconf 90' lang='lat' dir='ltr'><strong>muro</strong></span> <span class='ocrx_word' id='word_1_302' title='bbox 714 4255 920 4332; x_wconf 89' lang='lat' dir='ltr'><strong>circumdatis,</strong></span> <span class='ocrx_word' id='word_1_303' title='bbox 944 4260 996 4322; x_wconf 95' lang='lat' dir='ltr'><strong>ubi</strong></span> <span class='ocrx_word' id='word_1_304' title='bbox 1012 4260 1047 4321; x_wconf 94' lang='lat' dir='ltr'><strong>li·</strong></span> 
     </span>
     <span class='ocr_line' id='line_1_54' title="bbox 303 4349 1045 4432; baseline -0.008 -12"><span class='ocrx_word' id='word_1_305' title='bbox 303 4357 395 4420; x_wconf 91' lang='lat' dir='ltr'><strong>mites</strong></span> <span class='ocrx_word' id='word_1_306' title='bbox 418 4349 570 4432; x_wconf 80' lang='lat' dir='ltr'><strong>praefiniti</strong></span> <span class='ocrx_word' id='word_1_307' title='bbox 587 4365 650 4410; x_wconf 91' lang='lat' dir='ltr'><strong>non</strong></span> <span class='ocrx_word' id='word_1_308' title='bbox 666 4351 794 4423; x_wconf 60' lang='lat' dir='ltr'><strong>sunuel</strong></span> <span class='ocrx_word' id='word_1_309' title='bbox 810 4350 900 4428; x_wconf 88' lang='lat' dir='ltr'><strong>plane</strong></span> <span class='ocrx_word' id='word_1_310' title='bbox 914 4353 1045 4428; x_wconf 87' lang='lat' dir='ltr'><strong>ratione,</strong></span> 
     </span>
     <span class='ocr_line' id='line_1_55' title="bbox 117 4441 1047 4532; baseline -0.004 -20"><span class='ocrx_word' id='word_1_311' title='bbox 117 4467 284 4532; x_wconf 62' lang='lat' dir='ltr'><strong>sucumque</strong></span> <span class='ocrx_word' id='word_1_312' title='bbox 302 4467 361 4532; x_wconf 91' lang='lat' dir='ltr'><strong>qua</strong></span> <span class='ocrx_word' id='word_1_313' title='bbox 383 4448 416 4509; x_wconf 93' lang='lat' dir='ltr'><strong>in</strong></span> <span class='ocrx_word' id='word_1_314' title='bbox 437 4443 552 4507; x_wconf 92' lang='lat' dir='ltr'><strong>nostris</strong></span> <span class='ocrx_word' id='word_1_315' title='bbox 573 4441 749 4505; x_wconf 90' lang='lat' dir='ltr'><strong>civitatibus</strong></span> <span class='ocrx_word' id='word_1_316' title='bbox 765 4443 798 4504; x_wconf 88' lang='lat' dir='ltr'><strong>ad</strong></span> <span class='ocrx_word' id='word_1_317' title='bbox 821 4443 1047 4508; x_wconf 90' lang='lat' dir='ltr'><strong>confessionem</strong></span> 
     </span>
     <span class='ocr_line' id='line_1_56' title="bbox 66 4520 1046 4629; baseline -0.004 -25"><span class='ocrx_word' id='word_1_318' title='bbox 66 4520 283 4629; x_wconf 56' lang='lat' dir='ltr'><strong>2p⁵ssgfflis¹¹b¹j¹ss</strong></span> <span class='ocrx_word' id='word_1_319' title='bbox 303 4540 458 4623; x_wconf 91' lang='lat' dir='ltr'><strong>adprobati</strong></span> <span class='ocrx_word' id='word_1_320' title='bbox 474 4537 511 4599; x_wconf 90' lang='lat' dir='ltr'><strong>ab</strong></span> <span class='ocrx_word' id='word_1_321' title='bbox 526 4535 677 4616; x_wconf 89' lang='lat' dir='ltr'><strong>Episcopo</strong></span> <span class='ocrx_word' id='word_1_322' title='bbox 692 4537 759 4599; x_wconf 89' lang='lat' dir='ltr'><strong>sine</strong></span> <span class='ocrx_word' id='word_1_323' title='bbox 782 4536 843 4599; x_wconf 79' lang='lat' dir='ltr'><strong>ulla</strong></span> <span class='ocrx_word' id='word_1_324' title='bbox 865 4537 922 4601; x_wconf 93' lang='lat' dir='ltr'><strong>loci</strong></span> <span class='ocrx_word' id='word_1_325' title='bbox 935 4538 985 4601; x_wconf 94' lang='lat' dir='ltr'><strong>vel</strong></span> <span class='ocrx_word' id='word_1_326' title='bbox 996 4556 1046 4618; x_wconf 91' lang='lat' dir='ltr'><strong>pe-</strong></span> 
     </span>
     <span class='ocr_line' id='line_1_57' title="bbox 67 4584 1047 4734; baseline -0.004 -34"><span class='ocrx_word' id='word_1_327' title='bbox 67 4584 284 4734; x_wconf 52' lang='grc' dir='ltr'><strong>Βῇἒζῦξξῃξξὶζξζ</strong></span> <span class='ocrx_word' id='word_1_328' title='bbox 302 4638 426 4703; x_wconf 91' lang='lat' dir='ltr'><strong>culiaris</strong></span> <span class='ocrx_word' id='word_1_329' title='bbox 447 4633 590 4697; x_wconf 82' lang='lat' dir='ltr'><strong>ecclesiae</strong></span> <span class='ocrx_word' id='word_1_330' title='bbox 615 4631 815 4706; x_wconf 86' lang='lat' dir='ltr'><strong>limitatione,</strong></span> <span class='ocrx_word' id='word_1_331' title='bbox 840 4632 871 4693; x_wconf 94' lang='lat' dir='ltr'><strong>in</strong></span> <span class='ocrx_word' id='word_1_332' title='bbox 893 4649 953 4710; x_wconf 90' lang='lat' dir='ltr'><strong>qua</strong></span> <span class='ocrx_word' id='word_1_333' title='bbox 974 4650 1047 4695; x_wconf 90' lang='lat' dir='ltr'><strong>con-</strong></span> 
     </span>
     <span class='ocr_line' id='line_1_58' title="bbox 68 4725 1047 4807; baseline -0.005 -13"><span class='ocrx_word' id='word_1_334' title='bbox 68 4733 283 4779; x_wconf 66' lang='lat' dir='ltr'><strong>l³²¹⁰¹¹effl¹ffll¹¹l</strong></span> <span class='ocrx_word' id='word_1_335' title='bbox 301 4733 449 4797; x_wconf 80' lang='lat' dir='ltr'><strong>sessiones</strong></span> <span class='ocrx_word' id='word_1_336' title='bbox 463 4727 581 4807; x_wconf 91' lang='lat' dir='ltr'><strong>possint</strong></span> <span class='ocrx_word' id='word_1_337' title='bbox 595 4727 749 4804; x_wconf 80' lang='lat' dir='ltr'><strong>excipere,</strong></span> <span class='ocrx_word' id='word_1_338' title='bbox 766 4726 795 4787; x_wconf 90' lang='lat' dir='ltr'><strong>in</strong></span> <span class='ocrx_word' id='word_1_339' title='bbox 813 4725 948 4803; x_wconf 89' lang='lat' dir='ltr'><strong>qualibet</strong></span> <span class='ocrx_word' id='word_1_340' title='bbox 962 4728 1047 4790; x_wconf 91' lang='lat' dir='ltr'><strong>urbis</strong></span> 
     </span>
     <span class='ocr_line' id='line_1_59' title="bbox 302 4819 1046 4892; baseline -0.009 -2"><span class='ocrx_word' id='word_1_341' title='bbox 302 4825 426 4890; x_wconf 77' lang='lat' dir='ltr'><strong>ecclesii</strong></span> <span class='ocrx_word' id='word_1_342' title='bbox 441 4820 649 4885; x_wconf 87' lang='lat' dir='ltr'><strong>confessiones</strong></span> <span class='ocrx_word' id='word_1_343' title='bbox 664 4819 805 4892; x_wconf 89' lang='lat' dir='ltr'><strong>audiunt,</strong></span> <span class='ocrx_word' id='word_1_344' title='bbox 817 4819 925 4881; x_wconf 87' lang='lat' dir='ltr'><strong>debitis</strong></span> <span class='ocrx_word' id='word_1_345' title='bbox 942 4826 1046 4883; x_wconf 88' lang='lat' dir='ltr'><strong>tamen</strong></span> 
     </span>
     <span class='ocr_line' id='line_1_60' title="bbox 303 4913 1043 4993; baseline -0.012 -11"><span class='ocrx_word' id='word_1_346' title='bbox 303 4917 490 4982; x_wconf 86' lang='lat' dir='ltr'><strong>officiiscum</strong></span> <span class='ocrx_word' id='word_1_347' title='bbox 513 4913 607 4993; x_wconf 89' lang='lat' dir='ltr'><strong>ipsius</strong></span> <span class='ocrx_word' id='word_1_348' title='bbox 628 4921 745 4976; x_wconf 90' lang='lat' dir='ltr'><strong>rectore</strong></span> <span class='ocrx_word' id='word_1_349' title='bbox 768 4920 855 4974; x_wconf 91' lang='lat' dir='ltr'><strong>antea</strong></span> <span class='ocrx_word' id='word_1_350' title='bbox 871 4914 1043 4992; x_wconf 92' lang='lat' dir='ltr'><strong>persolutis.</strong></span> 
     </span>
     <span class='ocr_line' id='line_1_61' title="bbox 96 5005 1047 5085; baseline 0.001 -17"><span class='ocrx_word' id='word_1_351' title='bbox 96 5025 284 5081; x_wconf 69' lang='lat' dir='ltr'><strong>incausata·</strong></span> <span class='ocrx_word' id='word_1_352' title='bbox 303 5012 422 5075; x_wconf 87' lang='lat' dir='ltr'><strong>Verum</strong></span> <span class='ocrx_word' id='word_1_353' title='bbox 442 5006 644 5070; x_wconf 89' lang='lat' dir='ltr'><strong>missiouariis</strong></span> <span class='ocrx_word' id='word_1_354' title='bbox 661 5005 792 5083; x_wconf 89' lang='lat' dir='ltr'><strong>inpagis</strong></span> <span class='ocrx_word' id='word_1_355' title='bbox 814 5014 845 5067; x_wconf 89' lang='lat' dir='ltr'><strong>et</strong></span> <span class='ocrx_word' id='word_1_356' title='bbox 866 5008 945 5085; x_wconf 86' lang='lat' dir='ltr'><strong>apud</strong></span> <span class='ocrx_word' id='word_1_357' title='bbox 969 5009 1047 5071; x_wconf 88' lang='lat' dir='ltr'><strong>ruri-</strong></span> 
     </span>
    </p>
   </div>
   <div class='ocr_carea' id='block_1_10' title="bbox 69 5078 1046 5176">
    <p class='ocr_par' dir='ltr' id='par_1_11' title="bbox 69 5078 1046 5176">
     <span class='ocr_line' id='line_1_62' title="bbox 69 5078 1046 5176; baseline -0.002 -10"><span class='ocrx_word' id='word_1_358' title='bbox 69 5078 285 5176; x_wconf 52' lang='lat' dir='ltr'><strong>giiiaffliss&#39;sfliss</strong></span> <span class='ocrx_word' id='word_1_359' title='bbox 303 5105 383 5169; x_wconf 90' lang='lat' dir='ltr'><strong>colas</strong></span> <span class='ocrx_word' id='word_1_360' title='bbox 404 5099 667 5165; x_wconf 87' lang='lat' dir='ltr'><strong>commorantibus</strong></span> <span class='ocrx_word' id='word_1_361' title='bbox 680 5114 742 5160; x_wconf 93' lang='lat' dir='ltr'><strong>non</strong></span> <span class='ocrx_word' id='word_1_362' title='bbox 766 5098 855 5162; x_wconf 92' lang='lat' dir='ltr'><strong>liceat</strong></span> <span class='ocrx_word' id='word_1_363' title='bbox 876 5117 1046 5164; x_wconf 88' lang='lat' dir='ltr'><strong>sacramen-</strong></span> 
     </span>
    </p>
   </div>
   <div class='ocr_carea' id='block_1_11' title="bbox 98 5186 1048 5274">
    <p class='ocr_par' dir='ltr' id='par_1_12' title="bbox 98 5186 1048 5274">
     <span class='ocr_line' id='line_1_63' title="bbox 98 5186 1048 5274; baseline 0 -19"><span class='ocrx_word' id='word_1_364' title='bbox 98 5186 189 5230; x_wconf 52' lang='grc' dir='ltr'><strong>’ΠΜ</strong></span> <span class='ocrx_word' id='word_1_365' title='bbox 209 5188 285 5231; x_wconf 79' lang='lat' dir='ltr'><strong>tran·</strong></span> <span class='ocrx_word' id='word_1_366' title='bbox 303 5209 344 5274; x_wconf 88' lang='lat' dir='ltr'><strong>ta,</strong></span> <span class='ocrx_word' id='word_1_367' title='bbox 367 5213 423 5259; x_wconf 90' lang='lat' dir='ltr'><strong>nec</strong></span> <span class='ocrx_word' id='word_1_368' title='bbox 445 5195 537 5257; x_wconf 91' lang='lat' dir='ltr'><strong>etiam</strong></span> <span class='ocrx_word' id='word_1_369' title='bbox 559 5192 782 5267; x_wconf 88' lang='lat' dir='ltr'><strong>Poenitentiae,</strong></span> <span class='ocrx_word' id='word_1_370' title='bbox 800 5202 886 5254; x_wconf 91' lang='lat' dir='ltr'><strong>extra</strong></span> <span class='ocrx_word' id='word_1_371' title='bbox 902 5195 1048 5271; x_wconf 89' lang='lat' dir='ltr'><strong>praescri-</strong></span> 
     </span>
    </p>
   </div>
   <div class='ocr_carea' id='block_1_12' title="bbox 70 5239 1047 5372">
    <p class='ocr_par' dir='ltr' id='par_1_13' title="bbox 70 5239 1047 5372">
     <span class='ocr_line' id='line_1_64' title="bbox 70 5239 1047 5372; baseline 0.017 -38"><span class='ocrx_word' id='word_1_372' title='bbox 70 5239 183 5285; x_wconf 61' lang='lat' dir='ltr'><strong>⁸⁰⁹⁰d⁸¹&#39;</strong></span> <span class='ocrx_word' id='word_1_373' title='bbox 303 5299 370 5372; x_wconf 92' lang='lat' dir='ltr'><strong>ptos</strong></span> <span class='ocrx_word' id='word_1_374' title='bbox 392 5289 505 5352; x_wconf 90' lang='lat' dir='ltr'><strong>limites</strong></span> <span class='ocrx_word' id='word_1_375' title='bbox 531 5285 756 5359; x_wconf 89' lang='lat' dir='ltr'><strong>administrare,</strong></span> <span class='ocrx_word' id='word_1_376' title='bbox 779 5300 850 5345; x_wconf 91' lang='lat' dir='ltr'><strong>cum</strong></span> <span class='ocrx_word' id='word_1_377' title='bbox 872 5285 907 5345; x_wconf 90' lang='lat' dir='ltr'><strong>ad</strong></span> <span class='ocrx_word' id='word_1_378' title='bbox 930 5286 1047 5350; x_wconf 90' lang='lat' dir='ltr'><strong>coufes-</strong></span> 
     </span>
    </p>
   </div>
   <div class='ocr_carea' id='block_1_13' title="bbox 302 5376 1048 6018">
    <p class='ocr_par' dir='ltr' id='par_1_14' title="bbox 302 5376 1048 6018">
     <span class='ocr_line' id='line_1_65' title="bbox 303 5376 1047 5454; baseline -0.005 -8"><span class='ocrx_word' id='word_1_379' title='bbox 303 5385 404 5447; x_wconf 90' lang='lat' dir='ltr'><strong>siunes</strong></span> <span class='ocrx_word' id='word_1_380' title='bbox 419 5389 505 5444; x_wconf 85' lang='lat' dir='ltr'><strong>extra</strong></span> <span class='ocrx_word' id='word_1_381' title='bbox 520 5379 653 5442; x_wconf 82' lang='lat' dir='ltr'><strong>confinia</strong></span> <span class='ocrx_word' id='word_1_382' title='bbox 669 5376 862 5454; x_wconf 86' lang='lat' dir='ltr'><strong>excipiendas</strong></span> <span class='ocrx_word' id='word_1_383' title='bbox 878 5381 1047 5442; x_wconf 89' lang='lat' dir='ltr'><strong>necessaria</strong></span> 
     </span>
     <span class='ocr_line' id='line_1_66' title="bbox 303 5469 1046 5548; baseline -0.004 -8"><span class='ocrx_word' id='word_1_384' title='bbox 303 5479 432 5540; x_wconf 91' lang='lat' dir='ltr'><strong>omnino</strong></span> <span class='ocrx_word' id='word_1_385' title='bbox 453 5477 492 5537; x_wconf 91' lang='lat' dir='ltr'><strong>sit</strong></span> <span class='ocrx_word' id='word_1_386' title='bbox 516 5471 627 5535; x_wconf 90' lang='lat' dir='ltr'><strong>llicarii</strong></span> <span class='ocrx_word' id='word_1_387' title='bbox 650 5469 817 5548; x_wconf 74' lang='lat' dir='ltr'><strong>Apostolici</strong></span> <span class='ocrx_word' id='word_1_388' title='bbox 839 5469 973 5547; x_wconf 87' lang='lat' dir='ltr'><strong>licentia,</strong></span> <span class='ocrx_word' id='word_1_389' title='bbox 996 5475 1046 5537; x_wconf 92' lang='lat' dir='ltr'><strong>cui</strong></span> 
     </span>
     <span class='ocr_line' id='line_1_67' title="bbox 302 5563 1048 5646; baseline -0.003 -14"><span class='ocrx_word' id='word_1_390' title='bbox 302 5570 354 5634; x_wconf 93' lang='lat' dir='ltr'><strong>illa</strong></span> <span class='ocrx_word' id='word_1_391' title='bbox 375 5570 537 5633; x_wconf 93' lang='lat' dir='ltr'><strong>subiicitur</strong></span> <span class='ocrx_word' id='word_1_392' title='bbox 557 5565 726 5646; x_wconf 89' lang='lat' dir='ltr'><strong>provincia.</strong></span> <span class='ocrx_word' id='word_1_393' title='bbox 751 5563 876 5626; x_wconf 89' lang='lat' dir='ltr'><strong>Etenim</strong></span> <span class='ocrx_word' id='word_1_394' title='bbox 898 5565 975 5644; x_wconf 89' lang='lat' dir='ltr'><strong>apud</strong></span> <span class='ocrx_word' id='word_1_395' title='bbox 990 5584 1048 5630; x_wconf 91' lang='lat' dir='ltr'><strong>nos</strong></span> 
     </span>
     <span class='ocr_line' id='line_1_68' title="bbox 303 5656 1048 5735; baseline -0.007 -9"><span class='ocrx_word' id='word_1_396' title='bbox 303 5665 396 5726; x_wconf 91' lang='lat' dir='ltr'><strong>etiam</strong></span> <span class='ocrx_word' id='word_1_397' title='bbox 417 5660 619 5724; x_wconf 89' lang='lat' dir='ltr'><strong>confessarius</strong></span> <span class='ocrx_word' id='word_1_398' title='bbox 634 5657 670 5719; x_wconf 90' lang='lat' dir='ltr'><strong>ab</strong></span> <span class='ocrx_word' id='word_1_399' title='bbox 686 5656 831 5735; x_wconf 90' lang='lat' dir='ltr'><strong>Episcopo</strong></span> <span class='ocrx_word' id='word_1_400' title='bbox 846 5674 902 5735; x_wconf 89' lang='lat' dir='ltr'><strong>pro</strong></span> <span class='ocrx_word' id='word_1_401' title='bbox 912 5660 1048 5721; x_wconf 87' lang='lat' dir='ltr'><strong>saecula·</strong></span> 
     </span>
     <span class='ocr_line' id='line_1_69' title="bbox 302 5749 1047 5832; baseline -0.009 -14"><span class='ocrx_word' id='word_1_402' title='bbox 302 5756 388 5818; x_wconf 94' lang='lat' dir='ltr'><strong>ribus</strong></span> <span class='ocrx_word' id='word_1_403' title='bbox 399 5753 581 5832; x_wconf 90' lang='lat' dir='ltr'><strong>adprobatus</strong></span> <span class='ocrx_word' id='word_1_404' title='bbox 597 5751 629 5812; x_wconf 92' lang='lat' dir='ltr'><strong>in</strong></span> <span class='ocrx_word' id='word_1_405' title='bbox 643 5749 697 5812; x_wconf 77' lang='lat' dir='ltr'><strong>sud</strong></span> <span class='ocrx_word' id='word_1_406' title='bbox 708 5749 850 5824; x_wconf 91' lang='lat' dir='ltr'><strong>dioecesi,</strong></span> <span class='ocrx_word' id='word_1_407' title='bbox 864 5754 950 5811; x_wconf 91' lang='lat' dir='ltr'><strong>extra</strong></span> <span class='ocrx_word' id='word_1_408' title='bbox 965 5749 1047 5812; x_wconf 89' lang='lat' dir='ltr'><strong>dioe-</strong></span> 
     </span>
     <span class='ocr_line' id='line_1_70' title="bbox 302 5842 1047 5920; baseline -0.008 -10"><span class='ocrx_word' id='word_1_409' title='bbox 302 5847 395 5910; x_wconf 88' lang='lat' dir='ltr'><strong>cesim</strong></span> <span class='ocrx_word' id='word_1_410' title='bbox 415 5861 485 5906; x_wconf 89' lang='lat' dir='ltr'><strong>eam</strong></span> <span class='ocrx_word' id='word_1_411' title='bbox 499 5844 675 5906; x_wconf 87' lang='lat' dir='ltr'><strong>facultatem</strong></span> <span class='ocrx_word' id='word_1_412' title='bbox 691 5857 834 5904; x_wconf 87' lang='lat' dir='ltr'><strong>exercere</strong></span> <span class='ocrx_word' id='word_1_413' title='bbox 855 5842 965 5920; x_wconf 90' lang='lat' dir='ltr'><strong>nequit</strong></span> <span class='ocrx_word' id='word_1_414' title='bbox 979 5843 1047 5905; x_wconf 91' lang='lat' dir='ltr'><strong>sine</strong></span> 
     </span>
     <span class='ocr_line' id='line_1_71' title="bbox 302 5935 1047 6018; baseline -0.011 -14"><span class='ocrx_word' id='word_1_415' title='bbox 302 5940 429 6005; x_wconf 88' lang='lat' dir='ltr'><strong>alterius</strong></span> <span class='ocrx_word' id='word_1_416' title='bbox 451 5936 592 6018; x_wconf 87' lang='lat' dir='ltr'><strong>Episcopi</strong></span> <span class='ocrx_word' id='word_1_417' title='bbox 606 5935 836 6015; x_wconf 88' lang='lat' dir='ltr'><strong>adprobatione,</strong></span> <span class='ocrx_word' id='word_1_418' title='bbox 852 5935 884 5996; x_wconf 91' lang='lat' dir='ltr'><strong>in</strong></span> <span class='ocrx_word' id='word_1_419' title='bbox 901 5935 987 5998; x_wconf 91' lang='lat' dir='ltr'><strong>cuius</strong></span> <span class='ocrx_word' id='word_1_420' title='bbox 1003 5935 1047 5998; x_wconf 90' lang='lat' dir='ltr'><strong>di·</strong></span> 
     </span>
    </p>
   </div>
   <div class='ocr_carea' id='block_1_14' title="bbox 408 6079 1010 6142">
    <p class='ocr_par' dir='ltr' id='par_1_15' title="bbox 408 6079 1010 6142">
     <span class='ocr_line' id='line_1_72' title="bbox 408 6079 1010 6142; baseline -0.008 -10"><span class='ocrx_word' id='word_1_421' title='bbox 408 6084 458 6132; x_wconf 89' lang='lat' dir='ltr'><strong>lnr.</strong></span> <span class='ocrx_word' id='word_1_422' title='bbox 478 6084 545 6132; x_wconf 73' lang='lat' dir='ltr'><strong>dont.</strong></span> <span class='ocrx_word' id='word_1_423' title='bbox 562 6082 592 6130; x_wconf 84' lang='lat' dir='ltr'><strong>de</strong></span> <span class='ocrx_word' id='word_1_424' title='bbox 605 6088 677 6142; x_wconf 75' lang='lat' dir='ltr'><strong>arcp.</strong></span> <span class='ocrx_word' id='word_1_425' title='bbox 694 6079 756 6128; x_wconf 78' lang='lat' dir='ltr'><strong>Fide</strong></span> <span class='ocrx_word' id='word_1_426' title='bbox 769 6079 851 6128; x_wconf 85' lang='lat' dir='ltr'><strong>Partis</strong></span> <span class='ocrx_word' id='word_1_427' title='bbox 864 6081 883 6127; x_wconf 90' lang='lat'><strong>1.</strong></span> <span class='ocrx_word' id='word_1_428' title='bbox 898 6079 952 6129; x_wconf 78' lang='lat' dir='ltr'><strong>vol.</strong></span> <span class='ocrx_word' id='word_1_429' title='bbox 968 6081 1010 6128; x_wconf 87' lang='lat'>111.</span> 
     </span>
    </p>
   </div>
   <div class='ocr_carea' id='block_1_15' title="bbox 1101 1729 2105 5925">
    <p class='ocr_par' dir='ltr' id='par_1_16' title="bbox 1108 1729 1851 1796">
     <span class='ocr_line' id='line_1_73' title="bbox 1108 1729 1851 1796; baseline -0.008 -2"><span class='ocrx_word' id='word_1_430' title='bbox 1108 1733 1265 1796; x_wconf 80' lang='lat' dir='ltr'><strong>bettonem</strong></span> <span class='ocrx_word' id='word_1_431' title='bbox 1287 1733 1322 1794; x_wconf 92' lang='lat' dir='ltr'><strong>ad</strong></span> <span class='ocrx_word' id='word_1_432' title='bbox 1344 1732 1552 1796; x_wconf 89' lang='lat' dir='ltr'><strong>confessiones</strong></span> <span class='ocrx_word' id='word_1_433' title='bbox 1573 1747 1637 1794; x_wconf 92' lang='lat' dir='ltr'><strong>nou</strong></span> <span class='ocrx_word' id='word_1_434' title='bbox 1666 1729 1851 1792; x_wconf 88' lang='lat' dir='ltr'><strong>obtinuerit.</strong></span> 
     </span>
    </p>

    <p class='ocr_par' dir='ltr' id='par_1_17' title="bbox 1107 1822 1853 1996">
     <span class='ocr_line' id='line_1_74' title="bbox 1108 1822 1851 1903; baseline -0.007 -16"><span class='ocrx_word' id='word_1_435' title='bbox 1108 1823 1281 1888; x_wconf 90' lang='lat' dir='ltr'><strong>Necessaria</strong></span> <span class='ocrx_word' id='word_1_436' title='bbox 1304 1826 1400 1903; x_wconf 90' lang='lat' dir='ltr'><strong>igitur</strong></span> <span class='ocrx_word' id='word_1_437' title='bbox 1428 1825 1558 1886; x_wconf 88' lang='lat' dir='ltr'><strong>omnino</strong></span> <span class='ocrx_word' id='word_1_438' title='bbox 1580 1831 1626 1885; x_wconf 91' lang='lat' dir='ltr'><strong>est</strong></span> <span class='ocrx_word' id='word_1_439' title='bbox 1658 1822 1851 1885; x_wconf 77' lang='lat' dir='ltr'><strong>vicariorum</strong></span> 
     </span>
     <span class='ocr_line' id='line_1_75' title="bbox 1107 1915 1853 1996; baseline -0.009 -14"><span class='ocrx_word' id='word_1_440' title='bbox 1107 1918 1353 1996; x_wconf 84' lang='lat' dir='ltr'><strong>Apostolicorum</strong></span> <span class='ocrx_word' id='word_1_441' title='bbox 1382 1915 1524 1992; x_wconf 90' lang='lat' dir='ltr'><strong>licentia,</strong></span> <span class='ocrx_word' id='word_1_442' title='bbox 1547 1921 1583 1978; x_wconf 95' lang='lat' dir='ltr'><strong>ut</strong></span> <span class='ocrx_word' id='word_1_443' title='bbox 1614 1915 1797 1977; x_wconf 87' lang='lat' dir='ltr'><strong>missiouarii</strong></span> <span class='ocrx_word' id='word_1_444' title='bbox 1819 1915 1853 1975; x_wconf 93' lang='lat' dir='ltr'><strong>in</strong></span> 
     </span>
    </p>

    <p class='ocr_par' dir='ltr' id='par_1_18' title="bbox 1106 2009 1853 2170">
     <span class='ocr_line' id='line_1_76' title="bbox 1108 2009 1853 2092; baseline -0.004 -18"><span class='ocrx_word' id='word_1_445' title='bbox 1108 2013 1191 2092; x_wconf 86' lang='lat' dir='ltr'><strong>pagis</strong></span> <span class='ocrx_word' id='word_1_446' title='bbox 1212 2013 1262 2076; x_wconf 84' lang='lat' dir='ltr'><strong>vel</strong></span> <span class='ocrx_word' id='word_1_447' title='bbox 1283 2013 1364 2088; x_wconf 90' lang='lat' dir='ltr'><strong>agris</strong></span> <span class='ocrx_word' id='word_1_448' title='bbox 1391 2019 1618 2074; x_wconf 90' lang='lat' dir='ltr'><strong>commorantes</strong></span> <span class='ocrx_word' id='word_1_449' title='bbox 1642 2009 1853 2073; x_wconf 89' lang='lat' dir='ltr'><strong>Poenitentiae</strong></span> 
     </span>
     <span class='ocr_line' id='line_1_77' title="bbox 1106 2103 1852 2170; baseline -0.005 -2"><span class='ocrx_word' id='word_1_450' title='bbox 1106 2115 1335 2170; x_wconf 89' lang='lat' dir='ltr'><strong>sacramentum</strong></span> <span class='ocrx_word' id='word_1_451' title='bbox 1358 2107 1537 2168; x_wconf 88' lang='lat' dir='ltr'><strong>ministrent</strong></span> <span class='ocrx_word' id='word_1_452' title='bbox 1560 2105 1640 2166; x_wconf 87' lang='lat' dir='ltr'><strong>iutra</strong></span> <span class='ocrx_word' id='word_1_453' title='bbox 1656 2103 1769 2166; x_wconf 90' lang='lat' dir='ltr'><strong>limites</strong></span> <span class='ocrx_word' id='word_1_454' title='bbox 1790 2104 1852 2165; x_wconf 90' lang='lat' dir='ltr'><strong>cui-</strong></span> 
     </span>
    </p>

    <p class='ocr_par' dir='ltr' id='par_1_19' title="bbox 1106 2196 2105 2554">
     <span class='ocr_line' id='line_1_78' title="bbox 1107 2196 2082 2276; baseline 0.003 -17"><span class='ocrx_word' id='word_1_455' title='bbox 1107 2198 1181 2262; x_wconf 90' lang='lat' dir='ltr'><strong>libet</strong></span> <span class='ocrx_word' id='word_1_456' title='bbox 1216 2198 1340 2262; x_wconf 91' lang='lat' dir='ltr'><strong>illorum</strong></span> <span class='ocrx_word' id='word_1_457' title='bbox 1372 2199 1543 2276; x_wconf 84' lang='lat' dir='ltr'><strong>respective</strong></span> <span class='ocrx_word' id='word_1_458' title='bbox 1574 2197 1736 2259; x_wconf 89' lang='lat' dir='ltr'><strong>subiectos.</strong></span> <span class='ocrx_word' id='word_1_459' title='bbox 1769 2196 1852 2257; x_wconf 73' lang='lat' dir='ltr'><strong>Atta·</strong></span> <span class='ocrx_word' id='word_1_460' title='bbox 1897 2213 2082 2276; x_wconf 69' lang='lat' dir='ltr'><strong>vuarnsnpo-</strong></span> 
     </span>
     <span class='ocr_line' id='line_1_79' title="bbox 1108 2267 2105 2371; baseline -0.005 -17"><span class='ocrx_word' id='word_1_461' title='bbox 1108 2309 1179 2355; x_wconf 90' lang='lat' dir='ltr'><strong>men</strong></span> <span class='ocrx_word' id='word_1_462' title='bbox 1203 2293 1348 2371; x_wconf 88' lang='lat' dir='ltr'><strong>ipsosmet</strong></span> <span class='ocrx_word' id='word_1_463' title='bbox 1370 2291 1505 2354; x_wconf 77' lang='lat' dir='ltr'><strong>vicarios</strong></span> <span class='ocrx_word' id='word_1_464' title='bbox 1526 2289 1714 2368; x_wconf 80' lang='lat' dir='ltr'><strong>apostolicos</strong></span> <span class='ocrx_word' id='word_1_465' title='bbox 1735 2290 1852 2351; x_wconf 88' lang='lat' dir='ltr'><strong>hortari</strong></span> <span class='ocrx_word' id='word_1_466' title='bbox 1870 2267 2082 2368; x_wconf 55' lang='lat' dir='ltr'><strong>{ffihfflsfflfffidffi</strong></span> <span class='ocrx_word' id='word_1_467' title='bbox 2102 2315 2105 2324; x_wconf 91' lang='lat'>·</span> 
     </span>
     <span class='ocr_line' id='line_1_80' title="bbox 1107 2373 2082 2474; baseline -0.006 -26"><span class='ocrx_word' id='word_1_468' title='bbox 1107 2377 1169 2448; x_wconf 84' lang='lat' dir='ltr'><strong>non</strong></span> <span class='ocrx_word' id='word_1_469' title='bbox 1190 2385 1479 2465; x_wconf 88' lang='lat' dir='ltr'><strong>praetermittimus,</strong></span> <span class='ocrx_word' id='word_1_470' title='bbox 1506 2389 1540 2445; x_wconf 94' lang='lat' dir='ltr'><strong>ut</strong></span> <span class='ocrx_word' id='word_1_471' title='bbox 1566 2382 1768 2444; x_wconf 84' lang='lat' dir='ltr'><strong>meminerint</strong></span> <span class='ocrx_word' id='word_1_472' title='bbox 1789 2381 1852 2443; x_wconf 89' lang='lat' dir='ltr'><strong>val·</strong></span> <span class='ocrx_word' id='word_1_473' title='bbox 1870 2373 2029 2474; x_wconf 57' lang='lat' dir='ltr'><strong>§gifgffiffile</strong></span> <span class='ocrx_word' id='word_1_474' title='bbox 2047 2377 2082 2421; x_wconf 72' lang='lat'><strong>¹³·</strong></span> 
     </span>
     <span class='ocr_line' id='line_1_81' title="bbox 1106 2474 1851 2554; baseline -0.007 -14"><span class='ocrx_word' id='word_1_475' title='bbox 1106 2480 1142 2541; x_wconf 93' lang='lat' dir='ltr'><strong>de</strong></span> <span class='ocrx_word' id='word_1_476' title='bbox 1157 2485 1401 2540; x_wconf 88' lang='lat' dir='ltr'><strong>consentaneum</strong></span> <span class='ocrx_word' id='word_1_477' title='bbox 1420 2491 1485 2538; x_wconf 88' lang='lat' dir='ltr'><strong>esse</strong></span> <span class='ocrx_word' id='word_1_478' title='bbox 1504 2475 1578 2554; x_wconf 90' lang='lat' dir='ltr'><strong>(nisi</strong></span> <span class='ocrx_word' id='word_1_479' title='bbox 1595 2475 1695 2554; x_wconf 90' lang='lat' dir='ltr'><strong>aliqua</strong></span> <span class='ocrx_word' id='word_1_480' title='bbox 1713 2474 1851 2552; x_wconf 89' lang='lat' dir='ltr'><strong>legitima</strong></span> 
     </span>
    </p>

    <p class='ocr_par' dir='ltr' id='par_1_20' title="bbox 1106 2566 1851 2648">
     <span class='ocr_line' id='line_1_82' title="bbox 1106 2566 1851 2648; baseline -0.004 -15"><span class='ocrx_word' id='word_1_481' title='bbox 1106 2587 1193 2634; x_wconf 88' lang='lat' dir='ltr'><strong>causa</strong></span> <span class='ocrx_word' id='word_1_482' title='bbox 1203 2571 1394 2632; x_wconf 88' lang='lat' dir='ltr'><strong>contrarium</strong></span> <span class='ocrx_word' id='word_1_483' title='bbox 1410 2566 1610 2648; x_wconf 90' lang='lat' dir='ltr'><strong>persuaserit)</strong></span> <span class='ocrx_word' id='word_1_484' title='bbox 1621 2567 1780 2631; x_wconf 83' lang='lat' dir='ltr'><strong>facultates</strong></span> <span class='ocrx_word' id='word_1_485' title='bbox 1792 2567 1851 2630; x_wconf 91' lang='lat' dir='ltr'><strong>illis</strong></span> 
     </span>
    </p>

    <p class='ocr_par' dir='ltr' id='par_1_21' title="bbox 1105 2659 1851 2834">
     <span class='ocr_line' id='line_1_83' title="bbox 1105 2659 1849 2739; baseline -0.004 -16"><span class='ocrx_word' id='word_1_486' title='bbox 1105 2663 1232 2739; x_wconf 88' lang='lat' dir='ltr'><strong>elargiri</strong></span> <span class='ocrx_word' id='word_1_487' title='bbox 1248 2662 1357 2724; x_wconf 89' lang='lat' dir='ltr'><strong>saltem</strong></span> <span class='ocrx_word' id='word_1_488' title='bbox 1372 2663 1407 2724; x_wconf 90' lang='lat' dir='ltr'><strong>ad</strong></span> <span class='ocrx_word' id='word_1_489' title='bbox 1426 2660 1633 2724; x_wconf 90' lang='lat' dir='ltr'><strong>confessiones</strong></span> <span class='ocrx_word' id='word_1_490' title='bbox 1644 2659 1849 2738; x_wconf 88' lang='lat' dir='ltr'><strong>excipiendas.</strong></span> 
     </span>
     <span class='ocr_line' id='line_1_84' title="bbox 1105 2753 1851 2834; baseline -0.007 -16"><span class='ocrx_word' id='word_1_491' title='bbox 1105 2755 1359 2834; x_wconf 84' lang='lat' dir='ltr'><strong>Quandoquidem</strong></span> <span class='ocrx_word' id='word_1_492' title='bbox 1370 2771 1445 2816; x_wconf 92' lang='lat' dir='ltr'><strong>vero</strong></span> <span class='ocrx_word' id='word_1_493' title='bbox 1459 2754 1600 2816; x_wconf 88' lang='lat' dir='ltr'><strong>licentiae</strong></span> <span class='ocrx_word' id='word_1_494' title='bbox 1616 2753 1851 2816; x_wconf 89' lang='lat' dir='ltr'><strong>administrandi</strong></span> 
     </span>
    </p>

    <p class='ocr_par' dir='ltr' id='par_1_22' title="bbox 1105 2845 1851 3023">
     <span class='ocr_line' id='line_1_85' title="bbox 1105 2845 1851 2928; baseline -0.005 -18"><span class='ocrx_word' id='word_1_495' title='bbox 1105 2853 1305 2923; x_wconf 89' lang='lat' dir='ltr'><strong>sacramenta,</strong></span> <span class='ocrx_word' id='word_1_496' title='bbox 1323 2864 1401 2928; x_wconf 90' lang='lat' dir='ltr'><strong>quae</strong></span> <span class='ocrx_word' id='word_1_497' title='bbox 1415 2848 1628 2910; x_wconf 87' lang='lat' dir='ltr'><strong>conceduntur</strong></span> <span class='ocrx_word' id='word_1_498' title='bbox 1649 2845 1851 2908; x_wconf 88' lang='lat' dir='ltr'><strong>missiouariis</strong></span> 
     </span>
     <span class='ocr_line' id='line_1_86' title="bbox 1106 2941 1851 3023; baseline -0.005 -17"><span class='ocrx_word' id='word_1_499' title='bbox 1106 2944 1337 3023; x_wconf 89' lang='lat' dir='ltr'><strong>campestribus,</strong></span> <span class='ocrx_word' id='word_1_500' title='bbox 1353 2953 1387 3005; x_wconf 92' lang='lat' dir='ltr'><strong>ut</strong></span> <span class='ocrx_word' id='word_1_501' title='bbox 1403 2943 1574 3020; x_wconf 90' lang='lat' dir='ltr'><strong>plurimum</strong></span> <span class='ocrx_word' id='word_1_502' title='bbox 1589 2942 1679 3004; x_wconf 89' lang='lat' dir='ltr'><strong>certis</strong></span> <span class='ocrx_word' id='word_1_503' title='bbox 1701 2941 1851 3004; x_wconf 90' lang='lat' dir='ltr'><strong>limitibus</strong></span> 
     </span>
    </p>

    <p class='ocr_par' dir='ltr' id='par_1_23' title="bbox 1106 3035 1850 3115">
     <span class='ocr_line' id='line_1_87' title="bbox 1106 3035 1850 3115; baseline -0.009 -13"><span class='ocrx_word' id='word_1_504' title='bbox 1106 3039 1216 3102; x_wconf 89' lang='lat' dir='ltr'><strong>arctari</strong></span> <span class='ocrx_word' id='word_1_505' title='bbox 1243 3037 1355 3112; x_wconf 92' lang='lat' dir='ltr'><strong>solent,</strong></span> <span class='ocrx_word' id='word_1_506' title='bbox 1379 3044 1465 3098; x_wconf 90' lang='lat' dir='ltr'><strong>extra</strong></span> <span class='ocrx_word' id='word_1_507' title='bbox 1487 3053 1563 3115; x_wconf 90' lang='lat' dir='ltr'><strong>quos</strong></span> <span class='ocrx_word' id='word_1_508' title='bbox 1583 3036 1671 3098; x_wconf 90' lang='lat' dir='ltr'><strong>nulla</strong></span> <span class='ocrx_word' id='word_1_509' title='bbox 1699 3035 1771 3115; x_wconf 92' lang='lat' dir='ltr'><strong>ipsis</strong></span> <span class='ocrx_word' id='word_1_510' title='bbox 1793 3035 1850 3096; x_wconf 87' lang='lat' dir='ltr'><strong>mi-</strong></span> 
     </span>
    </p>

    <p class='ocr_par' dir='ltr' id='par_1_24' title="bbox 1106 3130 1851 3209">
     <span class='ocr_line' id='line_1_88' title="bbox 1106 3130 1851 3209; baseline -0.003 -13"><span class='ocrx_word' id='word_1_511' title='bbox 1106 3133 1257 3196; x_wconf 88' lang='lat' dir='ltr'><strong>nistrandi</strong></span> <span class='ocrx_word' id='word_1_512' title='bbox 1277 3130 1403 3205; x_wconf 90' lang='lat' dir='ltr'><strong>facultas</strong></span> <span class='ocrx_word' id='word_1_513' title='bbox 1424 3131 1628 3209; x_wconf 90' lang='lat' dir='ltr'><strong>permittitur,</strong></span> <span class='ocrx_word' id='word_1_514' title='bbox 1652 3131 1793 3208; x_wconf 90' lang='lat' dir='ltr'><strong>quamvis</strong></span> <span class='ocrx_word' id='word_1_515' title='bbox 1808 3131 1851 3194; x_wconf 91' lang='lat' dir='ltr'><strong>lo·</strong></span> 
     </span>
    </p>

    <p class='ocr_par' dir='ltr' id='par_1_25' title="bbox 1106 3223 1849 3302">
     <span class='ocr_line' id='line_1_89' title="bbox 1106 3223 1849 3302; baseline -0.007 -11"><span class='ocrx_word' id='word_1_516' title='bbox 1106 3245 1170 3302; x_wconf 91' lang='lat' dir='ltr'><strong>cus‚</strong></span> <span class='ocrx_word' id='word_1_517' title='bbox 1186 3226 1238 3289; x_wconf 91' lang='lat' dir='ltr'><strong>ubi</strong></span> <span class='ocrx_word' id='word_1_518' title='bbox 1259 3232 1448 3286; x_wconf 89' lang='lat' dir='ltr'><strong>sacramenta</strong></span> <span class='ocrx_word' id='word_1_519' title='bbox 1463 3223 1581 3285; x_wconf 91' lang='lat' dir='ltr'><strong>vellent</strong></span> <span class='ocrx_word' id='word_1_520' title='bbox 1601 3224 1849 3297; x_wconf 71' lang='lat' dir='ltr'><strong>conferremus</strong></span> 
     </span>
    </p>

    <p class='ocr_par' dir='ltr' id='par_1_26' title="bbox 1107 3316 1850 3395">
     <span class='ocr_line' id='line_1_90' title="bbox 1107 3316 1850 3395; baseline -0.005 -12"><span class='ocrx_word' id='word_1_521' title='bbox 1107 3321 1220 3384; x_wconf 89' lang='lat' dir='ltr'><strong>limites</strong></span> <span class='ocrx_word' id='word_1_522' title='bbox 1243 3319 1364 3381; x_wconf 89' lang='lat' dir='ltr'><strong>llicario</strong></span> <span class='ocrx_word' id='word_1_523' title='bbox 1386 3317 1559 3395; x_wconf 68' lang='lat' dir='ltr'><strong>apostolico</strong></span> <span class='ocrx_word' id='word_1_524' title='bbox 1579 3316 1731 3380; x_wconf 89' lang='lat' dir='ltr'><strong>subiectos</strong></span> <span class='ocrx_word' id='word_1_525' title='bbox 1753 3319 1850 3380; x_wconf 91' lang='lat' dir='ltr'><strong>conti·</strong></span> 
     </span>
    </p>

    <p class='ocr_par' dir='ltr' id='par_1_27' title="bbox 1106 3411 1849 3491">
     <span class='ocr_line' id='line_1_91' title="bbox 1106 3411 1849 3491; baseline -0.007 -13"><span class='ocrx_word' id='word_1_526' title='bbox 1106 3421 1245 3490; x_wconf 89' lang='lat' dir='ltr'><strong>neretur,</strong></span> <span class='ocrx_word' id='word_1_527' title='bbox 1262 3411 1316 3491; x_wconf 90' lang='lat' dir='ltr'><strong>qui</strong></span> <span class='ocrx_word' id='word_1_528' title='bbox 1332 3411 1566 3490; x_wconf 86' lang='lat' dir='ltr'><strong>permissionem</strong></span> <span class='ocrx_word' id='word_1_529' title='bbox 1582 3413 1778 3476; x_wconf 86' lang='lat' dir='ltr'><strong>ministrandi</strong></span> <span class='ocrx_word' id='word_1_530' title='bbox 1794 3413 1849 3474; x_wconf 89' lang='lat' dir='ltr'><strong>im-</strong></span> 
     </span>
    </p>

    <p class='ocr_par' dir='ltr' id='par_1_28' title="bbox 1105 3506 1850 3679">
     <span class='ocr_line' id='line_1_92' title="bbox 1105 3506 1850 3592; baseline -0.005 -17"><span class='ocrx_word' id='word_1_531' title='bbox 1105 3512 1236 3592; x_wconf 87' lang='lat' dir='ltr'><strong>pertitus</strong></span> <span class='ocrx_word' id='word_1_532' title='bbox 1257 3515 1314 3584; x_wconf 81' lang='lat' dir='ltr'><strong>est3</strong></span> <span class='ocrx_word' id='word_1_533' title='bbox 1338 3514 1442 3569; x_wconf 90' lang='lat' dir='ltr'><strong>tamen</strong></span> <span class='ocrx_word' id='word_1_534' title='bbox 1461 3506 1619 3569; x_wconf 85' lang='lat' dir='ltr'><strong>Vicarium</strong></span> <span class='ocrx_word' id='word_1_535' title='bbox 1640 3508 1850 3586; x_wconf 78' lang='lat' dir='ltr'><strong>Apostolicum</strong></span> 
     </span>
     <span class='ocr_line' id='line_1_93' title="bbox 1105 3600 1850 3679; baseline 0.003 -11"><span class='ocrx_word' id='word_1_536' title='bbox 1105 3609 1315 3678; x_wconf 84' lang='lat' dir='ltr'><strong>adhortamur,</strong></span> <span class='ocrx_word' id='word_1_537' title='bbox 1331 3608 1366 3664; x_wconf 93' lang='lat' dir='ltr'><strong>ut</strong></span> <span class='ocrx_word' id='word_1_538' title='bbox 1387 3600 1508 3663; x_wconf 87' lang='lat' dir='ltr'><strong>facilem</strong></span> <span class='ocrx_word' id='word_1_539' title='bbox 1522 3616 1554 3661; x_wconf 87' lang='lat' dir='ltr'><strong>se</strong></span> <span class='ocrx_word' id='word_1_540' title='bbox 1569 3602 1709 3679; x_wconf 87' lang='lat' dir='ltr'><strong>praebeat</strong></span> <span class='ocrx_word' id='word_1_541' title='bbox 1731 3607 1850 3671; x_wconf 90' lang='lat' dir='ltr'><strong>missio-</strong></span> 
     </span>
    </p>

    <p class='ocr_par' dir='ltr' id='par_1_29' title="bbox 1105 3694 1849 3774">
     <span class='ocr_line' id='line_1_94' title="bbox 1105 3694 1849 3774; baseline 0.005 -13"><span class='ocrx_word' id='word_1_542' title='bbox 1105 3700 1192 3762; x_wconf 88' lang='lat' dir='ltr'><strong>nario</strong></span> <span class='ocrx_word' id='word_1_543' title='bbox 1214 3696 1377 3774; x_wconf 89' lang='lat' dir='ltr'><strong>campestri</strong></span> <span class='ocrx_word' id='word_1_544' title='bbox 1389 3702 1577 3756; x_wconf 88' lang='lat' dir='ltr'><strong>sacramenta</strong></span> <span class='ocrx_word' id='word_1_545' title='bbox 1597 3694 1763 3774; x_wconf 86' lang='lat' dir='ltr'><strong>aliquando</strong></span> <span class='ocrx_word' id='word_1_546' title='bbox 1773 3713 1849 3765; x_wconf 78' lang='lat' dir='ltr'><strong>&#39;con-</strong></span> 
     </span>
    </p>

    <p class='ocr_par' dir='ltr' id='par_1_30' title="bbox 1104 3788 1848 3868">
     <span class='ocr_line' id='line_1_95' title="bbox 1104 3788 1848 3868; baseline 0.004 -14"><span class='ocrx_word' id='word_1_547' title='bbox 1104 3791 1224 3855; x_wconf 89' lang='lat' dir='ltr'><strong>ferendi</strong></span> <span class='ocrx_word' id='word_1_548' title='bbox 1246 3796 1332 3852; x_wconf 87' lang='lat' dir='ltr'><strong>extra</strong></span> <span class='ocrx_word' id='word_1_549' title='bbox 1354 3789 1469 3854; x_wconf 88' lang='lat' dir='ltr'><strong>limites</strong></span> <span class='ocrx_word' id='word_1_550' title='bbox 1491 3788 1548 3865; x_wconf 91' lang='lat' dir='ltr'><strong>ipsi</strong></span> <span class='ocrx_word' id='word_1_551' title='bbox 1569 3790 1765 3868; x_wconf 82' lang='lat' dir='ltr'><strong>praefinitos,</strong></span> <span class='ocrx_word' id='word_1_552' title='bbox 1788 3796 1848 3857; x_wconf 92' lang='lat' dir='ltr'><strong>nisi</strong></span> 
     </span>
    </p>

    <p class='ocr_par' dir='ltr' id='par_1_31' title="bbox 1104 3881 1849 3962">
     <span class='ocr_line' id='line_1_96' title="bbox 1104 3881 1849 3962; baseline 0.004 -14"><span class='ocrx_word' id='word_1_553' title='bbox 1104 3885 1183 3948; x_wconf 84' lang='lat' dir='ltr'><strong>forte</strong></span> <span class='ocrx_word' id='word_1_554' title='bbox 1204 3883 1380 3960; x_wconf 88' lang='lat' dir='ltr'><strong>legitimum</strong></span> <span class='ocrx_word' id='word_1_555' title='bbox 1395 3882 1517 3962; x_wconf 90' lang='lat' dir='ltr'><strong>aliquod</strong></span> <span class='ocrx_word' id='word_1_556' title='bbox 1538 3881 1799 3960; x_wconf 88' lang='lat' dir='ltr'><strong>impedimentum</strong></span> <span class='ocrx_word' id='word_1_557' title='bbox 1819 3889 1849 3950; x_wconf 91' lang='lat' dir='ltr'><strong>id</strong></span> 
     </span>
    </p>

    <p class='ocr_par' dir='ltr' id='par_1_32' title="bbox 1104 3979 1365 4058">
     <span class='ocr_line' id='line_1_97' title="bbox 1104 3979 1365 4058; baseline -0.015 -15"><span class='ocrx_word' id='word_1_558' title='bbox 1104 3981 1172 4043; x_wconf 81' lang='lat' dir='ltr'><strong>fueri</strong></span> <span class='ocrx_word' id='word_1_559' title='bbox 1193 3979 1365 4058; x_wconf 87' lang='lat' dir='ltr'><strong>probibeat.</strong></span> 
     </span>
    </p>

    <p class='ocr_par' dir='ltr' id='par_1_33' title="bbox 1102 4072 2079 5551">
     <span class='ocr_line' id='line_1_98' title="bbox 1143 4072 2079 4151; baseline -0.001 -16"><span class='ocrx_word' id='word_1_560' title='bbox 1143 4073 1231 4149; x_wconf 71' lang='lat'><strong>§23-</strong></span> <span class='ocrx_word' id='word_1_561' title='bbox 1256 4073 1335 4135; x_wconf 89' lang='lat' dir='ltr'><strong>llaec</strong></span> <span class='ocrx_word' id='word_1_562' title='bbox 1356 4072 1459 4134; x_wconf 88' lang='lat' dir='ltr'><strong>omnia</strong></span> <span class='ocrx_word' id='word_1_563' title='bbox 1481 4073 1651 4151; x_wconf 88' lang='lat' dir='ltr'><strong>proficuam</strong></span> <span class='ocrx_word' id='word_1_564' title='bbox 1673 4075 1848 4138; x_wconf 86' lang='lat' dir='ltr'><strong>animarum</strong></span> <span class='ocrx_word' id='word_1_565' title='bbox 1880 4089 1927 4150; x_wconf 55' lang='lat' dir='ltr'><strong>,pe</strong></span> <span class='ocrx_word' id='word_1_566' title='bbox 1945 4087 2079 4146; x_wconf 73' lang='lat' dir='ltr'><strong>inunigen-</strong></span> 
     </span>
     <span class='ocr_line' id='line_1_99' title="bbox 1103 4143 1916 4244; baseline -0.001 -12"><span class='ocrx_word' id='word_1_567' title='bbox 1103 4184 1209 4232; x_wconf 89' lang='lat' dir='ltr'><strong>curam</strong></span> <span class='ocrx_word' id='word_1_568' title='bbox 1224 4172 1254 4227; x_wconf 92' lang='lat' dir='ltr'><strong>et</strong></span> <span class='ocrx_word' id='word_1_569' title='bbox 1271 4181 1386 4243; x_wconf 88' lang='lat' dir='ltr'><strong>pacem,</strong></span> <span class='ocrx_word' id='word_1_570' title='bbox 1404 4166 1659 4244; x_wconf 89' lang='lat' dir='ltr'><strong>concordiamque</strong></span> <span class='ocrx_word' id='word_1_571' title='bbox 1680 4167 1764 4228; x_wconf 89' lang='lat' dir='ltr'><strong>inter</strong></span> <span class='ocrx_word' id='word_1_572' title='bbox 1776 4169 1850 4230; x_wconf 88' lang='lat' dir='ltr'><strong>mis-</strong></span> <span class='ocrx_word' id='word_1_573' title='bbox 1867 4143 1916 4186; x_wconf 58' lang='lat'>‘¹¹⁵&#39;</span> 
     </span>
     <span class='ocr_line' id='line_1_100' title="bbox 1103 4258 1849 4342; baseline -0.001 -17"><span class='ocrx_word' id='word_1_574' title='bbox 1103 4262 1261 4335; x_wconf 89' lang='lat' dir='ltr'><strong>sionarios,</strong></span> <span class='ocrx_word' id='word_1_575' title='bbox 1274 4259 1409 4322; x_wconf 90' lang='lat' dir='ltr'><strong>faustum</strong></span> <span class='ocrx_word' id='word_1_576' title='bbox 1423 4259 1555 4337; x_wconf 88' lang='lat' dir='ltr'><strong>denique</strong></span> <span class='ocrx_word' id='word_1_577' title='bbox 1567 4258 1761 4322; x_wconf 88' lang='lat' dir='ltr'><strong>llicariorum</strong></span> <span class='ocrx_word' id='word_1_578' title='bbox 1772 4264 1849 4342; x_wconf 78' lang='lat' dir='ltr'><strong>Apo·</strong></span> 
     </span>
     <span class='ocr_line' id='line_1_101' title="bbox 1103 4353 1849 4432; baseline 0 -13"><span class='ocrx_word' id='word_1_579' title='bbox 1103 4356 1284 4419; x_wconf 88' lang='lat' dir='ltr'><strong>stolicorum</strong></span> <span class='ocrx_word' id='word_1_580' title='bbox 1296 4354 1437 4430; x_wconf 90' lang='lat' dir='ltr'><strong>regimen</strong></span> <span class='ocrx_word' id='word_1_581' title='bbox 1449 4353 1628 4430; x_wconf 90' lang='lat' dir='ltr'><strong>respiciunt.</strong></span> <span class='ocrx_word' id='word_1_582' title='bbox 1646 4357 1686 4415; x_wconf 88' lang='lat' dir='ltr'><strong>llt</strong></span> <span class='ocrx_word' id='word_1_583' title='bbox 1700 4357 1849 4432; x_wconf 91' lang='lat' dir='ltr'><strong>quoniam</strong></span> 
     </span>
     <span class='ocr_line' id='line_1_102' title="bbox 1103 4445 1847 4526; baseline 0.001 -15"><span class='ocrx_word' id='word_1_584' title='bbox 1103 4450 1204 4511; x_wconf 92' lang='lat' dir='ltr'><strong>aviris</strong></span> <span class='ocrx_word' id='word_1_585' title='bbox 1220 4447 1344 4526; x_wconf 91' lang='lat' dir='ltr'><strong>optimis</strong></span> <span class='ocrx_word' id='word_1_586' title='bbox 1358 4452 1389 4508; x_wconf 91' lang='lat' dir='ltr'><strong>et</strong></span> <span class='ocrx_word' id='word_1_587' title='bbox 1402 4445 1473 4508; x_wconf 87' lang='lat' dir='ltr'><strong>fidei</strong></span> <span class='ocrx_word' id='word_1_588' title='bbox 1484 4445 1585 4523; x_wconf 88' lang='lat' dir='ltr'><strong>dignis</strong></span> <span class='ocrx_word' id='word_1_589' title='bbox 1597 4447 1765 4510; x_wconf 90' lang='lat' dir='ltr'><strong>indicatum</strong></span> <span class='ocrx_word' id='word_1_590' title='bbox 1777 4448 1847 4525; x_wconf 92' lang='lat' dir='ltr'><strong>fuit,</strong></span> 
     </span>
     <span class='ocr_line' id='line_1_103' title="bbox 1103 4538 1848 4614; baseline 0.001 -11"><span class='ocrx_word' id='word_1_591' title='bbox 1103 4547 1347 4603; x_wconf 85' lang='lat' dir='ltr'><strong>consentaneum</strong></span> <span class='ocrx_word' id='word_1_592' title='bbox 1378 4538 1455 4613; x_wconf 90' lang='lat' dir='ltr'><strong>fore,</strong></span> <span class='ocrx_word' id='word_1_593' title='bbox 1484 4541 1509 4599; x_wconf 93' lang='lat' dir='ltr'><strong>si</strong></span> <span class='ocrx_word' id='word_1_594' title='bbox 1538 4540 1713 4614; x_wconf 86' lang='lat' dir='ltr'><strong>definiatur,</strong></span> <span class='ocrx_word' id='word_1_595' title='bbox 1740 4547 1848 4604; x_wconf 90' lang='lat' dir='ltr'><strong>utrum</strong></span> 
     </span>
     <span class='ocr_line' id='line_1_104' title="bbox 1103 4632 1849 4712; baseline 0 -16"><span class='ocrx_word' id='word_1_596' title='bbox 1103 4633 1304 4712; x_wconf 86' lang='lat' dir='ltr'><strong>regularibus,</strong></span> <span class='ocrx_word' id='word_1_597' title='bbox 1328 4633 1382 4710; x_wconf 92' lang='lat' dir='ltr'><strong>qui</strong></span> <span class='ocrx_word' id='word_1_598' title='bbox 1403 4632 1454 4693; x_wconf 88' lang='lat' dir='ltr'><strong>vel</strong></span> <span class='ocrx_word' id='word_1_599' title='bbox 1475 4632 1507 4693; x_wconf 93' lang='lat' dir='ltr'><strong>in</strong></span> <span class='ocrx_word' id='word_1_600' title='bbox 1529 4633 1622 4708; x_wconf 88' lang='lat' dir='ltr'><strong>regiis</strong></span> <span class='ocrx_word' id='word_1_601' title='bbox 1646 4633 1775 4709; x_wconf 91' lang='lat' dir='ltr'><strong>sacellis,</strong></span> <span class='ocrx_word' id='word_1_602' title='bbox 1799 4634 1849 4696; x_wconf 91' lang='lat' dir='ltr'><strong>vel</strong></span> 
     </span>
     <span class='ocr_line' id='line_1_105' title="bbox 1103 4725 1849 4806; baseline 0 -17"><span class='ocrx_word' id='word_1_603' title='bbox 1103 4729 1136 4790; x_wconf 93' lang='lat' dir='ltr'><strong>in</strong></span> <span class='ocrx_word' id='word_1_604' title='bbox 1157 4728 1229 4789; x_wconf 91' lang='lat' dir='ltr'><strong>locis</strong></span> <span class='ocrx_word' id='word_1_605' title='bbox 1251 4743 1306 4806; x_wconf 84' lang='lat' dir='ltr'><strong>pro</strong></span> <span class='ocrx_word' id='word_1_606' title='bbox 1330 4726 1390 4788; x_wconf 91' lang='lat' dir='ltr'><strong>illis</strong></span> <span class='ocrx_word' id='word_1_607' title='bbox 1411 4725 1555 4800; x_wconf 90' lang='lat' dir='ltr'><strong>fundatis,</strong></span> <span class='ocrx_word' id='word_1_608' title='bbox 1574 4725 1642 4786; x_wconf 88' lang='lat' dir='ltr'><strong>sive</strong></span> <span class='ocrx_word' id='word_1_609' title='bbox 1663 4726 1741 4805; x_wconf 91' lang='lat' dir='ltr'><strong>apud</strong></span> <span class='ocrx_word' id='word_1_610' title='bbox 1763 4727 1849 4789; x_wconf 93' lang='lat' dir='ltr'><strong>nobi-</strong></span> 
     </span>
     <span class='ocr_line' id='line_1_106' title="bbox 1102 4819 1849 4901; baseline -0.001 -18"><span class='ocrx_word' id='word_1_611' title='bbox 1102 4821 1157 4898; x_wconf 88' lang='lat' dir='ltr'><strong>les,</strong></span> <span class='ocrx_word' id='word_1_612' title='bbox 1181 4827 1431 4901; x_wconf 79' lang='lat' dir='ltr'><strong>commorantur,</strong></span> <span class='ocrx_word' id='word_1_613' title='bbox 1446 4819 1534 4881; x_wconf 91' lang='lat' dir='ltr'><strong>liceat</strong></span> <span class='ocrx_word' id='word_1_614' title='bbox 1555 4819 1766 4896; x_wconf 90' lang='lat' dir='ltr'><strong>indulgentias</strong></span> <span class='ocrx_word' id='word_1_615' title='bbox 1786 4823 1849 4883; x_wconf 93' lang='lat' dir='ltr'><strong>suis</strong></span> 
     </span>
     <span class='ocr_line' id='line_1_107' title="bbox 1103 4911 1848 4989; baseline -0.004 -10"><span class='ocrx_word' id='word_1_616' title='bbox 1103 4915 1268 4979; x_wconf 85' lang='lat' dir='ltr'><strong>Ordinibus</strong></span> <span class='ocrx_word' id='word_1_617' title='bbox 1280 4931 1436 4978; x_wconf 90' lang='lat' dir='ltr'><strong>concessas</strong></span> <span class='ocrx_word' id='word_1_618' title='bbox 1457 4911 1617 4989; x_wconf 89' lang='lat' dir='ltr'><strong>evulgare,</strong></span> <span class='ocrx_word' id='word_1_619' title='bbox 1632 4913 1710 4988; x_wconf 93' lang='lat' dir='ltr'><strong>ideo,</strong></span> <span class='ocrx_word' id='word_1_620' title='bbox 1727 4918 1762 4976; x_wconf 92' lang='lat' dir='ltr'><strong>ut</strong></span> <span class='ocrx_word' id='word_1_621' title='bbox 1783 4931 1848 4976; x_wconf 91' lang='lat' dir='ltr'><strong>om·</strong></span> 
     </span>
     <span class='ocr_line' id='line_1_108' title="bbox 1103 5007 1848 5087; baseline 0.001 -17"><span class='ocrx_word' id='word_1_622' title='bbox 1103 5025 1158 5070; x_wconf 90' lang='lat' dir='ltr'><strong>nes</strong></span> <span class='ocrx_word' id='word_1_623' title='bbox 1179 5009 1324 5070; x_wconf 87' lang='lat' dir='ltr'><strong>molestae</strong></span> <span class='ocrx_word' id='word_1_624' title='bbox 1347 5007 1439 5068; x_wconf 90' lang='lat' dir='ltr'><strong>tricae</strong></span> <span class='ocrx_word' id='word_1_625' title='bbox 1460 5007 1632 5082; x_wconf 89' lang='lat' dir='ltr'><strong>evitentur,</strong></span> <span class='ocrx_word' id='word_1_626' title='bbox 1649 5023 1780 5087; x_wconf 90' lang='lat' dir='ltr'><strong>sequens</strong></span> <span class='ocrx_word' id='word_1_627' title='bbox 1801 5026 1848 5071; x_wconf 90' lang='lat' dir='ltr'><strong>re-</strong></span> 
     </span>
     <span class='ocr_line' id='line_1_109' title="bbox 1104 5101 1848 5180; baseline 0.001 -17"><span class='ocrx_word' id='word_1_628' title='bbox 1104 5101 1175 5176; x_wconf 86' lang='lat' dir='ltr'><strong>gula</strong></span> <span class='ocrx_word' id='word_1_629' title='bbox 1197 5101 1391 5180; x_wconf 91' lang='lat' dir='ltr'><strong>proponitur,</strong></span> <span class='ocrx_word' id='word_1_630' title='bbox 1422 5115 1499 5178; x_wconf 90' lang='lat' dir='ltr'><strong>quae</strong></span> <span class='ocrx_word' id='word_1_631' title='bbox 1526 5101 1702 5163; x_wconf 85' lang='lat' dir='ltr'><strong>executioni</strong></span> <span class='ocrx_word' id='word_1_632' title='bbox 1723 5103 1848 5165; x_wconf 90' lang='lat' dir='ltr'><strong>deman-</strong></span> 
     </span>
     <span class='ocr_line' id='line_1_110' title="bbox 1103 5193 1847 5272; baseline 0.005 -18"><span class='ocrx_word' id='word_1_633' title='bbox 1103 5193 1168 5256; x_wconf 88' lang='lat' dir='ltr'><strong>dari</strong></span> <span class='ocrx_word' id='word_1_634' title='bbox 1189 5193 1315 5256; x_wconf 92' lang='lat' dir='ltr'><strong>omnino</strong></span> <span class='ocrx_word' id='word_1_635' title='bbox 1337 5193 1444 5256; x_wconf 87' lang='lat' dir='ltr'><strong>debet:</strong></span> <span class='ocrx_word' id='word_1_636' title='bbox 1468 5194 1503 5255; x_wconf 94' lang='lat' dir='ltr'><strong>ln</strong></span> <span class='ocrx_word' id='word_1_637' title='bbox 1525 5193 1644 5256; x_wconf 91' lang='lat' dir='ltr'><strong>bunum</strong></span> <span class='ocrx_word' id='word_1_638' title='bbox 1660 5196 1847 5272; x_wconf 77' lang='lat' dir='ltr'><strong>Anglicanae</strong></span> 
     </span>
     <span class='ocr_line' id='line_1_111' title="bbox 1104 5286 1848 5365; baseline 0.005 -16"><span class='ocrx_word' id='word_1_639' title='bbox 1104 5287 1257 5349; x_wconf 89' lang='lat' dir='ltr'><strong>missionis</strong></span> <span class='ocrx_word' id='word_1_640' title='bbox 1278 5286 1486 5364; x_wconf 89' lang='lat' dir='ltr'><strong>adprobantur</strong></span> <span class='ocrx_word' id='word_1_641' title='bbox 1508 5286 1637 5365; x_wconf 92' lang='lat' dir='ltr'><strong>quilibet</strong></span> <span class='ocrx_word' id='word_1_642' title='bbox 1659 5289 1781 5365; x_wconf 90' lang='lat' dir='ltr'><strong>pietatis</strong></span> <span class='ocrx_word' id='word_1_643' title='bbox 1802 5308 1848 5354; x_wconf 93' lang='lat' dir='ltr'><strong>ac·</strong></span> 
     </span>
     <span class='ocr_line' id='line_1_112' title="bbox 1103 5378 1846 5459; baseline 0.004 -18"><span class='ocrx_word' id='word_1_644' title='bbox 1103 5386 1163 5453; x_wconf 90' lang='lat' dir='ltr'><strong>tus,</strong></span> <span class='ocrx_word' id='word_1_645' title='bbox 1180 5394 1295 5456; x_wconf 90' lang='lat' dir='ltr'><strong>preces,</strong></span> <span class='ocrx_word' id='word_1_646' title='bbox 1313 5378 1438 5453; x_wconf 89' lang='lat' dir='ltr'><strong>ieiunia,</strong></span> <span class='ocrx_word' id='word_1_647' title='bbox 1451 5385 1543 5458; x_wconf 91' lang='lat' dir='ltr'><strong>atque</strong></span> <span class='ocrx_word' id='word_1_648' title='bbox 1563 5396 1654 5459; x_wconf 89' lang='lat' dir='ltr'><strong>opera</strong></span> <span class='ocrx_word' id='word_1_649' title='bbox 1677 5382 1846 5458; x_wconf 89' lang='lat' dir='ltr'><strong>meritoria,</strong></span> 
     </span>
     <span class='ocr_line' id='line_1_113' title="bbox 1102 5467 1844 5551; baseline 0.003 -17"><span class='ocrx_word' id='word_1_650' title='bbox 1102 5487 1209 5550; x_wconf 89' lang='lat' dir='ltr'><strong>quaea</strong></span> <span class='ocrx_word' id='word_1_651' title='bbox 1231 5467 1262 5530; x_wconf 91' lang='lat' dir='ltr'><strong>S.</strong></span> <span class='ocrx_word' id='word_1_652' title='bbox 1281 5469 1416 5532; x_wconf 78' lang='lat' dir='ltr'><strong>Romana</strong></span> <span class='ocrx_word' id='word_1_653' title='bbox 1439 5471 1572 5535; x_wconf 79' lang='lat' dir='ltr'><strong>Ecclesia</strong></span> <span class='ocrx_word' id='word_1_654' title='bbox 1594 5475 1844 5551; x_wconf 88' lang='lat' dir='ltr'><strong>comprobantur.</strong></span> 
     </span>
    </p>

    <p class='ocr_par' dir='ltr' id='par_1_34' title="bbox 1101 5562 2078 5925">
     <span class='ocr_line' id='line_1_114' title="bbox 1102 5562 2078 5654; baseline 0.009 -28"><span class='ocrx_word' id='word_1_655' title='bbox 1102 5563 1147 5626; x_wconf 84' lang='lat' dir='ltr'><strong>Ad</strong></span> <span class='ocrx_word' id='word_1_656' title='bbox 1168 5562 1380 5640; x_wconf 88' lang='lat' dir='ltr'><strong>indulgentias</strong></span> <span class='ocrx_word' id='word_1_657' title='bbox 1395 5565 1474 5642; x_wconf 91' lang='lat' dir='ltr'><strong>quod</strong></span> <span class='ocrx_word' id='word_1_658' title='bbox 1489 5571 1606 5642; x_wconf 91' lang='lat' dir='ltr'><strong>spectat</strong></span> <span class='ocrx_word' id='word_1_659' title='bbox 1622 5566 1693 5644; x_wconf 92' lang='lat' dir='ltr'><strong>ipsis</strong></span> <span class='ocrx_word' id='word_1_660' title='bbox 1705 5569 1847 5645; x_wconf 88' lang='lat' dir='ltr'><strong>operibus</strong></span> <span class='ocrx_word' id='word_1_661' title='bbox 1867 5590 2078 5654; x_wconf 44' lang='lat' dir='ltr'><strong>,susuenquntur</strong></span> 
     </span>
     <span class='ocr_line' id='line_1_115' title="bbox 1101 5643 2078 5753; baseline 0.013 -36"><span class='ocrx_word' id='word_1_662' title='bbox 1101 5657 1233 5718; x_wconf 91' lang='lat' dir='ltr'><strong>adnexas</strong></span> <span class='ocrx_word' id='word_1_663' title='bbox 1266 5657 1384 5718; x_wconf 89' lang='lat' dir='ltr'><strong>ratione</strong></span> <span class='ocrx_word' id='word_1_664' title='bbox 1416 5656 1670 5734; x_wconf 89' lang='lat' dir='ltr'><strong>privilegiorum,</strong></span> <span class='ocrx_word' id='word_1_665' title='bbox 1694 5643 2014 5753; x_wconf 33' lang='lat' dir='ltr'><strong>quaeuni{1¹{,1,q‚³„¹‡,i{ss,²a</strong></span> <span class='ocrx_word' id='word_1_666' title='bbox 2035 5655 2078 5742; x_wconf 60' lang='grc' dir='ltr'><strong>’ξζῖ</strong></span> 
     </span>
     <span class='ocr_line' id='line_1_116' title="bbox 1101 5749 2007 5826; baseline 0.008 -16"><span class='ocrx_word' id='word_1_667' title='bbox 1101 5750 1152 5811; x_wconf 95' lang='lat' dir='ltr'><strong>vel</strong></span> <span class='ocrx_word' id='word_1_668' title='bbox 1168 5750 1255 5812; x_wconf 89' lang='lat' dir='ltr'><strong>alteri</strong></span> <span class='ocrx_word' id='word_1_669' title='bbox 1272 5750 1460 5826; x_wconf 91' lang='lat' dir='ltr'><strong>regularium</strong></span> <span class='ocrx_word' id='word_1_670' title='bbox 1472 5749 1578 5812; x_wconf 84' lang='lat' dir='ltr'><strong>Ordini</strong></span> <span class='ocrx_word' id='word_1_671' title='bbox 1594 5768 1609 5812; x_wconf 92' lang='lat' dir='ltr'><strong>a</strong></span> <span class='ocrx_word' id='word_1_672' title='bbox 1624 5754 1755 5814; x_wconf 90' lang='lat' dir='ltr'><strong>summis</strong></span> <span class='ocrx_word' id='word_1_673' title='bbox 1771 5754 1847 5818; x_wconf 84' lang='lat' dir='ltr'><strong>Pon·</strong></span> <span class='ocrx_word' id='word_1_674' title='bbox 1866 5751 2007 5808; x_wconf 63' lang='lat' dir='ltr'><strong>ssl&#39;efilll·</strong></span> 
     </span>
     <span class='ocr_line' id='line_1_117' title="bbox 1102 5842 1846 5925; baseline 0.011 -22"><span class='ocrx_word' id='word_1_675' title='bbox 1102 5842 1235 5905; x_wconf 88' lang='lat' dir='ltr'><strong>tifvcibus</strong></span> <span class='ocrx_word' id='word_1_676' title='bbox 1261 5859 1401 5906; x_wconf 90' lang='lat' dir='ltr'><strong>concessa</strong></span> <span class='ocrx_word' id='word_1_677' title='bbox 1430 5843 1574 5919; x_wconf 90' lang='lat' dir='ltr'><strong>fuerunt,</strong></span> <span class='ocrx_word' id='word_1_678' title='bbox 1601 5849 1846 5925; x_wconf 86' lang='lat' dir='ltr'><strong>suspenduntur,</strong></span> 
     </span>
    </p>
   </div>
   <div class='ocr_carea' id='block_1_16' title="bbox 1102 5936 1847 6135">
    <p class='ocr_par' dir='ltr' id='par_1_35' title="bbox 1102 5936 1847 6135">
     <span class='ocr_line' id='line_1_118' title="bbox 1102 5936 1847 6016; baseline 0.007 -20"><span class='ocrx_word' id='word_1_679' title='bbox 1102 5945 1193 6016; x_wconf 88' lang='lat' dir='ltr'><strong>atque</strong></span> <span class='ocrx_word' id='word_1_680' title='bbox 1210 5943 1243 5998; x_wconf 92' lang='lat' dir='ltr'><strong>ut</strong></span> <span class='ocrx_word' id='word_1_681' title='bbox 1259 5936 1365 6000; x_wconf 87' lang='lat' dir='ltr'><strong>fideles</strong></span> <span class='ocrx_word' id='word_1_682' title='bbox 1378 5937 1532 6016; x_wconf 91' lang='lat' dir='ltr'><strong>spirituali</strong></span> <span class='ocrx_word' id='word_1_683' title='bbox 1552 5944 1729 6002; x_wconf 87' lang='lat' dir='ltr'><strong>sanctarum</strong></span> <span class='ocrx_word' id='word_1_684' title='bbox 1744 5941 1847 6012; x_wconf 87' lang='lat' dir='ltr'><strong>indul·</strong></span> 
     </span>
     <span class='ocr_line' id='line_1_119' title="bbox 1714 6089 1740 6135; baseline 0.192 -5"><span class='ocrx_word' id='word_1_685' title='bbox 1714 6089 1740 6135; x_wconf 81' lang='lat' dir='ltr'><strong>aa</strong></span> 
     </span>
    </p>
   </div>
   <div class='ocr_carea' id='block_1_17' title="bbox 0 0 2424 6982">
    <p class='ocr_par' dir='ltr' id='par_1_36' title="bbox 0 0 2424 6982">
     <span class='ocr_line' id='line_1_120' title="bbox 0 0 2424 6982; baseline 0 1"><span class='ocrx_word' id='word_1_686' title='bbox 0 0 2424 6982; x_wconf 95' lang='lat' dir='ltr'><strong> </strong></span> 
     </span>
    </p>
   </div>
  </div>
 </body>
</html>
