4798 6978
361 537 415 588 Aa.
430 537 461 589 G.
482 535 550 587 1757
602 535 661 596 (372

582 669 730 731 ctoritatis
746 667 908 747 praesidio,
925 675 1077 747 quatenus
1100 683 1175 746 opus
1195 668 1247 740 sit,
1261 682 1329 726 mu·

582 763 650 825 nire
671 760 799 839 aliisque
821 761 996 838 pontificiae
1014 761 1216 838 benignitatis
1238 761 1330 823 docu-

582 855 695 918 mentis
717 863 747 917 et
768 853 890 916 statutis
911 854 1058 934 ampliare
1073 865 1103 916 et
1115 870 1229 931 attgere
1251 862 1330 915 sata·

581 964 689 1025 gamus
710 955 741 1010 et
764 949 950 1011 adnitamur.

387 1056 491 1120 consur,
513 1055 560 1102 aaa
619 1042 638 1117 §
661 1042 687 1105 l.
712 1040 791 1104 Sane
814 1052 881 1121 post
910 1041 1037 1122 provida
1059 1059 1092 1104 ac
1112 1041 1255 1103 salutaria
1277 1041 1327 1104 de-

346 1108 560 1218 gssgffffdfaafi
578 1144 660 1198 creta
684 1135 813 1198 Concilii
837 1133 1011 1198 Tridentini
1032 1151 1126 1213 super
1147 1134 1193 1206 iis,
1216 1135 1269 1212 qui
1291 1132 1325 1206 ad

347 1225 396 1272 0¹¹⁶
418 1217 496 1262 ettam
517 1217 560 1262 ¹¹¹·
579 1228 766 1292 cathedrales
788 1227 931 1290 ecclesias
959 1227 1135 1306 promoveri
1164 1225 1325 1300 deberent,

346 1269 561 1371 immi-³0¹}
579 1321 630 1384 lei.
654 1322 770 1384 record.
795 1319 963 1396 Gregorius
978 1319 1033 1381 PP.
1052 1319 1132 1384 XlV.
1149 1319 1325 1398 praedeces-

346 1374 559 1432 clemenxxpro
851 1413 857 1424 .
980 1414 985 1424 .
1075 1415 1079 1424 .
1147 1414 1151 1424 .

346 1429 434 1474 conoe.
453 1429 478 1474 tn
498 1441 559 1486 pro·
578 1433 628 1478 sor
649 1421 782 1488 noster,
805 1430 859 1493 qux
880 1411 956 1475 dum
978 1430 1011 1475 tn
1039 1414 1214 1476 minoribus
1245 1421 1326 1476 esset

346 1483 558 1592 fflssgfindfflffj
579 1507 680 1570 eidem
695 1506 878 1569 Tridentino
894 1505 1031 1569 Goncilio
1049 1506 1244 1582 interfuerat,
1267 1517 1325 1570 sta-

345 1591 393 1634 m·
580 1603 636 1663 tim
657 1599 835 1679 apostolicas
856 1616 926 1660 suas
947 1599 1005 1660 sub
1026 1598 1154 1677 plumbo
1169 1599 1324 1678 expeditas

578 1693 681 1756 literas
703 1693 796 1755 dedit.
821 1692 854 1753 ln
878 1691 951 1769 ipsis
972 1699 1055 1754 certe
1083 1693 1186 1754 omnia
1209 1695 1243 1756 ad
1266 1695 1324 1756 hu-

577 1787 708 1848 iusmodi
732 1785 893 1861 negotium
916 1779 1138 1864 opportunaac
1153 1787 1323 1848 necessaria

575 1880 788 1942 continentur.
812 1878 917 1953 Porro,
936 1893 997 1956 quo
1018 1877 1131 1940 clarius
1152 1880 1187 1940 ad
1203 1882 1320 1957 praxim

575 1975 680 2034 eadem
703 1972 741 2033 ab
762 1972 827 2050 ipso
847 1973 995 2048 Gregorio
1012 1973 1243 2050 praedecessore
1264 1981 1322 2035 sta-

576 2074 640 2128 tuta
663 2067 899 2140 reducerentur,
924 2065 1008 2126 iussu
1027 2066 1121 2128 recol.
1145 2082 1241 2128 mem.
1265 2068 1321 2130 Ur·

484 2163 485 2166 ’
576 2161 644 2222 bani
669 2158 722 2220 PP.
741 2157 816 2220 ttttl.
842 2157 949 2219 itidem
966 2160 1206 2236 praedecessoris
1221 2161 1320 2223 nostri

573 2269 655 2315 anno
688 2268 855 2314 uucxxvu.
881 2267 918 2312 ex
949 2251 1146 2331 typographia
1175 2254 1320 2316 Camenae

574 2346 765 2426 apostoticae
780 2343 893 2423 prodiit
910 2344 940 2404 in
958 2343 1057 2405 lucem
1073 2344 1238 2408 instructio
1253 2362 1320 2424 par·

575 2433 709 2504 ticularis
731 2439 807 2500 circa
823 2437 1029 2500 conticiendos
1045 2455 1202 2516 processus
1218 2439 1320 2519 inqui-

573 2537 694 2598 sitionis
716 2535 747 2595 in
777 2533 938 2611 qualitates
970 2549 1095 2606 eorum,
1119 2535 1172 2611 qui
1198 2550 1320 2614 promo-

574 2629 667 2692 vendi
689 2625 818 2690 suntad
848 2627 988 2704 regimen
1015 2627 1239 2689 cathedralium
1267 2636 1319 2690 aut

573 2726 703 2788 aliarum
731 2721 928 2800 superiorum
957 2719 1155 2783 ecclesiarum
1182 2720 1232 2782 vel
1255 2737 1320 2783 mo-

572 2817 792 2889 nasleriorum,
814 2814 848 2875 ad
873 2815 930 2875 hoc
951 2823 985 2876 ut
1007 2815 1040 2876 iu
1062 2816 1151 2876 dictis
1173 2815 1319 2894 processi-

572 2913 628 2976 bus
650 2908 847 2972 conficiendis
868 2909 1123 2986 serventursacri
1140 2925 1272 2970 canones
1288 2917 1318 2972 et

570 3006 698 3068 concilia
719 3002 885 3079 generalia,
903 3001 1081 3080 praesertim
1098 3001 1317 3068 Tridentinum

550 3106 602 3162 ,et
623 3097 805 3161 constitutio
825 3094 876 3157 lel.
901 3111 962 3156 rec.
990 3095 1129 3172 Gregorii
1153 3096 1207 3156 PP.
1232 3095 1313 3159 xlv.

570 3209 663 3271 super
690 3190 787 3252 lormai
819 3204 1019 3268 processuum
1050 3189 1317 3252 conliciendorum

570 3286 627 3349 sub
658 3286 717 3347 dat.
741 3285 841 3346 idibus
862 3282 948 3344 maiis
979 3299 1091 3344 uoxcx.
1121 3286 1316 3362 pontificatus

569 3382 616 3443 sui
640 3395 721 3442 anno
737 3379 758 3440 Ι.
775 3375 831 3456 (l).
856 3377 939 3439 Hanc
954 3385 1057 3439 autem
1073 3378 1314 3442 instructionem

570 3475 627 3536 alia
648 3488 773 3551 quoque
793 3471 983 3548 subsequuta
1004 3469 1074 3546 luit,
1091 3489 1168 3550 quae
1188 3473 1219 3536 in
1236 3476 1315 3537 Cou-

464 3566 469 3572 ’
570 3567 750 3644 gregatione
771 3562 947 3643 particulari
968 3565 1195 3628 nonnullorum
1207 3566 1315 3630 Roma-

570 3678 627 3723 nae
650 3661 760 3724 Guriae
781 3657 989 3737 praelatorum
1012 3659 1179 3735 deputatio
1196 3659 1246 3723 lel.
1264 3678 1314 3741 pa-

568 3755 646 3817 riter
667 3741 727 3817 rec.
752 3752 915 3815 Clemente
936 3750 990 3811 PP.
1015 3751 1067 3813 Xl.
1098 3752 1207 3814 itidem
1228 3771 1316 3832 prae-

568 3848 726 3910 decessore
748 3854 853 3908 nostro
876 3843 963 3906 etde
987 3844 1075 3906 nobis
1102 3847 1312 3925 meritissimo,

568 3950 660 4020 atque
681 3939 713 4000 in
735 3939 859 4001 aedibus
881 3937 952 3999 bon.
978 3953 1071 3998 mem.
1094 3941 1210 4018 losephi
1233 3942 1313 4005 eius-

568 4039 637 4099 dem
668 4034 698 4098 S.
717 4033 751 4094 ll.
771 4032 804 4093 E.
834 4030 1005 4094 Gardinalis
1034 4029 1216 4110 Sacripanti,
1240 4043 1314 4098 tunc

569 4127 716 4208 temporis
732 4123 974 4202 Congregationi
993 4123 1030 4186 de
1049 4124 1243 4204 Propagandi
1265 4130 1313 4189 Pi-

567 4225 604 4284 de
620 4220 779 4293 Praefecti,
802 4219 851 4280 die
872 4233 916 4279 tx.
940 4218 1055 4279 mensis
1077 4219 1209 4280 octobris
1231 4237 1312 4282 anno

568 4330 720 4380 uaccxvx.
754 4310 866 4385 habita,
901 4309 1035 4371 maxime
1067 4312 1217 4387 vertitur,
1240 4329 1311 4376 cum

567 4407 753 4472 adveniente
775 4421 844 4466 casu
860 4402 1038 4478 vacationis,
1051 4419 1084 4464 ac
1099 4403 1228 4482 proinde
1243 4423 1311 4484 pro·

567 4499 704 4572 visionis,
728 4511 834 4558 earum
857 4494 1065 4570 ecclesiarum,
1083 4511 1162 4572 quae
1182 4503 1255 4557 sunt
1278 4499 1310 4560 in

561 4592 703 4673 partibus
724 4587 898 4652 infidelium
921 4594 952 4648 et
973 4586 1177 4650 nihilominus
1198 4590 1312 4653 habeut

516 4751 519 4762 ,
566 4685 716 4766 populum
738 4681 872 4756 huelem,
898 4697 1057 4760 processus
1086 4684 1310 4759 promovendo·

566 4797 637 4842 rum
652 4777 687 4838 ad
704 4775 880 4839 huiusmodi
902 4773 1042 4836 ecclesias
1057 4774 1241 4853 plerumque
1255 4776 1312 4838 dil-

566 4873 686 4935 liuultcv
713 4871 745 4932 in
775 4869 829 4930 hac
856 4867 935 4929 almi
961 4867 1043 4928 Urbe
1071 4869 1174 4930 nostrai
1202 4871 1309 4932 confici

528 5001 530 5004 ·
564 4968 667 5050 possit.

346 5080 465 5144 araneax.
477 5089 544 5142 quae
604 5064 623 5138 5
644 5059 805 5124 uterum
824 5073 895 5120 curu
912 5055 1068 5131 ecclesiae,
1086 5072 1163 5134 quae
1184 5065 1258 5118 sunt
1276 5057 1308 5120 in

333 5137 545 5233 {fflissffgffi
566 5156 703 5237 partibus
725 5151 897 5214 infidelium
921 5157 951 5212 et
973 5149 1122 5228 populum
1144 5149 1258 5212 habent
1275 5151 1307 5211 sx-

332 5239 546 5340 {ffi}¹⁰p„},¹}³⁰d¹,¹{
565 5249 677 5323 delem,
706 5250 919 5326 proponantur
941 5243 972 5304 in
1002 5242 1251 5320 congregatione
1272 5243 1309 5304 de

332 5327 546 5411 cretasuntssarae·
566 5340 759 5422 Propagandi
780 5338 864 5412 Pide,
885 5345 915 5398 et
936 5343 1183 5398 consentaneum
1205 5335 1257 5411 sit,
1275 5345 1309 5397 ut

333 5406 394 5446 ΜΠ
410 5402 524 5459 ¹³⁰⁵⁸¹¹¹¹⁸'
565 5435 747 5516 quantocius
769 5434 806 5496 de
827 5431 937 5492 iisdem
958 5430 1167 5508 provideatur,
1182 5445 1221 5490 ne
1242 5429 1309 5491 diu·

565 5533 626 5592 tius
647 5536 768 5609 pastore
789 5531 912 5588 careant
933 5539 1004 5585 cum
1018 5521 1170 5600 spirituali
1192 5522 1309 5582 anima·

565 5639 636 5687 rum
657 5623 862 5694 detriment03
885 5625 977 5695 atque
993 5616 1086 5678 etiam
1101 5632 1171 5676 cum
1188 5631 1307 5693 proces·

604 5868 634 5922 (l)
650 5863 748 5911 Urbani
762 5866 823 5907 Vlll.
839 5859 1039 5908 instructionem
1054 5861 1235 5912 stercoremus
1249 5856 1307 5902 vide

564 5947 613 5983 auo
626 5935 683 5980 loco
697 5931 746 5977 vol.
757 5933 785 5986 1,
795 5941 852 5988 pag.
862 5932 897 5986 92,
912 5940 991 5986 quam
1006 5928 1034 5974 in
1046 5931 1109 5974 nota
1119 5928 1240 5986 sequitur
1250 5931 1309 5972 ere·

1108 550 1172 594 luti.
1196 545 1287 592 PONT·
1312 543 1352 590 DE
1374 543 1403 589 P·
1427 543 1457 592 F·
1481 546 1563 594 PARS
1586 550 1606 595 1.

1381 389 1396 444 'l

1385 687 1436 731 sus
1457 686 1551 751 super
1565 680 1646 734 statu
1661 673 1860 736 ecclesiarum
1882 674 2062 751 meritisque
2077 675 2128 736 eli·

1387 763 1572 840 gendorum,
1604 765 1688 828 iuxta
1717 765 1867 828 laudatam
1897 773 2062 844 utramque
2082 767 2128 830 ln-

1384 857 1613 933 structionem,
1643 857 1808 920 difficulter
1836 859 1868 919 in
1903 858 1986 920 Urbe
2023 862 2128 924 condci

1385 950 1513 1027 possint,
1536 958 1566 1012 et
1589 952 1778 1030 experientia
1801 959 1997 1030 compertum
2011 953 2061 1026 sit,
2073 953 2128 1014 hu-

1384 1043 1516 1106 iusmodi
1530 1059 1690 1122 processus
1701 1045 1823 1121 longius
1836 1039 1984 1122 protrahi,
2000 1045 2024 1104 si
2040 1045 2128 1107 alicui

1384 1137 1534 1215 Episcopo
1556 1138 1589 1198 in
1612 1137 1672 1200 illis
1694 1138 1831 1216 partibus
1854 1138 2033 1200 immoranti
2049 1154 2129 1200 com·

1384 1229 1565 1306 mittantur;
1579 1237 1741 1309 eapropter
1756 1247 1811 1292 nos
1823 1247 1878 1310 pro
1890 1231 2051 1310 apostolica
2065 1247 2128 1293 om·

1383 1323 1474 1385 nium
1485 1323 1685 1386 ecclesiarum
1699 1323 1895 1387 solicitudine
1910 1324 1998 1386 nobis
2019 1324 2128 1386 iniecta

1382 1422 1579 1493 apastorum
1607 1416 1750 1496 Principe
1778 1417 1844 1478 lesu
1878 1417 2018 1490 Ghristo,
2042 1417 2129 1478 cuius

1381 1523 1540 1587 supremas
1556 1513 1638 1572 vices
1662 1511 1692 1573 iu
1710 1511 1799 1572 terris
1821 1510 1912 1587 plane
1927 1511 2128 1572 immerentes

1382 1603 1531 1680 gerimus,
1550 1604 1685 1680 primum
1701 1603 1827 1681 quidem
1849 1602 2009 1682 apostolica
2025 1609 2127 1662 aucto·

1381 1699 1481 1771 ritate,
1507 1706 1613 1760 tenore
1641 1697 1865 1774 praesentium,
1890 1703 2056 1774 utramque
2077 1694 2127 1756 ln-

2155 544 2203 596 Au.
2216 549 2242 599 G.
2260 553 2312 604 tibi

1379 1791 1600 1864 structionem,
1626 1797 1693 1852 tum
1715 1788 1829 1852 Urbani
1859 1797 1926 1850 tum
1956 1787 2127 1851 Glementis
2211 1845 2213 1850 ,

1379 1883 1647 1961 praedecessorum
1660 1890 1850 1954 nostrorum,
1861 1897 1938 1958 quae
1949 1881 2032 1942 hisce
2044 1895 2126 1958 prae·

1377 1977 1517 2038 sentibus
1539 1992 1594 2053 pro
1610 1975 1734 2036 insertis
1750 1974 1855 2035 haberi
1877 1974 2034 2049 volumus,
2051 1989 2125 2036 con-

1378 2069 1550 2144 firmamus,
1567 2079 1658 2147 atque
1681 2068 1711 2128 in
1735 2068 1782 2142 iis,
1796 2084 1875 2146 quae
1897 2066 1976 2130 inira
1996 2067 2123 2130 dicenda

2183 2001 2272 2050 Eaedem
2288 2009 2315 2054 iu·

2144 2055 2224 2100 struet
2232 2061 2314 2108 contras

2143 2109 2166 2149 el
2191 2113 2314 2168 ¹approbatas

1376 2170 1450 2225 sunt
1472 2171 1625 2241 quatenus
1647 2161 1894 2222 adversenturet
1909 2177 1984 2240 opus
2006 2161 2057 2235 sit,
2074 2162 2124 2224 de-
2143 2157 2314 2213 saturanum,

2144 2221 2197 2255 men
2212 2225 2266 2270 quae
2278 2219 2313 2267 loro

1377 2271 1522 2332 rogamus
1533 2263 1564 2316 et
1576 2256 1756 2330 derogatum
1770 2271 1834 2315 esse
1844 2253 2022 2330 statuimus
2038 2256 2125 2318 dein·
2161 2275 2258 2312 recessus
2274 2280 2313 2319 rarat

2160 2317 2308 2374 aheridebeant

1377 2349 1414 2409 de
1436 2364 1510 2410 vero
1538 2347 1735 2409 decernimus
1756 2356 1787 2408 et
1812 2349 2006 2421 mandamus,
2030 2355 2065 2410 ut
2087 2352 2123 2413 ad
2142 2381 2213 2426 saper
2227 2365 2313 2424 statua}

1376 2459 1484 2505 omnes
1506 2450 1536 2504 et
1558 2441 1697 2520 singulos
1719 2459 1813 2505 venn.
1829 2443 1939 2505 iratres
1961 2445 2123 2508 Antistites

1378 2537 1627 2599 transmittantur
1648 2523 1886 2613 interrogatoria
1909 2537 1941 2599 in
1964 2537 2047 2598 bisce
2069 2554 2125 2600 no-

1374 2631 1448 2691 stris
1470 2631 1683 2708 praesentibus
1698 2628 1796 2691 literis
1812 2631 1938 2692 inserta.
1963 2631 2123 2693 Praeterea

1376 2723 1591 2801 praecipimus,
1609 2731 1642 2784 ut
1658 2724 1872 2801 responsiones
1887 2723 1944 2801 ipsi
1959 2725 2123 2786 antistites

1376 2817 1519 2890 reddant,
1543 2833 1654 2894 easque
1675 2817 1730 2886 sub
1751 2833 1846 2879 manu
1867 2818 2073 2893 subscribant,
2090 2835 2123 2880 ac

1375 2910 1499 2986 proprio
1513 2901 1615 2986 sigillo
1630 2909 1806 2986 obsignent.
1832 2909 1962 2989 insuper
1978 2911 2123 2973 iubemus

1374 3002 1551 3064 huiusmodi
1574 3004 1788 3082 responsiones
1802 3005 1952 3065 asservari
1968 3005 1999 3066 in
2014 3005 2121 3066 hrchi·

1375 3097 1425 3156 vio
1447 3095 1585 3158 eiusdem
1602 3097 1856 3173 Congregationis
1871 3097 1911 3158 de
1923 3097 2121 3176 Propagandi

1373 3191 1457 3264 Pide,
1482 3197 1517 3252 ut
1538 3191 1657 3268 quoties
1679 3191 1795 3251 vacatio
1825 3190 1953 3252 alicuius
1975 3191 2122 3252 ecclesiae

1372 3283 1548 3360 contigerit,
1563 3283 1801 3361 loco-processus
1821 3300 1914 3363 super
1935 3282 2019 3344 illius
2037 3291 2120 3346 statu

1370 3377 1588 3439 exhibeantur.
1621 3378 1760 3456 Denique
1786 3377 1932 3438 volumus
1960 3393 1994 3438 ac
2013 3379 2121 3439 statui-

1372 3486 1452 3545 mus,
1469 3479 1504 3532 ut
1518 3485 1590 3531 cum
1612 3487 1710 3533 novus
1732 3470 1900 3549 Episcopus
1922 3471 1971 3532 vel
1993 3471 2122 3532 archie-

1372 3564 1512 3641 piscopos
1533 3564 1758 3642 possessionem
1770 3563 1916 3625 ecclesiae
1936 3565 2118 3642 susceperit,

1371 3659 1406 3720 ad
1428 3655 1530 3735 ipsum
1552 3658 1718 3726 mittantur
1740 3657 1891 3734 praedicta
1909 3656 2120 3733 interrogato-

1370 3751 1426 3823 ria,
1449 3751 1571 3830 quibus,
1594 3756 1629 3812 ut
1650 3766 1753 3828 supra,
1768 3748 1980 3834 respondebit3
2003 3765 2040 3810 ex
2056 3767 2118 3828 quo

1371 3844 1476 3922 colligi
1490 3845 1596 3922 possit,
1615 3851 1721 3904 utrum
1736 3844 1832 3921 spatio
1850 3843 1995 3920 temporis
2016 3842 2117 3922 aliqua

1370 3938 1500 4000 mutatio
1521 3937 1741 3999 intervenerit.

1372 4121 1627 4205 interrogatoria
1658 4141 1755 4202 supter
1784 4129 1877 4186 statu
1910 4122 2116 4186 ecclesiarum

1410 4216 1575 4288 Albaniae,
1599 4217 1812 4288 Macedoniae,
1839 4215 1976 4288 Serat'oe,
1996 4215 2116 4296 Ruigu-

1409 4313 1488 4384 riue,
1512 4308 1656 4371 Persidis
1678 4315 1707 4370 ot
1731 4303 1910 4371 Armeniae.

1409 4515 1428 4558 x.
1451 4497 1485 4559 ln
1506 4515 1565 4576 qua
1588 4496 1747 4576 provincia
1761 4496 1800 4558 sit
1815 4496 1922 4558 civitas
1943 4503 2001 4559 etc.
2025 4498 2115 4559 cuius

1367 4591 1457 4666 situs,
1480 4590 1646 4669 qualitatis,
1671 4597 1701 4652 et
1719 4589 1940 4667 magnitudinis
1961 4591 2015 4667 sit;
2038 4599 2115 4668 quot

1367 4684 1520 4746 conlletur
1542 4682 1684 4744 domibus
1706 4689 1736 4743 et
1758 4699 1774 4742 a
1796 4681 1908 4760 quibus
1923 4682 2114 4744 christifide-

1368 4777 1447 4839 libus
1473 4775 1681 4851 inhabitetur;
1704 4776 1790 4860 cuius
1819 4775 1957 4838 dominio
1979 4777 2011 4838 in
2035 4785 2112 4838 tem·

1367 4869 1522 4948 poralibus
1542 4868 1714 4930 subiaceatl
2029 4945 2031 4950 A

1407 4979 1441 5022 u.
1465 4962 1511 5023 An
1534 4962 1567 5022 in
1590 4960 1639 5022 itta
1662 4961 1786 5024 civitate
1805 4961 1846 5022 sit
1867 4961 1990 5024 ecclesia
2012 4966 2112 5026 cathe-

1366 5056 1458 5118 dralis
1479 5055 1528 5116 vel
1551 5053 1805 5132 metropolitana;
1828 5055 1885 5116 sub
1908 5073 1967 5134 qua
1988 5057 2110 5119 invoca·

1368 5149 1469 5224 tione;
1491 5147 1579 5210 cuius
1604 5155 1778 5209 structurae
1804 5155 1834 5209 et
1863 5148 2035 5226 qualitatis;
2058 5158 2111 5212 aut

1366 5242 1466 5319 aliqui
1488 5240 1682 5318 reparatione
1704 5240 1857 5316 indigeatl

1406 5349 1453 5396 ux.
1478 5333 1511 5396 Si
1532 5342 1578 5394 est
1600 5333 1726 5395 ecclesia
1747 5333 2110 5415 archiepiscopalis,qu0t

1366 5427 1528 5506 Episcopos
1549 5426 1758 5502 suffraganeos
1773 5427 1880 5488 habeat
1905 5439 1935 5490 et
1956 5430 2009 5507 qui
2029 5431 2107 5506 sint,

1365 5522 1484 5582 sivero
1506 5525 1552 5581 est
1581 5518 1775 5598 episcopalis,
1797 5520 1858 5590 cui¹
1873 5521 2108 5604 Archiepiscopo

1364 5615 1403 5676 sit
1424 5604 1635 5690 sullraganeat

1361 5858 1591 5914 gor.x1v.const.
1609 5859 1682 5900 Oratis
1700 5859 1859 5908 apostoticae
1877 5860 2015 5900 servitutes
2029 5865 2106 5913 super

1361 5924 1495 5982 eligendos
1509 5924 1543 5969 ad
1556 5922 1674 5980 regimen
1692 5921 1894 5969 cathedralium.

2142 2423 2196 2468 cies.
2219 2426 2240 2470 ln
2261 2437 2312 2485 pappi.

2142 2477 2188 2522 bus
2202 2479 2278 2527 inlldel.
