4744 6976
353 534 406 589 Au.
421 537 452 592 O.
472 534 541 590 1745

398 963 549 1011 ltisslonaril

338 1017 462 1080 iubentur
483 1019 551 1064 circa

338 1071 454 1117 subrecta
468 1072 550 1126 capita

339 1125 459 1171 distincte
474 1126 549 1172 refer·

590 531 649 602 230

570 677 787 756 intelligimus,
811 677 891 744 nihil
913 679 1102 742 intentatum
1120 677 1309 758 relinquere,

568 776 651 853 quod
672 773 708 836 ad
728 773 865 850 singulas
885 773 1131 838 circumstantias
1151 775 1311 838 enucleate

569 866 772 946 assequendas
793 867 951 946 pertinere
965 869 1069 948 possit.

609 961 696 1036 553.
719 961 824 1024 Partes
844 971 938 1024 erunt
966 964 1062 1040 igitur
1084 963 1196 1027 Vicarii
1217 978 1310 1039 gene-

569 1053 651 1129 ralis,
663 1072 697 1116 ac
711 1054 859 1118 Praefecti
873 1056 1039 1132 missionis,
1054 1067 1310 1135 caeterorumque

569 1148 852 1224 missionaricrum,
880 1150 916 1212 ad
943 1165 1020 1228 quos
1047 1158 1241 1229 praesentem
1262 1149 1310 1210 in·

567 1240 773 1304 structionem
794 1242 907 1304 deferri
929 1243 1085 1319 volumus,
1104 1242 1242 1305 articulis
1264 1243 1311 1303 in-

567 1333 612 1395 fra
632 1332 776 1398 subiectis
796 1351 973 1414 congruum
994 1353 1026 1398 ac
1041 1337 1211 1399 dilucidum
1225 1337 1310 1398 euhi-

568 1429 642 1490 here
672 1445 866 1508 responsum,
899 1445 1019 1509 nosque
1049 1431 1196 1494 certiores
1217 1444 1310 1508 quam

569 1525 707 1602 primum
718 1525 849 1612 efficere,
863 1531 897 1585 ut
910 1523 1035 1587 taudem
1050 1525 1152 1599 firmo,
1165 1530 1200 1585 ut
1210 1523 1308 1598 aiunt,

567 1618 645 1694 pede
666 1617 835 1682 deliberare
856 1618 1016 1698 possimus.

607 1712 629 1774 l.
654 1713 703 1773 An
724 1729 792 1790 spes
811 1712 873 1776 ulla
887 1712 1031 1790 afiulgeat
1047 1712 1178 1791 proximi
1194 1712 1310 1775 reditus

567 1803 696 1867 alicuius
718 1805 859 1885 Episcopi
879 1807 916 1869 ad
941 1807 1094 1870 sinceram
1115 1821 1187 1868 curn
1208 1807 1309 1866 catho-

567 1897 625 1960 lica
646 1899 778 1962 Ecclesia
800 1901 962 1963 unitatem.

607 1990 643 2054 ll.
667 1993 716 2054 An
736 1993 829 2055 rebus
849 1994 882 2056 in
904 2009 951 2069 co,
974 1994 1007 2056 in
1028 2011 1089 2073 quo
1111 1996 1200 2058 hodie
1224 2000 1308 2069 sunt,

566 2095 648 2150 statu
670 2086 880 2161 manentibus,
896 2077 1048 2166 expediat,
1065 2089 1160 2151 tribui
1183 2090 1238 2151 uni
1259 2088 1309 2149 vel

567 2180 708 2259 plurihus
729 2179 916 2258 presbyteris
937 2180 1114 2244 facultatem
1140 2181 1311 2244 extraordi-

567 2273 686 2334 nariam
711 2272 945 2335 administrandi
974 2274 1208 2338 Sacramentum
1236 2290 1310 2351 cpu-

567 2365 766 2442 firmationis3
788 2366 850 2441 cui,
873 2367 924 2428 uel
945 2367 1068 2447 quibus,
1084 2367 1162 2430 dicta
1183 2368 1309 2431 facultas

567 2465 635 2522 tuto
662 2460 796 2536 delegari
828 2461 933 2539 possit,
956 2470 992 2524 ut
1013 2461 1104 2525 Sacro
1135 2463 1310 2526 chrismate

567 2554 730 2633 praecipue
757 2554 907 2617 liniantur
934 2553 991 2616 filii
1011 2557 1072 2617 orti
1092 2573 1108 2616 a
1130 2557 1308 2634 parentibus

566 2647 722 2709 catholicis
746 2654 814 2726 post
841 2647 994 2710 haeresim
1019 2649 1184 2726 eiuratam,
1207 2659 1239 2712 et
1258 2644 1320 2714 ali-⁶

566 2741 625 2804 luti
646 2741 737 2804 Sacro
758 2741 953 2822 Baptismate,
980 2743 1089 2806 saltem
1110 2761 1126 2806 a
1152 2746 1309 2812 sacerdote

565 2835 672 2898 latino.

606 2929 655 2995 111.
678 2932 727 2993 hu
749 2931 782 2994 in
803 2947 874 2994 casu
900 2933 1105 2995 concessionis
1130 2934 1309 2998 huiusmodi

565 3021 715 3087 facultatis
737 3025 878 3104 expediat
898 3042 1027 3088 monere
1056 3028 1238 3105 sacerdotes,
1268 3045 1308 3091 ne

566 3131 600 3176 ea
623 3123 751 3179 utantur
771 3117 1015 3182 administrando
1039 3120 1308 3184 confirmationem

565 3209 734 3273 infantibus
754 3211 932 3276 immediate
953 3221 1019 3292 post
1033 3213 1222 3292 baptismum
1235 3213 1309 3294 (nisi

565 3305 599 3366 iu
613 3321 683 3368 casu
698 3305 911 3386 necessitatis),
926 3305 979 3368 sed
994 3307 1027 3368 in
1042 3323 1077 3369 ea
1093 3315 1215 3370 tantum
1229 3316 1308 3370 aeta-

565 3405 609 3472 te,
631 3392 695 3477 quf
708 3397 937 3462 confirmandus
951 3401 1104 3464 virtutem
1119 3399 1308 3465 Sacramenti

565 3492 663 3554 valeat
683 3500 789 3558 mente
813 3493 982 3572 percipere.

605 3583 656 3649 ll.
679 3586 728 3648 An
754 3587 873 3650 diaconi
906 3587 994 3650 ritus¹
1016 3589 1127 3668 Cophti
1152 3590 1308 3667 attingant

564 3680 656 3743 hodie
670 3681 821 3743 eximium
836 3681 924 3745 illum
939 3697 1122 3759 numerum,
1137 3685 1191 3763 qui
1205 3702 1222 3747 a
1235 3686 1308 3747 scri·

564 3775 703 3854 ptorihus
723 3773 906 3852 praefertur.
923 3777 971 3839 An
986 3776 1105 3840 diaconi
1125 3777 1258 3842 ordinati
1275 3779 1307 3840 in

564 3875 661 3930 aetate
682 3868 805 3946 puerili,
828 3867 1009 3932 ministrent
1030 3872 1128 3934 adulti
1145 3872 1178 3935 in
1194 3873 1308 3937 Ordine

563 3969 717 4040 suscepto,
739 3970 770 4024 et
790 3961 823 4024 in
844 3969 928 4026 statu
947 3965 1069 4041 coelibi,
1085 3965 1127 4027 ita
1142 3975 1177 4029 ut
1197 3967 1307 4030 inferri

563 4055 670 4135 possit,
692 4069 744 4117 eos
764 4064 836 4119 ante
857 4056 980 4136 nuptias
1012 4065 1109 4120 ratam
1140 4060 1309 4123 ordinatio·

564 4165 637 4211 nem
667 4149 796 4224 hahere,
828 4165 900 4212 cum
930 4158 1126 4229 compertum
1156 4153 1207 4227 sit,
1231 4160 1307 4214 teste

564 4243 597 4304 P.
621 4245 746 4320 Benart,
769 4259 859 4307 casa
885 4259 985 4322 puero
1015 4243 1240 4324 sanctionibus
1262 4263 1307 4308 ec·

566 4336 754 4400 clesiasticis
781 4354 970 4411 assuescere,
1001 4349 1031 4402 et
1056 4341 1088 4402 in
1115 4356 1228 4418 magno
1249 4359 1308 4405 uu-

564 4447 651 4494 mero
678 4431 824 4506 ordinari,
847 4449 886 4495 ae
913 4431 1087 4511 aliquande
1112 4435 1229 4508 desiset,
1252 4437 1307 4514 qui

564 4525 723 4591 Ecclesiae
743 4523 936 4588 ministeriis
957 4542 1082 4604 operam
1097 4535 1226 4592 nasset

605 4620 640 4683 1.
663 4619 713 4682 hu
733 4627 764 4681 et
786 4622 939 4698 quomodo
969 4621 1037 4686 tolli
1064 4625 1156 4702 possit
1177 4634 1208 4687 et
1229 4624 1308 4688 radi-

563 4717 642 4782 citus
662 4716 808 4794 entirpari
839 4717 950 4780 abusus
977 4719 1158 4783 conferendi
1178 4720 1307 4784 Ordines

563 4817 636 4872 ante
657 4809 834 4886 legitimum
862 4819 995 4890 tempus,
1019 4823 1049 4874 et
1070 4813 1185 4889 induci,
1207 4815 1306 4894 quoad

562 4911 695 4966 aetatem
715 4905 970 4981 ordinandorum,
991 4906 1186 4969 obseruantia
1203 4907 1307 4969 decre-

564 5001 670 5058 torum
700 4995 830 5060 Concilii
857 4997 1043 5074 Tridentini,
1066 5015 1160 5077 quam
1180 5001 1214 5061 in
1235 5015 1306 5062 casu

563 5089 668 5163 simili,
694 5090 730 5153 ad
760 5090 924 5153 catholicae
956 5092 1027 5155 fidei
1057 5093 1242 5171 praesidium
1274 5099 1306 5154 et

563 5178 741 5260 disciplinae
761 5183 979 5246 ecclesiasticae
999 5193 1218 5261 augmentum,
1233 5184 1306 5248 Gre-

564 5274 668 5349 gorius
688 5273 766 5337 Xlll.
800 5274 974 5353 plurimum
1003 5279 1232 5340 commendavit
1253 5279 1306 5340 Pa-

563 5367 714 5430 triarchae
734 5369 956 5432 Maronitarum
977 5369 1010 5432 in
1031 5369 1092 5432 iilis
1114 5371 1229 5433 verbis:
1255 5373 1304 5434 la-

564 5459 700 5524 daceadi
719 5467 798 5525 seat
819 5463 1065 5536 Mareoticaque
1083 5463 1220 5526 Caecilii
1239 5465 1307 5527 Tri-

564 5554 692 5618 dcatioi
712 5555 840 5619 decreta
856 5554 1029 5629 observent,
1045 5573 1118 5620 sess.
1133 5557 1193 5631 23,
1207 5576 1231 5621 c.
1247 5561 1301 5620 12.

603 5647 651 5712 111.
664 5649 712 5711 1111
728 5650 795 5728 plus
810 5650 963 5713 commodi
977 5661 1008 5714 et
1021 5652 1175 5728 utilitatis,
1189 5652 1239 5714 vel
1253 5667 1304 5730 po·

563 5742 626 5805 tius
647 5742 780 5806 scandali
800 5752 831 5806 et
851 5745 1044 5820 detrimenti,
1060 5745 1189 5808 allatura
1202 5746 1242 5808 sit
1259 5746 1305 5808 rei

1092 552 1158 604 iuti.
1180 554 1272 606 ΡΟΝΤ.
1295 551 1336 604 fae
1356 555 1385 604 P·
1409 553 1438 604 if.
1462 556 1544 606 PARS
1565 552 1587 604 f.

1367 677 1533 741 catholicae
1552 676 1752 758 ‚dispensatio
1785 693 1880 757 super
1913 675 2110 740 matrimonio

1368 774 1445 838 inito
1476 780 1542 852 post
1571 774 1696 838 Ordines
1724 773 1843 852 Sacros,
1872 775 1988 837 libratis
2020 773 2054 836 in
2076 791 2110 836 u-

1368 876 1508 946 tramque
1530 877 1649 947 partem
1671 869 1814 932 omnium
1836 869 1992 931 rationum
2008 875 2038 930 et
2053 867 2111 930 cir-

1367 962 1625 1026 cumstantiarum
1646 963 1822 1026 momentis.

1406 1055 1425 1129 ἓ
1446 1053 1496 1116 51.
1519 1055 1620 1116 Enixa
1640 1054 1767 1118 demum
1795 1056 1969 1135 expetimus
1989 1073 2023 1118 ea
2045 1071 2109 1118 om-

1366 1147 1429 1222 nia,
1452 1165 1530 1226 quae
1551 1148 1722 1225 euangelici
1742 1165 1919 1227 praecones,
1941 1151 1977 1212 ad
1995 1151 2111 1212 anima-

1367 1257 1437 1304 rum
1458 1240 1602 1318 salutern,
1625 1244 1661 1305 ad
1681 1242 1846 1306 catholicae
1872 1245 1943 1308 fidei
1966 1259 2110 1322 propaga·

1367 1333 1495 1411 tionem,
1519 1345 1549 1398 et
1568 1335 1728 1414 spirituale
1748 1336 1893 1400 solatium
1918 1339 2053 1401 nationis
2075 1340 2110 1401 il-

1367 1423 1437 1502 lius,
1461 1443 1553 1506 quam
1574 1429 1684 1491 intima
1698 1429 1934 1508 complectimur
1948 1433 2109 1509 charitate,

1365 1529 1536 1600 opportuna
1551 1539 1618 1586 esse
1629 1525 1843 1600 cognoverint.
1857 1525 1986 1590 interim
1998 1527 2108 1604 Deum,

1366 1629 1382 1674 a
1403 1629 1465 1692 quo
1494 1623 1598 1678 sancta
1629 1616 1789 1693 desideria,
1812 1625 1893 1680 recta
1918 1620 2055 1696 consilia,
2078 1630 2110 1683 et

1366 1705 1445 1768 iusta
1465 1716 1539 1770 sunt
1565 1724 1667 1788 opera,
1690 1711 1782 1773 enixe
1806 1721 1961 1790 rogantes,
1990 1723 2025 1778 ut
2046 1715 2111 1776 ovi-

1365 1798 1422 1861 bus
1452 1817 1485 1863 ac
1516 1803 1687 1882 pastoribus
1723 1820 1853 1867 suorum
1890 1807 2110 1870 charismatum

1366 1895 1444 1956 dona
1476 1895 1674 1975 multiplicet,
1707 1897 1823 1962 eisdem
1852 1902 1947 1979 optati
1978 1909 2110 1964 eventus

1365 1990 1536 2067 auspicem,
1568 1991 1765 2069 apostolicam
1796 1993 2046 2058 benedictionem
2071 2011 2111 2057 ex

1365 2083 1471 2144 animo
1493 2083 1702 2162 impertimur.

1404 2178 1517 2239 Datum
1542 2177 1671 2254 Romae,
1701 2181 1779 2259 apud
1809 2181 1841 2245 S.
1866 2181 1991 2244 llariam
2019 2184 2109 2246 Maio

1366 2287 1444 2345 rem,
1466 2270 1524 2332 suh
1544 2272 1662 2335 annulo
1694 2273 1870 2352 Piscatoris,
1895 2276 1945 2338 die
1969 2291 2011 2338 rr.
2038 2279 2110 2339 maii

1366 2381 1539 2442 uocatus,
1556 2365 1753 2445 pontificatus
1774 2369 1872 2432 nostri
1895 2386 1976 2434 anno
1998 2389 2027 2432 v.

1620 2529 1855 2538 ..m-...ennoem-

1686 2652 1790 2717 cxlv.

1365 2833 1507 2900 Damnat
1535 2837 1672 2902 adesam
1698 2841 1921 2921 iuterropaadi
1948 2842 2109 2919 poeaiten-

1406 2936 1451 2990 tes
1473 2931 1509 2992 de
1531 2933 1655 2995 asaiae
1677 2934 1850 3012 complicis,
1872 2951 1928 2998 sea
1947 2934 2027 2997 socii
2046 2936 2108 2996 sri-

1404 3023 1517 3098 miais,
1548 3032 1711 3105 tamquam
1736 3028 1969 3102 scandolosum,
1996 3027 2109 3092 Sacro·

1403 3121 1507 3179 meato
1529 3117 1728 3182 iniuriosam
1749 3127 1807 3183 etc.
1831 3121 1888 3203 (f).

1366 3299 1595 3373 venerabilius
1626 3304 1771 3375 fratribus
1803 3307 2109 3392 acchiepiscopus

1406 3397 1565 3482 Episcopis
1591 3411 1747 3484 regnorum
1778 3401 1984 3486 Portupalliae
2006 3407 2037 3469 ei
2059 3402 2109 3469 11-

1405 3493 1581 3575 garbioruru,

1535 3641 1776 3714 ΒΕΝΕὓΙῦῘϋὸ
1793 3646 1853 3712 ΡΡ.
1873 3644 1945 3712 ltttl.

1563 3777 1762 3850 venerabiles
1783 3781 1909 3862 iratres,

1398 3871 1527 3940 salutern
1551 3879 1582 3941 et
1603 3875 1800 3959 apostolicam
1824 3876 2072 3944 benedictionem

2030 545 2047 582 ⁶
2141 539 2200 596 An.
2215 541 2247 596 (1.
2270 537 2336 596 1745

2154 1065 2321 1113 Adhortatio.

1404 4065 1555 4146 Suprema
1575 4067 1719 4129 omnium
1740 4067 1939 4133 ecclesiarum
1959 4068 2108 4132 sollicitu-
2144 4076 2277 4126 consinus
2290 4084 2336 4125 siu·

1363 4158 1402 4220 do
1423 4167 1453 4222 et
1472 4158 1576 4223 divina
1597 4161 1668 4222 lusu
1690 4161 1821 4224 Gaurani
1843 4161 1986 4224 omnium
2006 4131 2143 4232 Paeto-{¹1

2145 4133 2171 4177 ie
2187 4134 2216 4178 ln
2231 4137 2336 4178 avertan-

2146 4187 2167 4231 ls
2194 4189 2335 4232 animarum

1364 4269 1436 4314 rum
1456 4253 1619 4331 Principis,
1634 4253 1723 4315 cuius
1738 4255 1820 4316 sices
1835 4253 1924 4332 plane
1940 4254 2108 4318 immeren·
2127 4239 2258 4296 11111111*

1364 4353 1410 4407 tes
1431 4347 1579 4422 gerimus,
1602 4347 1711 4408 caritas
1732 4346 1851 4410 assidue
1872 4354 1965 4424 urget
1986 4363 2053 4423 nos,
2072 4357 2108 4411 ut

1364 4454 1420 4517 pro
1450 4440 1609 4502 commissa
1640 4439 1791 4504 divinitus
1821 4441 2024 4506 imbecillitati
2052 4458 2107 4504 no-

1363 4540 1442 4594 strae
1463 4532 1602 4595 universi
1628 4533 1781 4596 Dominici
1806 4535 1909 4611 gregis
1932 4551 2005 4598 cura
2029 4551 2109 4597 sem·

1363 4640 1418 4704 per
1439 4624 1652 4702 advigilantes,
1673 4626 1821 4706 periculis
1841 4627 2029 4704 animarum,
2051 4627 2108 4690 sie·

1363 4719 1416 4782 uhi
1446 4718 1527 4780 forte
1557 4719 1880 4797 superimpenderint,
1913 4736 1969 4799 per
1999 4737 2108 4784 omnes

1363 4812 1522 4874 christiani
1552 4811 1635 4873 ethis
1664 4813 1794 4892 populos
1822 4830 1855 4876 ac
1882 4815 2033 4890 nationes,
2055 4831 2108 4894 op·

1363 4912 1509 4986 portune,
1526 4913 1677 4984 quantum
1693 4921 1766 4968 cum
1784 4907 1917 4969 Domino
1931 4923 2106 4987 possumus,

1363 5014 1577 5075 occurramus;
1600 5006 1692 5078 atque
1712 4999 1750 5061 iis
1770 4999 1934 5080 praecipue
1955 5001 2059 5078 regnis
2077 5009 2107 5064 et

1363 5093 1435 5154 locis
1457 5091 1603 5172 peculiari
1625 5093 1757 5171 quodam
1779 5093 1961 5172 apostolicae
1985 5101 2108 5157 nostrae

1362 5183 1495 5248 caritatis
1515 5183 1618 5247 studio
1640 5185 1892 5264 auctoritatisque
1912 5184 2108 5265 providentia

1362 5279 1570 5354 consulamus,
1593 5278 1625 5339 in
1647 5278 1771 5357 quihus,
1794 5277 1967 5354 cumides,
1984 5279 2105 5357 religio,

1362 5373 1457 5452 pietas
1477 5371 1710 5451 quammaxime
1736 5373 1877 5448 floreant,
1900 5373 2028 5436 callidus
2049 5375 2107 5436 hu·

1363 5465 1445 5528 mani
1467 5465 1592 5542 generis
1612 5464 1709 5527 hostis
1730 5479 1843 5528 nocere
1862 5465 2106 5542 adelhacham

1361 5567 1467 5637 aperto
1486 5559 1566 5621 hello
1581 5559 1733 5638 desperat,
1749 5574 1804 5637 per
1819 5559 1943 5621 insidias
1958 5559 2104 5636 molitur3

1361 5652 1393 5713 in
1408 5650 1555 5728 angelum
1568 5652 1684 5715 scilicet
1698 5667 1766 5714 sese
1780 5652 1856 5715 lucis
1867 5647 2104 5730 transfigurans,

1361 5751 1392 5808 et
1412 5745 1562 5809 ementita
1582 5745 1656 5808 boni
1676 5746 1778 5825 specie
1806 5746 1937 5810 incautis
1958 5746 2105 5822 illudens,

604 5958 634 6024 (ll
649 5957 713 6008 llide
726 5957 794 6006 infra
807 5965 889 6008 const.
909 5965 952 6010 Uet
961 5969 1088 6018 patmum
1101 5983 1128 5999 -
1142 5967 1181 6011 Ad
1194 5967 1395 6013 eadhaedum.
