4798 6978
949 588 1144 633 hildemodus
1168 588 1228 633 Xlll.

315 715 421 795 possit,
445 715 497 777 nbi
530 721 615 777 certo
637 720 768 788 constet,
791 729 879 790 reges
901 711 980 788 illos,
1007 726 1062 788 pro

316 810 527 887 quibusoraut
539 816 569 870 et
581 823 715 886 quorum
732 805 1061 869 commemorationem

315 903 347 963 in
364 901 489 977 liturgia
501 901 628 974 lanciunt,
646 901 786 962 infideles
801 917 882 974 esse3
898 898 972 959 huie
987 913 1058 958 ven.

316 996 406 1060 Card.
431 993 639 1074 bellarminus
660 995 860 1071 responderet.
880 990 939 1072 (uti
962 989 1061 1067 reipsa

316 1089 474 1167 respondit
488 1087 520 1149 in
537 1087 678 1163 superius
699 1087 790 1148 citato
806 1101 872 1162 cop.
890 1083 926 1163 6)
947 1100 1062 1160 nequa-

317 1200 410 1261 quam
432 1182 565 1244 vetitum
582 1197 646 1242 esse
660 1198 700 1242 en
712 1179 837 1241 netnrtt
852 1179 910 1251 rei,
929 1185 963 1238 nt
975 1177 1062 1238 aiunt

319 1277 466 1353 theologi,
488 1291 576 1338 orare
598 1276 631 1337 in
652 1275 740 1336 llisst
761 1274 854 1335 etiam
877 1289 932 1351 pro
955 1271 1063 1332 inlide-

319 1372 414 1447 libus3
446 1370 709 1448 quemadmodum
741 1367 925 1429 sacrificium
955 1363 1061 1428 Crucis

136 1477 298 1540 aspernatus.
318 1482 373 1542 pro
394 1465 539 1528 omnihus
561 1463 696 1524 oblatum
721 1462 790 1523 luit.
818 1461 855 1521 Et
877 1475 950 1520 sane
971 1457 1062 1519 divus

78 1531 300 1646 ipsstfflc‘iffe‘fpif-
318 1560 449 1620 Thomas
471 1558 506 1619 in
530 1555 686 1626 sentent„
711 1555 785 1618 dist.
811 1557 865 1624 12,
882 1558 1003 1630 quaest.
1025 1551 1060 1620 2,

78 1643 204 1738 {¹5¹2}qu
237 1650 298 1694 ¹³⁰⁵·
317 1659 382 1716 ort.
395 1656 429 1724 2,
442 1659 563 1730 qneest.
579 1651 603 1709 2
617 1650 658 1712 od
673 1654 840 1726 quartum,
863 1646 962 1718 (locet,
979 1645 1061 1722 quod

317 1746 456 1826 quamvis
478 1745 509 1808 S.
534 1742 728 1820 Augustinus
744 1743 775 1804 in
791 1743 869 1804 libro
884 1741 921 1802 de
936 1739 1061 1818 oripine

316 1839 443 1903 animae
464 1838 634 1916 scripserit,
656 1833 838 1898 sacrificium
861 1850 916 1912 pro
938 1833 973 1893 iis
995 1839 1060 1893 tan-

318 1943 383 1994 tum
399 1933 515 2008 ollerri,
532 1932 585 2012 qni
606 1939 681 1994 sant
695 1929 833 1993 membra
850 1929 975 2002 Christi,
987 1929 1061 1988 haee

318 2033 419 2088 tamen
452 2025 607 2089 sententia
631 2025 670 2086 ita
699 2024 790 2102 accipi
819 2021 928 2091 dehet,
952 2027 987 2082 ut
1009 2036 1060 2080 eos

315 2137 423 2182 omnes
445 2121 680 2198 complectatur,
703 2118 756 2195 qui
784 2117 832 2178 vel
861 2115 922 2176 iam
944 2114 1058 2177 Christi

315 2216 452 2276 membra
481 2220 554 2276 sunt
578 2213 626 2273 vel
653 2211 727 2273 tales
754 2209 886 2271 evadere
917 2215 1056 2286 possunt.

314 2311 414 2384 Quare
436 2308 517 2369 idem
540 2305 712 2368 Cardinalis
733 2302 850 2376 subdit,
876 2317 940 2363 rem
963 2307 1059 2362 totam

315 2417 351 2462 ex
377 2401 540 2462 interdicto
562 2398 715 2460 Ecclesiae
735 2413 801 2457 esse
820 2393 1056 2456 dimetiendam:

316 2501 439 2556 cortem
469 2499 517 2554 est
539 2509 578 2554 en
606 2490 731 2554 notnrd
758 2490 819 2562 rei,
843 2489 871 2550 si
900 2485 993 2549 nolin
1014 2485 1059 2546 sit

314 2585 489 2666 prohibitio
506 2585 675 2656 Ecclesiae,
693 2584 787 2645 licere
802 2583 913 2662 offerre
928 2597 985 2658 pro
1002 2579 1059 2640 ltn-

316 2681 454 2744 iosmodi
477 2677 676 2750 bominibus,
699 2679 736 2739 de
758 2676 934 2739 infidelibus
962 2673 1060 2751 loqui-

316 2785 378 2838 tor.
413 2776 555 2852 Cumque
580 2771 759 2834 huiusmodi
789 2768 954 2847 prohibitio
975 2775 1060 2827 extet

316 2867 413 2947 quoad
426 2865 721 2938 excommunicatos,
732 2864 865 2940 adeoque
878 2859 975 2940 quoad
991 2861 1061 2920 hae-

316 2962 428 3023 reticos
442 2968 473 3021 et
487 2958 706 3031 schismaticos,
731 2973 792 3018 non
811 2972 883 3017 vero
898 2953 996 3033 quoad
1013 2953 1059 3014 in-

316 3054 422 3116 rideles
437 3054 489 3131 qui
501 3051 820 3114 excommunicatione
831 3065 895 3111 non
910 3048 1058 3125 ligantur-3

315 3149 373 3210 hoc
393 3147 465 3208 satis
486 3161 551 3207 esse
572 3146 673 3219 ait,ut
687 3143 724 3204 de
739 3143 786 3204 his
807 3141 1060 3204 commemoratio

317 3241 385 3302 beri
405 3239 500 3318 possit
521 3239 553 3300 in
581 3238 678 3310 ltlisst,
701 3243 794 3315 atque
822 3235 914 3297 etiam
936 3251 991 3313 pro
1011 3233 1060 3294 his

315 3334 498 3397 sacrificium
513 3331 630 3407 offerri,
643 3331 728 3392 iuxta
743 3328 938 3391 manifestam
954 3329 1008 3390 hac
1023 3327 1060 3389 de

316 3444 350 3488 re
373 3427 570 3488 traditionem
593 3431 623 3485 et
645 3423 910 3488 Constitutionem
931 3423 1059 3498 Aposto-

315 3521 421 3583 licam:
447 3517 538 3582 «Sed
560 3525 687 3595 quaeret
703 3516 824 3594 aliquis,
840 3522 946 3578 utrum
967 3515 1058 3575 siren

316 3613 450 3676 inlidelis
471 3620 530 3687 est,
554 3611 641 3672 utin
665 3611 787 3673 Graeeit
811 3609 863 3672 ubi
886 3609 983 3669 Tucca
1007 3609 1058 3668 do-

316 3707 466 3780 minatur,
488 3715 520 3768 et
541 3705 573 3767 in
596 3704 690 3778 ludia,
712 3711 743 3764 et
766 3704 798 3766 in
821 3704 954 3781 laponii,
979 3701 1056 3780 apud

316 3801 416 3876 Sinas,
439 3800 491 3861 uhi
513 3799 629 3861 ethnici
651 3807 794 3874 regnant,
812 3797 900 3859 liceat
920 3797 1058 3858 sacerdo-

316 3895 414 3968 tibus,
437 3893 490 3972 qui
513 3893 554 3954 ibi
581 3898 669 3968 sunt,
700 3907 844 3968 expresse
871 3891 981 3952 ollerre
1003 3907 1058 3968 pro

316 3990 409 4064 reget
439 3984 635 4064 Respondeo:
669 3985 813 4045 existimo
836 3985 945 4058 licere,
968 3987 1059 4047 modo

315 4097 371 4142 rex
394 4079 447 4140 ille
468 4095 531 4141 nou
554 4079 593 4138 sit
615 4077 913 4152 excommunicatus,
937 4086 971 4140 ut
985 4085 1060 4140 sunt

316 4187 405 4248 reges
426 4169 584 4243 haeretici,
600 4170 651 4231 sed
667 4185 803 4247 paganus
824 4170 890 4230 sive
904 4171 1057 4232 ethnicus.

316 4263 394 4326 Nam
424 4264 498 4325 haec
528 4262 662 4336 traditio,
692 4263 786 4323 immo
807 4269 838 4323 et
866 4264 1058 4338 constitutio,

316 4357 479 4438 apostolica
500 4365 564 4431 est,
589 4364 623 4418 ut
645 4357 735 4435 paulo
757 4364 830 4419 ante
855 4358 1057 4419 ostendimus.

315 4452 425 4530 Neque
452 4458 553 4524 extat,
581 4449 662 4528 quod
690 4452 802 4527 sciam,
827 4450 888 4512 ulla
911 4450 1061 4512 Ecclesiae

316 4545 477 4607 manifesta
498 4544 673 4622 prohibitio.
698 4543 742 4605 ad
762 4546 834 4608 haec
856 4559 918 4606 non
942 4545 1061 4606 inutili-

316 4649 363 4700 ter
384 4636 592 4698 suhiiciendus
607 4637 742 4699 occurrit
758 4645 861 4699 textus
876 4639 1059 4700 Tertulliani

316 4732 351 4793 ad
374 4729 535 4809 Scapulam
557 4746 625 4808 cop.
640 4729 674 4804 2,
693 4731 745 4792 ubi
766 4732 808 4793 sic
831 4731 959 4808 legitur:
984 4751 1061 4794 asa-

316 4824 489 4885 crihcamus
511 4837 565 4900 pro
585 4822 684 4884 salute
706 4821 915 4900 Imperatoris,
932 4825 983 4886 sed
999 4826 1060 4887 Deo

317 4925 423 4982 nostro
444 4923 477 4977 et
504 4916 612 4994 ipsius3
636 4917 704 4989 sed,
727 4919 880 4995 quomodo
909 4918 1061 4996 praecepit

316 5012 415 5084 Dens,
438 5011 513 5088 puri
535 5023 644 5088 prece3
671 5025 733 5071 non
761 5011 845 5071 enim
866 5020 938 5088 eget
969 5012 1059 5086 Deus,

317 5103 459 5166 eonditor
482 5103 704 5178 universitatis,
716 5102 844 5164 honoris
866 5113 918 5166 aut
938 5108 1061 5182 saugui-

316 5198 366 5260 nis
386 5197 554 5260 alicuius.»
795 5195 797 5198 ’

121 5298 234 5360 8⁰¹ldi⁰r
258 5308 298 5343 rc·
356 5291 445 5366 528.
469 5290 599 5366 Verum,
629 5291 745 5352 relictis
767 5291 798 5351 in
819 5293 873 5353 sud
900 5292 1063 5370 probabili-

84 5352 299 5450 {lidii’dlbii
320 5385 568 5448 tatehuiusmodi
580 5384 812 5458 assertionibus,
823 5385 901 5446 nihil
915 5385 974 5445 illis
985 5401 1062 5464 opus

85 5461 171 5568 agnae
194 5459 299 5504 ‘¹⁰⁵¹ffl'·
317 5480 377 5541 luit
398 5479 433 5540 ad
456 5479 524 5553 hoc,
541 5488 576 5540 ut
590 5479 784 5556 imperatoris
799 5488 829 5539 et
844 5478 965 5555 Regum
980 5495 1061 5540 com-

318 5574 501 5634 memoratio
524 5573 556 5633 in
577 5572 682 5634 Graeci
700 5571 880 5648 Euchologii
905 5580 991 5634 tenta
1013 5588 1063 5633 re-

318 5668 524 5747 linqueretur.
541 5668 681 5731 lnnotuit
696 5669 860 5746 siquidem,
874 5667 1003 5732 Graecos
1014 5686 1060 5731 ca-

317 5762 444 5824 tholicos
460 5763 675 5838 interrogatos,
690 5778 766 5824 num
783 5762 813 5823 in
827 5761 970 5840 praetatis
980 5778 1062 5823 com·

315 5855 1060 5931 memoratiouihushahendishocanimoessent,

316 5957 351 6011 ut
372 5965 477 6028 preces
498 5947 647 6010 oberrent
669 5964 725 6026 pro
754 5948 879 6023 loreis,
909 5964 986 6026 quos
1008 5951 1061 6011 do-

1784 564 1843 627 pgp
1895 563 1946 612 nn.
1961 565 1990 614 c.
2013 564 2081 614 rasa

1118 710 1219 772 minos
1241 711 1424 787 temporales
1450 709 1627 791 patiuntur,
1650 723 1688 769 ex
1716 722 1778 785 quo
1799 706 1863 766 suis

1118 802 1250 880 propriis
1265 803 1455 880 principibus
1465 803 1562 865 orbati
1574 801 1719 877 luerunt3
1735 815 1863 877 respon·

1118 893 1208 970 disse,
1223 912 1256 957 se
1277 897 1333 958 hoc
1348 913 1470 974 semper
1485 896 1678 975 propositum
1692 894 1796 956 animo
1812 893 1863 954 ha-

1118 988 1202 1062 here,
1216 998 1250 1050 ut
1271 1007 1326 1066 pro
1348 990 1526 1053 orthodoxis
1540 975 1666 1066 regibus
1680 995 1711 1049 et
1725 986 1863 1050 christia-

1119 1083 1165 1144 nis
1187 1084 1377 1160 principibus
1398 1091 1498 1146 orent.
1522 1084 1565 1144 lta
1588 1089 1717 1144 testatur
1734 1081 1862 1143 Goarius

1118 1175 1153 1235 in
1175 1176 1262 1236 notia
1289 1176 1330 1237 ed
1359 1175 1604 1254 duodetriginta,
1625 1189 1697 1252 pop.
1724 1173 1788 1244 38,·
1809 1172 1861 1232 uhi

1118 1270 1158 1330 ait
1186 1269 1424 1345 interrogationi
1453 1267 1575 1330 Graecis
1603 1267 1758 1329 catholicis
1786 1285 1801 1326 a
1830 1282 1862 1326 se

1119 1364 1307 1442 propositae,
1330 1381 1384 1441 an,
1408 1381 1513 1443 preces
1539 1364 1606 1426 illas
1627 1364 1861 1442 pronunciando

1117 1474 1172 1536 pro
1199 1459 1316 1534 loreis,
1344 1460 1442 1521 [leam
1467 1459 1621 1536 deprecari
1649 1459 1860 1532 intenderent,

1117 1560 1294 1615 constanter
1305 1552 1341 1612 ah
1354 1553 1389 1613 iis
1401 1552 1494 1615 tuisse
1508 1568 1705 1630 responsum:
1721 1551 1808 1614 Solos
1823 1558 1862 1612 ut

1117 1645 1276 1720 piissimos
1292 1651 1322 1704 et
1338 1663 1357 1706 o
1375 1645 1435 1706 beo
1457 1645 1633 1707 custoditos
1658 1643 1751 1722 depes
1771 1643 1862 1721 prin·

1117 1736 1200 1813 cipes
1215 1744 1340 1798 nostros
1356 1738 1553 1799 christianos
1567 1736 1721 1814 profiteri,
1740 1741 1771 1796 et
1785 1751 1861 1812 qnos

1118 1829 1257 1891 dominio
1278 1831 1498 1908 enpostnlnnt,
1514 1830 1574 1908 pide
1595 1831 1661 1892 inm
1682 1837 1713 1890 et
1736 1828 1863 1908 reiipio·

1117 1939 1154 1984 ne
1176 1929 1312 1984 rectores
1335 1923 1535 2002 dominosque
1556 1922 1591 1985 in
1611 1922 1750 1984 ecclesiia
1772 1938 1862 1999 proe-

1117 2017 1235 2088 dicore,
1260 2025 1290 2079 et
1318 2033 1376 2095 pro
1404 2018 1448 2078 eis
1474 2017 1549 2078 solis
1579 2016 1860 2094 impraetermisse,

1117 2111 1214 2173 etiarn
1230 2109 1324 2174 libris
1340 2112 1436 2173 editis
1450 2127 1555 2189 preces
1570 2110 1860 2188 supprimentibns,

1116 2221 1210 2265 orere
1230 2207 1317 2267 nette.

1155 2299 1173 2372 5
1195 2297 1242 2360 29.
1262 2297 1507 2378 Sequiturmmc
1521 2301 1692 2362 secundum
1707 2299 1859 2362 llonitum
1889 2311 2091 2376 secundumha-

1116 2408 1154 2452 ea
1175 2393 1233 2467 his,
1257 2409 1334 2471 quae
1355 2410 1453 2455 novae
1466 2394 1592 2456 editioni
1613 2393 1718 2456 Craeei
1741 2394 1860 2456 Eucho·
1880 2369 1963 2482 ῗὲιῗῖἷῖἶ
1978 2365 2092 2465 ῗιῗιὲῘ-’ἷῐξζ

1117 2483 1190 2560 logii
1213 2487 1343 2563 praefica
1367 2485 1507 2561 luerunt,
1530 2487 1562 2547 in
1585 2489 1659 2549 haec
1679 2488 1770 2548 rerba
1787 2479 1859 2548 eon·
1878 2474 1956 2525 “⁰¹‘’
1976 2483 2027 2528 ⁰⁰⁰
2048 2473 2091 2519 ⁰¹³·

1115 2585 1256 2658 ceptum:
1283 2580 1329 2642 nd
1352 2581 1427 2644 boec
1449 2582 1484 2644 in
1505 2582 1610 2644 eidem
1631 2582 1742 2645 diciaci
1758 2590 1788 2645 et
1809 2599 1858 2642 so·
1878 2523 2090 2675 ὲῗῗύῗὲθὲιαιῗιῗῖἷ

1116 2674 1173 2738 cri
1196 2675 1336 2755 liturgici
1350 2677 1495 2738 sacerdos
1515 2675 1573 2738 Deo
1588 2677 1726 2756 pierium
1742 2693 1858 2740 ennena
1878 2642 1947 2730 tr‘a'bfa
1969 2632 2091 2678 uereren-

1115 2767 1238 2830 uccedit
1259 2768 1307 2830 od¹
1323 2769 1417 2840 dono,
1440 2785 1536 2848 eoque
1561 2770 1705 2832 decenter
1725 2788 1764 2833 oc
1786 2771 1860 2833 reli-

1116 2863 1198 2941 pioae
1219 2877 1319 2940 snpra
1342 2870 1440 2940 capnt
1467 2864 1596 2936 totiens,
1620 2865 1661 2926 ed
1682 2864 1789 2926 altore
1811 2865 1862 2926 de-

1116 2957 1181 3035 feat
1203 2953 1445 3018 circumducens
1466 2963 1498 3018 et
1518 2957 1687 3035 procedens
1708 2973 1765 3034 per
1787 2965 1861 3020 tern-

1116 3047 1216 3125 plum,
1240 3048 1315 3110 dunt
1338 3049 1469 3112 interim
1488 3049 1625 3128 populns
1646 3049 1772 3113 snntmd
1788 3069 1861 3116 cnm

1117 3142 1294 3206 reverentii
1316 3148 1347 3205 et
1369 3145 1532 3207 deuotione
1553 3145 1693 3207 inclinet
1716 3152 1813 3221 capnt
1830 3153 1859 3207 et
1919 3198 1923 3206 .

1114 3238 1264 3314 procidit,
1288 3237 1484 3316 supplicans,
1507 3237 1690 3300 memorium
1713 3239 1767 3299 sui
1788 3239 1860 3317 fieri

1115 3331 1151 3393 in
1173 3330 1208 3393 ed
1229 3331 1386 3392 donorum
1400 3331 1685 3394 circumductione.
1710 3331 1768 3395 Sed
1784 3333 1860 3409 quio

1115 3425 1267 3487 nortnnlli
1291 3425 1433 3502 fidelium
1459 3425 1696 3502 procidentium
1723 3425 1859 3486 circnm-

1116 3518 1184 3580 lotu
1207 3519 1288 3581 done
1305 3527 1469 3596 tamqnam
1482 3518 1603 3595 Corpus
1619 3526 1649 3581 et
1661 3517 1859 3600 Soopninem

1118 3611 1240 3672 Christi
1263 3611 1401 3674 odorant
1417 3619 1511 3689 utque
1534 3611 1738 3682 emistimont,
1754 3609 1794 3674 ob
1809 3612 1858 3672 in-

1116 3706 1220 3767 troite
1242 3707 1380 3785 tortosae
1401 3706 1763 3784 Praesenctificntornm
1776 3707 1859 3766 dece-

1115 3800 1176 3877 pti,
1199 3801 1323 3877 qnondo
1343 3799 1467 3861 sciticer
1489 3799 1790 3877 praesanctificotns
1804 3815 1859 3878 po-

1115 3895 1167 3955 nis
1178 3893 1334 3975 desertor,
1353 3894 1537 3973 ipnorontes
1553 3893 1765 3972 differentiam
1780 3911 1860 3973 quoe

1116 3989 1203 4051 inter
1215 3989 1296 4051 bone
1311 3995 1341 4050 et
1356 3987 1447 4050 illem
1469 3987 1660 4049 deletionem
1674 3987 1860 4061 intercedit,-

1117 4082 1236 4143 idcir·co
1258 4089 1390 4159 oportet,
1410 4081 1444 4142 in
1467 4079 1524 4140 boc
1539 4095 1664 4156 operum
1685 4097 1777 4142 sunm
1791 4087 1860 4143 stn-

1116 4173 1266 4250 dinmqne
1286 4174 1462 4245 intendere,
1478 4179 1517 4235 nt
1539 4181 1670 4235 cunctos
1691 4174 1794 4253 fideles
1809 4191 1860 4238 ec-

1116 4269 1229 4328 cnrote
1251 4265 1359 4326 doceat
1381 4266 1607 4345 edmoneutqne
1630 4267 1667 4328 de
1689 4267 1757 4341 itte,
1782 4285 1861 4346 qnae

1118 4358 1204 4421 inter
1225 4366 1398 4436 nitentque
1419 4359 1574 4421 donorum
1596 4360 1790 4424 deletionem
1811 4363 1860 4425 in-

1119 4453 1263 4525 tercedit,
1279 4452 1481 4532 differenti,-
1503 4471 1573 4516 enm
1588 4456 1656 4519 olio
1672 4459 1797 4534 quidem
1809 4460 1860 4520 do·

1117 4563 1159 4609 no
1176 4547 1314 4609 nondum
1327 4547 1393 4608 sint
1407 4545 1572 4609 immolato
1583 4554 1614 4608 et
1625 4552 1779 4630 perfecto,
1793 4550 1861 4614 ulie

1117 4659 1188 4704 nero
1211 4640 1268 4702 Dei
1290 4640 1381 4702 verbo
1408 4642 1554 4721 consecto
1575 4648 1605 4701 et
1637 4643 1861 4720 sanctificato,-

1118 4740 1148 4798 et
1170 4735 1246 4796 bueo
1267 4733 1507 4813 reiipiosisairne
1518 4730 1650 4796 debeant
1666 4735 1726 4796 coti
1741 4741 1772 4796 et
1788 4737 1861 4798 odo-

1118 4829 1202 4898 rari,
1226 4843 1298 4889 curn
1325 4824 1384 4887 snb
1406 4831 1506 4904 specie
1527 4844 1564 4888 oc
1591 4825 1742 4904 symbolis
1767 4831 1861 4905 punis

1117 4929 1146 4982 et
1168 4921 1238 4982 nini
1256 4921 1376 4996 Corpus
1388 4925 1418 4980 et
1435 4921 1631 4999 Sanguinem
1655 4921 1779 4983 Cbristi
1791 4940 1863 4983 cora-

1118 5015 1264 5087 tineeot,·
1285 5030 1373 5075 seona
1396 5030 1467 5074 aero
1488 5019 1660 5092 antequem
1682 5033 1860 5078 consecren-

1119 5114 1176 5169 tnr
1197 5116 1226 5169 et
1248 5107 1471 5187 perficiuntur.

1157 5201 1245 5277 530.
1269 5201 1331 5263 lam
1353 5200 1429 5263 illud
1452 5209 1535 5263 recte
1556 5201 1663 5276 nostis,
1687 5218 1782 5264 venn.
1802 5202 1860 5264 ira·
1907 5213 1973 5275 Quot
1989 5211 2040 5258 sint
2056 5213 2092 5257 an-

1119 5305 1191 5370 tres,
1214 5295 1317 5358 dilecti
1349 5295 1422 5369 salii,
1444 5296 1520 5356 duos
1547 5293 1578 5356 in
1604 5296 1706 5357 vestri
1735 5293 1860 5373 liturgii
1878 5267 2093 5376 ξ’ἓὲωῗὶῖεῖῗῆῗῖἷξ

1117 5405 1182 5450 esse
1204 5389 1373 5465 ingressus,
1395 5389 1551 5450 minorem
1566 5389 1710 5461 alterurn,
1726 5388 1861 5450 alterum
1880 5385 1909 5418 ²¹⁰
1923 5375 2008 5419 varius
2020 5375 2090 5419 ΗΜ·

1118 5483 1266 5544 maiorem
1282 5492 1508 5559 nuncupatum.
1533 5481 1633 5543 ldinor
1654 5488 1699 5543 est
1719 5481 1782 5556 ille,
1800 5498 1860 5559 quo

1116 5577 1211 5638 sancti
1225 5575 1386 5652 Evangelii
1407 5574 1501 5637 codex
1521 5575 1674 5651 intertum
1697 5575 1794 5637 maior
1808 5592 1860 5637 au-

1118 5677 1181 5731 tem
1204 5670 1254 5730 ille
1275 5679 1332 5744 est,
1355 5687 1415 5748 quo
1437 5673 1518 5731 satra
1539 5669 1630 5744 dona,
1644 5669 1794 5730 nimirum
1812 5685 1860 5746 pa·

1118 5763 1165 5824 nis
1188 5771 1218 5823 et
1239 5763 1316 5836 vini,
1334 5779 1397 5824 non
1413 5764 1511 5824 adhuc
1531 5770 1719 5836 consecrata,
1735 5779 1749 5822 a
1765 5777 1860 5840 parvo

1117 5856 1204 5916 altari
1224 5870 1278 5916 seu
1300 5858 1421 5931 mensa,
1445 5871 1523 5933 quae
1547 5855 1713 5916 Protbesis
1734 5857 1859 5932 dicitur,

1115 5959 1323 6027 superquam
1351 5957 1527 6026 praeparata
1548 5949 1688 6023 inerant,
1709 5949 1860 6028 supplica·
