4732 7014
101 615 147 670 aa
157 613 185 665 C.
203 612 279 665 1740

308 750 411 813 sionis
425 753 618 818 Praefectus:
635 757 722 835 prius
738 762 871 817 tamena
888 763 917 817 te
931 754 1062 833 proban·

310 842 378 919 dos,
400 852 494 925 atque
515 848 743 927 expendendos,
766 864 804 909 an
827 856 912 911 nuto
927 847 1064 910 Ministe-

311 937 360 1001 rio
380 939 446 1001 sint
465 940 579 1019 idonei,
595 943 729 1006 adbibita
744 943 865 1018 norma,
883 959 975 1021 quam
990 958 1062 1004 cum

311 1029 363 1093 bis
382 1030 497 1095 litteris
517 1036 669 1114 accepisti.

354 1125 546 1203 aggredere,
565 1130 751 1194 venerabilis
765 1129 870 1206 irater,
887 1146 1012 1208 magno,
1029 1137 1063 1192 ut

311 1216 406 1293 soles,
422 1219 527 1282 animo
548 1223 789 1286 saluberrimum
812 1240 899 1302 opus,
916 1240 971 1301 spe
991 1223 1063 1285 duc-

313 1315 366 1370 tus
393 1311 577 1376 immortalis
605 1318 744 1394 praemii,
775 1319 857 1396 quod
878 1318 915 1379 ab
936 1325 1063 1378 aeterno

312 1402 439 1468 Pastore
460 1423 633 1486 numquam
654 1411 740 1473 deest
755 1412 862 1473 vineae
877 1426 951 1472 suae
966 1410 1063 1472 culto·

311 1495 413 1572 ribus,
435 1505 466 1560 et
487 1500 648 1577 ingentem
669 1521 685 1564 a
707 1504 795 1565 nobis
817 1504 946 1581 gratiam
969 1504 1063 1564 initu-

310 1605 380 1665 rus,
402 1593 490 1654 cuius
515 1595 628 1672 pignus
655 1597 851 1675 apostolicam
878 1596 1065 1659 benedictio-

313 1698 391 1746 nem
416 1684 600 1751 fraternitati
629 1696 699 1752 tuae
727 1698 924 1769 peramanter
949 1690 1063 1769 imper·

312 1778 425 1841 timor.

356 1873 467 1935 Datum
499 1875 626 1950 Romae,
654 1877 734 1954 apud
765 1877 795 1940 S.
820 1876 946 1939 llariam
974 1878 1066 1939 Maio·

312 1982 396 2040 rem,
411 1967 470 2028 sub
488 1968 607 2030 annulo
621 1969 792 2044 Piscatoris,
808 1970 858 2031 die
873 1986 914 2030 vr.
933 1970 1064 2032 octobris

312 2076 470 2136 nnccrc,
493 2063 689 2141 pontificatus
711 2063 808 2124 nostri
830 2078 911 2124 anno
933 2079 954 2123 1.

357 2276 386 2330 (l)
402 2277 439 2318 Ex
453 2274 520 2319 Bull.
540 2277 613 2319 Rour.
630 2278 728 2321 Romae
749 2288 891 2323 nnccxnrx.
913 2278 1066 2323 Instructio·

311 2353 375 2386 nem
392 2345 415 2386 S.
432 2344 456 2386 C.
472 2341 581 2386 concilii
595 2354 674 2399 super
695 2344 771 2388 modo
790 2343 944 2389 conficiendi
960 2344 1065 2390 relatio

312 2420 362 2453 nes
376 2410 496 2454 statuum
510 2408 690 2464 ecelesiarum,
705 2421 771 2466 quas
785 2410 870 2455 eidem
885 2414 909 2454 S.
925 2415 1012 2467 cong,
1027 2423 1065 2456 oc·

310 2474 421 2520 casione
434 2475 599 2520 visitationis
614 2480 719 2522 Sacror:
732 2477 873 2531 Linrinum,
888 2478 1011 2523 exhibere
1024 2479 1065 2523 de

310 2541 379 2586 bont
400 2541 517 2599 archiep.
533 2546 580 2587 etc.
604 2543 631 2587 in
645 2544 791 2600 appendice
812 2546 844 2590 ad
865 2546 963 2590 caricem
985 2546 1064 2591 buius

310 2608 419 2664 primae
432 2609 516 2665 partis
529 2609 663 2662 dabimus:
678 2609 880 2656 instructionem
891 2623 952 2657 vero
963 2615 986 2656 S.
998 2617 1022 2656 C.
1033 2613 1065 2658 de

311 2677 390 2732 Prop.
413 2675 476 2720 Pide
496 2688 575 2732 super
597 2677 753 2722 visitatione
774 2681 815 2722 ss.
839 2678 971 2722 liminum
987 2678 1013 2722 in
1029 2690 1065 2722 se·

310 2742 401 2787 cunda
411 2746 486 2799 parte
496 2743 576 2789 huius
586 2744 653 2789 iuris
666 2756 714 2789 suo
724 2744 780 2789 loco
790 2744 906 2789 inveniet
916 2745 1011 2790 lector:
1023 2745 1065 2790 bic

313 2811 421 2854 tantum
436 2811 639 2857 transcribimus
652 2810 869 2856 constitutionem
885 2811 951 2856 Sixti
966 2814 992 2854 V.

545 2947 654 2990 slxro's
669 2947 835 2990 Episcopus

529 3068 628 3108 Servos
645 3069 792 3109 Smerden
808 3069 854 3110 Det

466 3149 502 3190 ad
514 3151 677 3200 perpetuam
691 3150 731 3189 ret
745 3151 912 3191 rroeenortem.

354 3278 490 3322 Romanus
505 3279 629 3334 Pontifex,
639 3281 788 3326 Beatissimi
798 3282 869 3326 Petri
880 3282 1065 3338 Apostolorum

312 3342 445 3401 Principis
466 3348 612 3401 Successor,
626 3347 653 3392 in
671 3348 803 3394 altissima
824 3349 966 3394 militantis
981 3350 1065 3393 Eccle

311 3408 370 3455 siae
384 3413 500 3468 specula,
514 3413 602 3458 divina
616 3415 788 3472 dispositione
801 3417 953 3471 collocatus,
967 3428 997 3461 ex
1012 3428 1065 3461 cre

310 3477 371 3522 dito
385 3478 437 3523 sibi
451 3480 610 3536 apostolicae
631 3483 769 3528 servitutis
789 3485 873 3530 officio
893 3484 1012 3530 onnrium
1027 3496 1064 3529 ec·

310 3546 457 3592 elesiarum
468 3548 663 3595 solicitudinem
676 3550 1062 3609 babe1·e,totiusqueboiriinici

311 3612 416 3669 Gregis,
431 3613 477 3670 qui
491 3615 570 3660 unius
585 3619 695 3662 Sanctae
705 3618 855 3663 Catholicae
865 3623 890 3662 st
902 3617 1064 3675 apostolicae

311 3680 447 3726 Ecclesiae
467 3693 514 3738 per
535 3681 688 3728 universum
711 3685 769 3729 0rb.
790 3689 924 3730 terrarum
945 3686 1064 3738 diffusae,

312 3757 391 3793 sacro
405 3748 468 3793 ovili
483 3749 656 3804 concluditur,
671 3763 762 3796 curam
780 3763 873 3807 gerere
887 3755 999 3797 tenetur.
1016 3756 1066 3797 llu-

311 3813 434 3859 iussero
456 3817 510 3860 tam
533 3817 623 3872 gravis
642 3820 668 3862 et
690 3818 805 3874 ingentis
826 3819 923 3872 oneris,
937 3819 1064 3874 angelicis

311 3881 393 3938 plane
408 3882 527 3928 humeris
546 3884 714 3940 formidandi,
736 3886 946 3941 magnitudinem
962 3890 991 3931 ut
1007 3887 1065 3931 faci·

111 3286 275 3332 Prooemium.

312 3948 369 3994 lius
383 3949 452 3995 ferre
473 3954 568 4007 posset,
582 3953 746 3998 venerabiles
766 3953 864 3998 fratres
881 3965 941 3998 snos
956 3954 1065 3999 catholi-

312 4027 358 4061 cos
372 4017 512 4074 Episcopos
527 4018 555 4062 ia
569 4022 671 4076 partem
687 4031 750 4065 suae
768 4020 944 4065 solicitudinis
958 4021 1064 4067 advoca-

313 4083 366 4138 vit;
381 4084 427 4140 qui
442 4087 577 4142 tamquam
591 4087 708 4131 seniores
724 4086 751 4131 iu
766 4088 862 4143 populo
877 4088 929 4141 Dei,
945 4087 1015 4143 pleni
1026 4100 1065 4131 sa-

313 4151 433 4207 pientiae
452 4152 557 4209 spiritu,
572 4153 599 4197 in
621 4165 669 4199 sua
690 4154 801 4210 quisque
823 4154 950 4209 pastorali
972 4154 1064 4209 vigilia

313 4219 482 4273 excubantes,
493 4219 565 4264 illius
575 4221 692 4276 supremi
702 4220 729 4265 iu
740 4221 820 4266 terris
830 4221 944 4278 pastoris
956 4221 1065 4266 immau-

313 4297 358 4330 sos
372 4285 476 4331 labores
497 4286 673 4338 sublevarent,
690 4287 716 4331 in
735 4299 786 4343 quo
802 4300 861 4338 uno,
881 4291 932 4332 Deo
946 4293 1063 4342 auctore,

313 4352 452 4409 plenitudo
467 4352 564 4397 residet
578 4353 724 4410 potestatis.
740 4352 879 4409 Nimirum,
891 4358 921 4398 ut
931 4354 1065 4411 Episcopo·

313 4428 376 4462 rum
397 4430 475 4475 opere
496 4422 521 4463 et
535 4418 696 4475 adiumento,
718 4421 815 4477 ubique
835 4421 953 4466 locorum
975 4421 1064 4476 gregis

313 4484 366 4528 sibi
380 4485 515 4529 commissi
535 4486 639 4530 vultum
660 4492 822 4543 agnosceret,
837 4491 863 4531 et
882 4487 1062 4544 spiritualium

313 4550 404 4594 ovium
425 4551 529 4596 morbos
552 4552 723 4609 intelligeret,
742 4554 945 4610 curationesque
959 4555 1065 4599 adbibe-

312 4620 368 4661 ref:
385 4619 464 4673 atque
478 4631 509 4663 ex
525 4619 567 4664 sui
581 4620 700 4665 muneris
719 4621 809 4673 officio,
824 4621 927 4677 perdita
949 4621 1065 4677 require-

312 4685 364 4737 ret,
378 4684 481 4730 abiecta
499 4685 644 4741 reduceret,
658 4687 791 4732 confracta
809 4687 942 4742 alligaret,
957 4688 1064 4733 infirma

311 4751 499 4806 consolidaret,
514 4752 623 4809 pinguia
637 4756 664 4798 et
678 4754 756 4798 fortia
777 4753 937 4798 custodiret:
952 4754 1064 4810 dariique

311 4817 430 4862 assiduis
444 4821 580 4874 pastorum
595 4819 700 4866 vocibus
710 4819 868 4875 admonitus,
879 4821 910 4865 de
922 4823 977 4865 toto
987 4823 1065 4865 eccle-

311 4883 417 4928 siarum
438 4884 605 4941 singularum
627 4889 698 4931 statu
719 4886 818 4931 certior
838 4887 1009 4941 redderetur,
1032 4899 1063 4931 ne

311 4950 455 5006 quicquain
470 4952 576 4996 omnino
590 4952 667 4996 illum
682 4953 778 4997 lateret
787 4965 879 4998 earum
891 4965 1063 5010 1·ermn,qnas

311 5017 346 5062 ad
361 5017 406 5061 Dei
421 5017 534 5073 gloriam
549 5020 705 5074 aagendam,
719 5020 752 5064 ad
766 5020 940 5064 christianam
962 5020 1064 5074 religio

312 5096 374 5129 nem
395 5086 600 5142 propagandam,
614 5086 647 5131 ad
666 5087 818 5131 animarum
839 5088 952 5131 salntem
974 5098 1064 5142 procu-

312 5152 425 5197 randam
441 5153 587 5198 necessario
601 5154 721 5198 eumdem
738 5153 804 5197 scire
818 5157 898 5210 atque
913 5153 1063 5208 intelligere

312 5221 427 5276 oportet,
436 5221 475 5273 ut,
486 5219 608 5264 erunibus
622 5219 734 5275 cognitis
748 5223 775 5263 et
789 5220 955 5273 exainrinatis,
968 5231 1014 5275 pro
1024 5231 1063 5274 ea,

311 5296 382 5341 quae
396 5285 446 5330 sibi
460 5298 476 5331 a
491 5286 594 5332 Cbristo
609 5287 717 5332 Donrino
733 5287 833 5332 tributa
848 5290 896 5341 est,
908 5298 1010 5331 sunrma
1022 5298 1062 5342 po-

314 5352 421 5405 testate,
434 5351 489 5396 alia
503 5353 530 5397 in
545 5354 621 5398 vinea
636 5352 739 5397 Domini
761 5353 875 5398 sabaotb
890 5354 994 5403 evellat.
1010 5352 1062 5397 alia

313 5417 426 5474 plantet,
435 5419 489 5463 alia
500 5420 628 5474 aedificet,
638 5420 692 5465 alia
702 5420 831 5471 destruat,
841 5420 1061 5476 quemadmodum

313 5496 344 5529 ex
360 5496 452 5529 rerum
463 5490 493 5544 ,et
508 5489 655 5543 temporum
669 5486 818 5532 conditione
833 5488 966 5532 salubrius
982 5489 1007 5532 in
1018 5490 1064 5531 lto-

313 5551 388 5596 mino
402 5552 498 5598 viderit
512 5554 640 5610 expedire.

129 5630 230 5691 pm„
244 5637 288 5679 m..
353 5627 367 5669 s
383 5622 401 5664 1.
418 5620 454 5665 Ob
468 5631 533 5676 quas
546 5632 609 5666 sane
622 5632 716 5666 causas
730 5621 789 5665 iure
803 5621 903 5677 optimo
913 5624 939 5665 et
950 5621 1063 5677 Spiritus

103 5692 124 5724 er
136 5688 230 5742 emique
250 5689 291 5749 ira·
312 5686 404 5732 Sancti
424 5686 589 5742 instinctu,a
610 5687 786 5733 sanctissimis
808 5689 976 5734 Pontificibus
992 5700 1064 5745 prae-

102 5740 169 5782 mii
181 5745 290 5803 ,mlv
311 5753 496 5798 decessoribus
511 5755 608 5799 nostris
622 5755 675 5800 iam
691 5755 724 5800 ab
738 5755 931 5811 antiquissimis
943 5755 1064 5811 terrrpori·

103 5792 289 5903 ᾝᾝθᾎῇοιῶζ
312 5821 363 5865 bus
377 5819 532 5866 institutum
554 5825 602 5876 est,
616 5826 643 5866 et
664 5823 824 5878 permultas
844 5826 945 5867 astrites
968 5834 1063 5875 rriaiguo

106 5901 290 5949 mmmm.
311 5887 447 5933 Ecclesiae
462 5887 505 5932 bei
519 5889 653 5933 commodo
668 5888 1064 5944 observataiu1,utstngnlinpt-

107 5952 175 6004 dio-u.
310 5953 395 6013 scopi,
409 5954 610 6012 archiepiscopi,
628 5956 759 6000 Primates
773 5958 799 6000 et
819 5955 996 6008 Patriarcbae,
1011 5966 1064 5998 cer·

310 6022 348 6067 tis
370 6020 541 6079 praescriptis
562 6023 733 6080 temporibus,
754 6034 799 6080 per
820 6021 941 6079 seipsos,
960 6023 1000 6066 vet
1016 6033 1062 6078 per

948 637 1145 682 naneotcros
1168 637 1230 681 xlv.

1106 4952 1203 5006 ,magis
1225 4952 1342 5008 quotidie
1365 4952 1533 5006 ingravescit,
1552 4965 1603 4997 non
1623 4965 1801 5005 occurramus,

1826 603 1844 668 7
1896 600 1994 662 unc.
2009 599 2086 650 urso

1468 751 1518 814 tlt.

1122 941 1297 1020 Confirmat
1319 939 1586 1002 corr-stitutionem
1603 935 1691 999 Steti
1709 932 1814 1010 Papae
1832 932 1862 994 V.

1159 1036 1195 1096 de
1216 1035 1319 1097 seceris
1341 1032 1517 1095 Liminibus
1538 1028 1717 1102 visitandis,
1735 1041 1862 1103 eantque

1158 1128 1303 1190 antecedit
1333 1127 1374 1189 ud
1404 1123 1519 1188 Abetes
1546 1124 1687 1200 aliosque
1716 1118 1865 1182 babentes

1158 1221 1355 1283 ntertesterie
1377 1235 1432 1280 sca
1454 1217 1601 1279 ecelesias
1617 1230 1689 1276 cem
1711 1212 1863 1275 iurisdic-

1160 1316 1246 1376 tione
1270 1313 1362 1392 qaosi
1385 1309 1555 1389 episcopali
1577 1316 1606 1370 et
1630 1306 1799 1369 territorio
1820 1321 1865 1365 se·

1159 1415 1274 1488 pereto
1295 1406 1353 1486 (f).

1248 1561 1491 1631 ΒΕΝΕΒΙῦῘϋὸ
1515 1556 1731 1627 [piscosus

1308 1702 1416 1753 servus
1439 1699 1593 1752 servorum
1617 1681 1680 1760 Dei,

1240 1794 1276 1861 ad
1299 1799 1469 1879 perpetuam
1493 1791 1536 1857 rei
1564 1790 1745 1859 memoriam.

1159 1971 1243 2046 Quod
1266 1971 1374 2034 Sancta
1391 1969 1579 2033 Sardicensis
1595 1966 1737 2046 Synodus
1756 1965 1867 2027 llivino
1886 1959 2102 2058 verffigrffiffigjffi

1120 2067 1226 2127 edocta
1247 2065 1425 2142 magisterio
1446 2065 1553 2139 edixit,
1576 2063 1741 2144 optimum,
1758 2069 1788 2123 et
1804 2059 1867 2121 val·
1887 2066 2046 2114 sardicensis
2071 2065 2102 2110 oe

1120 2282 1222 2325 certum
1238 2291 1329 2324 eorum
1344 2279 1482 2332 Nuncium,
1497 2278 1569 2324 ornui
1590 2277 1724 2323 occasione
1745 2276 1866 2333 seposita,

1120 2346 1333 2392 beatissimorum
1342 2347 1525 2404 Apostolorum
1537 2345 1607 2390 Petri
1617 2353 1643 2389 et
1652 2344 1734 2398 Pauli,
1744 2344 1789 2400 qui
1800 2344 1867 2388 hanc

1119 2415 1217 2458 almam
1233 2415 1325 2459 urbem
1345 2426 1393 2459 suo
1407 2414 1535 2469 sanguine
1554 2415 1750 2464 consecrarunt,
1765 2410 1866 2464 hanina,

1119 2482 1255 2535 tamquam
1271 2481 1330 2524 fidei
1346 2483 1457 2537 petram,
1477 2483 1503 2525 et
1523 2479 1606 2524 totius
1625 2477 1794 2523 sacerdotalis
1811 2478 1868 2522 uni-

1120 2546 1183 2590 tatis
1202 2546 1299 2591 fontem
1319 2546 1490 2592 iureiurando
1505 2559 1532 2591 se
1547 2547 1701 2592 visitaturos
1716 2545 1867 2602 polliceren-

1120 2616 1172 2668 tur,
1186 2615 1266 2670 atqne
1288 2615 1326 2659 ita
1349 2618 1371 2658 S.
1388 2618 1417 2658 lt.
1434 2617 1460 2658 lt.
1479 2613 1572 2658 matris
1595 2625 1658 2658 suae
1679 2613 1814 2668 complexu
1830 2623 1868 2656 re·
1925 2662 1932 2678 ,

1119 2681 1210 2733 creati,
1225 2685 1251 2726 et
1267 2685 1376 2738 paterno
1391 2681 1491 2727 Summi
1506 2680 1639 2726 Pontificis
1654 2679 1784 2736 colloquio
1795 2678 1867 2722 robo-

1119 2746 1181 2800 rati,
1195 2747 1228 2791 ad
1242 2748 1366 2793 ecclesias
1387 2760 1449 2793 suas
1470 2748 1607 2804 regendas,
1628 2746 1771 2792 alacriores
1790 2748 1815 2789 et
1831 2745 1868 2788 in-

1119 2814 1274 2871 structiores
1290 2815 1413 2860 redirent.

1158 2883 1204 2928 5⁸2.
1221 2884 1342 2925 Ceterum
1358 2883 1421 2927 haec
1436 2886 1491 2928 tam
1506 2881 1642 2934 salutaris,
1657 2883 1736 2937 atque
1752 2890 1867 2924 necessa·
1912 2882 1959 2944 Sed
1973 2881 2056 2928 aramis
2066 2894 2099 2944 ¹ra

1119 2947 1160 2991 ria
1174 2947 1336 3003 constitutio,
1351 2949 1448 3005 partim
1463 2949 1566 3005 antiqui
1582 2947 1692 2993 burriani
1706 2946 1810 3002 gesseris
1824 2946 1867 2990 ho·
1886 2947 1971 2998 (alifi-⁹
1992 2935 2039 2982 72⁰0
2060 2949 2098 2998 2²3·

1119 3013 1167 3059 stis
1180 3015 1290 3065 astutia.
1304 3015 1385 3060 variis
1404 3015 1484 3061 etiarn
1504 3015 1703 3070 insurgentibus
1719 3017 1866 3069 ternporum
1885 2993 2002 3089 “imnum
2021 2990 2099 3045 'esst'

1119 3081 1325 3135 calamitatibus,
1339 3083 1414 3127 valde
1429 3081 1558 3137 refriguit,
1577 3081 1639 3127 aliis
1652 3081 1706 3127 alia
1720 3084 1799 3137 atquae
1813 3080 1867 3125 alia
1886 3055 1901 3102 9
1945 3078 1949 3086 '

1118 3146 1305 3203 impedimenta
1327 3149 1549 3205 praetexentibus,
1564 3149 1592 3194 in
1615 3160 1694 3204 grave
1715 3148 1866 3194 animarum

1119 3225 1228 3258 suarum
1244 3216 1390 3270 periculum
1401 3218 1435 3266 et.
1445 3216 1541 3272 quibus
1552 3219 1685 3272 praesunt,
1696 3215 1866 3261 ecclesiarum

1119 3280 1316 3325 detrirnentnm.
1333 3285 1383 3325 Nec
1397 3293 1458 3326 vero
1473 3282 1647 3327 dubitandum
1663 3284 1711 3336 est,
1727 3283 1795 3338 quod
1810 3280 1867 3325 siue

1120 3346 1234 3391 maximo
1254 3348 1336 3392 arrinri
1353 3359 1471 3395 moerore
1490 3360 1697 3394 corrrmemorare
1714 3361 1764 3393 uon
1779 3360 1867 3405 possu-

1120 3425 1187 3467 mus,
1202 3414 1439 3475 perniciosissimas
1454 3416 1585 3469 haereses,
1599 3416 1695 3472 qriibrrs
1710 3415 1801 3460 irruitis
1813 3415 1867 3461 iam

1118 3480 1203 3534 aurinis,
1219 3480 1356 3524 bominum
1371 3480 1483 3536 peccatis
1498 3481 1535 3526 ita
1549 3482 1773 3538 promoventibus,
1784 3480 1868 3526 Eccle-

1118 3547 1158 3590 sia
1180 3550 1302 3600 vexatur,
1321 3550 1347 3591 et
1362 3547 1460 3592 Christi
1477 3548 1579 3592 Dourini
1597 3549 1677 3593 vestis
1694 3548 1866 3603 dilaceratur,

1118 3624 1148 3657 ex
1159 3612 1287 3657 eiusmodi
1298 3613 1489 3658 saluberrimae
1499 3614 1659 3659 visitationis
1670 3614 1866 3659 intermissione

1118 3679 1215 3734 partim
1231 3682 1303 3723 ortas
1318 3691 1383 3731 esse,
1398 3679 1495 3735 partim
1512 3679 1606 3724 latenti
1621 3681 1804 3736 progressione
1815 3693 1867 3726 ma·

1118 3757 1199 3801 gnum
1215 3745 1407 3790 incrementum
1426 3746 1563 3802 accepisse.
1584 3750 1649 3791 Nam
1665 3748 1687 3791 si
1702 3748 1824 3793 celeriter·
1838 3747 1865 3792 in

1119 3814 1174 3870 ipso
1189 3813 1319 3857 nascentis
1336 3812 1398 3858 unali
1413 3814 1496 3866 initio,
1508 3815 1541 3858 ab
1551 3814 1615 3871 ipsis
1626 3814 1759 3871 Episcopis
1770 3826 1817 3871 pro
1827 3815 1866 3859 rei

1118 3880 1249 3935 gravitate
1264 3881 1296 3924 ad
1311 3883 1458 3925 Romanum
1481 3881 1632 3926 Pontificem
1654 3880 1768 3925 relatum
1788 3885 1865 3934 esset,

1118 3958 1180 3992 sane
1196 3948 1268 3991 illius
1282 3947 1447 4003 providentia
1462 3952 1488 3992 et
1502 3949 1670 4001 atictoritate,
1686 3948 1777 3992 statim
1793 3960 1866 3993 vene·

1118 4017 1196 4058 natae
1210 4014 1306 4070 stirpes
1320 4026 1351 4058 ex
1365 4026 1430 4068 agro
1440 4015 1542 4060 Domini
1553 4015 1660 4060 avulsae
1670 4017 1766 4069 essent,
1777 4017 1802 4059 et
1813 4015 1867 4060 dia·

1118 4080 1194 4125 bolici
1217 4080 1286 4136 ignis
1308 4081 1439 4125 scintillae
1461 4082 1549 4127 subito
1567 4083 1714 4138 oppressae,
1733 4084 1813 4138 atque
1828 4094 1866 4127 re·

1118 4148 1238 4199 stinctae,
1253 4148 1280 4192 in
1301 4151 1340 4194 tot
1358 4149 1477 4194 flammas
1497 4153 1523 4193 et
1541 4149 1663 4194 luctuosa
1679 4149 1799 4193 incendia
1814 4161 1864 4193 nou

1118 4215 1274 4271 erupissent.
1761 4234 1764 4239 >

1157 4290 1169 4330 S
1184 4285 1203 4326 3.
1217 4286 1291 4336 llaec,
1301 4286 1381 4339 atque
1391 4285 1444 4329 alia
1454 4284 1612 4340 gravissima
1623 4284 1795 4337 incommoda,
1806 4296 1865 4328 cum
1903 4284 1957 4346 ¹ilie
1967 4284 2024 4330 idco
2039 4286 2099 4346 flon-

1118 4349 1232 4406 primum
1247 4351 1280 4394 ad
1295 4351 1392 4395 sumini
1411 4350 1574 4408 apostolatus
1594 4350 1703 4408 apicem,
1719 4350 1822 4395 meritis
1837 4351 1868 4394 li·
1886 4338 1957 4400 tifex,
1970 4342 2098 4396 Pf⁰f⁶¹P²²

1117 4419 1157 4459 cet
1172 4415 1292 4470 imparib.
1309 4419 1359 4460 beo
1375 4417 1413 4461 ita
1433 4417 1545 4469 volente,
1561 4417 1645 4461 vocati
1667 4428 1768 4469 suariis,
1782 4419 1865 4460 atten-
1886 4391 2005 4491 mag?
2021 4403 2099 4491 {mg

1119 4482 1171 4526 tius
1185 4483 1390 4537 considerantes,
1401 4496 1451 4528 non
1467 4484 1553 4528 solum
1564 4496 1594 4527 ex
1605 4484 1707 4528 intimis
1717 4483 1801 4528 aniuii
1811 4495 1867 4527 seu·
1886 4499 2100 4557 ,mmmmm

1118 4549 1191 4593 sibus
1206 4549 1377 4604 indoluimus,
1388 4552 1431 4595 sed
1442 4550 1533 4595 statim
1544 4552 1575 4595 de
1585 4550 1732 4596 adhibendo
1742 4550 1866 4602 remedie,
1887 4552 1940 4599 dis.
1957 4555 2003 4614 aaut
2016 4556 2101 4597 troas·

1118 4616 1207 4661 divina
1228 4617 1315 4671 gratia
1336 4617 1477 4671 adiutrice,
1496 4617 1612 4673 cogitare
1631 4618 1771 4673 coepimus.
1788 4620 1867 4673 Urget
1886 4605 2011 4668 weldi->⁹2
2031 4606 2099 4662 (114οἅ

1118 4683 1188 4726 enim
1204 4695 1251 4728 nos
1266 4685 1308 4727 Dei
1325 4684 1413 4738 timor,
1428 4686 1453 4728 et
1468 4695 1542 4729 acres
1563 4683 1652 4728 animo
1671 4688 1761 4728 nostro
1776 4684 1868 4728 stimu·
1888 4660 1981 4759 {2'2220
1996 4662 2101 4758 mm

1118 4752 1166 4806 los,
1185 4751 1240 4795 dies
1263 4756 1374 4808 noctesq.
1398 4752 1512 4805 subiicit,
1534 4753 1754 4809 quemadmodum
1776 4751 1801 4796 in
1817 4754 1868 4796 tre·
1888 4767 1929 4812 bic
1944 4746 2100 4825 temporam,

1120 4819 1212 4862 rtiendo
1233 4818 1307 4862 illius
1327 4818 1432 4871 iudicio,
1447 4818 1687 4863 administrationis
1707 4822 1813 4864 nostrae
1828 4830 1868 4863 ra·
1886 4820 1993 4865 uisitare
2006 4821 2100 4870 tierent,

1120 4885 1217 4929 tionem
1237 4885 1386 4930 recidamus,
1410 4889 1473 4929 Naum
1489 4886 1511 4929 si
1527 4886 1589 4929 huic
1609 4889 1683 4930 tauto
1705 4887 1782 4939 nralo,
1799 4886 1868 4942 quod
1887 4878 1909 4919 0⁶
1924 4874 2001 4935 ,fliam
2017 4874 2099 4919 Ρθηῑῑ·

1817 4964 1866 4997 non
1886 4928 1927 4982 fiet
1941 4927 1971 4972 de
1984 4928 2100 4972 l'astora-

1327 5019 1331 5026 .
1365 5019 1369 5026 .
1406 5019 1411 5027 .
1608 5020 1612 5028 .
1889 4981 2098 5035 ficorumotlleio

1118 5030 1258 5076 possumus
1273 5019 1347 5062 nobis
1364 5031 1427 5074 ipsis
1443 5030 1492 5062 nou
1508 5020 1582 5064 valde
1594 5022 1696 5073 timere,
1706 5030 1765 5063 cum
1776 5020 1867 5063 crebro
1886 5035 2013 5078 ,aggonem
2038 5034 2097 5079 red.

1118 5087 1145 5131 in
1161 5090 1275 5130 mentem
1292 5087 1406 5139 vernant,
1421 5090 1446 5130 et
1462 5086 1537 5143 quasi
1556 5098 1634 5131 aures
1656 5090 1759 5132 nostras
1782 5098 1867 5143 perso
1887 5087 1959 5133 dere.
1981 5091 2003 5132 et
2023 5097 2098 5147 meri·

1119 5158 1180 5197 nent
1195 5164 1285 5197 sacrae
1308 5154 1369 5197 illae
1391 5165 1464 5197 voees
1486 5153 1699 5198 conmiiuationis
1714 5158 1739 5197 et
1755 5153 1865 5197 terroris
1886 5138 2099 5203 dafa'opostolt‘-

1118 5220 1223 5276 plenae:
1238 5219 1300 5263 Pilii
1315 5219 1438 5273 bortrinis,
1454 5220 1645 5275 sqreculatorem
1660 5219 1717 5264 dedi
1735 5223 1760 5264 te
1774 5219 1864 5264 domni
1886 5194 2100 5294 {xefflssfffftmu'

1119 5287 1208 5340 lsrael,
1223 5289 1249 5330 et
1264 5286 1420 5341 sangninem
1442 5286 1545 5330 eiusde
1564 5287 1685 5331 titanibus
1707 5286 1761 5331 tuis
1782 5286 1867 5342 requi·
1982 5260 1996 5304 q
2029 5282 2033 5290 '

1118 5366 1182 5398 ram.
1199 5356 1231 5396 Et
1245 5354 1313 5409 quod
1329 5356 1404 5397 Petro
1415 5364 1429 5397 a
1442 5353 1549 5397 nantino
1558 5353 1658 5397 dictum
1670 5358 1723 5397 est:
1734 5354 1865 5398 confirma

1117 5422 1213 5465 fratres
1229 5424 1295 5464 tuos.
1312 5423 1344 5463 nt
1355 5420 1420 5464 illud
1432 5419 1547 5476 Apostoli
1558 5421 1641 5474 Pauli,
1651 5421 1720 5476 qnod
1731 5423 1805 5464 tanto
1816 5432 1868 5465 ma-

1118 5488 1158 5543 gis
1173 5488 1205 5532 ad
1221 5499 1268 5531 uos
1282 5486 1406 5542 pertinet,
1421 5489 1520 5543 quanto
1541 5487 1667 5531 maiorem
1683 5491 1789 5543 praeter
1803 5491 1868 5532 cete
1901 5522 1903 5529 .

1118 5567 1161 5600 ros
1177 5554 1317 5610 pastoralis
1336 5553 1411 5598 oflicii
1433 5566 1523 5598 curam
1546 5554 1635 5598 sortiti
1654 5565 1759 5598 sturnus:
1780 5559 1868 5600 Atten-

1118 5623 1171 5666 dite
1187 5622 1259 5666 vobis
1274 5624 1299 5665 et
1315 5620 1438 5666 universo
1459 5620 1541 5675 gregi,
1563 5621 1591 5664 in
1613 5632 1664 5676 quo
1685 5633 1730 5665 vos
1752 5623 1867 5678 Spiritus

1119 5692 1229 5733 Sanctus
1253 5688 1341 5745 posuit
1364 5687 1502 5743 Episcopos
1526 5698 1618 5742 regere
1642 5688 1785 5733 Ecclesiam
1809 5690 1866 5743 Dei,

1118 5766 1197 5812 quarn
1212 5754 1351 5811 acquisivit
1367 5754 1494 5809 sanguine
1509 5765 1564 5798 suo.
1579 5755 1704 5804 (tuocirca
1715 5757 1866 5803 eormndem

1119 5823 1348 5879 praedecessorum
1370 5825 1521 5866 nostrorum
1544 5822 1663 5877 vestigiis
1685 5822 1866 5879 inhaerentes,

1118 5889 1250 5945 simulque
1266 5889 1371 5932 rriodurn
1386 5894 1413 5932 et
1428 5893 1576 5943 temporum
1595 5889 1681 5943 spatia
1696 5891 1865 5935 ecclesiarum

1119 5955 1270 6000 earumdem
1286 5954 1460 6010 praesulibus,
1476 5965 1523 6010 pro
1537 5953 1665 6011 cuiusque
1686 5956 1825 6001 intervallo
1840 5960 1866 6000 et

1118 6022 1236 6066 locorum
1257 6021 1385 6067 distantia
1407 6020 1581 6077 moderantes,
1602 6022 1650 6073 hac
1665 6026 1791 6079 perpetua
1806 6028 1868 6069 Con-
