4856 6984
360 567 412 616 An.
428 566 458 618 0.
480 565 548 618 1752

598 561 658 626 tlte

580 699 667 764 artic.
687 697 721 760 d.
736 699 772 760 de
787 711 919 775 usucap.
945 699 984 760 at
1003 697 1081 759 sacri
1104 697 1257 760 Ecclesiae
1278 714 1324 760 ca-

580 807 689 867 nones,
713 793 757 854 nil
777 793 871 866 aliud,
888 807 979 870 quam
1001 792 1188 870 aequitatem
1210 792 1326 854 anima-

579 904 714 967 rumque
734 888 867 950 salutem
893 887 1108 967 respicientes,
1133 893 1177 948 tot
1198 885 1325 948 inutiles

579 981 767 1046 subtilitates
782 981 989 1056 sustulerunt,
1005 986 1189 1055 statuentes,
1207 979 1322 1042 nullam

579 1076 853 1154 praescriptionem
876 1076 992 1150 induci,
1016 1075 1075 1136 nisi
1099 1073 1176 1135 bona
1200 1074 1274 1136 tides
1296 1083 1324 1136 et

579 1169 707 1232 initium
736 1168 934 1248 possessionis
962 1179 992 1231 et
1014 1169 1153 1230 medium
1175 1180 1206 1230 et
1228 1170 1323 1230 finem

579 1263 761 1326 comitetur:
788 1263 944 1337 Quoniam
967 1279 1067 1334 omne,
1090 1262 1172 1340 quod
1194 1277 1257 1324 ttae
1280 1267 1326 1322 cst

580 1374 619 1420 aas
641 1357 711 1436 fide,
740 1362 907 1436 peccatum
927 1363 995 1429 cst,·
1025 1358 1174 1434 synodali
1204 1355 1326 1417 iudicio

528 1445 530 1450 ’
581 1451 766 1530 deficimus,
790 1461 828 1515 ut
850 1450 944 1514 trulla
971 1453 1078 1516 voleat
1109 1449 1224 1530 absque
1245 1449 1325 1514 boae

374 2863 443 2924 ¹Pro
465 2861 560 2909 dereli-

346 2916 394 2960 ctis
412 2913 500 2961 baberi
517 2927 561 2962 ne-

347 2971 449 3024 queunt
477 2968 561 3024 bona,

349 3031 416 3120 qluae
436 3020 468 3066 ab
478 3023 562 3084 'Eccle-

349 3074 562 3183 tantitas

350 3187 541 3238 recuperantur.

580 1547 639 1624 fide
659 1546 872 1624 praescriptio
897 1549 962 1606 tum
985 1546 1259 1622 remeatremeat
1284 1545 1325 1606 ci-

580 1640 673 1702 vilis.-
695 1655 793 1722 qaum
815 1639 1009 1720 generaliter
1032 1638 1078 1700 sit
1100 1640 1187 1700 omni
1209 1639 1328 1699 consti-

583 1735 705 1796 tutioni
730 1739 827 1811 atque
848 1734 1076 1795 consuetudini
1097 1733 1323 1812 detegendum,

581 1843 660 1904 qmcc
681 1823 797 1904 absque
821 1825 954 1888 mortali
975 1833 1102 1903 peccato
1130 1842 1193 1886 arou
1224 1831 1326 1903 potest

581 1919 753 1982 obseruari.
779 1917 863 1982 Unda
885 1923 1018 1996 oportet,
1036 1924 1074 1980 rat
1094 1919 1149 1998 qai
1170 1919 1326 1996 praescri·

581 2011 638 2087 bit,
664 2013 699 2073 ia
722 2013 814 2075 atille
846 2014 995 2090 temporis
1023 2019 1117 2090 perte
1139 2013 1185 2074 rei
1212 2010 1324 2075 babeat

581 2107 810 2168 conscientium
842 2105 984 2169 alienae.-
1012 2106 1105 2168 verba
1137 2113 1210 2168 sunt
1236 2107 1327 2169 lnno-

579 2200 672 2262 centii
696 2200 743 2262 lll.
768 2199 802 2260 ia
825 2215 893 2276 cup.
919 2200 979 2261 ult.
1006 2199 1041 2260 de
1060 2200 1327 2277 praescriptioni·

581 2293 648 2356 bes.
674 2292 752 2356 llaec
767 2301 871 2354 autem
887 2291 1052 2354 bonadies
1069 2293 1099 2354 in
1112 2294 1239 2356 nemine
1254 2309 1326 2354 sane

580 2402 700 2461 eorum,
718 2387 756 2448 de
777 2386 889 2464 quibus
910 2403 996 2448 nuno
1007 2401 1110 2448 sermo
1132 2396 1189 2462 est,
1206 2388 1325 2450 admitti

579 2487 696 2558 potest;
720 2496 818 2558 quum
846 2479 1027 2541 incredibile
1057 2480 1108 2555 sit,
1134 2481 1166 2542 in
1198 2489 1261 2542 toto
1282 2497 1325 2542 as·

578 2581 677 2635 sertae
701 2572 894 2650 usucapionis
905 2572 1048 2647 decursu,
1062 2573 1182 2635 nullam
1198 2574 1242 2634 eis
1256 2591 1327 2652 sup

580 2666 715 2744 petiisse.
732 2665 893 2740 notitiam,
917 2665 996 2743 quod
1020 2665 1098 2726 bona
1124 2673 1268 2745 occupata
1291 2669 1325 2728 ad

583 2757 748 2822 Ecclesiam
772 2759 993 2837 pertinuerint.

621 2851 708 2925 §ila
731 2851 817 2925 Quod
839 2850 864 2910 si
886 2851 1032 2928 praedicti
1062 2866 1248 2928 possessores
1270 2851 1327 2914 boc

580 2945 689 3006 saltem
720 2943 963 3018 contenderent,
986 2959 1018 3005 se
1040 2943 1120 3006 bona
1148 2943 1326 3008 huiusmodi

581 3036 720 3099 retinere
741 3051 829 3115 posse
850 3043 1009 3114 tamquam
1030 3054 1045 3097 a
1067 3037 1212 3115 dominis,
1235 3039 1328 3100 nimi·

582 3146 654 3192 rum
676 3129 713 3190 ab
733 3128 868 3190 ecclesiis
890 3135 920 3190 et
942 3130 1149 3204 monasteriis,
1169 3129 1325 3202 derelicta,

582 3239 644 3301 quo
665 3239 736 3284 casu
752 3222 830 3284 bona
844 3223 926 3284 siunt
940 3223 1128 3301 occupantis,
1146 3223 1230 3284 iuxta
1244 3223 1263 3297 ἓ
1277 3239 1327 3301 pe·

582 3315 668 3377 nait.
690 3320 721 3376 ct
742 3314 805 3377 ult.
828 3315 1082 3378 Institutionum
1098 3314 1258 3376 derectum
1280 3317 1325 3378 di-

582 3408 712 3480 visione,
731 3415 760 3470 ct
775 3408 812 3469 L.
827 3411 844 3468 1
861 3415 890 3470 ct
906 3425 965 3488 seq.
981 3409 1014 3490 ff.
1031 3425 1088 3486 pro
1101 3408 1272 3482 cler·elicte,·
1294 3409 1325 3471 in

583 3517 696 3579 magno
710 3503 835 3581 quidem
851 3519 957 3564 errore
972 3511 1183 3564 versarentur.
1202 3503 1326 3564 Etenim

582 3604 665 3665 inter
696 3604 774 3666 bona
805 3604 949 3669 derelicta
979 3606 1139 3667 numerari
1168 3621 1232 3666 uon
1261 3616 1327 3678 pos·

581 3708 656 3763 sunt
667 3701 729 3777 illa,
739 3717 816 3780 quae
829 3701 974 3778 dominus
985 3702 1024 3764 ob
1034 3701 1249 3779 impotentiam
1263 3719 1326 3765 non

582 3805 760 3876 recuperat,
785 3804 819 3858 ut
847 3796 955 3859 accidit
977 3797 1009 3858 in
1030 3813 1101 3860 casu
1130 3806 1252 3875 nostro,
1275 3797 1326 3858 sed

581 3890 633 3951 illa
654 3890 824 3966 dumtaxat,
847 3907 924 3969 quae
945 3891 1014 3969 quis
1036 3899 1146 3970 sponte
1166 3893 1279 3954 deserit
1295 3909 1328 3954 ac

582 3986 782 4066 derelinquit,
807 3993 967 4065 propterea
983 3988 1064 4064 quod
1080 4002 1190 4048 eorum
1212 4003 1326 4064 posses-

580 4081 700 4142 sionem
722 4081 865 4142 detinere
885 4080 975 4142 nihili
998 4081 1120 4158 pendit:
1139 4079 1201 4142 Pro
1217 4081 1328 4143 dercli-

581 4179 631 4234 cto
643 4178 752 4236 autem
764 4173 902 4236 babetur
915 4175 995 4250 quod
1013 4175 1160 4237 domitatis
1176 4191 1211 4236 eo
1225 4181 1328 4235 mente

581 4263 743 4338 abiecerit,
764 4274 800 4328 ut
816 4267 848 4328 tc
864 4267 899 4328 irc
914 4283 1046 4330 numero
1065 4283 1175 4328 rerem
1190 4283 1326 4330 seuram

581 4377 644 4422 esse
666 4361 761 4433 nolit,
794 4361 922 4440 ideoque
944 4363 1058 4423 statim
1089 4361 1236 4422 dominus
1258 4360 1327 4422 eius

581 4470 644 4514 esse
659 4453 788 4516 desinit.
802 4455 946 4530 Quocirca
959 4455 1120 4517 derelictae
1131 4469 1326 4533 nequaquam

580 4554 748 4610 censentur
777 4564 840 4621 res,
865 4564 979 4627 quaea
1007 4549 1133 4609 domino
1163 4548 1262 4621 navis,
1293 4555 1327 4608 ut

581 4640 775 4715 naufragium
800 4640 938 4716 eliugiat,
955 4641 986 4701 in
1003 4657 1088 4702 mare
1104 4639 1326 4718 proficiuntur,

582 4741 611 4794 et
632 4735 657 4796 si
679 4733 748 4812 quis
770 4733 836 4794 illas
859 4732 936 4794 lucri
959 4749 1047 4796 causa
1069 4741 1243 4811 recuperat,
1264 4733 1327 4794 lur-

582 4833 649 4888 tum
670 4825 853 4888 committit:
885 4826 960 4890 Alic
981 4843 1057 4888 seue
1085 4841 1182 4888 causa
1209 4833 1255 4888 est
1278 4843 1325 4888 co-

581 4937 654 4982 rum
675 4936 795 4992 rerum,
814 4937 894 4998 quoe
909 4921 944 4982 im
966 4925 1157 4998 tempestate,
1177 4920 1327 4982 leccardus

581 5014 673 5078 carris
695 5031 805 5084 capse,
820 5014 1020 5087 eliciendus,-
1042 5012 1101 5075 buc
1121 5014 1206 5074 emim
1229 5013 1327 5074 dorni-

581 5123 697 5168 cormm
720 5111 935 5186 'permoneat,·
961 5107 1036 5184 quie.
1064 5105 1171 5184 pelam
1193 5111 1249 5179 est,
1274 5122 1327 5168 cus

580 5215 643 5259 raon
665 5217 698 5260 co
719 5201 827 5262 aalma
850 5201 934 5270 elici,
951 5201 1032 5278 quod
1054 5201 1125 5278 quis
1147 5215 1198 5260 cus
1214 5196 1327 5261 bebere

579 5292 671 5365 nolit,
695 5293 748 5355 s'cd
770 5311 830 5371 quo
851 5294 954 5372 magis
976 5309 1048 5354 cmm
1071 5292 1140 5370 ipsc
1163 5293 1240 5353 mcci
1262 5307 1327 5352 ma·

581 5387 625 5447 ris
645 5387 828 5463 pericolum
850 5385 995 5465 effugiet.
1024 5385 1093 5460 (ltro
1119 5385 1154 5446 de
1177 5401 1275 5446 causo
1298 5383 1326 5445 si

579 5479 649 5555 quis
671 5495 723 5542 ees
744 5476 899 5556 fluctibus
922 5477 1082 5556 repulsas,
1108 5479 1155 5538 cel
1177 5478 1274 5540 etiam
1290 5479 1327 5538 im

580 5573 646 5651 ipso
667 5573 752 5635 meri
775 5581 900 5645 auctus,
920 5571 1072 5634 lucrandi
1088 5574 1195 5634 ultimo
1217 5569 1327 5633 obstu-

579 5665 665 5738 ierit,
685 5667 815 5746 sortem
832 5666 1016 5727 committit.
1042 5666 1120 5727 llaec
1136 5665 1239 5726 omnia
1256 5681 1325 5725 ver·

482 5753 485 5758 ’
578 5760 613 5821 ba
634 5765 709 5821 sunt
732 5766 834 5820 textus
855 5759 954 5821 civilis
978 5760 1009 5820 in
1032 5759 1131 5820 citatis
1146 5758 1264 5821 duobus
1281 5757 1326 5819 ul·

578 5853 662 6005 {imit
683 5852 881 5931 paragraphis
904 5851 987 5914 tituli
1008 5852 1145 5914 institut.
1168 5853 1325 5914 decerem

600 5961 743 6006 crascone.

1104 579 1168 626 illu.
1193 579 1283 624 ΡΟΝΤ-
1308 579 1347 622 ult
1370 577 1398 622 P.
1423 577 1452 622 F·
1477 579 1559 624 PARS
1581 577 1602 622 1.

1420 697 1439 772 5
1460 697 1510 760 25.
1534 699 1580 761 En
1598 698 1664 774 tibi,
1680 698 1733 764 dil.
1749 697 1805 774 lili,
1817 699 1963 778 quicquid
1979 698 2128 762 inunum

2158 562 2213 616 An.
2227 565 2258 615 0.
2283 563 2363 614 1752

2187 713 2216 756 ln
2238 721 2319 763 casu,
2339 707 2378 752 de

2148 764 2379 826 quoagituncau·

1381 807 1552 870 congerere
1573 794 1663 856 nobis
1684 795 1790 856 datum
1811 800 1869 868 est,
1886 799 1920 854 ut
1941 793 2129 872 quaestioni·
2148 819 2246 864 ossrme
2275 827 2377 874 proce-

1383 887 1439 950 bus
1459 887 1497 948 ab
1519 886 1754 965 archiepiscopo
1776 885 1973 948 antibarensi
1993 886 2129 966 proposi·
2148 871 2273 918 cendum.

1383 982 1422 1042 tis
1444 982 1717 1060 responderemus;
1740 983 1822 1059 quod
1841 980 1968 1058 quidem
1990 981 2022 1043 in
2046 997 2129 1043 sum-

1384 1091 1442 1150 ma,
1471 1075 1645 1136 sententiae
1675 1074 1932 1150 Congregadouis
1960 1076 1998 1136 de
2018 1074 2132 1152 Propa-

1383 1167 1480 1243 ganda
1502 1167 1586 1241 Fide,
1610 1181 1702 1245 quam
1724 1168 1813 1230 nobis
1835 1167 1983 1242 retulisti,
2000 1183 2130 1232 consen-

1385 1269 1511 1322 taneum
1526 1261 1585 1322 dici
1607 1269 1723 1338 potest;
1747 1277 1858 1323 verum
1874 1277 1938 1324 non
1961 1261 2027 1325 ideo
2043 1261 2130 1324 nobis

1383 1353 1474 1430 plane
1494 1355 1565 1416 satis
1587 1353 1703 1415 lactum
1724 1370 1791 1416 esse
1804 1356 1999 1432 profitemur.
2024 1355 2131 1416 lnnuit

1384 1451 1416 1508 in
1437 1447 1499 1508 suis
1523 1447 1620 1510 literis
1632 1447 1896 1526 archiepiscopus,
1913 1449 1941 1510 id
1964 1450 2047 1528 quod
2068 1449 2130 1510 An-

1385 1539 1472 1603 tibari
1494 1540 1613 1616 accidit,
1635 1542 1666 1602 in
1688 1541 1754 1604 aliis
1777 1557 1902 1621 quoque
1924 1544 2070 1606 Albaniae
2090 1544 2131 1606 ci-

1385 1635 1531 1696 vitatibus
1557 1634 1752 1710 contingere,
1775 1635 1827 1696 ubi
1857 1637 2032 1715 complures
2056 1646 2132 1700 sunt

1384 1729 1555 1804 christiani,
1572 1734 1625 1810 qui
1642 1730 1719 1792 bona
1743 1730 1911 1804 immobilia
1930 1731 2129 1793 ecclesiarum

1383 1831 1436 1884 aut
1457 1833 1560 1900 empta
1582 1824 1620 1886 de
1635 1825 1754 1896 Turris,
1767 1831 1819 1886 aut
1839 1825 1879 1886 de
1893 1826 1970 1888 lacto
1986 1834 2131 1905 occupata

1385 1918 1551 1994 possident.
1575 1917 1713 1982 Ulterius
1729 1921 1830 1999 itaque
1846 1921 2045 1998 progreditur
2060 1937 2131 2000 pru·

1385 2013 1459 2073 dens
1481 2013 1533 2075 ille
1555 2014 1694 2092 praesul3
1717 2029 1851 2092 cumque
1869 2029 2057 2092 magnopere
2079 2032 2133 2077 cu-

1384 2107 1445 2185 piat
1466 2107 1599 2184 aliquam
1621 2107 1678 2170 sibi
1700 2109 1781 2188 viqm
1804 2109 1943 2187 patefieri
1965 2111 2000 2172 ad
2023 2125 2131 2188 pacan-

1384 2201 1434 2260 das
1456 2201 1670 2275 conscientias,
1683 2201 1837 2278 illasquea
1853 2203 2002 2277 censuris,
2019 2203 2132 2280 quibus

1385 2302 1509 2372 propter
1541 2293 1687 2355 iniustam
1716 2293 1991 2358 ecclesiasticarum
2017 2311 2133 2374 posses·

1383 2387 1507 2450 sianum
1525 2388 1741 2449 detentionem
1757 2388 1916 2450 adstrictae
1931 2396 2018 2464 sunl,
2034 2389 2132 2450 absol-

1384 2481 1513 2556 vendas;
1537 2481 1742 2544 nibilominus
1757 2496 1853 2559 aeque
1867 2483 1970 2544 vereri
1985 2499 2018 2543 se
2029 2491 2131 2545 osten-

1383 2574 1438 2648 dit,
1462 2590 1500 2634 ne
1522 2573 1632 2636 turbae
1648 2575 1836 2647 excitentur,
1851 2573 1875 2635 si
1892 2575 2049 2638 hodiernis
2064 2591 2130 2654 pos·

1383 2666 1562 2740 sessoribus,
1580 2673 1614 2728 ut
1630 2668 1766 2728 iustitiae
1787 2669 1865 2728 ratio
1887 2669 2067 2746 postularet,
2085 2671 2131 2732 in·

1385 2758 1568 2834 iungeretur
1583 2769 1636 2822 aut
1650 2759 1821 2822 fundorum
1838 2769 1891 2822 aut
1909 2761 2068 2825 fructuum
2079 2763 2131 2825 rel

1383 2850 1511 2913 alicuius
1523 2853 1674 2930 portionis
1686 2853 1975 2917 eorumrestitutio.
1987 2856 2132 2916 Animad-

1385 2947 1571 3006 vertendum
1597 2961 1721 3025 quoque
1746 2955 1802 3022 est,
1833 2947 2017 3010 latiburum
2045 2951 2131 3012 alias·

1383 3053 1444 3114 que
1467 3037 1621 3100 ..nitrariae
1653 3039 1810 3114 civitates,
1842 3043 1879 3102 de
1906 3042 2018 3120 quibus
2046 3060 2131 3106 nunc

1383 3132 1500 3208 agitur,
1522 3132 1765 3212 subtemporali
1787 3136 1988 3200 Othomanica
2013 3139 2132 3200 ditione

1384 3225 1567 3302 consistere3
1591 3228 1675 3288 unde
1696 3227 1864 3291 minimum
1887 3232 1967 3309 quod
1991 3240 2132 3294 mettxere

1384 3333 1553 3396 possemus,
1576 3319 1677 3398 aliqua
1703 3322 1864 3383 exoriente
1885 3324 2129 3402 perturbatione,

1385 3411 1413 3471 id
1436 3419 1526 3486 esset,
1550 3419 1584 3473 ut
1606 3411 1743 3491 prodiret
1758 3415 1935 3476 decretum:
1960 3416 2013 3477 uti
2033 3417 2131 3492 possi·

1384 3507 1477 3578 dctis,
1502 3508 1550 3569 ite
1579 3507 1787 3584 possidentis,
1817 3511 1897 3587 quod
1919 3510 1953 3570 ad
1984 3511 2130 3588 pacandas

1383 3601 1585 3662 conscientias
1609 3600 1698 3662 nibili
1722 3603 1853 3678 valeret3
1884 3603 1943 3664 nisi
1966 3604 2060 3666 etiam
2081 3604 2131 3667 de-

1386 3693 1481 3754 terius
1502 3692 1617 3770 aliquid
1640 3695 1672 3756 in
1692 3697 1929 3758 christianorum
1948 3705 2132 3775 sanctaeque

1384 3799 1507 3852 nostrae
1539 3791 1700 3868 religionis
1724 3791 1889 3869 perniciem
1922 3793 2129 3868 contingeret.

1384 3889 1445 3950 lloc
1468 3887 1543 3948 illud
1559 3894 1616 3958 est,
1634 3887 1714 3964 quod
1732 3887 1873 3947 animum
1889 3894 2031 3948 nostrum
2048 3901 2131 3948 com-

1384 3988 1489 4042 movet
1521 3987 1614 4059 atque
1642 3979 1817 4057 perturbat3
1841 3995 1960 4058 nosque
1981 3995 2018 4040 eo
2039 3978 2131 4042 addu-

1383 4075 1435 4148 cit,
1459 4080 1505 4148 ut,
1531 4073 1589 4134 nisi
1613 4088 1693 4133 nova
1709 4079 1740 4133 et
1762 4073 1892 4134 certiora
1914 4073 2002 4133 nobis
2023 4089 2132 4151 suppe-

1383 4166 1523 4228 ditentur
1555 4165 1676 4239 indicia,
1700 4181 1737 4226 ex
1764 4165 1876 4242 quibus
1906 4165 2130 4242 intelligamus,

1384 4259 1457 4338 quid
1482 4259 1617 4320 maxime
1642 4258 1674 4318 iu
1703 4258 1866 4336 praedictis
1892 4257 2072 4335 regionibus
2096 4259 2131 4319 ti-

1385 4353 1460 4414 meri
1483 4359 1597 4429 posset,
1610 4351 1634 4412 si
1657 4352 1729 4412 huic
1750 4351 1876 4427 negotio
1898 4367 2008 4414 manus
2029 4351 2132 4414 admo·

1384 4453 1528 4521 veantur,
1542 4446 1621 4508 nibil
1645 4461 1700 4507 nos
1721 4451 1857 4507 statuere
1873 4461 1960 4523 posse
1975 4445 2130 4506 existime

1384 4555 1453 4602 mus
1489 4542 1526 4601 de
1562 4539 1819 4601 instructionibus
1852 4546 1905 4599 aut
1936 4537 2131 4600 facultatibus

1383 4635 1460 4696 circa
1482 4632 1557 4694 baec
1579 4633 1778 4695 antibarensi
1801 4631 2037 4709 archiepiscopo
2049 4647 2132 4692 com-

1384 4727 1587 4788 municandis.
1603 4726 1687 4800 Quod
1704 4741 1789 4786 nunc
1805 4725 1859 4785 tibi
1874 4724 2050 4800 significare
2065 4739 2132 4800 pos-

1382 4837 1502 4894 sumus,
1517 4827 1548 4880 et
1571 4821 1606 4880 de
1622 4834 1684 4896 quo
1701 4817 1754 4880 tibi
1775 4818 1969 4890 mandamus,
1985 4824 2019 4878 ut
2035 4816 2127 4895 ipsam

1382 4911 1654 4989 congregationem
1679 4911 1843 4972 certiorem
1866 4909 1965 4983 iacias,
1979 4909 2054 4972 illud
2071 4917 2117 4972 est

2190 4741 2330 4790 Pontifex.
2352 4742 2369 4785 si

2149 4791 2187 4837 ila
2211 4805 2251 4836 res
2277 4796 2370 4844 terent.

2148 4844 2296 4906 apostolica
2321 4860 2371 4892 nu-

2149 4903 2272 4945 ctorxtale
2288 4903 2321 4944 art
2338 4903 2371 4945 in-

2121 4952 2316 5006 ’dulgendum
2335 4957 2369 4999 uti
2421 4971 2422 4976 ¹

1385 5022 1439 5068 uos
1462 5005 1501 5066 ita
1524 5007 1628 5066 animo
1656 5021 1721 5065 esse
1744 5009 1946 5082 comparatos,
1971 5013 2005 5065 ut
2025 5015 2201 5081 supremin
2224 5008 2368 5054 dubitabit.
2421 4999 2422 5021 ¹

1383 5115 1444 5174 ma,
1467 5116 1527 5178 qua
1547 5099 1713 5174 fungimur
1742 5099 1936 5172 auctoritate,
1961 5113 2015 5175 pro
2037 5111 2130 5172 geue-

1384 5195 1454 5254 ralis
1478 5195 1628 5255 bonorum
1644 5191 1921 5254 ecclesiasticorum
1936 5190 2131 5252 administra·

1385 5289 1457 5348 toris
1478 5286 1590 5361 ollicio,
1603 5285 1781 5347 huiusmodi
1805 5285 1958 5346 bonorum
1981 5299 2131 5362 possesso-

1384 5382 1467 5443 ribus
1490 5388 1650 5459 perceptos
1671 5380 1790 5443 tructus
1819 5381 2043 5456 condonemus,
2067 5396 2130 5442 eos·

1383 5491 1443 5552 que
1454 5473 1489 5535 nd
1504 5475 1699 5536 retinendam
1710 5473 1936 5552 possessionem
1948 5473 2129 5549 lundorum,

1383 5569 1524 5645 quamvis
1547 5567 1663 5628 iniuste
1690 5575 1909 5644 occupatorum
1932 5573 1962 5628 et
1990 5566 2155 5646 detento-A

1383 5657 1469 5738 rum,
1505 5663 1630 5724 idoneos
1665 5659 1848 5734 reddamus,
1882 5668 1912 5721 et
1941 5660 1978 5722 ab
1999 5661 2131 5721 incursis

1382 5757 1520 5817 censuris
1542 5754 1752 5830 absolvamus,
1776 5769 1816 5814 ne
1837 5753 1917 5814 torte
1946 5753 2131 5815 christianae

1382 5849 1542 5926 religionis
1570 5849 1767 5909 eversionem
1796 5847 1912 5908 intueri
1938 5847 1972 5908 in
1999 5846 2059 5907 illis
2084 5864 2131 5908 re·

1383 5940 1543 6018 monibus,
1567 5940 1599 6001 in
1629 5940 1758 6018 quibus,
1782 5939 1854 6002 licet
1880 5940 1939 6001 sub
1959 5940 2130 6002 Turcarum
