4856 6984
320 583 419 638 sae.
441 583 507 638 rasi
559 567 620 648 fef

539 720 718 799 provinciae
739 727 769 784 et
795 718 1005 798 praefecturae
1035 716 1190 792 Quitensis
1211 717 1285 778 mis-

539 817 680 880 sionariis
702 814 738 877 de
765 829 851 876 more
878 815 1073 890 congregatis
1097 813 1132 873 ad
1161 811 1285 872 comitia

538 911 718 976 huiusmodi
740 911 771 974 in
794 912 849 972 bac
870 909 949 971 alma
967 908 1050 970 Urbe
1065 907 1169 970 nostra
1189 905 1287 972 felici-

540 1014 587 1070 ter
608 1007 758 1070 celebrata
781 1007 943 1085 deputatus
965 1004 1080 1079 fuerat,
1105 1006 1140 1068 ad
1162 1022 1217 1068 uos
1239 1024 1284 1070 ac·

538 1103 663 1178 cedens,
685 1099 815 1180 supplex
836 1098 988 1179 exposuit,
1002 1100 1082 1177 quod
1107 1101 1139 1161 in
1161 1099 1221 1162 illis
1237 1120 1285 1164 re·

540 1195 683 1272 gionibns
705 1213 721 1257 a
748 1203 876 1257 centum
897 1201 928 1256 et
954 1193 1086 1273 amplius
1116 1193 1223 1272 annis,
1246 1212 1284 1257 ex

539 1308 603 1371 quo
621 1291 807 1354 missionarii
830 1288 989 1356 societatis
1004 1290 1071 1352 lesu
1093 1291 1128 1352 ad
1143 1290 1285 1351 barbaras

539 1383 741 1463 infidelesque
762 1381 902 1446 nationes
924 1381 1001 1443 inibi
1023 1382 1170 1458 degentes
1192 1395 1285 1458 pene·

541 1483 675 1553 trarunt,
699 1485 729 1540 et
757 1493 820 1540 non
843 1476 910 1538 sine
941 1475 1085 1536 maximis
1115 1473 1282 1549 laboribus,

539 1570 713 1644 sudoribus
737 1570 818 1632 ritae
836 1567 1065 1634 discriminibus
1080 1575 1111 1630 et
1125 1566 1285 1644 sanguinis

540 1665 632 1727 etiam
652 1663 819 1742 dispendiis
841 1661 1001 1724 missiones
1029 1660 1158 1724 fundare
1179 1677 1287 1739 coepe-

540 1765 626 1832 runt,
650 1773 743 1820 nemo
765 1756 851 1818 omni
873 1755 981 1834 procul
996 1753 1088 1817 dubie
1104 1769 1141 1816 ex
1157 1753 1285 1817 Christi-

540 1850 682 1914 frdelibus
703 1865 757 1929 per
779 1850 858 1927 ipsos
879 1847 1089 1911 missionarios
1103 1863 1141 1910 ex
1164 1847 1242 1926 aqua
1256 1853 1286 1908 et

540 1945 659 2024 Spiritu
681 1943 793 2007 Sancto
814 1942 941 2018 renatis,
960 1949 992 2004 et
1008 1941 1039 2003 in
1062 1956 1195 2018 regnum
1218 1941 1284 2015 Dei,

539 2037 803 2118 quemadmodum
824 2038 875 2116 pie
895 2037 1043 2112 ereditur,
1066 2033 1224 2110 ingressis,
1241 2049 1287 2094 sa-

539 2139 738 2194 cramentum
768 2129 1021 2194 Confirmationis
1049 2127 1162 2190 ibidem
1184 2143 1286 2189 susce·

539 2225 629 2302 perit.
660 2225 724 2302 lpsa
753 2239 827 2285 vero
853 2221 1009 2301 provincia
1032 2238 1066 2284 ac
1095 2219 1286 2298 praefectura

539 2317 695 2392 Quitensis
716 2315 777 2379 late
798 2322 892 2395 patet,
909 2321 939 2376 et
955 2315 1118 2376 missiones
1133 2312 1287 2391 plurimae

540 2410 704 2484 habentur,
714 2409 790 2470 aliae
801 2408 924 2488 quidem
937 2406 1131 2485 appellantur
1140 2407 1286 2484 Mayneu·

539 2519 598 2574 ses,
620 2517 700 2582 quae
722 2504 757 2564 ad
779 2501 978 2564 Maranonem
993 2515 1047 2562 seu
1065 2513 1213 2576 magnam
1230 2499 1286 2560 flu-

542 2597 628 2658 rium
651 2596 843 2658 Amazonum
866 2594 1090 2667 extenduntur,
1114 2593 1190 2654 aliae
1210 2608 1286 2654 vero

540 2688 712 2762 Dorienses,
729 2689 765 2750 ad
781 2703 913 2766 quarum
929 2685 1115 2748 missionum
1138 2686 1202 2748 loca
1217 2686 1296 2748 nub.

539 2782 587 2844 lus
609 2779 1059 2864 dioecesanorumdntistitum
1078 2782 1225 2843 bactenns
1240 2795 1287 2840 ac-

539 2878 641 2953 cessit,
663 2878 715 2940 sed
735 2877 789 2956 ipsi
812 2873 972 2938 dumtaxat
988 2874 1173 2937 missionarii
1185 2889 1240 2952 per
1254 2889 1285 2934 se

539 2970 667 3050 populos
695 2970 763 3032 illos
785 2969 817 3030 in
841 2969 910 3032 fidei
933 2969 1088 3047 mysteriis
1110 2968 1283 3042 instruunt,

539 3074 569 3128 et
590 3080 674 3127 sacro
696 3063 940 3140 regenerationis
960 3062 1079 3125 lavacro
1101 3060 1242 3124 abluunt.

579 3159 598 3233 ἓ
619 3159 649 3222 f.
674 3156 796 3220 addidit
812 3165 978 3235 praeterea,
994 3171 1063 3216 raro
1086 3153 1238 3215 nimirum
1253 3169 1285 3215 ac

539 3252 603 3314 fere
626 3265 786 3329 nunquam
810 3249 883 3312 inibi
906 3248 1099 3324 contingere,
1116 3255 1150 3309 ut
1165 3247 1285 3308 missio-

539 3347 633 3410 nariis
655 3343 900 3424 independenter
921 3342 1050 3404 utribus
1071 3340 1284 3420 proclamatio-

539 3442 630 3503 nibus
652 3437 846 3519 praescriptis
867 3445 897 3499 et
919 3436 986 3498 fieri
1006 3435 1116 3512 solitis,
1133 3435 1285 3498 multum-

537 3550 599 3614 que
625 3532 772 3612 temporis
800 3537 873 3592 ante
901 3531 1138 3595 matrimonium
1165 3539 1286 3594 contra·

538 3628 678 3690 bendum
699 3643 737 3688 ex
764 3625 933 3706 spontanei
956 3626 1094 3705 ipsorum
1120 3625 1285 3704 oppidano·

538 3737 608 3784 rum
631 3722 778 3783 indorum
801 3719 1052 3783 manifestatione
1074 3736 1137 3782 non
1160 3719 1283 3795 resciat,

539 3830 615 3876 num
646 3813 769 3891 aliquod
802 3813 1063 3893 impedimentum
1091 3813 1186 3889 adsit,
1213 3828 1284 3874 nec·

539 3911 598 3972 nel
619 3907 750 3986 Insuper
771 3905 1061 3986 frequentissimum
1077 3915 1108 3970 et
1122 3907 1188 3970 fere
1203 3921 1287 3968 com·

539 4017 635 4064 mune
666 4017 732 4062 esse
763 4000 845 4064 ludis
877 4002 1063 4080 neophytis,
1097 4009 1131 4063 ut
1162 3999 1285 4082 (ignaro

538 4094 663 4173 quidem
695 4091 904 4172 missionario)
933 4095 1036 4173 sponsi
1067 4101 1135 4174 post
1165 4101 1285 4156 contra-

538 4196 585 4252 cta
616 4187 764 4267 sponsalia
794 4187 863 4249 sine
898 4187 980 4262 ullo,
1012 4203 1106 4266 quem
1136 4188 1193 4250 sibi
1225 4187 1285 4250 for-

540 4291 638 4358 ment,
660 4282 866 4345 conscientiae
886 4282 1031 4360 scrupulo
1054 4281 1178 4344 insimul
1196 4282 1284 4343 roba-

540 4379 648 4440 bitent.

578 4471 652 4547 §3-
683 4471 853 4550 Eapropter
881 4470 946 4548 ipse
976 4468 1103 4532 Carolus
1129 4471 1286 4534 Brentano

540 4573 718 4645 procurator
739 4563 920 4641 suppliciter
940 4563 1091 4638 exoravit,
1110 4572 1144 4625 ιιι
1159 4579 1223 4626 non
1237 4581 1285 4626 so·

539 4660 605 4722 lum
617 4655 1285 4732 missionariisQuitensibusfacultatemtum

539 4751 717 4814 conferendi
747 4754 977 4811 sacramentum
1008 4750 1283 4826 confirmationis,

541 4854 608 4908 tum
629 4842 823 4922 dispensandi
846 4859 940 4922 super
963 4843 1285 4923 tribusproclamatio·

540 4939 630 5000 nibus
660 4945 732 5000 ante
764 4935 1000 4999 matrimonium
1036 4939 1284 5002 contrabendum

542 5033 606 5094 fieri
628 5031 737 5107 solitis,
768 5030 906 5092 tribuere
927 5038 958 5091 et
979 5029 1152 5109 impertiri3
1175 5032 1226 5095 sed
1249 5033 1285 5094 li·

541 5127 673 5189 rentiam
695 5139 819 5203 quoque
844 5123 980 5186 olllcium
1002 5131 1033 5185 et
1054 5123 1177 5186 missam
1199 5141 1284 5204 prae·

539 5219 722 5284 sentationis
743 5218 777 5280 in
805 5217 921 5295 templo
946 5217 1040 5278 Brixae
1067 5216 1205 5294 Virginis
1226 5218 1286 5280 ilfa·

542 5317 603 5379 riae
624 5311 840 5375 immaculatae
863 5311 921 5372 sub
945 5311 1008 5372 ritu
1037 5309 1151 5388 duplici
1176 5327 1286 5374 secun-

540 5411 595 5472 dae
624 5407 726 5470 classis
752 5419 825 5468 eum
846 5405 951 5466 octava
978 5403 1127 5466 recitandi
1155 5409 1186 5466 et
1208 5405 1286 5467 cele·

542 5502 661 5576 brandi,
684 5500 828 5562 omnibus
849 5504 880 5560 et
900 5496 1032 5573 singulis
1057 5497 1233 5575 provinciae
1255 5507 1285 5560 et

542 5597 725 5659 missionum
745 5592 940 5670 Quitensium
970 5591 1127 5656 Societatis
1151 5592 1218 5654 lesu
1239 5607 1284 5652 sa-

540 5690 731 5764 cerdotibus,
760 5696 851 5766 atque
873 5685 921 5762 iis,
945 5685 997 5764 qui
1019 5685 1054 5747 ad
1076 5685 1166 5746 boras
1195 5701 1285 5747 cano·

541 5783 622 5846 nicas
644 5789 804 5857 tenentur,
826 5777 995 5842 concedere
1014 5785 1044 5840 et
1066 5777 1232 5856 indulgere
1248 5778 1286 5840 de

541 5875 733 5952 benignitate
747 5881 777 5936 et
792 5873 974 5936 auctoritate
995 5871 1158 5953 apostolica
1180 5871 1286 5947 digna-

540 5983 659 6034 remur.

985 621 992 636 .
1063 595 1125 640 tuit.
1151 593 1241 638 PONT.
1266 592 1305 637 illl
1327 591 1355 637 P·
1380 591 1407 638 F·
1434 591 1516 637 raus
1538 591 1559 636 1.

1378 711 1397 786 5
1418 709 1447 772 la.
1472 709 1533 773 Nos
1548 709 1691 790 itaque,a
1706 709 1817 787 quibus
1829 721 1974 787 supremo
1989 716 2087 788 pasto·

1338 821 1410 866 rum
1441 803 1572 883 principi
1602 804 1670 866 lesu
1693 802 1816 866 Christo
1842 810 1968 865 aeterno
1996 801 2087 864 iudici

1339 898 1433 976 ipsius
1454 899 1486 960 in
1503 897 1593 960 terris
1608 897 1691 958 vices
1706 896 1889 974 gerentibus
1908 895 2087 973 gravissima

1338 991 1481 1054 omnium
1513 991 1687 1052 animarum
1710 1006 1766 1052 suo
1787 990 1939 1066 sanguine
1967 989 2089 1050 redem-

1338 1089 1462 1162 ptarum
1484 1084 1562 1146 ratio
1584 1084 1736 1147 reddenda
1752 1092 1809 1159 est,
1823 1095 1960 1146 summas
1976 1089 2020 1143 tot
2034 1097 2086 1160 po-

1339 1177 1485 1256 pulorum
1513 1177 1682 1255 angustias,
1705 1192 1882 1250 aerumnas,
1906 1192 1939 1237 ac
1971 1182 2086 1236 tantam

1339 1269 1553 1333 infelicitatem
1575 1287 1613 1333 ex
1634 1271 1739 1332 animo
1764 1269 2028 1344 commiserantes,
2043 1274 2087 1329 at·

1338 1369 1399 1444 que
1420 1365 1542 1426 eosdem
1557 1364 1777 1439 missionarios,
1795 1363 1849 1442 qui
1870 1379 1957 1424 suam
1972 1378 2027 1441 pro
2041 1362 2087 1423 lu·

1339 1458 1459 1520 orandis
1471 1457 1617 1520 fratribus
1638 1459 1702 1520 suis
1716 1457 1853 1520 animam
1869 1463 2001 1536 ponunt,
2017 1471 2087 1534 apo·

1338 1551 1454 1613 stolicis
1475 1551 1615 1614 laudibus
1643 1551 1911 1626 commendantes
1936 1550 2087 1630 supplica·

1340 1644 1476 1706 tionibus
1497 1644 1533 1706 ab
1555 1645 1665 1708 eodem
1688 1643 1795 1708 carolo
1821 1645 1977 1706 Brentano
1999 1641 2087 1704 nobis

1339 1753 1432 1816 super
1452 1731 1694 1801 boc'bumiliter
1715 1738 1866 1817 porrectis
1888 1735 2038 1810 inclinati,
2054 1751 2088 1796 ac

1341 1839 1382 1906 te,
1404 1831 1595 1907 dilecte‘fifi,
1620 1833 1784 1911 ipsumque
1811 1829 1957 1893 Carolum
1980 1843 2088 1907 procu·

1340 1933 1474 1986 retorem
1490 1924 1527 1986 de
1542 1925 1675 2002 negotiis
1698 1924 1877 2002 prorfnciae
1898 1937 1970 1984 suae
1992 1919 2089 1984 fideti-

1341 2024 1389 2080 ter
1409 2019 1629 2096 sapienterque
1650 2018 1700 2080 bie
1728 2017 1843 2078 Romae
1867 2015 2016 2092 expeditis
2037 2013 2088 2075 be-

1341 2118 1570 2184 nemerentem,
1588 2125 1710 2172 necnon
1726 2117 1913 2172 memoratos
1930 2106 2090 2170 missiona-

1341 2203 1403 2264 rios
1425 2203 1628 2284 amplioribus
1650 2203 1819 2280 gratiarum
1842 2201 1999 2263 favoribus
2020 2214 2088 2277 pro·

1340 2296 1425 2375 sequi
1448 2296 1601 2372 volentes,
1626 2305 1656 2359 et
1679 2303 1797 2358 vestras
1824 2294 1997 2371 singulares
2022 2308 2089 2370 per·

1342 2405 1430 2451 sonas
1451 2407 1467 2450 a
1489 2390 1650 2468 quibusvis
1667 2387 2009 2462 excommunicationis,
2024 2401 2090 2447 sus-

1341 2483 1498 2561 pensionis
1508 2500 1542 2546 ac
1555 2481 1722 2556 interdicti,
1736 2482 1864 2560 aliisque
1877 2479 2089 2544 ecclesiasticis

1339 2576 1514 2651 sententiis,
1546 2575 1685 2638 censuris
1713 2583 1743 2636 et
1772 2575 1879 2654 poenis
1906 2591 1921 2636 a
1950 2576 2019 2636 iure
2039 2573 2087 2634 rel

1340 2668 1376 2730 ab
1397 2667 1535 2743 bomine,
1558 2669 1667 2746 quavis
1688 2668 1846 2730 occasione
1869 2665 1918 2729 vel
1939 2667 2027 2730 causi
2047 2667 2088 2728 la·

1343 2759 1390 2835 tis,
1406 2762 1431 2820 si
1453 2760 1566 2838 quibus
1588 2759 1822 2838 quomodolibet
1840 2759 2004 2822 innodatae
2024 2761 2088 2821 exi-

1339 2862 1438 2929 stunt,
1461 2855 1497 2914 ad
1519 2852 1664 2915 effectum
1692 2854 1904 2932 praesentium
1930 2854 2089 2916 dumtaxat

1340 2947 1606 3025 consequendum,
1619 2946 1732 3010 barum
1746 2948 1825 3009 serie
1847 2946 2043 3010 absolventes
2056 2953 2087 3008 et

1340 3043 1490 3105 absolutas
1511 3042 1578 3105 fore
1600 3049 1774 3118 censentes,
1804 3043 1932 3104 attentis
1954 3057 2089 3120 praeser-

1343 3135 1398 3198 tim
1420 3136 1611 3216 praemissis,
1641 3137 1823 3199 auctoritate
1844 3136 2022 3215 apostolica,
2045 3146 2088 3200 te·

1341 3247 1417 3294 nore
1438 3231 1662 3310 praesentium,
1678 3231 1893 3311 superioribus
1915 3232 2088 3294 cuiuscum-

1340 3339 1401 3404 que
1422 3325 1576 3387 missionis
1606 3326 1830 3388 antedictarum
1862 3341 1916 3404 pro
1948 3333 2089 3404 tempore

1340 3418 1555 3492 existentibus,
1590 3425 1621 3480 et
1653 3419 1833 3481 eorumdem
1863 3421 2089 3499 superioritatis

1342 3515 1524 3577 muneribus
1545 3515 1748 3590 durantibus,
1771 3531 1841 3579 cum
1864 3517 1899 3578 ad
1922 3515 2088 3580 visitandas

1341 3610 1519 3674 huiusmodi
1542 3609 1705 3672 missiones
1725 3611 1919 3686 accesserint,
1937 3617 1972 3674 ιιι
1993 3628 2090 3674 sacra-

1341 3711 1485 3766 mentum
1514 3703 1768 3768 confirmationis
1794 3704 1970 3780 chrismate,
1996 3706 2087 3767 etiam

1341 3799 1480 3876 antiquo,
1502 3799 1527 3860 si
1549 3815 1668 3861 norum
1692 3799 1797 3861 baberi
1819 3813 1883 3862 non
1906 3799 2011 3877 possit,
2034 3815 2089 3878 per

1341 3892 1526 3954 catholicum
1541 3892 1729 3955 ‘antistitem
1751 3892 1881 3968 gratiam
1897 3899 1927 3953 et
1950 3908 2089 3956 commu·

1341 3988 1469 4049 nionem
1491 3987 1577 4050 Sedis
1598 3986 1792 4064 apostolicae
1812 3986 1980 4049 habentem
1997 3987 2088 4049 bene-

1339 4081 1432 4156 dicto,
1448 4081 1593 4144 omnibus
1614 4089 1645 4142 et
1666 4079 1797 4157 siugulis
1818 4081 1982 4160 utriusque
1996 4097 2088 4144 sexus

1341 4173 1849 4252 christifidelibusuniuscuiusque
1869 4174 2021 4238 missionis
2043 4175 2087 4236 ιιι-

1342 4278 1391 4331 xta
1412 4266 1541 4331 Rituafis
1562 4267 1693 4330 Romani
1716 4268 1811 4329 ritum
1835 4267 1931 4328 libere
1952 4275 1983 4330 et
2004 4268 2088 4330 licite

2118 569 2173 622 An.
2188 570 2219 621 C.
2242 565 2321 624 1751

1340 4361 1480 4426 conferre
1500 4368 1531 4422 et
1545 4359 1760 4423 administrare
1774 4359 1893 4439 possint
1906 4377 1939 4423 ac
1953 4361 2086 4437 valeant,
2184 4438 2190 4450 θ

1341 4456 1534 4532 facultatem,
1564 4472 1598 4517 ea
1627 4464 1731 4519 tamen
1756 4456 1837 4534 lege,
1860 4456 2028 4520 tribuimus
2057 4463 2087 4517 et

1341 4551 1550 4629 impertimur,
1574 4555 1609 4612 ut
1630 4549 1664 4611 in
1687 4549 1723 4612 iis
1751 4551 1878 4628 quidem
1904 4549 2086 4612 missionum

1341 4643 1519 4722 provinciis,
1536 4659 1614 4722 quae
1630 4643 1785 4706 habentur
1800 4645 1832 4706 iu
1849 4645 1990 4708 districtu
2006 4645 2087 4707 dioe-

1341 4751 1444 4800 cesum
1465 4743 1496 4798 et
1516 4738 1574 4799 sub
1595 4737 1808 4801 iurisdictione
1830 4753 1926 4800 venn.
1956 4737 2087 4800 fratrum

1340 4831 1538 4907 antistitum,
1560 4831 1598 4893 ab
1619 4846 1655 4894 eo
1676 4831 1873 4906 antistitem
1896 4831 1985 4894 cuius
2006 4831 2089 4894 dioe-

1340 4925 1400 4988 cesi
1422 4932 1453 4986 et
1473 4925 1531 4987 sub
1552 4925 1641 4988 cuius
1668 4924 1882 4987 iurisdictione
1910 4924 2015 4986 missio
2036 4925 2087 4987 illa

1340 5019 1510 5100 reperitur,
1532 5019 1655 5082 licentia
1676 5018 1895 5099 semel,qnoad
1918 5019 1982 5097 ipse
2003 5018 2090 5082 Ordi-

1341 5115 1446 5177 narius
1461 5113 1598 5176 Antistes
1612 5113 1737 5188 uixerit,
1756 5119 1895 5190 petatur3
1911 5113 1969 5174 boc
1983 5119 2087 5174 autem

1341 5209 1497 5283 defuncto,
1520 5205 1557 5268 ab
1578 5207 1714 5268 eiusdem
1737 5221 1792 5284 pro
1810 5212 1950 5284 tempere
1970 5221 2088 5269 succes-

1340 5319 1409 5366 sore
1431 5303 1494 5380 pari
1516 5300 1607 5362 modo
1628 5298 1726 5361 semel
1748 5298 1841 5360 etiam
1863 5307 1996 5378 petatur,
2019 5315 2088 5378 gra·

1342 5396 1379 5458 tis
1399 5411 1524 5473 semper
1545 5391 1749 5457 concedenda:
1767 5393 1800 5453 in
1815 5393 1852 5454 iis
1873 5408 1947 5456 rere
1968 5394 2088 5454 missio·

1341 5504 1418 5552 num
1449 5489 1638 5568 provinciis,
1674 5503 1752 5565 quae
1783 5485 1901 5549 nullius
1931 5486 2087 5548 antistitis

1342 5582 1545 5647 iurisdictioni
1566 5582 1733 5655 subiectae,
1757 5579 1831 5660 ipsis
1851 5580 2011 5643 dumtaxat
2033 5579 2087 5642 Se·
2138 5637 2140 5641 .

1341 5677 1459 5740 cieratis
1480 5675 1619 5738 eiusdem
1647 5674 1849 5738 missionariis
1869 5674 1906 5735 ab
1933 5673 1987 5736 bac
2008 5672 2087 5752 Apo·

1340 5771 1443 5834 stolicf
1466 5771 1544 5836 Sede
1565 5769 1698 5833 creditae
1718 5775 1803 5844 sunt,
1819 5766 1972 5830 antedicta
1993 5766 2088 5829 licen·

1341 5865 1381 5927 tia
1403 5864 1533 5927 minime
1548 5863 1714 5926 necessaria
1731 5869 1788 5938 est,
1805 5861 1864 5924 nisi
1886 5859 2013 5923 fortasse
2033 5861 2089 5922 ali-

1340 5959 1462 6040 quando
1494 5957 1690 6038 contingeret
1717 5956 1750 6019 in
1779 5955 1887 6019 iisdem
1918 5955 2087 6036 provinciis
