4820 6980
336 572 390 626 tn.
405 574 435 624 ⁰·
456 571 526 626 1757
576 565 635 634 790
1073 575 1138 625 too.
1163 575 1253 626 nour.
1278 577 1318 624 oc
1339 575 1368 624 n.
1393 573 1422 624 r.
1446 575 1529 623 5555
1552 571 1572 622 1.
2135 554 2190 608 Aa.
2205 557 2238 608 0·
2261 551 2325 608 1767

558 703 754 777 interfuerat,
776 701 876 764 ailatis
897 701 930 764 in
954 699 1049 778 ipsius
1072 695 1238 773 tugurium
1258 713 1303 756 sa·
1358 710 1390 754 sc
1405 709 1469 755 non
1483 699 1612 772 poterat
1626 694 1807 756 sustinere:
1830 693 1925 756 immo
1939 693 2106 758 interdum

558 799 617 860 cris
639 797 729 870 15575,
752 795 894 857 manibus
916 794 1120 855 Diaconorum
1141 807 1198 870 pro
1217 790 1304 852 altari
1359 789 1609 854 sustentabatur
1630 805 1685 866 per
1705 788 1830 866 aliquas
1855 789 2054 863 assistentes,
2076 798 2106 853 et

558 905 631 952 usus
652 905 766 950 suoram
792 886 925 948 confecit
947 885 1189 954 Eucharistiam,
1213 891 1305 960 prout
1359 885 1406 945 sic
1435 883 1566 946 Missam
1597 879 1768 944 celebrauit
1790 882 1825 942 in
1856 881 1998 961 cappeiia
2028 903 2106 947 sua.-

559 983 691 1060 7555551
712 979 807 1043 151511
829 979 860 1040 75
885 978 1044 1040 Phiiotheo
1066 991 1134 1054 cap.
1151 977 1207 1036 20.
1231 976 1306 1038 Ura·
1361 982 1451 1055 prout
1481 977 1588 1038 videre
1609 984 1658 1038 est
1684 983 1758 1036 tom.
1780 977 1803 1035 4
1825 975 1914 1045 Maii,
1939 979 2018 1052 apud
2040 977 2105 1038 Bol-

560 1075 631 1138 nios
661 1075 694 1136 in
725 1073 853 1152 epistota
878 1072 914 1132 55
941 1069 1031 1133 abitu
1063 1069 1197 1132 Paulini
1225 1071 1304 1147 apud
1361 1069 1531 1144 landianos,
1552 1085 1625 1148 pap.
1643 1071 1724 1138 541,
1753 1072 1804 1138 Α.,
1822 1085 1911 1130 num.
1937 1069 1990 1142 17,
2015 1078 2107 1149 atque

560 1167 761 1230 Boiiandistas
785 1173 859 1228 tam.
883 1167 906 1225 4
929 1165 1031 1235 iunii,
1053 1179 1126 1244 pop.
1146 1161 1222 1230 198,
1240 1165 1305 1224 n.2
1361 1164 1448 1224 testis
1463 1162 1499 1224 55
1513 1163 1585 1224 uisu
1607 1162 1722 1225 iatetur
1742 1164 1820 1240 apud
1842 1162 1966 1226 555555
1988 1164 2109 1226 1151155-

561 1268 704 1336 testatur,
717 1258 797 1339 quod
809 1275 881 1322 curn
893 1260 927 1320 ad
940 1259 1178 1322 decumbentem
1193 1255 1224 1319 S.
1235 1257 1309 1318 Pau·
1362 1256 1468 1318 dianas
1497 1255 1554 1317 iac.
1586 1257 1644 1316 cit.
1673 1271 1746 1334 555.
1771 1258 1847 1326 560,
1881 1257 1913 1320 G.
1939 1273 2028 1320 uum,
2051 1259 2106 1318 65.

561 1359 663 1421 linum
686 1355 840 1416 Nolanum
863 1353 1048 1432 Episcopum
1065 1351 1117 1412 alii
1139 1353 1200 1413 duo
1222 1364 1308 1428 prae-
1362 1350 1524 1413 Mauritius
1547 1350 1796 1414 veroGauiridus
1812 1353 1843 1414 75
1858 1353 1976 1432 prolixa
1997 1355 2109 1418 descri-

562 1449 644 1512 suies
676 1449 864 1520 inviserent,
887 1453 1031 1522 aegrotus
1055 1445 1125 1507 iicet
1152 1459 1224 1508 curn
1247 1442 1307 1505 71175
1364 1444 1966 1522 517555171558.11557515571155.
1989 1450 2022 1518 4,
2041 1447 2111 1510 Bai·

562 1542 682 1605 Missam
711 1540 912 1603 celebraverit
933 1545 1033 1601 erecta
1066 1553 1161 1618 prope
1191 1536 1307 1598 155155
1364 1535 1586 1600 laodiciorum
1608 1553 1677 1618 555.
1696 1539 1775 1608 594,
1795 1541 1845 1608 Α..
1862 1554 1930 1617 555.
1949 1541 1982 1611 5,
2000 1557 2032 1601 5.
2049 1542 2108 1611 59,

563 1653 631 1697 ara:
659 1636 700 1696 Et
723 1635 816 1710 quasi
838 1634 1044 1711 profecturus
1066 1631 1106 1693 55
1120 1630 1307 1698 bominum,
1365 1645 1429 1691 rem
1446 1647 1571 1693 omnem
1588 1630 1628 1692 ita
1644 1631 1876 1708 complectitur:
1903 1633 1986 1695 Erat
2001 1643 2110 1696 cutem

564 1726 664 1800 iubet,
679 1725 742 1790 sibi
764 1733 841 1789 ante
862 1722 1016 1787 lectulum
1031 1741 1127 1786 suum
1142 1739 1237 1786 sacro
1252 1722 1309 1782 mi·
1364 1723 1440 1785 adea
1469 1731 1548 1785 tuuc
1578 1723 1743 1802 infirmus,
1773 1731 1810 1786 51
1839 1741 1917 1802 prae
1944 1725 2112 1790 debititate

563 1821 703 1884 misteria
732 1818 897 1882 cunibert.-
927 1818 1052 1880 sciticet
1073 1825 1111 1880 ut
1139 1834 1206 1880 uua
1238 1830 1310 1877 cum
1364 1818 1508 1894 carparis
1530 1833 1587 1876 uec
1615 1815 1760 1889 iuduere,
1783 1835 1840 1879 nec
1866 1835 1983 1881 enuere
2004 1837 2112 1898 perse

567 1913 696 1978 Sanctis
727 1913 890 1990 Episcopis
917 1909 1022 1976 oblata
1043 1910 1216 1989 sacrificia,
1239 1909 1310 1972 ani·
1364 1911 1519 1990 sufficeret
1539 1925 1650 1972 sacras
1677 1915 1786 1982 aestas,
1810 1912 1864 1972 sed
1884 1929 1941 1974 nec
1964 1913 2033 1976 aiio
2054 1929 2112 1992 pro

564 2023 649 2069 mam
671 2021 763 2068 suam
786 2005 920 2068 Domina
950 2004 1199 2065 commendaret.-
1229 2002 1309 2080 quod
1366 2002 1464 2066 Missa
1486 2001 1668 2063 neccssaria
1681 2016 1887 2080 praeparare,
1904 2005 1946 2066 ad
1959 2003 2067 2068 nitere
2080 2023 2112 2066 se

565 2099 738 2162 51155155
767 2099 918 2161 iudicatur·
943 2113 1067 2158 numer.
1097 2096 1129 2154 3.
1168 2095 1210 2156 itt
1238 2109 1310 2154 cum
1365 2097 1536 2164 sustinere,
1561 2101 1620 2154 aut
1643 2093 1684 2155 55
1706 2093 1893 2156 siccandum
1916 2097 2114 2174 055555175-

566 2191 642 2253 1555
664 2190 771 2254 omnia
800 2189 940 2254 Sanctus
967 2189 1141 2267 Episcopus
1168 2187 1252 2250 15515
1274 2203 1311 2248 55
1365 2187 1448 2249 mini
1469 2205 1501 2248 se
1522 2190 1645 2257 iuvare,
1660 2187 1726 2249 taisi
1748 2187 1787 2252 ab
1809 2189 2038 2254 assistentibus
2053 2192 2113 2256 Ab·

567 2288 706 2366 perfecta
729 2283 841 2346 ordine
863 2281 1059 2346 celebrasset.
1089 2281 1206 2361 Neque,
1230 2281 1312 2358 quod
1366 2278 1495 2343 batibus
1525 2279 1724 2358 Betiipartus
1753 2287 1783 2342 et
1806 2281 1978 2362 55115555,
2001 2291 2030 2346 51
2053 2290 2113 2350 Ar·

567 2376 1068 2456 5175575551555551,7115155577
1084 2376 1175 2437 verba
1191 2375 1229 2436 de
1245 2389 1312 2453 per·
1366 2374 1555 2436 abidiacano
1573 2372 1754 2436 Trecoreusi
1777 2391 1848 2438 cum
1869 2376 1946 2439 aliis
1968 2393 2114 2456 praesen-

566 2475 708 2553 ceptione
725 2487 828 2536 sacrae
851 2471 1070 2546 Eucharistiae,
1094 2485 1156 2532 555
1179 2469 1255 2530 7155
1276 2469 1314 2528 55
1369 2467 1456 2530 tibus
1477 2469 1668 2546 fulciretur.

567 2568 773 2632 celebratione
793 2566 899 2627 Missae
920 2565 1122 2640 intelligenda
1144 2561 1314 2636 sunt,hoic
1407 2577 1508 2624 xxvrr.
1526 2561 1655 2639 Propius
1672 2561 2113 2644 iamadscopumaccedimus,

569 2662 655 2723 enim
676 2653 886 2735 sutiragtirtur
915 2657 1134 2719 ‘iiiiemontius
1157 2661 1232 2718 tom.
1259 2651 1311 2727 14,
1368 2657 1420 2716 555
1442 2670 1513 2717 555
1529 2655 1690 2732 disciplina
1704 2655 1788 2718 711755
1803 2660 1884 2734 5517,
1900 2661 1990 2722 55755
2011 2677 2116 2723 exem·

571 2756 606 2816 in
628 2753 717 2816 Actis
740 2749 770 2814 S.
796 2750 942 2820 Paulini,
970 2755 1036 2811 art.
1061 2748 1116 2820 52,
1141 2763 1211 2828 pap.
1238 2747 1313 2820 139,
1370 2748 1417 2826 515
1434 2748 1465 2807 75
1481 2749 1621 2809 555755
1635 2749 1811 2824 511517555,
1828 2753 2043 2815 necessitatem
2058 2755 2116 2816 dis-

570 2847 647 2908 edit.
680 2845 795 2915 Vocet,
824 2843 1079 2921 doctissimusque
1110 2849 1197 2922 pater
1224 2842 1318 2919 Magi·
1369 2842 1561 2920 pensationis
1582 2842 1765 2920 apostolicae
1790 2842 1825 2904 55
1847 2845 1955 2908 Missae
1975 2850 2116 2910 sedenta-

570 2949 634 3003 ster
655 2938 720 3001 Orsi
753 2937 901 3013 magister
923 2937 1000 2998 sacri
1032 2937 1134 3014 palatii
1159 2936 1315 3015 apostotici
1370 2935 1435 2996 riae
1445 2934 1685 2997 celebrationem
1700 2935 1835 2997 necdum
1856 2936 2026 3014 induxerit,
2039 2957 2118 3019 quae

574 3039 596 3094 t.
623 3031 805 3094 12111515.
831 3029 962 3100 1155155,
986 3027 1041 3094 iib.
1069 3031 1120 3101 18,
1145 3046 1233 3092 uum.
1257 3028 1314 3101 76,
1372 3035 1433 3090 155
1465 3027 1622 3106 sapienter
1650 3029 1815 3090 admodum
1842 3038 1887 3091 est
1914 3031 2052 3108 inrecta,
2077 3050 2118 3096 55

570 3141 644 3206 555.
668 3123 743 3184 375.
1372 3122 1503 3201 quisque
1524 3121 1739 3184 7555715155
1760 3122 1817 3184 sibi
1841 3127 1965 3201 tingens
1983 3127 2119 3189 sedendo

613 3235 701 3280 uxor.
725 3217 865 3298 Speciosa
879 3217 1006 3298 quidem
1023 3223 1098 3278 suut
1113 3216 1252 3293 exempta
1268 3233 1318 3276 su·
1372 3215 1528 3277 celebrare
1548 3222 1677 3290 augusta
1699 3216 1844 3292 mysteria
1867 3219 2013 3280 auderet:
2037 3218 2119 3282 aute·

574 3313 679 3394 parius
703 3311 803 3386 511515,
833 3310 1051 3390 praesentique
1076 3309 1158 3372 casui
1180 3309 1318 3386 apprime
1373 3323 1478 3368 remus
1505 3322 1598 3384 porro
1617 3308 1758 3384 exempta
1787 3324 2002 3374 concessarum
2023 3331 2039 3372 5
2060 3313 2119 3374 iio

575 3405 785 3480 conveniunt3
809 3418 920 3466 verum
935 3404 1060 3482 antiqua
1077 3411 1164 3476 5551,
1180 3410 1212 3463 51
1232 3417 1318 3480 prae·
1374 3401 1475 3462 manis
1496 3399 1696 3464 Pontificibus
1717 3402 1982 3480 dispensationum
1995 3421 2050 3484 pro
2072 3423 2120 3468 ce·

517 3511 524 3528 ·
574 3498 714 3562 55555175
741 3504 864 3573 155555
892 3495 987 3570 71155,
1010 3511 1072 3574 quo
1095 3496 1126 3558 in
1145 3497 1319 3558 modernos
1373 3493 2120 3575 751551755557555555555517555,5555515155-

575 3593 655 3654 57155
680 3589 738 3652 1571
765 3588 890 3650 reducta
917 3589 1027 3650 missae
1048 3587 1157 3650 torma.
1185 3589 1319 3650 atvero
1375 3602 1448 3664 pore
1468 3587 1603 3661 5555575,
1626 3585 1663 3648 55
1685 3603 1747 3664 quo
1770 3589 1849 3650 baud
1871 3595 1918 3650 ast
1939 3598 2121 3653 controver-

577 3686 608 3750 S.
639 3684 780 3747 'tarasius
807 3682 977 3760 patriarcha
1010 3681 1320 3759 Constantinopolita-
1373 3681 1429 3754 sia,
1444 3678 1496 3742 sed
1512 3676 1550 3740 55
1566 3680 1687 3754 integra
1710 3680 2023 3744 Missaascdentibus
2043 3685 2121 3747 ceie-
2193 3721 2198 3728 ·

577 3795 636 3840 nus
658 3781 802 3838 mortuus
816 3779 862 3834 est
876 3773 935 3836 sub
955 3773 1082 3834 initium
1103 3775 1216 3837 saecuti
1232 3775 1319 3849 noni,
1377 3773 1472 3846 brata,
1487 3773 1524 3834 de
1540 3789 1598 3850 qua
1615 3773 1646 3832 iu
1662 3774 1908 3850 praesentiarum
1923 3777 2122 3854 potissimum

576 3871 714 3947 ignatius
735 3883 811 3928 uero
832 3866 1000 3944 Episcopus
1021 3865 1185 3940 Nicaenus,
1208 3867 1321 3928 'tarasii
1376 3865 1514 3944 quaestio
1534 3865 1679 3940 agitatur.
2240 3935 2248 3950 ι

576 3959 1322 4041 575555755171175517155555751517555555
1418 3973 1531 4018 xrvru.
1560 3954 1690 4018 loannes
1719 3957 1825 4020 Renna
1851 3957 2003 4036 Venetus,
2026 3962 2122 4026 iactus

577 4057 655 4134 apud
679 4052 847 4116 Rarooium
862 4053 897 4114 55
912 4067 1030 4114 aunum
1052 4068 1181 4115 ncccvr.
1198 4058 1229 4113 et
1243 4051 1321 4130 apud
1371 4067 1426 4118 ru.
1450 4049 1631 4110 novembris
1653 4065 1811 4112 uoxuxrv.
1843 4053 2009 4132 Episcopus
2032 4056 2122 4132 dige-

579 4149 780 4212 Boiiandistas
804 4151 877 4207 tom.
904 4151 925 4208 3
948 4143 1121 4209 Februarii
1147 4159 1219 4224 pap.
1244 4143 1319 4215 586,
1377 4144 1498 4218 riensis,
1512 4142 1645 4220 indeque
1667 4158 1750 4204 anuo
1770 4160 1954 4209 uoxruvru.
1979 4148 2028 4210 die
2050 4164 2121 4210 xrrr.

578 4259 668 4304 num.
691 4240 746 4308 47,
769 4241 852 4302 bunc
873 4239 906 4300 in
928 4240 1056 4302 modum
1078 4239 1224 4302 describit
1246 4237 1325 4299 ceie-
1378 4237 1448 4298 Maii
1469 4239 1505 4298 ad
1526 4233 1637 4298 Sedem
1660 4235 1855 4314 Pampeionis
1873 4237 1977 4300 Novae
1995 4241 2124 4302 transta-

580 4333 752 4397 brationem
774 4332 881 4395 Missae
901 4349 917 4392 a
935 4331 1047 4394 Sancto
1068 4331 1241 4394 Patriareita
1257 4347 1324 4408 gra·
1380 4339 1441 4404 tus,
1458 4329 1556 4391 varias
1570 4344 1587 4389 a
1601 4327 1694 4390 Pauio
1708 4326 1757 4390 itt.
1781 4331 1895 4406 gratias
1916 4332 2015 4409 petiit.
2039 4331 2124 4395 inter

580 4425 1325 4503 1715155555555155515515551555555555-
1377 4423 1435 4484 5175
1449 4422 1603 4500 exposuit,
1619 4437 1650 4481 se
1667 4421 1818 4500 podagrae
1830 4423 1939 4484 morbo
1953 4425 2040 4486 omni
2055 4441 2125 4504 pro-

580 4517 637 4582 bus
659 4525 688 4580 at
710 4517 800 4581 55155
821 4533 950 4597 proaem
968 4517 996 4578 ei
1017 4517 1155 4579 dotorem
1176 4517 1322 4598 offerens,
1379 4517 1547 4596 pemodum
1562 4514 1777 4576 membrorum
1793 4531 1850 4577 usu
1865 4531 1933 4576 esse
1947 4517 2122 4594 privatum:

580 4629 643 4676 nau
663 4610 837 4689 persuasit,
855 4615 894 4671 ut
916 4608 1158 4672 obliuisceretur
1179 4613 1324 4688 perpetui
1381 4610 1522 4672 Diversis
1533 4605 1783 4686 infirmitatibus
1794 4608 1954 4688 padaprae
1964 4610 2124 4683 detentus,

580 4713 609 4769 et
632 4704 736 4768 divini
766 4703 870 4784 officii.
895 4704 977 4766 Mam
999 4709 1028 4764 et
1056 4701 1164 4766 morbo
1185 4712 1215 4766 et
1237 4705 1324 4765 sauia
1380 4700 1495 4781 quibus
1509 4701 1577 4782 fere
1591 4699 1632 4762 ad
1646 4698 1862 4762 membrorum
1883 4699 2126 4764 instabilitatem

581 4797 744 4865 laborans,
777 4811 976 4874 nequaquam
1003 4793 1193 4858 satiabatur
1219 4813 1324 4858 sacra·
1380 4793 1530 4856 redactus
1546 4797 1609 4854 est:
1628 4791 1759 4870 ideoque
1782 4792 1902 4855 Missam
1917 4796 2026 4857 stando
2047 4794 2126 4857 5515-

579 4889 687 4951 saucti
710 4887 859 4964 Mysterii
883 4885 1103 4958 cetebraticue,
1125 4887 1178 4948 scd
1202 4889 1325 4950 intensa
1381 4888 1469 4949 brare
1491 4904 1554 4949 non
1576 4885 1698 4960 veiens,
1722 4885 1811 4964 petiit
1831 4885 2008 4949 iacuitatem
2034 4889 2128 4949 sacris

580 4995 688 5044 amare
709 4979 750 5042 55
766 4979 866 5042 Deum
887 4980 1015 5050 ardeus,
1032 4986 1062 5040 et
1076 4977 1178 5042 morbi
1200 4979 1324 5044 mutiam
1379 4978 1525 5058 operandi
1541 4979 1661 5040 inscita
1677 4994 1713 5040 eo
1727 4978 1865 5040 coniecta
1876 4979 2018 5055 artisscio,
2032 4987 2066 5042 ut
2082 4979 2127 5041 iili

483 5149 486 5156 Δ
581 5073 699 5135 ducens
720 5071 889 5142 rationem,
905 5079 1031 5150 pectore
1050 5073 1187 5136 innisus
1202 5089 1326 5136 mensas
1380 5071 1527 5146 insidens,
1542 5077 1623 5132 stare
1643 5072 1812 5133 videretur.
1838 5073 1881 5133 Ac
1897 5069 1969 5142 tibi,
1986 5073 2041 5149 qui
2055 5087 2128 5150 pra·

582 5165 717 5246 tipucae,
740 5181 819 5243 quas
847 5165 1326 5242 5555151555515555591-
1380 5171 1451 5240 pter
1482 5164 1706 5240 infirmitatem
1743 5162 1962 5240 praedictam,
1995 5154 2128 5228 Missam

558 5261 701 5330 binam,
728 5259 847 5322 Sancta
868 5257 1051 5338 perapebat,
1072 5258 1222 5337 infirmus
1243 5259 1324 5320 oide—
1380 5256 1496 5319 stando
1518 5251 1676 5317 celebrare
1697 5271 1761 5315 nau
1782 5255 1878 5326 uates,
1900 5261 1932 5317 et
1954 5256 2130 5318 55155555-

583 5353 676 5416 iicet:
699 5353 779 5432 quod
795 5361 841 5414 est
857 5358 969 5415 ventre
983 5358 1014 5414 et
1029 5359 1153 5430 pectore
1170 5353 1266 5414 adniti
1286 5361 1326 5414 ta·
1383 5349 1479 5410 tionis
1500 5349 1651 5410 accensus
1673 5345 1805 5412 Missam
1830 5345 1989 5411 celebrare
2009 5347 2128 5410 deside·

583 5446 685 5522 botae,
708 5451 889 5525 partemque
910 5445 1045 5524 corporis
1068 5445 1231 5524 reliquam,
1245 5447 1327 5524 pedi·
1383 5458 1447 5511 ras,
1473 5437 1546 5512 tibi,
1560 5445 1598 5500 at
1619 5439 1752 5500 sedendo
1773 5440 1809 5500 iu
1829 5439 1965 5518 quodam
1986 5441 2129 5521 artificio

584 5540 641 5602 bus
661 5541 876 5601 sustentando.
895 5539 942 5598 175
964 5537 995 5600 S.
1019 5538 1114 5600 irone
1136 5539 1327 5617 presbytero,
1382 5534 1465 5596 sedis
1486 5547 1543 5610 par
1565 5538 1594 5591 te
1616 5533 1714 5611 pacta,
1739 5532 1855 5610 11155
1880 5531 2013 5594 sedendo
2041 5542 2131 5611 stare

584 5641 616 5696 et
637 5634 768 5711 parocho
793 5631 970 5694 Britanniae
997 5631 1221 5692 Armoricensis
1245 5647 1328 5695 anuo
1382 5627 1513 5697 uideris,
1530 5626 1652 5703 quoties
1668 5625 1729 5687 tibi
1742 5625 1913 5702 placuerit,
1930 5623 2063 5689 Missam
2085 5641 2130 5686 ce·

586 5742 722 5788 uocem.
740 5724 1267 5803 551555151551155,55555551555
1284 5726 1329 5785 in·
1384 5717 1517 5789 labrare,
1548 5716 1796 5781 benedictionem
1824 5719 1973 5797 eiarpiri,
1996 5726 2025 5781 et
2048 5717 2129 5791 aiio,

585 5821 694 5881 sistere
710 5834 773 5880 non
789 5818 906 5892 151555,
924 5818 979 5879 hoc
990 5817 1111 5878 Missam
1129 5817 1327 5880 celebraverit
1384 5828 1463 5892 quae
1488 5812 1529 5874 55
1550 5811 1755 5889 episcopatem
1784 5809 1927 5872 ordinem
1952 5809 2129 5887 pertinent,
2250 5890 2259 5905 ι

587 5914 693 5982 modo:
711 5909 790 5976 Fuit
805 5911 882 5976 5555
898 5911 1048 5992 infirmus
1063 5917 1094 5973 51
1109 5908 1234 5982 debitis,
1250 5911 1328 5990 quad
1383 5906 1482 5968 etiam
1502 5904 1634 5968 sedendo
1662 5919 1817 5966 coercere.
1832 5949 1839 5965 .
1853 5949 1879 5966 ..
1913 5909 2019 5968 tenore
2039 5917 2132 5984 prae·
