4798 6978
123 4460 237 4520 l’ontillc.
253 4471 311 4508 eon-

94 4517 149 4558 strt.
167 4514 198 4558 ds
217 4513 308 4560 celebr.

92 4575 147 4610 non
171 4567 309 4624 promotis,

91 4630 238 4718 ss‘fsmmm
253 4631 309 4678 poe-

971 581 1167 628 ennnbtcrtls
1188 581 1252 628 xlv.

338 719 427 766 mum
449 703 609 780 religiosos
630 699 713 764 viros
727 703 785 766 snb
805 703 893 767 suavi
914 699 1085 779 Religionis

339 797 413 874 iugo
433 797 468 858 ad
480 795 694 860 famulandum
710 796 866 860 Altissimo
882 794 1082 872 mancipatos,

337 889 379 950 ita
401 905 454 950 vos
469 889 593 967 geratis,
609 897 644 952 ut
658 890 821 953 unanimes
841 889 944 968 ipsum
956 887 1085 950 Patriar·

337 982 426 1044 cham
447 992 588 1046 vestrum
602 983 651 1059 iis,
666 984 778 1063 quibus
799 983 841 1045 ias
862 989 919 1058 est,
935 996 1084 1044 reveren·

339 1075 410 1152 tiae,
438 1076 631 1140 obedientiae
652 1083 683 1140 et
704 1077 819 1139 amoris
841 1075 982 1140 sensibus
1003 1074 1083 1136 exci-

338 1170 438 1248 piatis,
456 1171 658 1249 eiusdemque
672 1170 835 1243 mandatis,
852 1177 960 1232 nostro
981 1167 1082 1230 nomi-

337 1278 378 1324 ne
398 1269 431 1324 et
451 1263 633 1326 auctoritate
646 1261 901 1342 praescribendis,
918 1261 959 1322 ita
974 1275 1082 1339 parere

337 1356 546 1431 contendatis,
569 1363 604 1420 ut
625 1363 658 1418 et
679 1364 815 1418 nostram
837 1361 868 1417 et
893 1354 1082 1433 apostolieae

338 1445 424 1511 Sedis
454 1448 706 1512 benevolentiam
737 1449 834 1525 magis
862 1445 1080 1527 promereatis,

336 1550 429 1620 atque
450 1541 639 1604 uberrimam
655 1540 835 1604 coelestium
849 1554 1016 1603 munerum
1033 1555 1081 1600 co-

337 1634 419 1712 piam
447 1651 463 1696 a
492 1635 646 1698 bonorum
672 1634 815 1697 omnium
846 1633 991 1711 largitore
1018 1633 1081 1695 Deo

335 1727 416 1789 iusto
436 1735 671 1790 remuneratore
684 1729 771 1790 vobis
785 1727 923 1804 polliceri
945 1727 1078 1788 valeatis.

336 1819 397 1882 Nos
411 1821 541 1883 interim
555 1821 751 1899 apostolicam
766 1821 1013 1884 benedictionem
1027 1836 1081 1880 vo-

323 1899 393 1990 'bls,
416 1914 519 1978 dilecti
541 1914 609 1990 tilii,
632 1922 829 1993 peramanter
849 1914 1058 1993 impertimur.

376 2008 488 2070 Datum
514 2007 640 2084 Romae,
666 2007 744 2086 apud
773 2005 804 2070 S.
835 2008 961 2070 llariam
989 2007 1080 2070 lllaio·

336 2116 414 2175 rem,
435 2101 494 2164 sub
513 2100 632 2164 annulo
653 2101 823 2176 Piscatoris,
837 2101 888 2163 die
912 2117 989 2163 nvn.
1007 2103 1080 2164 maii

335 2210 513 2269 enecavit,
535 2194 731 2273 pontificatus
756 2194 855 2256 nostri
875 2210 959 2257 anno
973 2210 1050 2256 nvn.

591 2397 829 2406 .-.--.-.-.

609 2572 804 2638 CLXXXIX.

332 2761 463 2828 Missam
485 2759 689 2832 celebrantes,
713 2765 775 2824 attt
796 2759 937 2839 fideliam
959 2760 1077 2839 coassa-

372 2854 475 2915 sinnas
497 2853 704 2932 accipientes,
720 2852 762 2917 ad
776 2851 1016 2932 presbyteratus
1029 2867 1077 2913 or·

372 2946 477 3008 dinem
509 2963 573 3009 aaa
593 2947 740 3026 promoti,
772 2943 886 3025 quitos
908 2946 1016 3024 paenis
1037 2961 1077 3007 aa

371 3057 539 3104 sacrorum
571 3055 731 3104 canosam
763 3049 792 3104 at
825 3039 1077 3118 apostolicarum

372 3133 644 3196 corstitutionum
675 3133 873 3211 praescripto
899 3129 1077 3196 subiiciun-

373 3234 449 3299 tar,·
470 3243 552 3306 qaae
572 3226 687 3304 procis
709 3225 864 3290 tartesos
887 3225 1077 3288 tutudistis

371 3320 524 3382 aduersas
546 3317 732 3383 baiasmndt'
747 3336 814 3383 reos
830 3319 876 3380 st't
889 3326 1028 3390 seruata,
1046 3323 1077 3380 ct

371 3410 521 3492 quomodo
545 3413 580 3474 t'tt
593 3417 757 3490 posteram
772 3415 818 3475 sit
832 3411 1074 3492 providendam.

331 3596 468 3684 Epistola
490 3597 651 3682 eroroltoa
673 3598 710 3666 ad
733 3597 938 3680 Patriarobas,
954 3599 1076 3667 trebie·

371 3695 515 3801 piscopos
537 3697 570 3758 et
592 3691 776 3776 [piscopos.
798 3691 931 3761 locorum
952 3693 1077 3761 ordina-

370 3803 444 3855 rtoe.

500 3973 741 4043 benedictus
757 3973 816 4042 ΡΡ.
832 3974 902 4042 llll.

542 4165 731 4236 venerabilia
752 4167 861 4246 trater,

361 4263 490 4332 salutern
512 4269 545 4332 et
566 4261 762 4347 apostolicam
785 4260 1036 4330 benedictionem·

368 4457 388 4532 s
418 4455 443 4516 l.
473 4456 571 4530 Quam
602 4462 696 4533 grave
728 4453 980 4532 horrendumque
1010 4469 1072 4514 sce-

330 4550 376 4612 lus
390 4550 531 4613 admittat
545 4549 747 4629 quicumque,
766 4547 942 4610 sacerdotali
965 4545 1072 4608 ordine

328 4658 392 4706 non
415 4643 565 4720 initiatus,
579 4641 763 4705 sacrificium
786 4641 896 4702 missae
916 4638 1071 4702 celebrare

327 4737 515 4815 praesumit,
546 4737 739 4816 snperlluum
770 4749 932 4798 censemus
964 4733 1071 4795 multis

327 4831 429 4894 verbis
455 4830 685 4907 demonstrare,
715 4845 815 4910 quum
839 4829 983 4891 omnibus
1004 4845 1071 4908 per·

326 4933 446 5003 spectas
466 4924 529 4986 sint
554 4925 703 4998 rationes,
727 4924 766 4986 ob
786 4939 860 5003 quas
886 4922 1070 5000 sacrilegum

327 5018 504 5082 huiusmodi
518 5018 637 5081 crimen
654 5019 766 5080 merito
783 5016 1011 5094 detestandum,
1027 5026 1071 5080 at·

326 5128 388 5191 que
401 5111 539 5174 districto
551 5127 720 5190 poenarum
736 5110 835 5187 gladio
850 5111 1069 5174 vindicandum

325 5213 487 5268 censetur..
504 5203 582 5268 Satis
596 5205 699 5284 itaque
713 5206 772 5266 erit
793 5204 970 5282 apostolicas
983 5220 1069 5283 prae-

325 5299 521 5360 decessorum
550 5307 731 5360 nostrorum
758 5298 992 5360 constitutiones
1020 5297 1070 5360 bic

324 5391 472 5466 indicare,
485 5392 597 5471 quibus
610 5392 822 5454 severissimae
843 5393 991 5454 adversus
1004 5401 1069 5452 me·

324 5485 435 5546 morati
466 5484 607 5548 criminis
628 5499 695 5546 reos
725 5498 843 5563 poenae
869 5491 1066 5562 statuuntur;

325 5593 404 5656 quae
429 5577 545 5640 scilicet
566 5595 582 5638 a
603 5576 655 5640 iel.
679 5579 796 5640 record.
820 5577 914 5641 Paulo
936 5576 999 5653 IV„
1023 5577 1069 5641 Si-

324 5678 376 5732 uta
398 5668 454 5745 lt,
487 5669 650 5733 Clemente
677 5669 755 5732 lllll.
779 5679 810 5732 et
840 5670 965 5733 Urbano
987 5670 1065 5734 vlll.

323 5763 467 5825 Romanis
488 5763 687 5827 Pontificibus
708 5763 806 5826 editae
828 5763 973 5848 luerunt3
996 5779 1068 5843 qua·

362 5975 394 6030 (l)
408 5973 472 6020 vids
486 5986 566 6034 supra
579 5987 637 6034 pag.
654 5977 700 6022 lde.

429 6097 480 6142 latr.
499 6098 568 6144 Petu.
584 6097 614 6144 de
626 6105 699 6158 rrap.
716 6099 778 6146 Fide
791 6101 874 6148 Partis
888 6103 905 6147 l.
922 6101 974 6148 val.
990 6103 1033 6148 lll.

1805 566 1863 632 689
1917 563 2016 620 sac.
2039 564 2107 617 taor

1142 716 1213 762 rum
1223 701 1435 765 sanctionibus
1449 702 1639 776 decernitur,
1651 711 1686 766 ut
1697 702 1886 782 quicumque

1140 793 1320 856 sacerdotali
1334 795 1509 857 charactere
1523 796 1700 871 destitutus,
1710 803 1886 873 compertus

1140 884 1236 948 luerit
1247 887 1371 950 missam
1391 887 1571 966 celebrasse,
1587 887 1653 950 loro
1667 889 1814 953 saeculari
1830 905 1885 968 pu-

1141 978 1273 1042 niendus
1295 981 1442 1044 tradatur.

1178 1073 1247 1148 52.
1272 1075 1330 1138 llas
1351 1090 1459 1138 omnes
1484 1075 1720 1139 constitutiones
1750 1090 1805 1138 nos
1827 1073 1883 1154 ipsi
1903 1129 1909 1174 i
1931 1073 2050 1174 selige
2064 1075 2117 1175 ἐπ’·

1139 1167 1383 1230 memoravimus
1404 1177 1434 1231 et
1446 1169 1701 1232 confirmavimus
1717 1169 1750 1231 in
1765 1174 1882 1242 nostra,
1903 1140 2117 1246 nXinmttsXcoX-

1139 1276 1229 1337 quam
1253 1276 1352 1340 usque
1373 1262 1410 1324 ab
1430 1277 1510 1324 anno
1541 1261 1758 1326 incarnationis
1786 1263 1883 1326 domi·
1902 1239 2116 1338 Fssssufl'ssssf’ffl'm

1139 1350 1228 1412 nicae
1247 1367 1417 1416 uncertav.
1435 1352 1546 1432 pontii.
1563 1354 1661 1417 nostri
1675 1370 1731 1429 rv.,
1747 1353 1805 1416 sub
1819 1355 1880 1416 dat.

1138 1457 1197 1505 xta.
1220 1443 1324 1507 kalen.
1346 1446 1440 1507 maias
1462 1446 1625 1522 edidimus,
1648 1446 1735 1509 cuius
1757 1446 1883 1509 initium

1138 1544 1198 1598 est:
1224 1534 1375 1600 Sacerdos
1395 1539 1431 1600 io
1452 1547 1636 1613 aeteruum,
1665 1555 1805 1618 quaeque
1826 1540 1884 1602 lm·

1138 1643 1240 1708 pressa
1255 1639 1300 1694 est
1316 1631 1348 1694 in
1365 1631 1499 1694 Bullario
1514 1641 1619 1696 nostro
1635 1637 1658 1694 t.
1676 1633 1705 1706 1,
1719 1649 1750 1692 a.
1767 1631 1812 1694 97
1825 1631 1881 1713 ll),

1139 1723 1192 1786 ubi
1213 1733 1370 1802 praeterea
1392 1725 1497 1805 plures
1518 1725 1671 1790 tolluntur
1687 1727 1883 1806 exceptiones

1138 1822 1169 1878 et
1181 1817 1384 1896 subterfugia,
1400 1835 1478 1899 quae
1494 1835 1547 1898 per
1562 1819 1738 1882 deiensores
1756 1834 1883 1882 reorum

1137 1910 1240 1972 afferri
1261 1912 1411 1988 solebant,
1428 1921 1463 1976 ut
1479 1929 1529 1976 eos
1544 1914 1720 1976 eximerent
1734 1929 1749 1972 a
1762 1914 1883 1975 decreta

1137 2019 1235 2082 poena
1258 2005 1430 2068 traditionis
1452 2006 1575 2068 brachio
1600 2006 1764 2082 saeculari,
1787 2022 1882 2085 quan·

1137 2105 1268 2177 tumque
1289 2097 1437 2176 legitimis
1457 2099 1691 2177 probationibus
1706 2100 1795 2178 plane
1809 2115 1881 2161 con·

1135 2197 1242 2267 staret,
1255 2193 1391 2268 eosdem,
1402 2191 1580 2255 sacerdotali
1594 2192 1787 2256 ordinatione
1803 2206 1883 2255 nun-

1135 2299 1229 2363 quam
1248 2296 1399 2364 suscepla,
1422 2287 1546 2348 missam
1567 2287 1758 2366 celebrasse.⁴

1175 2379 1195 2454 ᾗ
1216 2379 1245 2440 3.
1269 2379 1414 2455 Quamvis
1441 2389 1547 2443 aulem
1569 2379 1702 2443 Ecclesia
1731 2379 1881 2460 praelatos
1953 2386 2063 2433 Poenam
2084 2387 2111 2433 in

1136 2471 1326 2534 celebrantes
1346 2489 1409 2535 non
1430 2480 1599 2552 promotos,
1622 2473 1738 2536 iustitia
1752 2473 1795 2536 sic
1816 2472 1880 2534 eri·
1899 2436 2112 2551 XXXXXXXXX

1135 2572 1240 2641 gente,
1261 2565 1411 2630 saeculari
1431 2567 1510 2629 Foro
1533 2569 1695 2630 tradendos
1723 2566 1878 2643 decrevil;
1898 2543 2112 2662 ξξξὲξῃξῑῃζῖἳξξ

1134 2672 1234 2736 quum
1256 2665 1360 2722 tamen
1382 2660 1490 2721 eadem
1512 2660 1561 2738 pia
1582 2669 1683 2722 mater
1705 2661 1755 2736 sit,
1778 2666 1820 2736 et,
1844 2669 1879 2723 ut
1898 2651 2034 2750 {gg-‘⁸⁰⁰¹
2055 2665 2110 2700 ser-

1135 2750 1280 2814 omnibus
1301 2759 1432 2829 constat,
1450 2753 1587 2816 lenitatis
1601 2761 1632 2816 et
1653 2753 1879 2816 misericordiae

1135 2843 1251 2904 viscera
1272 2853 1370 2921 gerat,
1386 2861 1445 2908 nec
1459 2862 1608 2925 umquam
1629 2847 1742 2922 omisit,
1759 2861 1815 2908 nec
1830 2845 1879 2905 ad·

1134 2938 1195 2999 buc
1215 2939 1328 3002 desinit
1349 2941 1597 3003 mansuetudinis
1609 2956 1683 3004 suae
1696 2947 1879 3018 argumenta

1134 3031 1296 3110 praebere,
1320 3040 1389 3094 tum
1410 3034 1444 3097 in
1465 3036 1625 3098 statuenda
1653 3034 1751 3096 torma
1773 3035 1880 3112 degra-

1134 3125 1265 3188 dationis
1292 3128 1424 3190 verbalis
1446 3144 1523 3207 quac
1544 3126 1659 3190 realem
1690 3126 1879 3205 degradatio

1134 3233 1207 3282 nem
1230 3221 1394 3299 praecedit,
1419 3228 1486 3284 tum
1507 3223 1540 3284 in
1560 3222 1624 3301 ipsa
1640 3221 1712 3284 reali
1735 3222 1880 3298 degrada-

1135 3312 1219 3374 tione
1240 3315 1431 3392 exequenda,
1456 3321 1522 3376 tum
1545 3314 1680 3392 denique
1695 3315 1727 3376 in
1743 3313 1878 3392 providis

1134 3405 1253 3482 legibus
1281 3415 1313 3468 et
1334 3409 1461 3470 cautelis
1489 3407 1578 3470 editis
1598 3415 1691 3488 atque
1718 3407 1877 3485 susceptis,

1133 3505 1167 3560 ut
1189 3499 1395 3578 nequissimos
1410 3500 1552 3564 nomines
1567 3509 1685 3564 arceret
1699 3518 1715 3562 a
1729 3502 1877 3578 sacrilego

1132 3608 1208 3655 ausu
1233 3610 1266 3656 se
1292 3611 1325 3656 se
1354 3595 1551 3659 immiscendi
1575 3611 1686 3658 sacror.
1716 3595 1878 3673 mysterio-

1132 3701 1205 3748 rum
1219 3687 1428 3764 celebrationi,
1443 3688 1558 3768 absque
1574 3688 1752 3752 sacerdotali
1767 3688 1877 3750 ordine

1132 3788 1162 3841 et
1176 3780 1362 3856 charactere,
1376 3783 1459 3844 viam
1475 3782 1534 3844 illis
1551 3782 1776 3861 quodammodo
1792 3796 1878 3859 prae-

1132 3877 1317 3952 occupando,
1334 3891 1392 3954 qua
1407 3875 1440 3937 in
1456 3873 1623 3953 praelatam
1637 3888 1769 3954 poenam
1786 3873 1876 3936 tradi·

1132 3967 1224 4032 lionis
1244 3968 1369 4032 brachio
1389 3960 1538 4031 saeculari
1563 3983 1712 4047 proruere
1732 3973 1866 4046 possent.

1170 4061 1239 4136 §le
1262 4063 1296 4124 ln
1319 4062 1492 4124 Pontificali
1508 4061 1645 4124 Romano
1660 4062 1792 4124 babetur
1813 4059 1874 4122 lor·
1906 4072 2106 4133 aderulturprt-

1130 4170 1180 4217 ma
1202 4155 1428 4233 degradationis
1444 4157 1587 4232 verbalis,
1601 4171 1656 4236 per
1676 4171 1769 4234 quam
1790 4155 1875 4216 vide-
1892 4137 1937 4237 3¹12
1947 4131 2106 4230 ἳξὲᾆῆξξῇῒ

1129 4251 1202 4314 licet
1223 4250 1380 4331 protertur
1400 4253 1554 4316 sententia
1569 4253 1738 4315 decernens
1758 4253 1874 4315 realem
1892 4235 2106 4334 ffigf1⁸¹¹⁰⁰¹³l0r

1130 4353 1392 4432 degradationem,
1415 4368 1478 4415 non
1500 4353 1605 4415 minus
1627 4353 1659 4414 in
1677 4368 1739 4428 eos,
1762 4354 1816 4432 qui
1829 4369 1874 4413 sa·

1129 4448 1188 4510 cris
1209 4447 1386 4524 Ordinibus,
1408 4454 1535 4528 excepto
1551 4439 1777 4526 presbyteratu,
1801 4446 1874 4509 insi-

1130 4549 1209 4626 gniti
1230 4555 1316 4624 sunt,
1339 4563 1433 4628 quam
1448 4555 1480 4610 et
1494 4554 1630 4608 caeteros
1651 4541 1784 4606 clericali
1806 4549 1873 4604 tan·

1131 4649 1197 4704 tum
1220 4649 1345 4704 tonsura
1376 4653 1429 4704 aut
1450 4638 1623 4703 minoribus
1644 4639 1791 4700 initiatos.
1810 4635 1873 4698 lloc

1129 4733 1229 4798 solum
1251 4737 1333 4800 inter
1347 4746 1496 4816 utrosque
1510 4733 1673 4797 intercedit
1694 4729 1871 4803 discrimen,

1128 4827 1208 4907 quod
1238 4829 1271 4892 in
1296 4829 1422 4894 clericos
1449 4832 1605 4894 minorum
1634 4827 1796 4900 ordinum,
1819 4830 1873 4885 aut

1127 4923 1308 5001 simpliciter
1332 4933 1516 5004 tonsuratos,
1539 4927 1671 4990 verbalis
1696 4920 1872 5000 degradatio

1128 5016 1298 5093 peragitur,
1310 5033 1364 5080 seu
1375 5018 1456 5095 quod
1468 5021 1550 5084 idem
1562 5030 1608 5085 est
1619 5021 1795 5100 degradatio
1808 5036 1872 5082 rea-

1127 5106 1164 5169 lis
1186 5110 1365 5181 decernitur
1379 5128 1395 5172 a
1408 5113 1474 5174 solo
1496 5115 1657 5195 Episcopo,
1670 5117 1784 5196 absque
1798 5118 1871 5180 alio·

1127 5216 1199 5262 mm
1222 5218 1489 5285 quorumcumque
1516 5208 1716 5272 interventu:
1742 5211 1774 5272 in
1796 5211 1870 5273 alios

1127 5310 1202 5358 vero
1217 5297 1384 5361 maioribus
1398 5303 1558 5366 ordinibus
1574 5304 1653 5367 inira
1663 5305 1871 5369 sacerdotium

1126 5391 1290 5469 insignitos
1304 5409 1367 5456 non
1383 5394 1455 5457 licet
1476 5397 1574 5474 Episc.
1598 5399 1633 5461 ad
1649 5398 1805 5461 verbalem
1820 5400 1870 5462 de

1126 5484 1337 5561 gradationem
1366 5489 1542 5567 procedere,
1568 5492 1632 5553 nisi
1656 5492 1869 5556 assistentibus

1125 5586 1157 5640 et
1170 5578 1353 5657 sullragium
1367 5582 1461 5646 simul
1478 5584 1650 5647 ferentibus
1664 5586 1730 5647 aliis
1744 5586 1870 5665 quibus·

1125 5671 1195 5733 dam
1220 5674 1375 5751 personis,
1406 5692 1536 5754 quarum
1566 5679 1771 5756 praesentiam
1799 5696 1868 5741 sen·

1126 5766 1319 5846 tentiamque
1338 5769 1502 5832 canonicae
1523 5770 1606 5849 leges
1624 5781 1805 5851 exposcunt.
