4798 6978
74 537 122 596 Au.
137 545 167 596 O.
190 537 259 596 1756

85 691 185 756 ursinus
206 701 271 738 com·
288 695 323 741 re
337 693 400 740 nou
416 677 705 757 praetermittimus.
722 682 924 761 Quapropter,
934 697 1032 760 quum

61 747 270 866 ffssffl‘t'jmlfi?
287 773 359 834 satis
379 781 575 851 compertum
595 774 773 852 habeamus,
799 776 947 840 Ordinem
968 792 1033 839 mo-

60 852 191 956 lissu‘ffiuff}
206 857 270 962 ξξὲξζ
288 867 458 930 uacuorum
481 867 510 932 S.
535 868 637 931 Basilii
660 868 762 947 llagni
784 871 863 948 apud
885 868 1033 947 inclytam

59 963 131 1010 mlle
287 959 507 1030 liuthenorum
522 963 695 1038 nationem,
712 963 893 1042 iampridem
909 961 1034 1026 catholi-

288 1068 339 1114 cae
359 1053 515 1117 Romanae
537 1054 691 1118 Ecclesiae
712 1055 883 1119 inviolabili
905 1056 1034 1118 unitatis

288 1145 413 1209 loedere
434 1147 584 1223 iunctam,
601 1150 812 1228 spiritualibus
833 1149 1033 1214 ecclesiarum

287 1247 318 1300 et
335 1241 520 1318 populorum
543 1242 728 1306 utilitatibus
748 1241 893 1306 eximiam
909 1255 1033 1321 operam

288 1334 485 1414 assiduusque
500 1336 619 1399 labores
634 1345 664 1398 et
679 1336 767 1400 antea
777 1353 900 1416 semper
915 1337 1034 1415 impen-

290 1429 386 1503 disse,
417 1436 447 1492 et
476 1429 576 1493 adbuc
606 1431 801 1494 laudabiliter
832 1432 1033 1512 impendere;

291 1523 380 1585 cilicii
406 1523 504 1586 nostri
526 1529 627 1603 partes
650 1541 716 1588 esse
741 1526 905 1601 duuimuS,
930 1525 1034 1604 adea,

290 1631 345 1694 per
373 1631 450 1695 quae
479 1616 558 1679 Ordo
587 1617 651 1696 ipse
678 1618 711 1681 in
740 1619 864 1698 proprio
891 1617 1036 1679 instituto

291 1708 411 1770 firmius
432 1711 599 1772 consistere
621 1729 655 1774 ac
675 1713 769 1774 etiam
795 1710 984 1774 felicioribus
1004 1708 1036 1770 in

292 1801 356 1864 dies
372 1802 575 1866 incrementis
589 1820 755 1881 augescere
770 1805 881 1880 valeat,
897 1803 1037 1866 animum

294 1904 438 1960 nostrum
454 1898 628 1974 intendere,
643 1899 886 1978 comparatisque
902 1913 1040 1960 necessa-

295 1993 349 2053 riis
370 2007 478 2053 rerum
505 1992 696 2068 notionibus,
726 2010 760 2056 ac
779 1994 900 2070 saepius
927 1991 1038 2053 auditis

297 2093 364 2148 tum
376 2101 471 2147 veun.
485 2085 619 2148 iratrum
635 2094 814 2149 nostrorum
829 2087 859 2150 S.
871 2086 906 2148 ll.
919 2085 953 2146 E.
967 2085 1040 2146 Gar·

296 2180 456 2254 dinalium,
480 2187 546 2252 turn
575 2180 706 2243 aliorum
735 2180 822 2243 Sedis
849 2178 1039 2257 spostolicae

296 2276 514 2338 ministrorum
544 2277 692 2353 conciliis,
715 2277 874 2356 complura
904 2273 1039 2337 decrevi·

296 2386 366 2433 mus
387 2375 418 2430 et
439 2371 669 2445 constituimus,
682 2385 760 2450 quae
775 2372 810 2433 ad
827 2368 972 2449 praedicti
987 2366 1041 2430 Or·

296 2469 376 2532 dinis
398 2469 527 2546 eiusque
547 2466 779 2546 provinciarum
794 2481 828 2526 ac
842 2465 1041 2526 monasterio·

296 2577 368 2626 rum
389 2567 569 2641 perpetuam
597 2558 795 2620 stabilitatem
815 2565 847 2619 et
868 2556 1040 2621 ordinatam

298 2654 570 2734 tranquillitatem,
593 2667 650 2714 nec
672 2669 735 2716 non
757 2654 792 2714 ad
815 2648 988 2712 delinienda
1010 2652 1041 2709 et

296 2747 459 2812 asserenda
480 2747 617 2808 eiusdem
631 2746 828 2824 superiorum
851 2743 915 2806 iura
931 2749 961 2803 et
977 2757 1042 2802 mo·

298 2843 465 2906 nachorem
495 2841 637 2918 regimen
659 2857 692 2901 ac
716 2838 921 2918 disciplinam,
944 2835 1042 2912 magis

297 2946 470 3016 opportuna
481 2935 558 3009 lore,
573 2940 604 2997 et
619 2934 650 2995 in
666 2933 798 2996 Domino
818 2930 983 2998 salubriter
998 2930 1043 3004 iu·

297 3032 478 3094 dicavimus.

94 3145 190 3206 quanto
208 3141 236 3187 tn
253 3141 279 3186 ru
338 3129 357 3204 ἓ
381 3127 407 3188 l.
431 3127 493 3189 lam
516 3124 602 3186 enim
627 3137 726 3201 usque
747 3123 784 3184 ab
812 3137 892 3183 anno
919 3119 1043 3182 Domini

71 3195 282 3296 luiffifnemm'
299 3237 472 3286 nuccuuvv.
491 3218 631 3297 pluribus
646 3215 831 3296 praehabitis
845 3214 950 3277 consul
957 3211 1045 3275 tatio-

299 3315 391 3378 nibus
418 3313 516 3376 editae
538 3329 553 3372 a
576 3311 663 3375 nobis
685 3310 814 3372 luerunt
839 3308 948 3370 literae
974 3321 1043 3383 apo·

290 3409 434 3483 stolicae,
457 3406 569 3485 quibus
590 3405 717 3466 initium
745 3409 790 3465 cst
814 3403 903 3466 luter
922 3399 1042 3477 ploras,

300 3503 468 3581 impressae
495 3499 607 3564 deinde
628 3498 661 3559 in
682 3496 810 3560 Bullarii
837 3495 936 3558 nostri
960 3501 982 3556 t.
1009 3497 1042 3566 1,

299 3615 330 3678 p.
344 3596 397 3670 98,
415 3595 527 3675 quibus
542 3592 736 3684 potissimum
753 3589 829 3652 unio
844 3587 1044 3676 monasterio-

300 3707 373 3754 rum
394 3689 538 3752 omnium
565 3685 711 3765 praedicti
736 3683 858 3747 Ordinis
886 3682 916 3747 S.
941 3681 1043 3744 Basilii

299 3784 537 3855 Ruthenorum,
560 3779 679 3843 tamin
706 3778 868 3842 Lituuanit
895 3791 988 3856 quam
1010 3776 1043 3837 in

300 3878 427 3940 Polonia
447 3893 502 3938 seu
524 3874 632 3937 llussiu
653 3871 924 3968 existentium,·in
949 3885 1043 3932 unam

302 3970 583 4048 congregationem
597 3983 635 4028 ex
651 3966 769 4029 duabus
788 3964 958 4045 prouinciis
978 3979 1047 4026 coa-

269 4123 271 4128 .
302 4067 481 4139 lescentem,
504 4065 542 4125 de
563 4079 622 4140 qua
644 4060 759 4125 unione
781 4059 864 4121 inter
885 4059 979 4137 ipsius
993 4056 1045 4120 Or·

302 4160 383 4222 dinis
405 4155 658 4221 archimandritas
679 4161 711 4216 et
727 4151 913 4233 professores
934 4165 1047 4225 conve-

303 4260 403 4327 nerat,
419 4267 473 4331 per
488 4263 545 4312 nos
559 4248 721 4326 approbata
737 4251 768 4309 et
779 4247 959 4308 confirmata
973 4245 1043 4308 luit:

303 4361 438 4425 cumque
464 4343 625 4422 superiore
646 4357 728 4403 anno
758 4356 937 4403 nuccxunr.
963 4338 1048 4400 babi-

304 4451 371 4506 tum
392 4440 501 4502 inisset
522 4438 553 4499 in
575 4435 699 4498 civitate
720 4435 881 4498 llubneusi
902 4433 1048 4512 generale

303 4536 443 4599 eiusdem
464 4530 587 4595 Ordinis
600 4528 853 4607 capitulum,sub
874 4527 1049 4608 praesiden-

305 4629 345 4693 tia
379 4641 450 4691 ven.
481 4625 583 4688 iratris
614 4619 772 4686 Athanasii
800 4622 894 4684 totius
922 4621 1048 4685 liussiae

304 4719 542 4802 Metropolitum,
565 4719 724 4782 assistente
744 4719 838 4780 etiam
860 4717 894 4779 in
915 4732 952 4778 eo
972 4731 1046 4778 ven.

304 4830 429 4896 quoque
451 4813 544 4876 iratre
564 4812 696 4889 Georgia
721 4811 868 4890 Episcopo
889 4808 1050 4888 Zenopoli-

305 4919 389 4982 tauo,
413 4925 507 4988 quem
529 4913 603 4970 tunc
629 4907 766 4968 existens
787 4914 894 4970 noster
915 4913 946 4966 et
972 4903 1050 4983 Apo·

304 5004 428 5068 stolicae
449 5002 536 5066 Sedis
563 4999 700 5063 Nuntius
724 4999 757 5062 in
779 4999 923 5062 Poloniae
950 5013 1049 5074 regno

305 5099 493 5164 constitutus
521 5095 557 5158 ad
579 5094 608 5155 itl
639 5093 908 5171 subdelegaverat:
942 5090 1050 5154 huius·

256 5185 260 5196 '
306 5193 390 5256 modi
405 5189 529 5271 capituli
544 5188 697 5266 generalis
708 5187 944 5251 deliberationes
958 5189 1051 5263 atque

307 5289 427 5352 decreta
454 5284 622 5360 diligenter
643 5296 793 5360 expensa,
815 5297 848 5342 ac
869 5295 924 5358 per
945 5292 1050 5356 supra-

306 5383 401 5446 dictas
427 5379 531 5441 literas
557 5381 677 5439 nostras
701 5375 811 5453 partim
836 5371 999 5452 approbata
1020 5375 1051 5432 et

307 5475 500 5546 confirmata,
523 5470 635 5550 partim
658 5473 826 5546 temperata
840 5473 871 5528 et
886 5467 1052 5528 reformata

122 5575 237 5640 Quaestio
258 5575 290 5620 de
306 5568 446 5630 luerunt.
462 5564 564 5640 Ouum
579 5577 653 5624 vero
667 5559 803 5624 indecisa
818 5568 891 5622 tunc
905 5558 1054 5638 temporis

84 5629 290 5729 ἶῖῗῖιῗῗιῑᾞὲιῗῇῗ
308 5662 414 5724 relicta
437 5658 530 5719 inerit
551 5657 700 5734 quaestio,
723 5664 831 5717 utrum
852 5653 984 5716 libbates
998 5669 1052 5714 seu

85 5735 291 5846 lffltfflf‘ffl
310 5751 577 5817 llrcbimandritae
612 5750 874 5811 monasteriorum
906 5746 1053 5826 praedicti

310 5847 433 5912 Ordinis
460 5843 666 5906 iurisdictioni
693 5841 922 5921 Metropolitani
942 5857 981 5902 au
1003 5854 1056 5918 po·

312 5943 372 6004 tius
400 5935 777 6001 Proto-urcbimandritae
803 5933 898 5997 totius
919 5935 1056 6010 congre-

918 557 1116 610 BENEDICTOS
1136 561 1202 611 xlv.

1752 550 1812 616 659
1861 549 1915 603 An.
1930 551 1960 604 O.
1981 547 2050 602 1756

1090 684 1221 761 gationis
1242 684 1421 748 immediate
1434 686 1563 749 subiecti
1585 701 1651 750 esse
1671 685 1831 763 deberent,

1090 783 1251 856 propterea
1278 779 1359 856 quod
1385 787 1557 858 opportuna
1589 779 1775 844 documenta
1797 781 1833 842 ad

1089 885 1157 936 eam
1178 872 1391 951 quaestionem
1409 873 1615 937 dirimendam
1629 877 1770 938 nondum
1792 875 1833 937 al·

1090 965 1149 1028 lata
1160 965 1301 1044 inerant3
1314 967 1447 1028 cultibili
1462 969 1550 1030 nobis
1564 970 1761 1048 postmodum
1778 971 1834 1031 bu·

1090 1057 1224 1120 iusmodi
1252 1059 1511 1123 documentorum
1541 1062 1639 1138 serie,
1670 1079 1733 1124 una
1763 1079 1833 1124 cum

1090 1153 1219 1230 copiosis
1241 1153 1488 1230 allegationibus,
1505 1155 1616 1234 quibus
1631 1171 1836 1235 unaquaeque

1091 1265 1129 1311 eu
1143 1252 1403 1314 contendentibus
1419 1251 1555 1328 partibus
1569 1251 1705 1313 rationes
1724 1259 1755 1314 et
1770 1253 1835 1315 iura

1091 1362 1145 1407 sua
1174 1344 1240 1408 inse
1267 1345 1411 1422 deduxit3
1435 1345 1636 1410 tandemdie
1665 1363 1757 1408 nuru.
1781 1363 1836 1408 uo·

1092 1439 1228 1500 vembris
1260 1438 1353 1516 elapsi
1380 1440 1453 1502 anni
1481 1457 1618 1504 unccuv.
1648 1450 1748 1505 coacta
1777 1440 1836 1503 luit

1092 1549 1195 1595 coram
1217 1533 1303 1595 nobis
1335 1534 1561 1596 nonnullorum
1583 1551 1679 1596 venn.
1702 1533 1835 1596 fratrum

1093 1633 1271 1690 nostrorum
1295 1627 1326 1690 S.
1348 1627 1383 1688 li.
1407 1628 1442 1690 Ε.
1466 1628 1679 1691 cardinalium
1700 1629 1837 1706 Congre-

1094 1721 1186 1798 gatio,
1208 1721 1259 1782 cui
1280 1721 1373 1782 etiam
1397 1720 1547 1783 interesse
1567 1723 1727 1784 voluimus
1738 1738 1834 1784 venn.

1094 1816 1203 1877 iratres
1228 1815 1405 1880 Albericum
1431 1814 1702 1894 Archiepiscopum
1732 1815 1837 1878 Nicae-

1095 1922 1171 1969 num
1193 1907 1292 1970 almae
1313 1907 1404 1969 Urbis
1425 1908 1678 1984 gubernatorem,
1691 1909 1744 1985 qui
1760 1908 1838 1986 lpo-

1094 2001 1194 2063 stolici
1213 2001 1327 2063 Nuncii
1343 2017 1474 2063 munere
1490 2003 1522 2062 in
1538 2000 1673 2080 praelato
1695 2000 1839 2064 Poloniae

1095 2112 1192 2172 regno
1212 2095 1317 2174 pluras
1339 2112 1436 2158 annos
1449 2096 1642 2159 laudabiliter
1656 2096 1840 2175 perfunctus

1095 2195 1153 2264 est,
1175 2207 1207 2251 ac
1229 2190 1419 2268 praedictum
1432 2190 1598 2267 Georgium
1620 2190 1694 2252 olim
1718 2191 1840 2269 Episco-

1095 2298 1170 2361 pum
1192 2283 1448 2361 Zenopolitanum
1477 2299 1561 2346 nunc
1583 2291 1687 2346 autern
1703 2284 1841 2347 Theodo-

1096 2377 1158 2440 siae
1192 2377 1485 2456 archiepiscopum:
1525 2393 1658 2456 quorum
1696 2379 1838 2441 omnium
1892 2399 2071 2456 suantopelc-

1096 2471 1258 2534 sententiis
1280 2470 1403 2544 auditis,
1427 2487 1490 2533 non
1511 2470 1613 2533 solum
1633 2472 1759 2534 definita
1780 2471 1840 2535 luit
1858 2455 2072 2556 ffifflfflss?
2130 2489 2136 2502 ·

1097 2565 1235 2646 quaestio
1257 2564 1437 2626 iamdudum
1458 2566 1608 2643 pendens,
1624 2574 1733 2629 utrum
1748 2568 1839 2631 nimi·
1858 2542 2072 2671 gggossfgggffiffi

1098 2675 1169 2720 rum
1192 2657 1322 2720 abbates
1337 2655 1532 2727 immediatae
1546 2659 1775 2736 Metropolitani
1791 2660 1840 2721 vel
1859 2673 1968 2716 decreta.

1098 2751 1201 2834 potius
1231 2749 1611 2814 Proto-brobimandritae
1635 2753 1840 2818 iurisdicticni

1098 2847 1221 2908 subesse
1242 2845 1385 2920 debeant,
1408 2852 1583 2924 opportuno
1609 2847 1741 2925 quodam
1764 2849 1842 2911 inito

1099 2945 1359 3018 temperamento,
1375 2955 1435 3017 quo
1449 2945 1481 3000 et
1497 2939 1648 3016 regularis
1665 2940 1843 3019 disciplinae

1099 3034 1327 3098 conservationi
1351 3033 1569 3112 prospiciatur,
1591 3043 1623 3096 et
1644 3035 1776 3097 minime
1796 3051 1843 3096 re-

1100 3129 1225 3191 cedatur
1245 3127 1283 3188 ab
1303 3127 1450 3205 obsequio
1464 3143 1497 3188 ac
1518 3127 1734 3206 dependentia,
1750 3145 1844 3209 quarn

1100 3222 1179 3286 Ordo
1210 3221 1242 3285 S.
1271 3219 1375 3282 Basilii
1398 3221 1498 3298 llagni
1531 3221 1749 3284 liutbenorum
1771 3238 1844 3300 erga

1100 3316 1242 3396 propriae
1261 3314 1396 3376 nationis
1411 3314 1680 3393 Metropolitanum
1701 3317 1851 3384 innume.¹

1101 3409 1143 3471 ris
1157 3415 1251 3496 atque
1263 3407 1456 3469 solemnibus
1470 3408 1588 3490 actibus
1597 3425 1720 3488 semper
1731 3410 1846 3486 proles·

1101 3519 1152 3566 sus
1173 3509 1235 3564 est:
1260 3517 1372 3564 verum
1393 3503 1486 3562 etiam
1502 3502 1559 3563 alia
1575 3504 1694 3566 condita
1715 3503 1845 3567 inerunt

1101 3599 1234 3670 decreta,
1256 3595 1290 3656 ad
1313 3594 1540 3657 consulendum
1560 3596 1737 3659 animarum
1753 3598 1845 3661 saluti

1101 3705 1270 3769 earumque
1290 3687 1441 3767 spirituali
1467 3704 1569 3764 curae,
1592 3697 1623 3750 et
1645 3692 1680 3753 ad
1701 3691 1846 3754 divinum

1101 3784 1221 3848 cultum
1250 3781 1511 3862 promovendum,
1534 3788 1569 3844 ut
1589 3799 1628 3844 ex
1654 3783 1783 3846 interius
1805 3784 1847 3846 ai·
1908 3821 1909 3824 =

1101 3877 1236 3940 terendis
1256 3883 1452 3954 perspectum
1474 3875 1539 3951 fiet,
1562 3876 1696 3937 maxime
1716 3875 1836 3939 idonea.

1141 3971 1211 4045 §2-
1234 3969 1338 4031 Primo
1366 3969 1470 4047 itaque
1491 3969 1654 4031 delinitum
1681 3975 1773 4048 atque
1794 3971 1845 4033 de·
1885 3991 2013 4038 reustum
2030 4001 2075 4038 ssu

1102 4071 1223 4129 cretum
1250 4062 1321 4137 luit,
1344 4061 1475 4126 libbates
1501 4077 1557 4126 seu
1583 4062 1845 4126 llrcbimandvitas
1863 4045 2076 4146 ssffi'iffiflflgss]

1102 4157 1363 4222 monasteriorum
1404 4155 1555 4234 praelatae
1590 4157 1847 4235 congregationis

1102 4252 1299 4316 immediatae
1325 4249 1529 4311 iurisdictiuni
1551 4247 1847 4314 Proto-urchiman·

1103 4347 1201 4410 dritae
1222 4359 1279 4422 pro
1301 4351 1441 4420 tempore
1467 4343 1628 4405 existentis
1652 4345 1776 4406 subesse
1796 4345 1849 4406 de·

1104 4440 1192 4516 bere;
1217 4439 1258 4500 ita
1284 4445 1388 4500 tamen
1420 4442 1455 4498 ut
1479 4437 1694 4516 unusquisque
1725 4453 1846 4512 eorum,

1104 4533 1333 4596 institutionem
1355 4529 1481 4611 quidem
1502 4547 1518 4592 a
1538 4529 1785 4608 liletropolitano,
1800 4527 1862 4592 in·'

1104 4627 1313 4689 stellationem
1344 4639 1418 4686 vero
1448 4623 1849 4688 aProto-rlrcbimandrita

1105 4719 1260 4797 suscipere
1281 4724 1441 4793 teneatur3
1463 4716 1655 4779 obedieutiae
1676 4727 1782 4780 autem
1804 4719 1850 4780 iu·

1105 4819 1286 4874 ramentum
1306 4811 1338 4873 in
1360 4809 1587 4888 Metropolitaui
1605 4809 1749 4872 manibus
1764 4826 1850 4890 prae·

1104 4913 1205 4982 stent,
1227 4904 1454 4983 uniusquidem
1477 4903 1645 4966 iuramenti
1660 4902 1793 4966 iormula
1809 4904 1850 4965 ita

1105 5004 1250 5077 concepta
1270 4997 1321 5072 sit,
1344 5004 1379 5060 ut
1401 4995 1584 5059 relationem
1605 4996 1713 5060 habeat
1734 4996 1769 5060 ad
1785 5013 1851 5058 om·

1107 5095 1156 5156 nia
1177 5094 1257 5168 iura,
1279 5090 1517 5155 constitutiones
1531 5098 1562 5152 et
1573 5091 1694 5152 decreta
1715 5090 1752 5152 ab
1773 5091 1850 5169 lipo-

1106 5187 1212 5248 sualica
1233 5184 1311 5248 Sede
1338 5191 1489 5259 emanata,
1512 5191 1544 5245 et
1564 5185 1725 5260 signanter
1745 5181 1781 5244 ad
1803 5198 1849 5257 ea,

1107 5295 1187 5358 quae
1215 5279 1248 5341 in
1275 5276 1462 5358 praecitatis,
1493 5293 1625 5356 quarum
1658 5276 1784 5338 initium
1805 5283 1851 5338 est

1107 5372 1198 5437 Inter
1218 5371 1381 5450 planesel
1402 5371 1436 5432 in
1457 5370 1673 5448 praesentibus
1693 5368 1852 5432 nostrisli·

1109 5465 1181 5529 teris
1202 5465 1415 5528 continentur.
1845 5505 1846 5510 η

1148 5561 1167 5636 ἓ
1187 5559 1217 5622 3.
1241 5557 1382 5622 Secundo
1403 5562 1554 5619 statutum
1576 5563 1633 5632 est,
1649 5562 1684 5620 ut
1705 5555 1853 5634 praedicti
1884 5573 1974 5638 usnam
1991 5575 2083 5620 rusve

1109 5654 1240 5716 ubbates
1260 5667 1315 5713 scu
1344 5647 1611 5712 tlrcbimandritae
1633 5649 1665 5710 in
1694 5653 1852 5726 posterum
1870 5629 2030 5739 {ffgffissvffi
2044 5631 2084 5728 effi

1109 5748 1227 5811 tamin
1255 5743 1495 5824 provincialibus
1522 5757 1649 5804 suarum
1681 5741 1853 5820 respective
1871 5735 1962 5835 3¹1}ssss
1987 5735 2084 5782 ‘fibul-

1110 5839 1351 5920 provinciarum,
1372 5852 1466 5916 quam
1486 5836 1581 5898 etiam
1603 5836 1634 5898 in
1656 5834 1853 5912 generalibus

1110 5933 1274 6000 universae
1287 5930 1543 6008 congregationis
1557 5927 1708 6008 capitulis,
1718 5929 1809 5991 activi
1823 5936 1854 5992 et
