<?xml version="1.0" encoding="UTF-8"?>
<!DOCTYPE html PUBLIC "-//W3C//DTD XHTML 1.0 Transitional//EN"
    "http://www.w3.org/TR/xhtml1/DTD/xhtml1-transitional.dtd">
<html xmlns="http://www.w3.org/1999/xhtml" xml:lang="en" lang="en">
 <head>
  <title>
</title>
<meta http-equiv="Content-Type" content="text/html;charset=utf-8" />
  <meta name='ocr-system' content='tesseract 3.04.00' />
  <meta name='ocr-capabilities' content='ocr_page ocr_carea ocr_par ocr_line ocrx_word'/>
</head>
<body>
  <div class='ocr_page' id='page_1' title='image "./iurispontificii02martgoog/iurispontificii02martgoog_0637.png"; bbox 0 0 4798 6978; ppageno 0'>
   <div class='ocr_carea' id='block_1_1' title="bbox 64 4203 282 4734">
    <p class='ocr_par' dir='ltr' id='par_1_1' title="bbox 64 4203 282 4734">
     <span class='ocr_line' id='line_1_1' title="bbox 83 4203 281 4262; baseline -0.005 -12"><span class='ocrx_word' id='word_1_1' title='bbox 83 4204 207 4262; x_wconf 84' lang='lat' dir='ltr'><strong>ideoque,</strong></span> <span class='ocrx_word' id='word_1_2' title='bbox 220 4203 281 4250; x_wconf 79' lang='lat' dir='ltr'><strong>reie-</strong></span> 
     </span>
     <span class='ocr_line' id='line_1_2' title="bbox 64 4261 281 4368; baseline -0.009 -10"><span class='ocrx_word' id='word_1_3' title='bbox 64 4261 281 4368; x_wconf 54' lang='lat' dir='ltr'><strong>ffiriffl‘dffiff</strong></span> 
     </span>
     <span class='ocr_line' id='line_1_3' title="bbox 66 4363 282 4465; baseline -0.005 -1"><span class='ocrx_word' id='word_1_4' title='bbox 66 4363 282 4465; x_wconf 73' lang='lat' dir='ltr'><strong>araturae</strong></span> 
     </span>
     <span class='ocr_line' id='line_1_4' title="bbox 67 4471 282 4528; baseline -0.005 -11"><span class='ocrx_word' id='word_1_5' title='bbox 67 4472 192 4528; x_wconf 83' lang='lat' dir='ltr'><strong>pensandi</strong></span> <span class='ocrx_word' id='word_1_6' title='bbox 217 4471 282 4517; x_wconf 89' lang='lat' dir='ltr'><strong>obti-</strong></span> 
     </span>
     <span class='ocr_line' id='line_1_5' title="bbox 65 4524 281 4642; baseline 0 -18"><span class='ocrx_word' id='word_1_7' title='bbox 65 4524 281 4642; x_wconf 68' lang='lat' dir='ltr'><strong>exstructa</strong></span> 
     </span>
     <span class='ocr_line' id='line_1_6' title="bbox 64 4631 281 4734; baseline -0.005 -55"><span class='ocrx_word' id='word_1_8' title='bbox 64 4643 122 4734; x_wconf 52' lang='lat' dir='ltr'><strong>fg?</strong></span> <span class='ocrx_word' id='word_1_9' title='bbox 150 4631 281 4690; x_wconf 84' lang='lat' dir='ltr'><strong>praeeipi-</strong></span> 
     </span>
    </p>
   </div>
   <div class='ocr_carea' id='block_1_2' title="bbox 921 589 1205 647">
    <p class='ocr_par' dir='ltr' id='par_1_2' title="bbox 921 589 1205 647">
     <span class='ocr_line' id='line_1_7' title="bbox 921 589 1205 647; baseline -0.007 -1"><span class='ocrx_word' id='word_1_10' title='bbox 921 589 1119 647; x_wconf 83' lang='lat' dir='ltr'><strong>ltcuhnxdrus</strong></span> <span class='ocrx_word' id='word_1_11' title='bbox 1141 589 1205 645; x_wconf 82' lang='lat' dir='ltr'><strong>xit.</strong></span> 
     </span>
    </p>
   </div>
   <div class='ocr_carea' id='block_1_3' title="bbox 289 717 1044 2682">
    <p class='ocr_par' dir='ltr' id='par_1_3' title="bbox 289 717 1044 2682">
     <span class='ocr_line' id='line_1_8' title="bbox 289 717 1031 805; baseline -0.008 -19"><span class='ocrx_word' id='word_1_12' title='bbox 289 733 370 787; x_wconf 90' lang='lat' dir='ltr'><strong>esset</strong></span> <span class='ocrx_word' id='word_1_13' title='bbox 390 724 592 805; x_wconf 90' lang='lat' dir='ltr'><strong>prohibitum.</strong></span> <span class='ocrx_word' id='word_1_14' title='bbox 617 717 677 786; x_wconf 87' lang='lat' dir='ltr'><strong>Sed</strong></span> <span class='ocrx_word' id='word_1_15' title='bbox 697 721 839 784; x_wconf 76' lang='lat' dir='ltr'>Pontifex</span> <span class='ocrx_word' id='word_1_16' title='bbox 863 720 972 783; x_wconf 87' lang='lat' dir='ltr'><strong>Paulus</strong></span> <span class='ocrx_word' id='word_1_17' title='bbox 994 720 1031 783; x_wconf 85' lang='lat' dir='ltr'><strong>V.</strong></span> 
     </span>
     <span class='ocr_line' id='line_1_9' title="bbox 290 816 1037 883; baseline -0.009 0"><span class='ocrx_word' id='word_1_18' title='bbox 290 819 366 883; x_wconf 91' lang='lat' dir='ltr'><strong>datis</strong></span> <span class='ocrx_word' id='word_1_19' title='bbox 388 820 422 881; x_wconf 92' lang='lat' dir='ltr'><strong>ad</strong></span> <span class='ocrx_word' id='word_1_20' title='bbox 444 817 651 881; x_wconf 89' lang='lat' dir='ltr'><strong>Patriareham</strong></span> <span class='ocrx_word' id='word_1_21' title='bbox 663 817 745 879; x_wconf 90' lang='lat' dir='ltr'><strong>Petri</strong></span> <span class='ocrx_word' id='word_1_22' title='bbox 765 831 972 879; x_wconf 80' lang='lat' dir='ltr'><strong>successorem</strong></span> <span class='ocrx_word' id='word_1_23' title='bbox 986 816 1037 877; x_wconf 90' lang='lat' dir='ltr'><strong>lit-</strong></span> 
     </span>
     <span class='ocr_line' id='line_1_10' title="bbox 290 911 1032 995; baseline -0.007 -19"><span class='ocrx_word' id='word_1_24' title='bbox 290 913 365 976; x_wconf 88' lang='lat' dir='ltr'><strong>teris</strong></span> <span class='ocrx_word' id='word_1_25' title='bbox 395 915 567 995; x_wconf 89' lang='lat' dir='ltr'><strong>apostolicis</strong></span> <span class='ocrx_word' id='word_1_26' title='bbox 594 915 749 978; x_wconf 82' lang='lat' dir='ltr'><strong>informa</strong></span> <span class='ocrx_word' id='word_1_27' title='bbox 782 912 890 976; x_wconf 86' lang='lat' dir='ltr'><strong>Brevis</strong></span> <span class='ocrx_word' id='word_1_28' title='bbox 918 911 966 973; x_wconf 94' lang='lat' dir='ltr'><strong>die</strong></span> <span class='ocrx_word' id='word_1_29' title='bbox 988 930 1032 974; x_wconf 91' lang='lat' dir='ltr'><strong>xx.</strong></span> 
     </span>
     <span class='ocr_line' id='line_1_11' title="bbox 290 1007 1036 1084; baseline -0.008 -13"><span class='ocrx_word' id='word_1_30' title='bbox 290 1010 395 1072; x_wconf 91' lang='lat' dir='ltr'><strong>martii</strong></span> <span class='ocrx_word' id='word_1_31' title='bbox 416 1025 514 1072; x_wconf 85' lang='lat' dir='ltr'><strong>uncx.</strong></span> <span class='ocrx_word' id='word_1_32' title='bbox 540 1011 641 1084; x_wconf 89' lang='lat' dir='ltr'><strong>iussit,</strong></span> <span class='ocrx_word' id='word_1_33' title='bbox 664 1016 698 1070; x_wconf 91' lang='lat' dir='ltr'><strong>ut</strong></span> <span class='ocrx_word' id='word_1_34' title='bbox 720 1009 872 1084; x_wconf 76' lang='lat' dir='ltr'><strong>abrogatis</strong></span> <span class='ocrx_word' id='word_1_35' title='bbox 894 1007 942 1080; x_wconf 90' lang='lat' dir='ltr'><strong>iis,</strong></span> <span class='ocrx_word' id='word_1_36' title='bbox 958 1021 1036 1084; x_wconf 88' lang='lat' dir='ltr'><strong>quae</strong></span> 
     </span>
     <span class='ocr_line' id='line_1_12' title="bbox 291 1098 1036 1176; baseline -0.011 -10"><span class='ocrx_word' id='word_1_37' title='bbox 291 1104 400 1166; x_wconf 88' lang='lat' dir='ltr'><strong>Petrus</strong></span> <span class='ocrx_word' id='word_1_38' title='bbox 422 1104 596 1166; x_wconf 89' lang='lat' dir='ltr'><strong>Patriarcha</strong></span> <span class='ocrx_word' id='word_1_39' title='bbox 621 1109 827 1175; x_wconf 79' lang='lat' dir='ltr'><strong>concesserat,</strong></span> <span class='ocrx_word' id='word_1_40' title='bbox 850 1117 898 1161; x_wconf 93' lang='lat' dir='ltr'><strong>res</strong></span> <span class='ocrx_word' id='word_1_41' title='bbox 919 1101 952 1160; x_wconf 92' lang='lat' dir='ltr'><strong>in</strong></span> <span class='ocrx_word' id='word_1_42' title='bbox 975 1098 1036 1176; x_wconf 90' lang='lat' dir='ltr'><strong>pri-</strong></span> 
     </span>
     <span class='ocr_line' id='line_1_13' title="bbox 291 1191 1044 1274; baseline -0.009 -15"><span class='ocrx_word' id='word_1_43' title='bbox 291 1198 410 1260; x_wconf 90' lang='lat' dir='ltr'><strong>stinum</strong></span> <span class='ocrx_word' id='word_1_44' title='bbox 431 1203 549 1259; x_wconf 91' lang='lat' dir='ltr'><strong>statum</strong></span> <span class='ocrx_word' id='word_1_45' title='bbox 574 1196 827 1258; x_wconf 77' lang='lat' dir='ltr'><strong>restituerentur.</strong></span> <span class='ocrx_word' id='word_1_46' title='bbox 857 1195 892 1255; x_wconf 92' lang='lat' dir='ltr'><strong>lu</strong></span> <span class='ocrx_word' id='word_1_47' title='bbox 913 1191 1044 1274; x_wconf 51' lang='lat' dir='ltr'><strong>pontifi·¹</strong></span> 
     </span>
     <span class='ocr_line' id='line_1_14' title="bbox 292 1285 1036 1354; baseline -0.009 -1"><span class='ocrx_word' id='word_1_48' title='bbox 292 1300 361 1354; x_wconf 88' lang='lat' dir='ltr'><strong>catu</strong></span> <span class='ocrx_word' id='word_1_49' title='bbox 382 1298 490 1353; x_wconf 90' lang='lat' dir='ltr'><strong>nostro</strong></span> <span class='ocrx_word' id='word_1_50' title='bbox 510 1289 545 1352; x_wconf 92' lang='lat' dir='ltr'><strong>ad</strong></span> <span class='ocrx_word' id='word_1_51' title='bbox 564 1305 694 1353; x_wconf 90' lang='lat' dir='ltr'><strong>examen</strong></span> <span class='ocrx_word' id='word_1_52' title='bbox 710 1295 850 1350; x_wconf 88' lang='lat' dir='ltr'><strong>revocata</strong></span> <span class='ocrx_word' id='word_1_53' title='bbox 872 1293 918 1348; x_wconf 91' lang='lat' dir='ltr'><strong>est</strong></span> <span class='ocrx_word' id='word_1_54' title='bbox 939 1285 1036 1347; x_wconf 92' lang='lat' dir='ltr'><strong>nimia</strong></span> 
     </span>
     <span class='ocr_line' id='line_1_15' title="bbox 293 1379 1036 1462; baseline -0.007 -18"><span class='ocrx_word' id='word_1_55' title='bbox 293 1382 419 1445; x_wconf 79' lang='lat' dir='ltr'><strong>facilitas</strong></span> <span class='ocrx_word' id='word_1_56' title='bbox 430 1391 522 1462; x_wconf 92' lang='lat' dir='ltr'><strong>atque</strong></span> <span class='ocrx_word' id='word_1_57' title='bbox 532 1382 727 1459; x_wconf 86' lang='lat' dir='ltr'><strong>indulgentia</strong></span> <span class='ocrx_word' id='word_1_58' title='bbox 739 1379 899 1459; x_wconf 81' lang='lat' dir='ltr'><strong>Euthymii</strong></span> <span class='ocrx_word' id='word_1_59' title='bbox 910 1380 1036 1442; x_wconf 86' lang='lat' dir='ltr'><strong>hrchie-</strong></span> 
     </span>
     <span class='ocr_line' id='line_1_16' title="bbox 292 1472 1037 1556; baseline -0.004 -19"><span class='ocrx_word' id='word_1_60' title='bbox 292 1477 407 1556; x_wconf 92' lang='lat' dir='ltr'><strong>piscopi</strong></span> <span class='ocrx_word' id='word_1_61' title='bbox 429 1477 503 1555; x_wconf 80' lang='lat' dir='ltr'><strong>Tyri</strong></span> <span class='ocrx_word' id='word_1_62' title='bbox 525 1485 555 1538; x_wconf 91' lang='lat' dir='ltr'><strong>et</strong></span> <span class='ocrx_word' id='word_1_63' title='bbox 576 1476 709 1550; x_wconf 91' lang='lat' dir='ltr'><strong>Sidonis,</strong></span> <span class='ocrx_word' id='word_1_64' title='bbox 727 1483 757 1536; x_wconf 92' lang='lat' dir='ltr'><strong>et</strong></span> <span class='ocrx_word' id='word_1_65' title='bbox 779 1473 887 1552; x_wconf 79' lang='lat' dir='ltr'><strong>Cyrilli</strong></span> <span class='ocrx_word' id='word_1_66' title='bbox 909 1472 1037 1534; x_wconf 84' lang='lat' dir='ltr'><strong>Patriac-</strong></span> 
     </span>
     <span class='ocr_line' id='line_1_17' title="bbox 292 1567 1035 1646; baseline -0.005 -14"><span class='ocrx_word' id='word_1_67' title='bbox 292 1570 364 1632; x_wconf 91' lang='lat' dir='ltr'><strong>chae</strong></span> <span class='ocrx_word' id='word_1_68' title='bbox 395 1570 583 1632; x_wconf 68' lang='lat' dir='ltr'><strong>antiocheni</strong></span> <span class='ocrx_word' id='word_1_69' title='bbox 606 1585 678 1646; x_wconf 84' lang='lat' dir='ltr'><strong>erga</strong></span> <span class='ocrx_word' id='word_1_70' title='bbox 704 1568 832 1631; x_wconf 84' lang='lat' dir='ltr'><strong>Graecos</strong></span> <span class='ocrx_word' id='word_1_71' title='bbox 860 1567 1035 1643; x_wconf 86' lang='lat' dir='ltr'><strong>Melchitas;</strong></span> 
     </span>
     <span class='ocr_line' id='line_1_18' title="bbox 292 1661 1037 1742; baseline -0.005 -18"><span class='ocrx_word' id='word_1_72' title='bbox 292 1663 413 1742; x_wconf 78' lang='lat' dir='ltr'><strong>fuitque</strong></span> <span class='ocrx_word' id='word_1_73' title='bbox 436 1663 664 1742; x_wconf 67' lang='lat' dir='ltr'><strong>improbatam</strong></span> <span class='ocrx_word' id='word_1_74' title='bbox 685 1669 767 1740; x_wconf 89' lang='lat' dir='ltr'><strong>patet</strong></span> <span class='ocrx_word' id='word_1_75' title='bbox 781 1678 821 1723; x_wconf 90' lang='lat' dir='ltr'><strong>ex</strong></span> <span class='ocrx_word' id='word_1_76' title='bbox 836 1661 1037 1724; x_wconf 85' lang='lat' dir='ltr'><strong>Constitutio-</strong></span> 
     </span>
     <span class='ocr_line' id='line_1_19' title="bbox 294 1755 1038 1832; baseline -0.003 -13"><span class='ocrx_word' id='word_1_77' title='bbox 294 1773 333 1820; x_wconf 89' lang='lat' dir='ltr'><strong>ne</strong></span> <span class='ocrx_word' id='word_1_78' title='bbox 355 1767 472 1818; x_wconf 90' lang='lat' dir='ltr'><strong>uustra:</strong></span> <span class='ocrx_word' id='word_1_79' title='bbox 497 1755 731 1822; x_wconf 81' lang='lat' dir='ltr'><strong>Demoodotoet</strong></span> <span class='ocrx_word' id='word_1_80' title='bbox 753 1755 808 1829; x_wconf 86' lang='lat'><strong>87,</strong></span> <span class='ocrx_word' id='word_1_81' title='bbox 832 1758 851 1832; x_wconf 65' lang='grc' dir='ltr'><strong>ἓ</strong></span> <span class='ocrx_word' id='word_1_82' title='bbox 871 1757 904 1827; x_wconf 87' lang='lat'><strong>6,</strong></span> <span class='ocrx_word' id='word_1_83' title='bbox 930 1755 1038 1818; x_wconf 84' lang='lat' dir='ltr'><strong>ltetlc-</strong></span> 
     </span>
     <span class='ocr_line' id='line_1_20' title="bbox 293 1847 1039 1914; baseline -0.005 -1"><span class='ocrx_word' id='word_1_84' title='bbox 293 1853 338 1914; x_wconf 84' lang='lat' dir='ltr'><strong>rii</strong></span> <span class='ocrx_word' id='word_1_85' title='bbox 359 1851 465 1914; x_wconf 80' lang='lat' dir='ltr'><strong>bostri</strong></span> <span class='ocrx_word' id='word_1_86' title='bbox 488 1855 562 1911; x_wconf 84' lang='lat' dir='ltr'><strong>tora.</strong></span> <span class='ocrx_word' id='word_1_87' title='bbox 577 1851 615 1912; x_wconf 87' lang='grc'><strong>1.·</strong></span> <span class='ocrx_word' id='word_1_88' title='bbox 638 1847 733 1910; x_wconf 88' lang='lat' dir='ltr'><strong>‹Nos</strong></span> <span class='ocrx_word' id='word_1_89' title='bbox 756 1849 933 1912; x_wconf 90' lang='lat' dir='ltr'><strong>huiusmodi</strong></span> <span class='ocrx_word' id='word_1_90' title='bbox 950 1850 1039 1910; x_wconf 90' lang='lat' dir='ltr'><strong>inuo-</strong></span> 
     </span>
     <span class='ocr_line' id='line_1_21' title="bbox 293 1942 1038 2008; baseline -0.007 0"><span class='ocrx_word' id='word_1_91' title='bbox 293 1946 452 2008; x_wconf 80' lang='lat' dir='ltr'><strong>rationem</strong></span> <span class='ocrx_word' id='word_1_92' title='bbox 473 1943 784 2006; x_wconf 89' lang='lat' dir='ltr'><strong>et-abstinentiarum</strong></span> <span class='ocrx_word' id='word_1_93' title='bbox 815 1942 1038 2005; x_wconf 83' lang='lat' dir='ltr'><strong>relaxationem</strong></span> 
     </span>
     <span class='ocr_line' id='line_1_22' title="bbox 294 2037 1038 2113; baseline -0.007 -11"><span class='ocrx_word' id='word_1_94' title='bbox 294 2047 324 2102; x_wconf 92' lang='lat' dir='ltr'><strong>et</strong></span> <span class='ocrx_word' id='word_1_95' title='bbox 345 2039 594 2113; x_wconf 85' lang='lat' dir='ltr'><strong>coarctationem,</strong></span> <span class='ocrx_word' id='word_1_96' title='bbox 612 2037 644 2098; x_wconf 95' lang='lat' dir='ltr'><strong>in</strong></span> <span class='ocrx_word' id='word_1_97' title='bbox 660 2037 796 2100; x_wconf 93' lang='lat' dir='ltr'><strong>nimium</strong></span> <span class='ocrx_word' id='word_1_98' title='bbox 812 2037 1038 2099; x_wconf 89' lang='lat' dir='ltr'><strong>detrimentum</strong></span> 
     </span>
     <span class='ocr_line' id='line_1_23' title="bbox 293 2128 1040 2209; baseline -0.008 -15"><span class='ocrx_word' id='word_1_99' title='bbox 293 2134 407 2195; x_wconf 77' lang='lat' dir='ltr'><strong>veteris</strong></span> <span class='ocrx_word' id='word_1_100' title='bbox 429 2145 607 2209; x_wconf 89' lang='lat' dir='ltr'><strong>graecarum</strong></span> <span class='ocrx_word' id='word_1_101' title='bbox 634 2129 833 2192; x_wconf 88' lang='lat' dir='ltr'><strong>ecclesiarum</strong></span> <span class='ocrx_word' id='word_1_102' title='bbox 860 2128 1040 2208; x_wconf 89' lang='lat' dir='ltr'><strong>disciplinae</strong></span> 
     </span>
     <span class='ocr_line' id='line_1_24' title="bbox 293 2222 1041 2303; baseline -0.009 -14"><span class='ocrx_word' id='word_1_103' title='bbox 293 2242 425 2303; x_wconf 77' lang='lat' dir='ltr'><strong>tergere</strong></span> <span class='ocrx_word' id='word_1_104' title='bbox 437 2225 618 2300; x_wconf 89' lang='lat' dir='ltr'><strong>iudicantes,</strong></span> <span class='ocrx_word' id='word_1_105' title='bbox 631 2223 702 2285; x_wconf 92' lang='lat' dir='ltr'><strong>licet</strong></span> <span class='ocrx_word' id='word_1_106' title='bbox 713 2222 861 2301; x_wconf 91' lang='lat' dir='ltr'><strong>alioquin,</strong></span> <span class='ocrx_word' id='word_1_107' title='bbox 877 2222 1041 2284; x_wconf 84' lang='lat' dir='ltr'><strong>deficiente</strong></span> 
     </span>
     <span class='ocr_line' id='line_1_25' title="bbox 294 2313 1042 2396; baseline -0.008 -15"><span class='ocrx_word' id='word_1_108' title='bbox 294 2319 476 2381; x_wconf 89' lang='lat' dir='ltr'><strong>auctoritate</strong></span> <span class='ocrx_word' id='word_1_109' title='bbox 504 2317 694 2396; x_wconf 86' lang='lat' dir='ltr'><strong>hpostolicae</strong></span> <span class='ocrx_word' id='word_1_110' title='bbox 724 2313 826 2392; x_wconf 88' lang='lat' dir='ltr'><strong>Sedis,</strong></span> <span class='ocrx_word' id='word_1_111' title='bbox 854 2315 971 2378; x_wconf 91' lang='lat' dir='ltr'><strong>nullius</strong></span> <span class='ocrx_word' id='word_1_112' title='bbox 993 2330 1042 2376; x_wconf 90' lang='lat' dir='ltr'><strong>ro·</strong></span> 
     </span>
     <span class='ocr_line' id='line_1_26' title="bbox 293 2413 1040 2488; baseline -0.011 -12"><span class='ocrx_word' id='word_1_113' title='bbox 293 2413 377 2476; x_wconf 91' lang='lat' dir='ltr'><strong>boris</strong></span> <span class='ocrx_word' id='word_1_114' title='bbox 398 2427 464 2474; x_wconf 91' lang='lat' dir='ltr'><strong>esse</strong></span> <span class='ocrx_word' id='word_1_115' title='bbox 485 2413 718 2488; x_wconf 81' lang='lat' dir='ltr'><strong>dignoscantur,</strong></span> <span class='ocrx_word' id='word_1_116' title='bbox 741 2426 790 2471; x_wconf 90' lang='lat' dir='ltr'><strong>eas</strong></span> <span class='ocrx_word' id='word_1_117' title='bbox 811 2417 916 2472; x_wconf 89' lang='lat' dir='ltr'><strong>tamen</strong></span> <span class='ocrx_word' id='word_1_118' title='bbox 938 2414 1040 2470; x_wconf 88' lang='lat' dir='ltr'><strong>aucto-</strong></span> 
     </span>
     <span class='ocr_line' id='line_1_27' title="bbox 294 2504 1038 2586; baseline -0.005 -18"><span class='ocrx_word' id='word_1_119' title='bbox 294 2508 385 2571; x_wconf 91' lang='lat' dir='ltr'><strong>ritate</strong></span> <span class='ocrx_word' id='word_1_120' title='bbox 398 2514 501 2569; x_wconf 91' lang='lat' dir='ltr'><strong>nostra</strong></span> <span class='ocrx_word' id='word_1_121' title='bbox 514 2522 658 2586; x_wconf 89' lang='lat' dir='ltr'><strong>expresse</strong></span> <span class='ocrx_word' id='word_1_122' title='bbox 669 2522 862 2582; x_wconf 86' lang='lat' dir='ltr'><strong>revocamus,</strong></span> <span class='ocrx_word' id='word_1_123' title='bbox 875 2514 905 2569; x_wconf 92' lang='lat' dir='ltr'><strong>et</strong></span> <span class='ocrx_word' id='word_1_124' title='bbox 917 2504 1038 2568; x_wconf 91' lang='lat' dir='ltr'><strong>nullum</strong></span> 
     </span>
     <span class='ocr_line' id='line_1_28' title="bbox 294 2599 1042 2682; baseline -0.004 -18"><span class='ocrx_word' id='word_1_125' title='bbox 294 2603 441 2666; x_wconf 84' lang='lat' dir='ltr'><strong>ellectum</strong></span> <span class='ocrx_word' id='word_1_126' title='bbox 462 2603 495 2665; x_wconf 93' lang='lat' dir='ltr'><strong>in</strong></span> <span class='ocrx_word' id='word_1_127' title='bbox 517 2610 677 2682; x_wconf 94' lang='lat' dir='ltr'><strong>posterum</strong></span> <span class='ocrx_word' id='word_1_128' title='bbox 698 2602 822 2676; x_wconf 88' lang='lat' dir='ltr'><strong>habere,</strong></span> <span class='ocrx_word' id='word_1_129' title='bbox 843 2617 943 2680; x_wconf 90' lang='lat' dir='ltr'><strong>neque</strong></span> <span class='ocrx_word' id='word_1_130' title='bbox 964 2599 1042 2663; x_wconf 86' lang='lat' dir='ltr'><strong>ulla-</strong></span> 
     </span>
    </p>
   </div>
   <div class='ocr_carea' id='block_1_4' title="bbox 296 2694 1131 2776">
    <p class='ocr_par' dir='ltr' id='par_1_4' title="bbox 296 2694 1131 2776">
     <span class='ocr_line' id='line_1_29' title="bbox 296 2694 1131 2776; baseline -0.002 -17"><span class='ocrx_word' id='word_1_131' title='bbox 296 2705 387 2759; x_wconf 90' lang='lat' dir='ltr'><strong>tenus</strong></span> <span class='ocrx_word' id='word_1_132' title='bbox 418 2695 595 2758; x_wconf 86' lang='lat' dir='ltr'><strong>executioni</strong></span> <span class='ocrx_word' id='word_1_133' title='bbox 617 2696 774 2772; x_wconf 90' lang='lat' dir='ltr'><strong>mandari,</strong></span> <span class='ocrx_word' id='word_1_134' title='bbox 801 2694 852 2756; x_wconf 92' lang='lat' dir='ltr'><strong>sed</strong></span> <span class='ocrx_word' id='word_1_135' title='bbox 883 2695 987 2758; x_wconf 90' lang='lat' dir='ltr'><strong>omnia</strong></span> <span class='ocrx_word' id='word_1_136' title='bbox 1007 2695 1040 2757; x_wconf 93' lang='lat' dir='ltr'><strong>in</strong></span> <span class='ocrx_word' id='word_1_137' title='bbox 1128 2767 1131 2776; x_wconf 31' lang='grc' dir='ltr'>Ι</span> 
     </span>
    </p>
   </div>
   <div class='ocr_carea' id='block_1_5' title="bbox 295 2789 1056 4740">
    <p class='ocr_par' dir='ltr' id='par_1_5' title="bbox 295 2789 1056 4740">
     <span class='ocr_line' id='line_1_30' title="bbox 295 2789 1042 2871; baseline -0.004 -18"><span class='ocrx_word' id='word_1_138' title='bbox 295 2791 462 2871; x_wconf 90' lang='lat' dir='ltr'><strong>pristinum</strong></span> <span class='ocrx_word' id='word_1_139' title='bbox 485 2789 608 2852; x_wconf 87' lang='lat' dir='ltr'><strong>restitui</strong></span> <span class='ocrx_word' id='word_1_140' title='bbox 630 2790 743 2852; x_wconf 91' lang='lat' dir='ltr'><strong>debere</strong></span> <span class='ocrx_word' id='word_1_141' title='bbox 764 2789 927 2868; x_wconf 80' lang='lat' dir='ltr'><strong>iubemus3</strong></span> <span class='ocrx_word' id='word_1_142' title='bbox 950 2797 1042 2868; x_wconf 90' lang='lat' dir='ltr'><strong>atque</strong></span> 
     </span>
     <span class='ocr_line' id='line_1_31' title="bbox 296 2882 1044 2964; baseline -0.004 -19"><span class='ocrx_word' id='word_1_143' title='bbox 296 2885 424 2964; x_wconf 90' lang='lat' dir='ltr'><strong>insuper</strong></span> <span class='ocrx_word' id='word_1_144' title='bbox 446 2884 478 2945; x_wconf 91' lang='lat' dir='ltr'><strong>in</strong></span> <span class='ocrx_word' id='word_1_145' title='bbox 500 2890 566 2945; x_wconf 90' lang='lat' dir='ltr'><strong>toto</strong></span> <span class='ocrx_word' id='word_1_146' title='bbox 579 2889 676 2945; x_wconf 91' lang='lat' dir='ltr'><strong>tractu</strong></span> <span class='ocrx_word' id='word_1_147' title='bbox 691 2882 914 2961; x_wconf 85' lang='lat' dir='ltr'><strong>patriarchatus</strong></span> <span class='ocrx_word' id='word_1_148' title='bbox 936 2882 1044 2944; x_wconf 80' lang='lat' dir='ltr'><strong>Antio-</strong></span> 
     </span>
     <span class='ocr_line' id='line_1_32' title="bbox 295 2975 1056 3040; baseline -0.007 0"><span class='ocrx_word' id='word_1_149' title='bbox 295 2978 386 3040; x_wconf 92' lang='lat' dir='ltr'><strong>cheui</strong></span> <span class='ocrx_word' id='word_1_150' title='bbox 418 2977 602 3040; x_wconf 83' lang='lat' dir='ltr'><strong>laudabilem</strong></span> <span class='ocrx_word' id='word_1_151' title='bbox 630 2976 889 3040; x_wconf 90' lang='lat' dir='ltr'><strong>consuetudinem</strong></span> <span class='ocrx_word' id='word_1_152' title='bbox 911 2991 927 3036; x_wconf 90' lang='lat' dir='ltr'><strong>a</strong></span> <span class='ocrx_word' id='word_1_153' title='bbox 948 2975 1056 3036; x_wconf 78' lang='lat' dir='ltr'><strong>maio·</strong></span> 
     </span>
     <span class='ocr_line' id='line_1_33' title="bbox 295 3068 1044 3148; baseline -0.007 -14"><span class='ocrx_word' id='word_1_154' title='bbox 295 3072 380 3135; x_wconf 89' lang='lat' dir='ltr'><strong>ribus</strong></span> <span class='ocrx_word' id='word_1_155' title='bbox 401 3072 583 3146; x_wconf 81' lang='lat' dir='ltr'><strong>derivatam,</strong></span> <span class='ocrx_word' id='word_1_156' title='bbox 596 3071 771 3134; x_wconf 90' lang='lat' dir='ltr'><strong>abstinendi</strong></span> <span class='ocrx_word' id='word_1_157' title='bbox 793 3071 885 3132; x_wconf 92' lang='lat' dir='ltr'><strong>etiam</strong></span> <span class='ocrx_word' id='word_1_158' title='bbox 907 3068 1044 3148; x_wconf 90' lang='lat' dir='ltr'><strong>qualibet</strong></span> 
     </span>
     <span class='ocr_line' id='line_1_34' title="bbox 296 3161 1042 3244; baseline -0.008 -16"><span class='ocrx_word' id='word_1_159' title='bbox 296 3165 373 3228; x_wconf 83' lang='lat' dir='ltr'><strong>feria</strong></span> <span class='ocrx_word' id='word_1_160' title='bbox 403 3171 511 3243; x_wconf 90' lang='lat' dir='ltr'><strong>quarta</strong></span> <span class='ocrx_word' id='word_1_161' title='bbox 532 3171 563 3226; x_wconf 92' lang='lat' dir='ltr'><strong>et</strong></span> <span class='ocrx_word' id='word_1_162' title='bbox 590 3173 676 3227; x_wconf 91' lang='lat' dir='ltr'><strong>sexta</strong></span> <span class='ocrx_word' id='word_1_163' title='bbox 701 3180 756 3244; x_wconf 93' lang='lat' dir='ltr'><strong>per</strong></span> <span class='ocrx_word' id='word_1_164' title='bbox 783 3178 902 3224; x_wconf 93' lang='lat' dir='ltr'><strong>annum</strong></span> <span class='ocrx_word' id='word_1_165' title='bbox 929 3161 966 3223; x_wconf 87' lang='lat' dir='ltr'><strong>ab</strong></span> <span class='ocrx_word' id='word_1_166' title='bbox 989 3177 1042 3224; x_wconf 91' lang='lat' dir='ltr'><strong>esu</strong></span> 
     </span>
     <span class='ocr_line' id='line_1_35' title="bbox 296 3254 1044 3338; baseline -0.005 -19"><span class='ocrx_word' id='word_1_167' title='bbox 296 3259 439 3338; x_wconf 87' lang='lat' dir='ltr'><strong>piscium,</strong></span> <span class='ocrx_word' id='word_1_168' title='bbox 452 3274 529 3336; x_wconf 88' lang='lat' dir='ltr'><strong>quae</strong></span> <span class='ocrx_word' id='word_1_169' title='bbox 550 3257 589 3318; x_wconf 92' lang='lat' dir='ltr'><strong>ab</strong></span> <span class='ocrx_word' id='word_1_170' title='bbox 608 3257 674 3318; x_wconf 88' lang='lat' dir='ltr'><strong>aliis</strong></span> <span class='ocrx_word' id='word_1_171' title='bbox 689 3272 813 3336; x_wconf 90' lang='lat' dir='ltr'><strong>quoque</strong></span> <span class='ocrx_word' id='word_1_172' title='bbox 833 3254 976 3318; x_wconf 86' lang='lat' dir='ltr'><strong>finitimis</strong></span> <span class='ocrx_word' id='word_1_173' title='bbox 991 3270 1044 3333; x_wconf 92' lang='lat' dir='ltr'><strong>po-</strong></span> 
     </span>
     <span class='ocr_line' id='line_1_36' title="bbox 297 3347 1044 3432; baseline -0.008 -18"><span class='ocrx_word' id='word_1_174' title='bbox 297 3352 377 3432; x_wconf 89' lang='lat' dir='ltr'><strong>pulis</strong></span> <span class='ocrx_word' id='word_1_175' title='bbox 399 3353 538 3414; x_wconf 91' lang='lat' dir='ltr'><strong>eiusdem</strong></span> <span class='ocrx_word' id='word_1_176' title='bbox 563 3350 665 3426; x_wconf 89' lang='lat' dir='ltr'><strong>graeci</strong></span> <span class='ocrx_word' id='word_1_177' title='bbox 685 3350 764 3412; x_wconf 86' lang='lat' dir='ltr'><strong>ritus</strong></span> <span class='ocrx_word' id='word_1_178' title='bbox 785 3357 889 3412; x_wconf 89' lang='lat' dir='ltr'><strong>exacte</strong></span> <span class='ocrx_word' id='word_1_179' title='bbox 913 3347 1044 3411; x_wconf 91' lang='lat' dir='ltr'><strong>custodi-</strong></span> 
     </span>
     <span class='ocr_line' id='line_1_37' title="bbox 297 3442 1045 3523; baseline -0.007 -15"><span class='ocrx_word' id='word_1_180' title='bbox 297 3455 361 3523; x_wconf 88' lang='lat' dir='ltr'><strong>tur,</strong></span> <span class='ocrx_word' id='word_1_181' title='bbox 385 3445 564 3507; x_wconf 89' lang='lat' dir='ltr'><strong>indistincte</strong></span> <span class='ocrx_word' id='word_1_182' title='bbox 584 3444 700 3506; x_wconf 84' lang='lat' dir='ltr'><strong>serrari</strong></span> <span class='ocrx_word' id='word_1_183' title='bbox 728 3442 943 3521; x_wconf 90' lang='lat' dir='ltr'><strong>praecipimus.</strong></span> <span class='ocrx_word' id='word_1_184' title='bbox 956 3461 980 3502; x_wconf 75' lang='lat' dir='ltr'><strong>s·</strong></span> <span class='ocrx_word' id='word_1_185' title='bbox 995 3442 1045 3503; x_wconf 92' lang='lat' dir='ltr'><strong>ln-</strong></span> 
     </span>
     <span class='ocr_line' id='line_1_38' title="bbox 297 3535 1045 3616; baseline -0.008 -15"><span class='ocrx_word' id='word_1_186' title='bbox 297 3554 474 3616; x_wconf 87' lang='lat' dir='ltr'><strong>congruum</strong></span> <span class='ocrx_word' id='word_1_187' title='bbox 496 3552 570 3598; x_wconf 84' lang='lat' dir='ltr'><strong>vero</strong></span> <span class='ocrx_word' id='word_1_188' title='bbox 592 3544 637 3598; x_wconf 90' lang='lat' dir='ltr'><strong>est</strong></span> <span class='ocrx_word' id='word_1_189' title='bbox 658 3548 808 3610; x_wconf 85' lang='lat' dir='ltr'><strong>asserere,</strong></span> <span class='ocrx_word' id='word_1_190' title='bbox 832 3535 899 3597; x_wconf 90' lang='lat' dir='ltr'><strong>ideo</strong></span> <span class='ocrx_word' id='word_1_191' title='bbox 921 3535 1045 3613; x_wconf 89' lang='lat' dir='ltr'><strong>dispen-</strong></span> 
     </span>
     <span class='ocr_line' id='line_1_39' title="bbox 297 3629 1044 3708; baseline -0.007 -12"><span class='ocrx_word' id='word_1_192' title='bbox 297 3633 446 3696; x_wconf 79' lang='lat' dir='ltr'><strong>sationem</strong></span> <span class='ocrx_word' id='word_1_193' title='bbox 459 3630 685 3694; x_wconf 87' lang='lat' dir='ltr'><strong>concedendam</strong></span> <span class='ocrx_word' id='word_1_194' title='bbox 698 3645 764 3690; x_wconf 93' lang='lat' dir='ltr'><strong>esse</strong></span> <span class='ocrx_word' id='word_1_195' title='bbox 779 3629 828 3690; x_wconf 87' lang='lat' dir='ltr'><strong>vel</strong></span> <span class='ocrx_word' id='word_1_196' title='bbox 840 3630 942 3708; x_wconf 92' lang='lat' dir='ltr'><strong>potius</strong></span> <span class='ocrx_word' id='word_1_197' title='bbox 951 3645 1044 3707; x_wconf 86' lang='lat' dir='ltr'><strong>gene-</strong></span> 
     </span>
     <span class='ocr_line' id='line_1_40' title="bbox 298 3721 1045 3803; baseline -0.005 -14"><span class='ocrx_word' id='word_1_198' title='bbox 298 3727 395 3790; x_wconf 87' lang='lat' dir='ltr'><strong>ralem</strong></span> <span class='ocrx_word' id='word_1_199' title='bbox 414 3725 609 3803; x_wconf 88' lang='lat' dir='ltr'><strong>dispensandi</strong></span> <span class='ocrx_word' id='word_1_200' title='bbox 626 3721 815 3798; x_wconf 84' lang='lat' dir='ltr'><strong>facultatem,</strong></span> <span class='ocrx_word' id='word_1_201' title='bbox 829 3725 910 3802; x_wconf 94' lang='lat' dir='ltr'><strong>quod</strong></span> <span class='ocrx_word' id='word_1_202' title='bbox 931 3739 1045 3802; x_wconf 83' lang='lat' dir='ltr'><strong>nempe</strong></span> 
     </span>
     <span class='ocr_line' id='line_1_41' title="bbox 298 3815 1045 3896; baseline -0.008 -13"><span class='ocrx_word' id='word_1_203' title='bbox 298 3818 469 3883; x_wconf 85' lang='lat' dir='ltr'><strong>Orientales</strong></span> <span class='ocrx_word' id='word_1_204' title='bbox 484 3817 665 3896; x_wconf 86' lang='lat' dir='ltr'><strong>aspicientes</strong></span> <span class='ocrx_word' id='word_1_205' title='bbox 679 3815 801 3878; x_wconf 82' lang='lat' dir='ltr'><strong>Latinos</strong></span> <span class='ocrx_word' id='word_1_206' title='bbox 816 3817 897 3878; x_wconf 90' lang='lat' dir='ltr'><strong>vesci</strong></span> <span class='ocrx_word' id='word_1_207' title='bbox 914 3817 1045 3895; x_wconf 89' lang='lat' dir='ltr'><strong>piscibus</strong></span> 
     </span>
     <span class='ocr_line' id='line_1_42' title="bbox 301 3909 1043 3992; baseline -0.009 -15"><span class='ocrx_word' id='word_1_208' title='bbox 301 3924 440 3992; x_wconf 91' lang='lat' dir='ltr'><strong>tempore</strong></span> <span class='ocrx_word' id='word_1_209' title='bbox 461 3911 582 3986; x_wconf 90' lang='lat' dir='ltr'><strong>ieiunii,</strong></span> <span class='ocrx_word' id='word_1_210' title='bbox 598 3911 710 3973; x_wconf 92' lang='lat' dir='ltr'><strong>exinde</strong></span> <span class='ocrx_word' id='word_1_211' title='bbox 731 3910 819 3973; x_wconf 79' lang='lat' dir='ltr'><strong>facile</strong></span> <span class='ocrx_word' id='word_1_212' title='bbox 840 3909 1043 3984; x_wconf 91' lang='lat' dir='ltr'><strong>adducantur,</strong></span> 
     </span>
     <span class='ocr_line' id='line_1_43' title="bbox 299 4005 1045 4085; baseline -0.004 -15"><span class='ocrx_word' id='word_1_213' title='bbox 299 4015 334 4070; x_wconf 91' lang='lat' dir='ltr'><strong>ut</strong></span> <span class='ocrx_word' id='word_1_214' title='bbox 356 4016 387 4068; x_wconf 92' lang='lat' dir='ltr'><strong>et</strong></span> <span class='ocrx_word' id='word_1_215' title='bbox 408 4007 463 4085; x_wconf 92' lang='lat' dir='ltr'><strong>ipsi</strong></span> <span class='ocrx_word' id='word_1_216' title='bbox 486 4021 549 4069; x_wconf 94' lang='lat' dir='ltr'><strong>non</strong></span> <span class='ocrx_word' id='word_1_217' title='bbox 571 4005 697 4084; x_wconf 91' lang='lat' dir='ltr'><strong>quidem</strong></span> <span class='ocrx_word' id='word_1_218' title='bbox 719 4022 757 4068; x_wconf 91' lang='lat' dir='ltr'><strong>ex</strong></span> <span class='ocrx_word' id='word_1_219' title='bbox 777 4007 880 4084; x_wconf 90' lang='lat' dir='ltr'><strong>aliquo</strong></span> <span class='ocrx_word' id='word_1_220' title='bbox 908 4015 1045 4069; x_wconf 93' lang='lat' dir='ltr'><strong>contem·</strong></span> 
     </span>
     <span class='ocr_line' id='line_1_44' title="bbox 299 4097 1045 4182; baseline 0 -19"><span class='ocrx_word' id='word_1_221' title='bbox 299 4109 367 4182; x_wconf 92' lang='lat' dir='ltr'><strong>ptu,</strong></span> <span class='ocrx_word' id='word_1_222' title='bbox 389 4099 440 4162; x_wconf 91' lang='lat' dir='ltr'><strong>sed</strong></span> <span class='ocrx_word' id='word_1_223' title='bbox 463 4108 592 4162; x_wconf 89' lang='lat' dir='ltr'><strong>naturae</strong></span> <span class='ocrx_word' id='word_1_224' title='bbox 613 4097 778 4176; x_wconf 82' lang='lat' dir='ltr'><strong>fragilitate</strong></span> <span class='ocrx_word' id='word_1_225' title='bbox 800 4101 888 4176; x_wconf 85' lang='lat' dir='ltr'><strong>victi,</strong></span> <span class='ocrx_word' id='word_1_226' title='bbox 911 4101 1045 4179; x_wconf 91' lang='lat' dir='ltr'><strong>piscibus</strong></span> 
     </span>
     <span class='ocr_line' id='line_1_45' title="bbox 300 4192 1046 4272; baseline 0 -16"><span class='ocrx_word' id='word_1_227' title='bbox 300 4194 409 4258; x_wconf 91' lang='lat' dir='ltr'><strong>ieiunii</strong></span> <span class='ocrx_word' id='word_1_228' title='bbox 430 4193 537 4256; x_wconf 91' lang='lat' dir='ltr'><strong>diebus</strong></span> <span class='ocrx_word' id='word_1_229' title='bbox 558 4199 704 4270; x_wconf 79' lang='lat' dir='ltr'><strong>utantur3</strong></span> <span class='ocrx_word' id='word_1_230' title='bbox 727 4192 785 4254; x_wconf 92' lang='lat' dir='ltr'><strong>hoc</strong></span> <span class='ocrx_word' id='word_1_231' title='bbox 800 4208 932 4272; x_wconf 89' lang='lat' dir='ltr'><strong>namque</strong></span> <span class='ocrx_word' id='word_1_232' title='bbox 955 4209 1046 4270; x_wconf 86' lang='lat' dir='ltr'><strong>argu·</strong></span> 
     </span>
     <span class='ocr_line' id='line_1_46' title="bbox 300 4284 1047 4364; baseline -0.001 -14"><span class='ocrx_word' id='word_1_233' title='bbox 300 4293 419 4362; x_wconf 91' lang='lat' dir='ltr'><strong>mento,</strong></span> <span class='ocrx_word' id='word_1_234' title='bbox 435 4284 549 4364; x_wconf 87' lang='lat' dir='ltr'><strong>siquid</strong></span> <span class='ocrx_word' id='word_1_235' title='bbox 566 4285 642 4347; x_wconf 90' lang='lat' dir='ltr'><strong>illud</strong></span> <span class='ocrx_word' id='word_1_236' title='bbox 659 4285 788 4361; x_wconf 90' lang='lat' dir='ltr'><strong>valeret,</strong></span> <span class='ocrx_word' id='word_1_237' title='bbox 804 4285 837 4348; x_wconf 90' lang='lat' dir='ltr'><strong>in</strong></span> <span class='ocrx_word' id='word_1_238' title='bbox 858 4286 965 4362; x_wconf 92' lang='lat' dir='ltr'><strong>primis</strong></span> <span class='ocrx_word' id='word_1_239' title='bbox 980 4303 1047 4349; x_wconf 92' lang='lat' dir='ltr'><strong>om-</strong></span> 
     </span>
     <span class='ocr_line' id='line_1_47' title="bbox 300 4378 1045 4456; baseline -0.003 -13"><span class='ocrx_word' id='word_1_240' title='bbox 300 4380 425 4443; x_wconf 88' lang='lat' dir='ltr'><strong>nimoda</strong></span> <span class='ocrx_word' id='word_1_241' title='bbox 441 4379 641 4441; x_wconf 89' lang='lat' dir='ltr'><strong>induceretur</strong></span> <span class='ocrx_word' id='word_1_242' title='bbox 655 4378 774 4440; x_wconf 92' lang='lat' dir='ltr'><strong>rituum</strong></span> <span class='ocrx_word' id='word_1_243' title='bbox 789 4378 943 4456; x_wconf 89' lang='lat' dir='ltr'><strong>conlusio;</strong></span> <span class='ocrx_word' id='word_1_244' title='bbox 959 4379 1045 4442; x_wconf 91' lang='lat' dir='ltr'><strong>dein-</strong></span> 
     </span>
     <span class='ocr_line' id='line_1_48' title="bbox 300 4471 1044 4550; baseline 0 -14"><span class='ocrx_word' id='word_1_245' title='bbox 300 4475 349 4550; x_wconf 91' lang='lat' dir='ltr'><strong>de,</strong></span> <span class='ocrx_word' id='word_1_246' title='bbox 371 4474 397 4535; x_wconf 88' lang='lat' dir='ltr'><strong>si</strong></span> <span class='ocrx_word' id='word_1_247' title='bbox 419 4473 502 4534; x_wconf 93' lang='lat' dir='ltr'><strong>illius</strong></span> <span class='ocrx_word' id='word_1_248' title='bbox 524 4471 602 4533; x_wconf 91' lang='lat' dir='ltr'><strong>ratio</strong></span> <span class='ocrx_word' id='word_1_249' title='bbox 634 4471 819 4550; x_wconf 84' lang='lat' dir='ltr'><strong>haberetur,</strong></span> <span class='ocrx_word' id='word_1_250' title='bbox 847 4472 924 4535; x_wconf 90' lang='lat' dir='ltr'><strong>illud</strong></span> <span class='ocrx_word' id='word_1_251' title='bbox 952 4474 1044 4536; x_wconf 91' lang='lat' dir='ltr'><strong>etiam</strong></span> 
     </span>
     <span class='ocr_line' id='line_1_49' title="bbox 300 4565 1046 4646; baseline -0.001 -16"><span class='ocrx_word' id='word_1_252' title='bbox 300 4571 555 4646; x_wconf 85' lang='lat' dir='ltr'><strong>consequeretur,</strong></span> <span class='ocrx_word' id='word_1_253' title='bbox 567 4572 602 4628; x_wconf 93' lang='lat' dir='ltr'><strong>ut</strong></span> <span class='ocrx_word' id='word_1_254' title='bbox 624 4565 727 4627; x_wconf 89' lang='lat' dir='ltr'><strong>Latini</strong></span> <span class='ocrx_word' id='word_1_255' title='bbox 742 4567 940 4645; x_wconf 89' lang='lat' dir='ltr'><strong>inspicientes</strong></span> <span class='ocrx_word' id='word_1_256' title='bbox 955 4567 1046 4630; x_wconf 88' lang='lat' dir='ltr'><strong>Grae-</strong></span> 
     </span>
     <span class='ocr_line' id='line_1_50' title="bbox 300 4659 1045 4740; baseline -0.001 -17"><span class='ocrx_word' id='word_1_257' title='bbox 300 4678 350 4724; x_wconf 92' lang='lat' dir='ltr'><strong>cos</strong></span> <span class='ocrx_word' id='word_1_258' title='bbox 371 4659 578 4740; x_wconf 90' lang='lat' dir='ltr'><strong>peculiaribus</strong></span> <span class='ocrx_word' id='word_1_259' title='bbox 588 4659 771 4738; x_wconf 91' lang='lat' dir='ltr'><strong>quibusdam</strong></span> <span class='ocrx_word' id='word_1_260' title='bbox 792 4659 902 4722; x_wconf 82' lang='lat' dir='ltr'><strong>vivere</strong></span> <span class='ocrx_word' id='word_1_261' title='bbox 922 4660 1045 4723; x_wconf 90' lang='lat' dir='ltr'><strong>institu-</strong></span> 
     </span>
    </p>
   </div>
   <div class='ocr_carea' id='block_1_6' title="bbox 191 4752 1046 4833">
    <p class='ocr_par' dir='ltr' id='par_1_6' title="bbox 191 4752 1046 4833">
     <span class='ocr_line' id='line_1_51' title="bbox 191 4752 1046 4833; baseline -0.002 -15"><span class='ocrx_word' id='word_1_262' title='bbox 191 4816 194 4826; x_wconf 88' lang='grc'><em>,</em></span> <span class='ocrx_word' id='word_1_263' title='bbox 299 4756 351 4830; x_wconf 91' lang='lat' dir='ltr'><strong>tis,</strong></span> <span class='ocrx_word' id='word_1_264' title='bbox 363 4769 441 4833; x_wconf 92' lang='lat' dir='ltr'><strong>quae</strong></span> <span class='ocrx_word' id='word_1_265' title='bbox 451 4753 569 4815; x_wconf 86' lang='lat' dir='ltr'><strong>Latinis</strong></span> <span class='ocrx_word' id='word_1_266' title='bbox 584 4752 715 4816; x_wconf 91' lang='lat' dir='ltr'><strong>minime</strong></span> <span class='ocrx_word' id='word_1_267' title='bbox 729 4757 966 4832; x_wconf 89' lang='lat' dir='ltr'><strong>permittuntur,</strong></span> <span class='ocrx_word' id='word_1_268' title='bbox 983 4755 1046 4816; x_wconf 93' lang='lat' dir='ltr'><strong>imo</strong></span> 
     </span>
    </p>
   </div>
   <div class='ocr_carea' id='block_1_7' title="bbox 299 4847 1049 5582">
    <p class='ocr_par' dir='ltr' id='par_1_7' title="bbox 299 4847 1049 5582">
     <span class='ocr_line' id='line_1_52' title="bbox 299 4847 1045 4926; baseline -0.001 -15"><span class='ocrx_word' id='word_1_269' title='bbox 299 4848 494 4923; x_wconf 85' lang='lat' dir='ltr'><strong>inhibentur,</strong></span> <span class='ocrx_word' id='word_1_270' title='bbox 507 4847 766 4926; x_wconf 85' lang='lat' dir='ltr'><strong>dispensationem</strong></span> <span class='ocrx_word' id='word_1_271' title='bbox 789 4855 893 4926; x_wconf 90' lang='lat' dir='ltr'><strong>petere</strong></span> <span class='ocrx_word' id='word_1_272' title='bbox 908 4857 1045 4926; x_wconf 89' lang='lat' dir='ltr'><strong>possent,</strong></span> 
     </span>
     <span class='ocr_line' id='line_1_53' title="bbox 300 4939 1047 5018; baseline -0.003 -14"><span class='ocrx_word' id='word_1_273' title='bbox 300 4950 337 5004; x_wconf 92' lang='lat' dir='ltr'><strong>ut</strong></span> <span class='ocrx_word' id='word_1_274' title='bbox 361 4941 417 5004; x_wconf 95' lang='lat' dir='ltr'><strong>sibi</strong></span> <span class='ocrx_word' id='word_1_275' title='bbox 446 4941 554 5004; x_wconf 90' lang='lat' dir='ltr'><strong>liceret</strong></span> <span class='ocrx_word' id='word_1_276' title='bbox 575 4955 609 5001; x_wconf 90' lang='lat' dir='ltr'><strong>ea</strong></span> <span class='ocrx_word' id='word_1_277' title='bbox 636 4939 754 5016; x_wconf 91' lang='lat' dir='ltr'><strong>lacere,</strong></span> <span class='ocrx_word' id='word_1_278' title='bbox 784 4957 861 5018; x_wconf 92' lang='lat' dir='ltr'><strong>quae</strong></span> <span class='ocrx_word' id='word_1_279' title='bbox 882 4960 899 5003; x_wconf 92' lang='lat' dir='ltr'><strong>a</strong></span> <span class='ocrx_word' id='word_1_280' title='bbox 925 4941 1047 5004; x_wconf 88' lang='lat' dir='ltr'><strong>Graecis</strong></span> 
     </span>
     <span class='ocr_line' id='line_1_54' title="bbox 301 5033 1046 5113; baseline -0.003 -15"><span class='ocrx_word' id='word_1_281' title='bbox 301 5036 370 5098; x_wconf 87' lang='lat' dir='ltr'><strong>lieri</strong></span> <span class='ocrx_word' id='word_1_282' title='bbox 383 5036 565 5111; x_wconf 70' lang='lat' dir='ltr'><strong>intuentur,</strong></span> <span class='ocrx_word' id='word_1_283' title='bbox 588 5033 769 5112; x_wconf 90' lang='lat' dir='ltr'><strong>profitentes</strong></span> <span class='ocrx_word' id='word_1_284' title='bbox 784 5051 817 5096; x_wconf 92' lang='lat' dir='ltr'><strong>se</strong></span> <span class='ocrx_word' id='word_1_285' title='bbox 832 5033 965 5097; x_wconf 90' lang='lat' dir='ltr'><strong>latinum</strong></span> <span class='ocrx_word' id='word_1_286' title='bbox 980 5035 1046 5113; x_wconf 89' lang='lat' dir='ltr'><strong>qui·</strong></span> 
     </span>
     <span class='ocr_line' id='line_1_55' title="bbox 301 5126 1046 5205; baseline -0.005 -14"><span class='ocrx_word' id='word_1_287' title='bbox 301 5130 373 5191; x_wconf 92' lang='lat' dir='ltr'><strong>dem</strong></span> <span class='ocrx_word' id='word_1_288' title='bbox 393 5128 491 5190; x_wconf 89' lang='lat' dir='ltr'><strong>ritum</strong></span> <span class='ocrx_word' id='word_1_289' title='bbox 512 5127 679 5205; x_wconf 88' lang='lat' dir='ltr'><strong>suscipere,</strong></span> <span class='ocrx_word' id='word_1_290' title='bbox 701 5128 753 5189; x_wconf 91' lang='lat' dir='ltr'><strong>sed</strong></span> <span class='ocrx_word' id='word_1_291' title='bbox 775 5127 814 5188; x_wconf 94' lang='lat' dir='ltr'><strong>ob</strong></span> <span class='ocrx_word' id='word_1_292' title='bbox 838 5134 967 5190; x_wconf 89' lang='lat' dir='ltr'><strong>naturae</strong></span> <span class='ocrx_word' id='word_1_293' title='bbox 987 5126 1046 5188; x_wconf 86' lang='lat' dir='ltr'><strong>lra-</strong></span> 
     </span>
     <span class='ocr_line' id='line_1_56' title="bbox 301 5221 1044 5300; baseline -0.003 -17"><span class='ocrx_word' id='word_1_294' title='bbox 301 5222 453 5299; x_wconf 80' lang='lat' dir='ltr'><strong>gilitatem</strong></span> <span class='ocrx_word' id='word_1_295' title='bbox 474 5237 548 5284; x_wconf 93' lang='lat' dir='ltr'><strong>eum</strong></span> <span class='ocrx_word' id='word_1_296' title='bbox 569 5221 686 5283; x_wconf 92' lang='lat' dir='ltr'><strong>diutius</strong></span> <span class='ocrx_word' id='word_1_297' title='bbox 711 5237 836 5284; x_wconf 86' lang='lat' dir='ltr'><strong>serrare</strong></span> <span class='ocrx_word' id='word_1_298' title='bbox 860 5237 924 5283; x_wconf 92' lang='lat' dir='ltr'><strong>non</strong></span> <span class='ocrx_word' id='word_1_299' title='bbox 946 5238 1044 5300; x_wconf 88' lang='lat' dir='ltr'><strong>posse.</strong></span> 
     </span>
     <span class='ocr_line' id='line_1_57' title="bbox 301 5315 1048 5394; baseline 0 -15"><span class='ocrx_word' id='word_1_300' title='bbox 301 5316 380 5379; x_wconf 87' lang='lat' dir='ltr'><strong>llaec</strong></span> <span class='ocrx_word' id='word_1_301' title='bbox 400 5321 484 5391; x_wconf 89' lang='lat' dir='ltr'><strong>sunt,</strong></span> <span class='ocrx_word' id='word_1_302' title='bbox 497 5331 575 5394; x_wconf 90' lang='lat' dir='ltr'><strong>quae</strong></span> <span class='ocrx_word' id='word_1_303' title='bbox 588 5315 734 5378; x_wconf 90' lang='lat' dir='ltr'><strong>duximus</strong></span> <span class='ocrx_word' id='word_1_304' title='bbox 749 5315 931 5394; x_wconf 89' lang='lat' dir='ltr'><strong>exponenda</strong></span> <span class='ocrx_word' id='word_1_305' title='bbox 944 5318 977 5379; x_wconf 92' lang='lat' dir='ltr'><strong>in</strong></span> <span class='ocrx_word' id='word_1_306' title='bbox 993 5318 1048 5379; x_wconf 92' lang='lat' dir='ltr'><strong>hac</strong></span> 
     </span>
     <span class='ocr_line' id='line_1_58' title="bbox 302 5401 1047 5488; baseline 0 -18"><span class='ocrx_word' id='word_1_307' title='bbox 302 5401 453 5487; x_wconf 79' lang='lat' dir='ltr'><strong>encyclica</strong></span> <span class='ocrx_word' id='word_1_308' title='bbox 475 5416 580 5471; x_wconf 90' lang='lat' dir='ltr'><strong>nostra</strong></span> <span class='ocrx_word' id='word_1_309' title='bbox 595 5407 732 5487; x_wconf 87' lang='lat' dir='ltr'><strong>epistola,</strong></span> <span class='ocrx_word' id='word_1_310' title='bbox 745 5424 809 5470; x_wconf 92' lang='lat' dir='ltr'><strong>nou</strong></span> <span class='ocrx_word' id='word_1_311' title='bbox 831 5409 933 5472; x_wconf 92' lang='lat' dir='ltr'><strong>solum</strong></span> <span class='ocrx_word' id='word_1_312' title='bbox 948 5408 984 5472; x_wconf 91' lang='lat' dir='ltr'><strong>ad</strong></span> <span class='ocrx_word' id='word_1_313' title='bbox 998 5425 1047 5488; x_wconf 92' lang='lat' dir='ltr'><strong>pa·</strong></span> 
     </span>
     <span class='ocr_line' id='line_1_59' title="bbox 303 5502 1049 5582; baseline -0.001 -16"><span class='ocrx_word' id='word_1_314' title='bbox 303 5503 470 5566; x_wconf 89' lang='lat' dir='ltr'><strong>teiacienda</strong></span> <span class='ocrx_word' id='word_1_315' title='bbox 492 5502 709 5579; x_wconf 81' lang='lat' dir='ltr'><strong>fundamenta,</strong></span> <span class='ocrx_word' id='word_1_316' title='bbox 733 5502 844 5582; x_wconf 90' lang='lat' dir='ltr'><strong>quibus</strong></span> <span class='ocrx_word' id='word_1_317' title='bbox 867 5503 1049 5565; x_wconf 90' lang='lat' dir='ltr'><strong>innituntur</strong></span> 
     </span>
    </p>
   </div>
   <div class='ocr_carea' id='block_1_8' title="bbox 302 5594 1085 5676">
    <p class='ocr_par' dir='ltr' id='par_1_8' title="bbox 302 5594 1085 5676">
     <span class='ocr_line' id='line_1_60' title="bbox 302 5594 1085 5676; baseline -0.001 -17"><span class='ocrx_word' id='word_1_318' title='bbox 302 5594 1048 5676; x_wconf 88' lang='lat' dir='ltr'><strong>responsionesredditaemissionario,quiquae-</strong></span> <span class='ocrx_word' id='word_1_319' title='bbox 1083 5665 1085 5670; x_wconf 57' lang='grc'>,</span> 
     </span>
    </p>
   </div>
   <div class='ocr_carea' id='block_1_9' title="bbox 302 5689 1049 6050">
    <p class='ocr_par' dir='ltr' id='par_1_9' title="bbox 302 5689 1049 6050">
     <span class='ocr_line' id='line_1_61' title="bbox 302 5689 1047 5768; baseline -0.003 -16"><span class='ocrx_word' id='word_1_320' title='bbox 302 5691 417 5752; x_wconf 91' lang='lat' dir='ltr'><strong>stiones</strong></span> <span class='ocrx_word' id='word_1_321' title='bbox 447 5689 506 5751; x_wconf 90' lang='lat' dir='ltr'><strong>sub</strong></span> <span class='ocrx_word' id='word_1_322' title='bbox 527 5689 654 5751; x_wconf 88' lang='lat' dir='ltr'><strong>initium</strong></span> <span class='ocrx_word' id='word_1_323' title='bbox 685 5689 850 5768; x_wconf 88' lang='lat' dir='ltr'><strong>exscriptas</strong></span> <span class='ocrx_word' id='word_1_324' title='bbox 877 5689 1047 5768; x_wconf 92' lang='lat' dir='ltr'><strong>proposuit,</strong></span> 
     </span>
     <span class='ocr_line' id='line_1_62' title="bbox 302 5782 1048 5862; baseline 0 -18"><span class='ocrx_word' id='word_1_325' title='bbox 302 5782 490 5858; x_wconf 91' lang='lat' dir='ltr'><strong>sedetiam,</strong></span> <span class='ocrx_word' id='word_1_326' title='bbox 513 5789 549 5846; x_wconf 91' lang='lat' dir='ltr'><strong>ut</strong></span> <span class='ocrx_word' id='word_1_327' title='bbox 569 5782 715 5843; x_wconf 92' lang='lat' dir='ltr'><strong>omnibus</strong></span> <span class='ocrx_word' id='word_1_328' title='bbox 741 5791 898 5862; x_wconf 84' lang='lat' dir='ltr'><strong>perspecta</strong></span> <span class='ocrx_word' id='word_1_329' title='bbox 925 5783 977 5844; x_wconf 86' lang='lat' dir='ltr'><strong>flat</strong></span> <span class='ocrx_word' id='word_1_330' title='bbox 998 5783 1048 5844; x_wconf 93' lang='lat' dir='ltr'><strong>be-</strong></span> 
     </span>
     <span class='ocr_line' id='line_1_63' title="bbox 304 5872 1049 5955; baseline -0.001 -17"><span class='ocrx_word' id='word_1_331' title='bbox 304 5875 495 5950; x_wconf 89' lang='lat' dir='ltr'><strong>nevolentia,</strong></span> <span class='ocrx_word' id='word_1_332' title='bbox 507 5891 568 5953; x_wconf 92' lang='lat' dir='ltr'><strong>qua</strong></span> <span class='ocrx_word' id='word_1_333' title='bbox 582 5872 676 5937; x_wconf 89' lang='lat' dir='ltr'><strong>Sedes</strong></span> <span class='ocrx_word' id='word_1_334' title='bbox 690 5876 862 5955; x_wconf 73' lang='lat' dir='ltr'><strong>alpostolica</strong></span> <span class='ocrx_word' id='word_1_335' title='bbox 878 5875 1049 5939; x_wconf 83' lang='lat' dir='ltr'><strong>catholicos</strong></span> 
     </span>
     <span class='ocr_line' id='line_1_64' title="bbox 304 5968 1049 6050; baseline -0.003 -16"><span class='ocrx_word' id='word_1_336' title='bbox 304 5969 476 6034; x_wconf 87' lang='lat' dir='ltr'><strong>Orientales</strong></span> <span class='ocrx_word' id='word_1_337' title='bbox 496 5968 724 6047; x_wconf 90' lang='lat' dir='ltr'><strong>complectitur,</strong></span> <span class='ocrx_word' id='word_1_338' title='bbox 742 5969 819 6032; x_wconf 90' lang='lat' dir='ltr'><strong>dum</strong></span> <span class='ocrx_word' id='word_1_339' title='bbox 839 5969 1049 6050; x_wconf 72' lang='lat' dir='ltr'><strong>praecipitat</strong></span> 
     </span>
    </p>
   </div>
   <div class='ocr_carea' id='block_1_10' title="bbox 1092 711 1843 2193">
    <p class='ocr_par' dir='ltr' id='par_1_10' title="bbox 1092 711 1842 1912">
     <span class='ocr_line' id='line_1_65' title="bbox 1092 711 1835 791; baseline -0.011 -13"><span class='ocrx_word' id='word_1_340' title='bbox 1092 719 1221 782; x_wconf 91' lang='lat' dir='ltr'><strong>omnino</strong></span> <span class='ocrx_word' id='word_1_341' title='bbox 1249 724 1415 780; x_wconf 87' lang='lat' dir='ltr'><strong>serventur</strong></span> <span class='ocrx_word' id='word_1_342' title='bbox 1436 723 1558 778; x_wconf 82' lang='lat' dir='ltr'><strong>vetares</strong></span> <span class='ocrx_word' id='word_1_343' title='bbox 1583 711 1723 791; x_wconf 93' lang='lat' dir='ltr'><strong>ipsorum</strong></span> <span class='ocrx_word' id='word_1_344' title='bbox 1744 711 1835 786; x_wconf 91' lang='lat' dir='ltr'><strong>ritus,</strong></span> 
     </span>
     <span class='ocr_line' id='line_1_66' title="bbox 1092 805 1838 891; baseline -0.012 -18"><span class='ocrx_word' id='word_1_345' title='bbox 1092 811 1145 891; x_wconf 88' lang='lat' dir='ltr'><strong>qui</strong></span> <span class='ocrx_word' id='word_1_346' title='bbox 1168 827 1270 889; x_wconf 90' lang='lat' dir='ltr'><strong>neque</strong></span> <span class='ocrx_word' id='word_1_347' title='bbox 1290 810 1456 873; x_wconf 90' lang='lat' dir='ltr'><strong>catholicae</strong></span> <span class='ocrx_word' id='word_1_348' title='bbox 1480 805 1636 884; x_wconf 80' lang='lat' dir='ltr'><strong>religioni,</strong></span> <span class='ocrx_word' id='word_1_349' title='bbox 1659 821 1762 882; x_wconf 90' lang='lat' dir='ltr'><strong>neque</strong></span> <span class='ocrx_word' id='word_1_350' title='bbox 1783 805 1838 865; x_wconf 94' lang='lat' dir='ltr'><strong>ho-</strong></span> 
     </span>
     <span class='ocr_line' id='line_1_67' title="bbox 1092 897 1837 980; baseline -0.011 -13"><span class='ocrx_word' id='word_1_351' title='bbox 1092 905 1203 967; x_wconf 91' lang='lat' dir='ltr'><strong>nestati</strong></span> <span class='ocrx_word' id='word_1_352' title='bbox 1225 906 1443 980; x_wconf 60' lang='lat' dir='ltr'><strong>adversantem</strong></span> <span class='ocrx_word' id='word_1_353' title='bbox 1466 918 1523 964; x_wconf 89' lang='lat' dir='ltr'><strong>nec</strong></span> <span class='ocrx_word' id='word_1_354' title='bbox 1544 917 1560 960; x_wconf 91' lang='lat' dir='ltr'><strong>a</strong></span> <span class='ocrx_word' id='word_1_355' title='bbox 1582 899 1782 964; x_wconf 84' lang='lat' dir='ltr'><strong>schismaticis</strong></span> <span class='ocrx_word' id='word_1_356' title='bbox 1802 897 1837 959; x_wconf 90' lang='lat' dir='ltr'><strong>ad</strong></span> 
     </span>
     <span class='ocr_line' id='line_1_68' title="bbox 1092 992 1837 1070; baseline -0.008 -12"><span class='ocrx_word' id='word_1_357' title='bbox 1092 997 1273 1059; x_wconf 88' lang='lat' dir='ltr'><strong>catholicam</strong></span> <span class='ocrx_word' id='word_1_358' title='bbox 1295 997 1450 1059; x_wconf 88' lang='lat' dir='ltr'><strong>unitatem</strong></span> <span class='ocrx_word' id='word_1_359' title='bbox 1465 994 1668 1058; x_wconf 87' lang='lat' dir='ltr'><strong>redeuntibus</strong></span> <span class='ocrx_word' id='word_1_360' title='bbox 1690 992 1837 1070; x_wconf 83' lang='lat' dir='ltr'><strong>exposcit,</strong></span> 
     </span>
     <span class='ocr_line' id='line_1_69' title="bbox 1092 1086 1839 1164; baseline -0.008 -13"><span class='ocrx_word' id='word_1_361' title='bbox 1092 1100 1127 1153; x_wconf 90' lang='lat' dir='ltr'><strong>ut</strong></span> <span class='ocrx_word' id='word_1_362' title='bbox 1149 1093 1227 1153; x_wconf 89' lang='lat' dir='ltr'><strong>ritus</strong></span> <span class='ocrx_word' id='word_1_363' title='bbox 1249 1107 1320 1152; x_wconf 90' lang='lat' dir='ltr'><strong>suos</strong></span> <span class='ocrx_word' id='word_1_364' title='bbox 1341 1091 1497 1164; x_wconf 88' lang='lat' dir='ltr'><strong>deserant,</strong></span> <span class='ocrx_word' id='word_1_365' title='bbox 1514 1087 1565 1150; x_wconf 92' lang='lat' dir='ltr'><strong>sed</strong></span> <span class='ocrx_word' id='word_1_366' title='bbox 1588 1095 1622 1149; x_wconf 90' lang='lat' dir='ltr'><strong>ut</strong></span> <span class='ocrx_word' id='word_1_367' title='bbox 1638 1086 1778 1148; x_wconf 90' lang='lat' dir='ltr'><strong>haereses</strong></span> <span class='ocrx_word' id='word_1_368' title='bbox 1792 1099 1839 1147; x_wconf 90' lang='lat' dir='ltr'><strong>su-</strong></span> 
     </span>
     <span class='ocr_line' id='line_1_70' title="bbox 1094 1183 1839 1262; baseline -0.009 -17"><span class='ocrx_word' id='word_1_369' title='bbox 1094 1184 1160 1247; x_wconf 91' lang='lat' dir='ltr'><strong>lum</strong></span> <span class='ocrx_word' id='word_1_370' title='bbox 1182 1183 1308 1245; x_wconf 89' lang='lat' dir='ltr'><strong>eiurent</strong></span> <span class='ocrx_word' id='word_1_371' title='bbox 1337 1190 1431 1262; x_wconf 90' lang='lat' dir='ltr'><strong>atque</strong></span> <span class='ocrx_word' id='word_1_372' title='bbox 1461 1188 1663 1243; x_wconf 89' lang='lat' dir='ltr'><strong>execrentur:</strong></span> <span class='ocrx_word' id='word_1_373' title='bbox 1692 1187 1839 1258; x_wconf 91' lang='lat' dir='ltr'><strong>exoptans</strong></span> 
     </span>
     <span class='ocr_line' id='line_1_71' title="bbox 1094 1273 1840 1352; baseline -0.008 -14"><span class='ocrx_word' id='word_1_374' title='bbox 1094 1277 1316 1352; x_wconf 79' lang='lat' dir='ltr'><strong>vehementer,</strong></span> <span class='ocrx_word' id='word_1_375' title='bbox 1339 1285 1376 1338; x_wconf 91' lang='lat' dir='ltr'><strong>ut</strong></span> <span class='ocrx_word' id='word_1_376' title='bbox 1398 1275 1536 1340; x_wconf 87' lang='lat' dir='ltr'><strong>diversae</strong></span> <span class='ocrx_word' id='word_1_377' title='bbox 1562 1289 1673 1336; x_wconf 89' lang='lat' dir='ltr'><strong>eorum</strong></span> <span class='ocrx_word' id='word_1_378' title='bbox 1699 1273 1840 1336; x_wconf 90' lang='lat' dir='ltr'><strong>nationes</strong></span> 
     </span>
     <span class='ocr_line' id='line_1_72' title="bbox 1093 1368 1840 1444; baseline -0.009 -13"><span class='ocrx_word' id='word_1_379' title='bbox 1093 1376 1332 1444; x_wconf 89' lang='lat' dir='ltr'><strong>conserventur,</strong></span> <span class='ocrx_word' id='word_1_380' title='bbox 1355 1383 1419 1429; x_wconf 93' lang='lat' dir='ltr'><strong>non</strong></span> <span class='ocrx_word' id='word_1_381' title='bbox 1441 1368 1653 1440; x_wconf 88' lang='lat' dir='ltr'><strong>destruantur,</strong></span> <span class='ocrx_word' id='word_1_382' title='bbox 1670 1379 1840 1442; x_wconf 88' lang='lat' dir='ltr'><strong>omnesque</strong></span> 
     </span>
     <span class='ocr_line' id='line_1_73' title="bbox 1094 1455 1841 1539; baseline -0.008 -16"><span class='ocrx_word' id='word_1_383' title='bbox 1094 1461 1142 1539; x_wconf 89' lang='lat' dir='ltr'><strong>(dt</strong></span> <span class='ocrx_word' id='word_1_384' title='bbox 1164 1462 1264 1523; x_wconf 91' lang='lat' dir='ltr'><strong>multa</strong></span> <span class='ocrx_word' id='word_1_385' title='bbox 1287 1462 1389 1538; x_wconf 89' lang='lat' dir='ltr'><strong>paucis</strong></span> <span class='ocrx_word' id='word_1_386' title='bbox 1414 1455 1670 1538; x_wconf 88' lang='lat' dir='ltr'><strong>complectamur)</strong></span> <span class='ocrx_word' id='word_1_387' title='bbox 1692 1456 1841 1520; x_wconf 87' lang='lat' dir='ltr'><strong>Catholici</strong></span> 
     </span>
     <span class='ocr_line' id='line_1_74' title="bbox 1094 1552 1842 1630; baseline -0.004 -14"><span class='ocrx_word' id='word_1_388' title='bbox 1094 1556 1168 1630; x_wconf 92' lang='lat' dir='ltr'><strong>sint,</strong></span> <span class='ocrx_word' id='word_1_389' title='bbox 1185 1571 1248 1618; x_wconf 90' lang='lat' dir='ltr'><strong>non</strong></span> <span class='ocrx_word' id='word_1_390' title='bbox 1266 1560 1299 1617; x_wconf 92' lang='lat' dir='ltr'><strong>ut</strong></span> <span class='ocrx_word' id='word_1_391' title='bbox 1315 1571 1423 1617; x_wconf 92' lang='lat' dir='ltr'><strong>omues</strong></span> <span class='ocrx_word' id='word_1_392' title='bbox 1438 1552 1538 1615; x_wconf 90' lang='lat' dir='ltr'><strong>Latini</strong></span> <span class='ocrx_word' id='word_1_393' title='bbox 1554 1553 1640 1615; x_wconf 88' lang='lat' dir='ltr'><strong>fiant.</strong></span> <span class='ocrx_word' id='word_1_394' title='bbox 1665 1553 1775 1614; x_wconf 82' lang='lat' dir='ltr'><strong>Finem</strong></span> <span class='ocrx_word' id='word_1_395' title='bbox 1790 1553 1842 1614; x_wconf 91' lang='lat' dir='ltr'><strong>de·</strong></span> 
     </span>
     <span class='ocr_line' id='line_1_75' title="bbox 1095 1646 1839 1728; baseline -0.005 -18"><span class='ocrx_word' id='word_1_396' title='bbox 1095 1647 1190 1728; x_wconf 90' lang='lat' dir='ltr'><strong>nique</strong></span> <span class='ocrx_word' id='word_1_397' title='bbox 1211 1648 1284 1712; x_wconf 89' lang='lat' dir='ltr'><strong>huic</strong></span> <span class='ocrx_word' id='word_1_398' title='bbox 1315 1656 1438 1711; x_wconf 88' lang='lat' dir='ltr'><strong>nostrae</strong></span> <span class='ocrx_word' id='word_1_399' title='bbox 1465 1646 1610 1724; x_wconf 89' lang='lat' dir='ltr'><strong>epistulae</strong></span> <span class='ocrx_word' id='word_1_400' title='bbox 1639 1646 1839 1725; x_wconf 91' lang='lat' dir='ltr'><strong>imponimus,</strong></span> 
     </span>
     <span class='ocr_line' id='line_1_76' title="bbox 1095 1740 1840 1820; baseline 0.001 -19"><span class='ocrx_word' id='word_1_401' title='bbox 1095 1742 1291 1819; x_wconf 89' lang='lat' dir='ltr'><strong>apostolicam</strong></span> <span class='ocrx_word' id='word_1_402' title='bbox 1310 1740 1557 1804; x_wconf 90' lang='lat' dir='ltr'><strong>benedictionem</strong></span> <span class='ocrx_word' id='word_1_403' title='bbox 1572 1740 1757 1820; x_wconf 91' lang='lat' dir='ltr'><strong>cuicumque</strong></span> <span class='ocrx_word' id='word_1_404' title='bbox 1773 1756 1840 1802; x_wconf 92' lang='lat' dir='ltr'><strong>eam</strong></span> 
     </span>
     <span class='ocr_line' id='line_1_77' title="bbox 1096 1835 1462 1912; baseline -0.003 -16"><span class='ocrx_word' id='word_1_405' title='bbox 1096 1835 1213 1912; x_wconf 84' lang='lat' dir='ltr'><strong>legenti</strong></span> <span class='ocrx_word' id='word_1_406' title='bbox 1235 1835 1462 1911; x_wconf 88' lang='lat' dir='ltr'><strong>impertientes.</strong></span> 
     </span>
    </p>

    <p class='ocr_par' dir='ltr' id='par_1_11' title="bbox 1096 1925 1843 2193">
     <span class='ocr_line' id='line_1_78' title="bbox 1135 1925 1842 2006; baseline 0.004 -18"><span class='ocrx_word' id='word_1_407' title='bbox 1135 1928 1246 1989; x_wconf 85' lang='lat' dir='ltr'><strong>ilatum</strong></span> <span class='ocrx_word' id='word_1_408' title='bbox 1276 1928 1401 2002; x_wconf 85' lang='lat' dir='ltr'><strong>Romae,</strong></span> <span class='ocrx_word' id='word_1_409' title='bbox 1427 1928 1508 2006; x_wconf 90' lang='lat' dir='ltr'><strong>apud</strong></span> <span class='ocrx_word' id='word_1_410' title='bbox 1537 1925 1568 1990; x_wconf 91' lang='lat' dir='ltr'><strong>S.</strong></span> <span class='ocrx_word' id='word_1_411' title='bbox 1596 1925 1723 1990; x_wconf 85' lang='lat' dir='ltr'><strong>Mariam</strong></span> <span class='ocrx_word' id='word_1_412' title='bbox 1752 1929 1842 1991; x_wconf 90' lang='lat' dir='ltr'><strong>llaio·</strong></span> 
     </span>
     <span class='ocr_line' id='line_1_79' title="bbox 1096 2020 1843 2096; baseline 0.001 -14"><span class='ocrx_word' id='word_1_413' title='bbox 1096 2037 1175 2096; x_wconf 93' lang='lat' dir='ltr'><strong>rem,</strong></span> <span class='ocrx_word' id='word_1_414' title='bbox 1192 2020 1252 2082; x_wconf 91' lang='lat' dir='ltr'><strong>sub</strong></span> <span class='ocrx_word' id='word_1_415' title='bbox 1265 2020 1381 2083; x_wconf 92' lang='lat' dir='ltr'><strong>annulo</strong></span> <span class='ocrx_word' id='word_1_416' title='bbox 1396 2021 1567 2096; x_wconf 89' lang='lat' dir='ltr'><strong>Piscatoris,</strong></span> <span class='ocrx_word' id='word_1_417' title='bbox 1589 2020 1640 2081; x_wconf 92' lang='lat' dir='ltr'><strong>die</strong></span> <span class='ocrx_word' id='word_1_418' title='bbox 1664 2037 1750 2082; x_wconf 91' lang='lat' dir='ltr'><strong>xxvr.</strong></span> <span class='ocrx_word' id='word_1_419' title='bbox 1773 2021 1843 2083; x_wconf 91' lang='lat' dir='ltr'><strong>iulii</strong></span> 
     </span>
     <span class='ocr_line' id='line_1_80' title="bbox 1097 2114 1763 2193; baseline -0.005 -15"><span class='ocrx_word' id='word_1_420' title='bbox 1097 2131 1246 2190; x_wconf 77' lang='lat' dir='ltr'><strong>uncoru,</strong></span> <span class='ocrx_word' id='word_1_421' title='bbox 1270 2115 1466 2193; x_wconf 90' lang='lat' dir='ltr'><strong>pontilicatus</strong></span> <span class='ocrx_word' id='word_1_422' title='bbox 1488 2114 1586 2177; x_wconf 89' lang='lat' dir='ltr'><strong>nostri</strong></span> <span class='ocrx_word' id='word_1_423' title='bbox 1608 2131 1691 2178; x_wconf 89' lang='lat' dir='ltr'><strong>anuo</strong></span> <span class='ocrx_word' id='word_1_424' title='bbox 1712 2127 1763 2176; x_wconf 85' lang='lat' dir='ltr'><strong>xv.</strong></span> 
     </span>
    </p>
   </div>
   <div class='ocr_carea' id='block_1_11' title="bbox 1354 2421 1593 2434">
    <p class='ocr_par' dir='ltr' id='par_1_12' title="bbox 1354 2421 1593 2434">
     <span class='ocr_line' id='line_1_81' title="bbox 1354 2421 1593 2434; baseline 0 -2"><span class='ocrx_word' id='word_1_425' title='bbox 1354 2421 1593 2434; x_wconf 53' lang='grc' dir='ltr'><strong>ᾑ-</strong></span> 
     </span>
    </p>
   </div>
   <div class='ocr_carea' id='block_1_12' title="bbox 1404 2687 1537 2752">
    <p class='ocr_par' dir='ltr' id='par_1_13' title="bbox 1404 2687 1537 2752">
     <span class='ocr_line' id='line_1_82' title="bbox 1404 2687 1537 2752; baseline -0.045 -2"><span class='ocrx_word' id='word_1_426' title='bbox 1404 2687 1537 2752; x_wconf 80' lang='lat' dir='ltr'><strong>ctxxx</strong></span> 
     </span>
    </p>
   </div>
   <div class='ocr_carea' id='block_1_13' title="bbox 1102 2873 1847 3326">
    <p class='ocr_par' dir='ltr' id='par_1_14' title="bbox 1102 2873 1847 3326">
     <span class='ocr_line' id='line_1_83' title="bbox 1102 2873 1845 2954; baseline -0.003 -18"><span class='ocrx_word' id='word_1_427' title='bbox 1102 2873 1189 2949; x_wconf 84' lang='lat' dir='ltr'><strong>Quod</strong></span> <span class='ocrx_word' id='word_1_428' title='bbox 1214 2875 1350 2938; x_wconf 69' lang='lat' dir='ltr'><strong>l&#39;icora&#39;is</strong></span> <span class='ocrx_word' id='word_1_429' title='bbox 1377 2874 1567 2954; x_wconf 86' lang='lat' dir='ltr'><strong>Apostolieis</strong></span> <span class='ocrx_word' id='word_1_430' title='bbox 1600 2875 1765 2954; x_wconf 83' lang='lat' dir='ltr'><strong>Episcopis</strong></span> <span class='ocrx_word' id='word_1_431' title='bbox 1796 2875 1845 2938; x_wconf 87' lang='lat' dir='ltr'><strong>Ic-</strong></span> 
     </span>
     <span class='ocr_line' id='line_1_84' title="bbox 1139 2967 1847 3031; baseline 0.001 -2"><span class='ocrx_word' id='word_1_432' title='bbox 1139 2967 1270 3031; x_wconf 88' lang='lat' dir='ltr'><strong>diorum</strong></span> <span class='ocrx_word' id='word_1_433' title='bbox 1295 2969 1513 3031; x_wconf 75' lang='lat' dir='ltr'><strong>Orientalium</strong></span> <span class='ocrx_word' id='word_1_434' title='bbox 1535 2968 1571 3030; x_wconf 89' lang='lat' dir='ltr'><strong>de</strong></span> <span class='ocrx_word' id='word_1_435' title='bbox 1592 2968 1743 3030; x_wconf 82' lang='lat' dir='ltr'><strong>electione</strong></span> <span class='ocrx_word' id='word_1_436' title='bbox 1762 2969 1847 3031; x_wconf 84' lang='lat' dir='ltr'><strong>uico·</strong></span> 
     </span>
     <span class='ocr_line' id='line_1_85' title="bbox 1139 3061 1846 3140; baseline 0 -18"><span class='ocrx_word' id='word_1_437' title='bbox 1139 3062 1265 3123; x_wconf 85' lang='lat' dir='ltr'><strong>riorum</strong></span> <span class='ocrx_word' id='word_1_438' title='bbox 1292 3062 1362 3124; x_wconf 83' lang='lat' dir='ltr'><strong>suis</strong></span> <span class='ocrx_word' id='word_1_439' title='bbox 1391 3061 1499 3123; x_wconf 84' lang='lat' dir='ltr'><strong>literis</strong></span> <span class='ocrx_word' id='word_1_440' title='bbox 1520 3067 1621 3140; x_wconf 86' lang='lat' dir='ltr'><strong>apost.</strong></span> <span class='ocrx_word' id='word_1_441' title='bbox 1647 3063 1693 3124; x_wconf 88' lang='lat' dir='ltr'><strong>Ex</strong></span> <span class='ocrx_word' id='word_1_442' title='bbox 1720 3061 1846 3123; x_wconf 94' lang='lat' dir='ltr'><strong>sublimi</strong></span> 
     </span>
     <span class='ocr_line' id='line_1_86' title="bbox 1137 3154 1846 3233; baseline 0 -19"><span class='ocrx_word' id='word_1_443' title='bbox 1137 3160 1353 3233; x_wconf 85' lang='lat' dir='ltr'><strong>praeceperat,</strong></span> <span class='ocrx_word' id='word_1_444' title='bbox 1379 3155 1413 3216; x_wconf 82' lang='lat' dir='ltr'><strong>td</strong></span> <span class='ocrx_word' id='word_1_445' title='bbox 1434 3155 1533 3216; x_wconf 82' lang='lat' dir='ltr'><strong>eticae</strong></span> <span class='ocrx_word' id='word_1_446' title='bbox 1555 3155 1691 3218; x_wconf 85' lang='lat' dir='ltr'><strong>coeteris</strong></span> <span class='ocrx_word' id='word_1_447' title='bbox 1709 3154 1846 3217; x_wconf 85' lang='lat' dir='ltr'><strong>Vicoriis</strong></span> 
     </span>
     <span class='ocr_line' id='line_1_87' title="bbox 1139 3247 1804 3326; baseline -0.005 -15"><span class='ocrx_word' id='word_1_448' title='bbox 1139 3247 1342 3326; x_wconf 83' lang='lat' dir='ltr'><strong>Apostolicis,</strong></span> <span class='ocrx_word' id='word_1_449' title='bbox 1359 3247 1457 3310; x_wconf 79' lang='lat' dir='ltr'><strong>lueto</strong></span> <span class='ocrx_word' id='word_1_450' title='bbox 1478 3247 1617 3320; x_wconf 84' lang='lat' dir='ltr'><strong>modum,</strong></span> <span class='ocrx_word' id='word_1_451' title='bbox 1633 3248 1804 3326; x_wconf 85' lang='lat' dir='ltr'><strong>praecipit.</strong></span> 
     </span>
    </p>
   </div>
   <div class='ocr_carea' id='block_1_14' title="bbox 1100 3431 1848 3706">
    <p class='ocr_par' dir='ltr' id='par_1_15' title="bbox 1100 3431 1848 3706">
     <span class='ocr_line' id='line_1_88' title="bbox 1100 3431 1845 3514; baseline 0 -15"><span class='ocrx_word' id='word_1_452' title='bbox 1100 3432 1330 3501; x_wconf 81' lang='lat' dir='ltr'><strong>venerabilibus</strong></span> <span class='ocrx_word' id='word_1_453' title='bbox 1358 3433 1519 3514; x_wconf 85' lang='lat' dir='ltr'><strong>iratribus,</strong></span> <span class='ocrx_word' id='word_1_454' title='bbox 1548 3450 1586 3501; x_wconf 87' lang='lat' dir='ltr'><strong>ae</strong></span> <span class='ocrx_word' id='word_1_455' title='bbox 1616 3431 1734 3502; x_wconf 83' lang='lat' dir='ltr'><strong>theoda</strong></span> <span class='ocrx_word' id='word_1_456' title='bbox 1763 3432 1845 3514; x_wconf 84' lang='lat' dir='ltr'><strong>lillis,</strong></span> 
     </span>
     <span class='ocr_line' id='line_1_89' title="bbox 1141 3525 1848 3612; baseline 0.003 -18"><span class='ocrx_word' id='word_1_457' title='bbox 1141 3527 1389 3612; x_wconf 86' lang='lat' dir='ltr'><strong>ldetropolitanle,</strong></span> <span class='ocrx_word' id='word_1_458' title='bbox 1409 3527 1655 3612; x_wconf 80' lang='lat' dir='ltr'><strong>hrehlepieeopla</strong></span> <span class='ocrx_word' id='word_1_459' title='bbox 1672 3533 1704 3594; x_wconf 88' lang='lat' dir='ltr'><strong>et</strong></span> <span class='ocrx_word' id='word_1_460' title='bbox 1720 3525 1848 3611; x_wconf 77' lang='lat' dir='ltr'><strong>Episco-</strong></span> 
     </span>
     <span class='ocr_line' id='line_1_90' title="bbox 1141 3620 1703 3706; baseline 0.002 -16"><span class='ocrx_word' id='word_1_461' title='bbox 1141 3623 1187 3706; x_wconf 87' lang='lat' dir='ltr'><strong>pis</strong></span> <span class='ocrx_word' id='word_1_462' title='bbox 1209 3622 1336 3706; x_wconf 85' lang='lat' dir='ltr'><strong>aliisque</strong></span> <span class='ocrx_word' id='word_1_463' title='bbox 1359 3621 1542 3705; x_wconf 82' lang='lat' dir='ltr'><strong>tposuhats</strong></span> <span class='ocrx_word' id='word_1_464' title='bbox 1565 3620 1703 3703; x_wconf 72' lang='lat' dir='ltr'><strong>vicariis,</strong></span> 
     </span>
    </p>
   </div>
   <div class='ocr_carea' id='block_1_15' title="bbox 1270 3807 1677 3878">
    <p class='ocr_par' dir='ltr' id='par_1_16' title="bbox 1270 3807 1677 3878">
     <span class='ocr_line' id='line_1_91' title="bbox 1270 3807 1677 3878; baseline 0 -1"><span class='ocrx_word' id='word_1_465' title='bbox 1270 3807 1515 3877; x_wconf 75' lang='lat' dir='ltr'><strong>etutbtctus</strong></span> <span class='ocrx_word' id='word_1_466' title='bbox 1532 3808 1590 3878; x_wconf 94' lang='grc' dir='ltr'><strong>ΡΡ.</strong></span> <span class='ocrx_word' id='word_1_467' title='bbox 1607 3809 1677 3878; x_wconf 84' lang='lat' dir='ltr'><strong>xlv.</strong></span> 
     </span>
    </p>
   </div>
   <div class='ocr_carea' id='block_1_16' title="bbox 1123 3985 1811 4179">
    <p class='ocr_par' dir='ltr' id='par_1_17' title="bbox 1123 3985 1811 4179">
     <span class='ocr_line' id='line_1_92' title="bbox 1199 3985 1754 4070; baseline 0.007 -19"><span class='ocrx_word' id='word_1_468' title='bbox 1199 3985 1397 4056; x_wconf 79' lang='lat' dir='ltr'><strong>venerabiles</strong></span> <span class='ocrx_word' id='word_1_469' title='bbox 1419 3988 1546 4068; x_wconf 85' lang='lat' dir='ltr'><strong>tratres,</strong></span> <span class='ocrx_word' id='word_1_470' title='bbox 1568 3986 1669 4055; x_wconf 88' lang='lat' dir='ltr'><strong>dilecti</strong></span> <span class='ocrx_word' id='word_1_471' title='bbox 1691 3987 1754 4070; x_wconf 92' lang='lat' dir='ltr'><strong>lilii,</strong></span> 
     </span>
     <span class='ocr_line' id='line_1_93' title="bbox 1123 4094 1811 4179; baseline -0.004 -15"><span class='ocrx_word' id='word_1_472' title='bbox 1123 4097 1263 4164; x_wconf 80' lang='lat' dir='ltr'><strong>salutem</strong></span> <span class='ocrx_word' id='word_1_473' title='bbox 1286 4102 1318 4163; x_wconf 91' lang='lat' dir='ltr'><strong>et</strong></span> <span class='ocrx_word' id='word_1_474' title='bbox 1339 4096 1538 4179; x_wconf 79' lang='lat' dir='ltr'><strong>apostolicam</strong></span> <span class='ocrx_word' id='word_1_475' title='bbox 1562 4094 1811 4164; x_wconf 84' lang='lat' dir='ltr'><strong>benedictionem.</strong></span> 
     </span>
    </p>
   </div>
   <div class='ocr_carea' id='block_1_17' title="bbox 1102 4288 1851 6052">
    <p class='ocr_par' dir='ltr' id='par_1_18' title="bbox 1102 4288 1851 6052">
     <span class='ocr_line' id='line_1_94' title="bbox 1141 4288 1851 4367; baseline -0.001 -17"><span class='ocrx_word' id='word_1_476' title='bbox 1141 4289 1237 4365; x_wconf 84' lang='lat' dir='ltr'><strong>Quam</strong></span> <span class='ocrx_word' id='word_1_477' title='bbox 1258 4305 1296 4350; x_wconf 84' lang='lat' dir='ltr'><strong>er</strong></span> <span class='ocrx_word' id='word_1_478' title='bbox 1316 4288 1440 4351; x_wconf 91' lang='lat' dir='ltr'><strong>sublimi</strong></span> <span class='ocrx_word' id='word_1_479' title='bbox 1462 4289 1518 4351; x_wconf 88' lang='lat' dir='ltr'><strong>hac</strong></span> <span class='ocrx_word' id='word_1_480' title='bbox 1532 4289 1716 4352; x_wconf 88' lang='lat' dir='ltr'><strong>sacrosancti</strong></span> <span class='ocrx_word' id='word_1_481' title='bbox 1732 4293 1851 4367; x_wconf 91' lang='lat' dir='ltr'><strong>aposto·</strong></span> 
     </span>
     <span class='ocr_line' id='line_1_95' title="bbox 1102 4381 1850 4461; baseline 0.003 -19"><span class='ocrx_word' id='word_1_482' title='bbox 1102 4381 1182 4444; x_wconf 90' lang='lat' dir='ltr'><strong>latus</strong></span> <span class='ocrx_word' id='word_1_483' title='bbox 1196 4381 1329 4459; x_wconf 88' lang='lat' dir='ltr'><strong>specula,</strong></span> <span class='ocrx_word' id='word_1_484' title='bbox 1342 4383 1374 4444; x_wconf 92' lang='lat' dir='ltr'><strong>iu</strong></span> <span class='ocrx_word' id='word_1_485' title='bbox 1386 4400 1445 4461; x_wconf 90' lang='lat' dir='ltr'><strong>qua</strong></span> <span class='ocrx_word' id='word_1_486' title='bbox 1457 4398 1511 4461; x_wconf 91' lang='lat' dir='ltr'><strong>per</strong></span> <span class='ocrx_word' id='word_1_487' title='bbox 1526 4381 1713 4444; x_wconf 86' lang='lat' dir='ltr'><strong>inetlabilem</strong></span> <span class='ocrx_word' id='word_1_488' title='bbox 1725 4382 1850 4444; x_wconf 89' lang='lat' dir='ltr'><strong>divinae</strong></span> 
     </span>
     <span class='ocr_line' id='line_1_96' title="bbox 1103 4474 1849 4555; baseline 0 -19"><span class='ocrx_word' id='word_1_489' title='bbox 1103 4474 1247 4537; x_wconf 89' lang='lat' dir='ltr'><strong>bonitatis</strong></span> <span class='ocrx_word' id='word_1_490' title='bbox 1271 4474 1491 4538; x_wconf 90' lang='lat' dir='ltr'><strong>abundantiam</strong></span> <span class='ocrx_word' id='word_1_491' title='bbox 1526 4476 1615 4555; x_wconf 90' lang='lat' dir='ltr'><strong>plane</strong></span> <span class='ocrx_word' id='word_1_492' title='bbox 1648 4477 1849 4538; x_wconf 90' lang='lat' dir='ltr'><strong>immerentes</strong></span> 
     </span>
     <span class='ocr_line' id='line_1_97' title="bbox 1103 4569 1849 4647; baseline 0.003 -17"><span class='ocrx_word' id='word_1_493' title='bbox 1103 4569 1324 4647; x_wconf 87' lang='lat' dir='ltr'><strong>praesidemus,</strong></span> <span class='ocrx_word' id='word_1_494' title='bbox 1348 4585 1404 4647; x_wconf 91' lang='lat' dir='ltr'><strong>pro</strong></span> <span class='ocrx_word' id='word_1_495' title='bbox 1426 4569 1535 4632; x_wconf 88' lang='lat' dir='ltr'><strong>iniecta</strong></span> <span class='ocrx_word' id='word_1_496' title='bbox 1558 4569 1645 4632; x_wconf 90' lang='lat' dir='ltr'><strong>nobis</strong></span> <span class='ocrx_word' id='word_1_497' title='bbox 1668 4571 1849 4647; x_wconf 88' lang='lat' dir='ltr'><strong>gravissima</strong></span> 
     </span>
     <span class='ocr_line' id='line_1_98' title="bbox 1104 4661 1849 4743; baseline 0.004 -22"><span class='ocrx_word' id='word_1_498' title='bbox 1104 4662 1246 4723; x_wconf 92' lang='lat' dir='ltr'><strong>omnium</strong></span> <span class='ocrx_word' id='word_1_499' title='bbox 1268 4661 1469 4724; x_wconf 89' lang='lat' dir='ltr'><strong>ecclesiarum</strong></span> <span class='ocrx_word' id='word_1_500' title='bbox 1489 4661 1704 4739; x_wconf 90' lang='lat' dir='ltr'><strong>solicitudine,</strong></span> <span class='ocrx_word' id='word_1_501' title='bbox 1728 4664 1849 4743; x_wconf 91' lang='lat' dir='ltr'><strong>imposi-</strong></span> 
     </span>
     <span class='ocr_line' id='line_1_99' title="bbox 1105 4754 1850 4832; baseline 0.001 -17"><span class='ocrx_word' id='word_1_502' title='bbox 1105 4761 1195 4832; x_wconf 91' lang='lat' dir='ltr'><strong>taque</strong></span> <span class='ocrx_word' id='word_1_503' title='bbox 1216 4755 1356 4817; x_wconf 90' lang='lat' dir='ltr'><strong>omnium</strong></span> <span class='ocrx_word' id='word_1_504' title='bbox 1373 4754 1549 4817; x_wconf 90' lang='lat' dir='ltr'><strong>animarum</strong></span> <span class='ocrx_word' id='word_1_505' title='bbox 1565 4755 1633 4817; x_wconf 91' lang='lat' dir='ltr'><strong>lesu</strong></span> <span class='ocrx_word' id='word_1_506' title='bbox 1649 4756 1765 4818; x_wconf 81' lang='lat' dir='ltr'><strong>Christi</strong></span> <span class='ocrx_word' id='word_1_507' title='bbox 1781 4771 1850 4818; x_wconf 91' lang='lat' dir='ltr'><strong>san-</strong></span> 
     </span>
     <span class='ocr_line' id='line_1_100' title="bbox 1104 4849 1848 4927; baseline 0 -16"><span class='ocrx_word' id='word_1_508' title='bbox 1104 4850 1200 4925; x_wconf 84' lang='lat' dir='ltr'><strong>guiue</strong></span> <span class='ocrx_word' id='word_1_509' title='bbox 1230 4849 1464 4926; x_wconf 88' lang='lat' dir='ltr'><strong>redemptarum</strong></span> <span class='ocrx_word' id='word_1_510' title='bbox 1495 4849 1729 4927; x_wconf 88' lang='lat' dir='ltr'><strong>procuratione,</strong></span> <span class='ocrx_word' id='word_1_511' title='bbox 1760 4849 1848 4925; x_wconf 89' lang='lat' dir='ltr'><strong>alias,</strong></span> 
     </span>
     <span class='ocr_line' id='line_1_101' title="bbox 1106 4942 1850 5019; baseline 0.001 -16"><span class='ocrx_word' id='word_1_512' title='bbox 1106 4956 1219 5019; x_wconf 90' lang='lat' dir='ltr'><strong>nempe</strong></span> <span class='ocrx_word' id='word_1_513' title='bbox 1253 4942 1302 5004; x_wconf 92' lang='lat' dir='ltr'><strong>die</strong></span> <span class='ocrx_word' id='word_1_514' title='bbox 1333 4956 1420 5003; x_wconf 83' lang='lat' dir='ltr'><strong>xxva.</strong></span> <span class='ocrx_word' id='word_1_515' title='bbox 1455 4942 1571 5004; x_wconf 91' lang='lat' dir='ltr'><strong>mensis</strong></span> <span class='ocrx_word' id='word_1_516' title='bbox 1605 4943 1736 5005; x_wconf 90' lang='lat' dir='ltr'><strong>ianuarii</strong></span> <span class='ocrx_word' id='word_1_517' title='bbox 1768 4957 1850 5004; x_wconf 92' lang='lat' dir='ltr'><strong>anno</strong></span> 
     </span>
     <span class='ocr_line' id='line_1_102' title="bbox 1104 5036 1850 5116; baseline -0.001 -17"><span class='ocrx_word' id='word_1_518' title='bbox 1104 5037 1436 5111; x_wconf 81' lang='lat' dir='ltr'><strong>uocetux.,inirimus</strong></span> <span class='ocrx_word' id='word_1_519' title='bbox 1447 5037 1627 5116; x_wconf 89' lang='lat' dir='ltr'><strong>apostolicae</strong></span> <span class='ocrx_word' id='word_1_520' title='bbox 1638 5036 1850 5115; x_wconf 91' lang='lat' dir='ltr'><strong>providentiae</strong></span> 
     </span>
     <span class='ocr_line' id='line_1_103' title="bbox 1105 5129 1850 5206; baseline 0.004 -17"><span class='ocrx_word' id='word_1_521' title='bbox 1105 5129 1258 5189; x_wconf 87' lang='lat' dir='ltr'><strong>rationem</strong></span> <span class='ocrx_word' id='word_1_522' title='bbox 1280 5144 1335 5206; x_wconf 94' lang='lat' dir='ltr'><strong>pro</strong></span> <span class='ocrx_word' id='word_1_523' title='bbox 1357 5129 1450 5191; x_wconf 88' lang='lat' dir='ltr'><strong>indiis</strong></span> <span class='ocrx_word' id='word_1_524' title='bbox 1465 5129 1689 5206; x_wconf 88' lang='lat' dir='ltr'><strong>Orientalibus;</strong></span> <span class='ocrx_word' id='word_1_525' title='bbox 1710 5131 1850 5192; x_wconf 90' lang='lat' dir='ltr'><strong>eamdem</strong></span> 
     </span>
     <span class='ocr_line' id='line_1_104' title="bbox 1104 5222 1848 5300; baseline 0.001 -17"><span class='ocrx_word' id='word_1_526' title='bbox 1104 5236 1239 5300; x_wconf 93' lang='lat' dir='ltr'><strong>quoque,</strong></span> <span class='ocrx_word' id='word_1_527' title='bbox 1252 5222 1445 5283; x_wconf 87' lang='lat' dir='ltr'><strong>venerabiles</strong></span> <span class='ocrx_word' id='word_1_528' title='bbox 1457 5223 1566 5285; x_wconf 81' lang='lat' dir='ltr'><strong>tratres</strong></span> <span class='ocrx_word' id='word_1_529' title='bbox 1577 5239 1610 5285; x_wconf 91' lang='lat' dir='ltr'><strong>ac</strong></span> <span class='ocrx_word' id='word_1_530' title='bbox 1622 5223 1722 5285; x_wconf 91' lang='lat' dir='ltr'><strong>dilecti</strong></span> <span class='ocrx_word' id='word_1_531' title='bbox 1737 5223 1804 5298; x_wconf 84' lang='lat' dir='ltr'><strong>filii,</strong></span> <span class='ocrx_word' id='word_1_532' title='bbox 1816 5223 1848 5284; x_wconf 93' lang='lat' dir='ltr'><strong>in</strong></span> 
     </span>
     <span class='ocr_line' id='line_1_105' title="bbox 1106 5312 1851 5393; baseline 0.004 -18"><span class='ocrx_word' id='word_1_533' title='bbox 1106 5316 1141 5376; x_wconf 93' lang='lat' dir='ltr'><strong>iis</strong></span> <span class='ocrx_word' id='word_1_534' title='bbox 1155 5312 1305 5393; x_wconf 90' lang='lat' dir='ltr'><strong>partibus,</strong></span> <span class='ocrx_word' id='word_1_535' title='bbox 1321 5316 1353 5374; x_wconf 94' lang='lat' dir='ltr'><strong>in</strong></span> <span class='ocrx_word' id='word_1_536' title='bbox 1369 5315 1480 5393; x_wconf 90' lang='lat' dir='ltr'><strong>quibus</strong></span> <span class='ocrx_word' id='word_1_537' title='bbox 1496 5331 1550 5376; x_wconf 86' lang='lat' dir='ltr'><strong>vos</strong></span> <span class='ocrx_word' id='word_1_538' title='bbox 1568 5317 1731 5378; x_wconf 89' lang='lat' dir='ltr'><strong>constituti</strong></span> <span class='ocrx_word' id='word_1_539' title='bbox 1748 5333 1781 5379; x_wconf 94' lang='lat' dir='ltr'><strong>ac</strong></span> <span class='ocrx_word' id='word_1_540' title='bbox 1799 5319 1851 5380; x_wconf 93' lang='lat' dir='ltr'><strong>de-</strong></span> 
     </span>
     <span class='ocr_line' id='line_1_106' title="bbox 1104 5407 1848 5487; baseline 0.003 -17"><span class='ocrx_word' id='word_1_541' title='bbox 1104 5408 1215 5487; x_wconf 90' lang='lat' dir='ltr'><strong>putati,</strong></span> <span class='ocrx_word' id='word_1_542' title='bbox 1239 5407 1441 5487; x_wconf 91' lang='lat' dir='ltr'><strong>apostolicum</strong></span> <span class='ocrx_word' id='word_1_543' title='bbox 1463 5409 1674 5472; x_wconf 90' lang='lat' dir='ltr'><strong>ministerium</strong></span> <span class='ocrx_word' id='word_1_544' title='bbox 1696 5418 1848 5487; x_wconf 89' lang='lat' dir='ltr'><strong>vestrum,</strong></span> 
     </span>
     <span class='ocr_line' id='line_1_107' title="bbox 1105 5501 1850 5581; baseline 0.004 -18"><span class='ocrx_word' id='word_1_545' title='bbox 1105 5518 1168 5564; x_wconf 91' lang='lat' dir='ltr'><strong>nou</strong></span> <span class='ocrx_word' id='word_1_546' title='bbox 1189 5503 1257 5564; x_wconf 87' lang='lat' dir='ltr'><strong>sine</strong></span> <span class='ocrx_word' id='word_1_547' title='bbox 1286 5501 1406 5578; x_wconf 83' lang='lat' dir='ltr'><strong>magnis</strong></span> <span class='ocrx_word' id='word_1_548' title='bbox 1433 5501 1623 5581; x_wconf 88' lang='lat' dir='ltr'><strong>assiduisque</strong></span> <span class='ocrx_word' id='word_1_549' title='bbox 1644 5503 1798 5567; x_wconf 89' lang='lat' dir='ltr'><strong>laboribus</strong></span> <span class='ocrx_word' id='word_1_550' title='bbox 1820 5515 1850 5566; x_wconf 94' lang='lat' dir='ltr'><strong>et</strong></span> 
     </span>
     <span class='ocr_line' id='line_1_108' title="bbox 1104 5593 1850 5676; baseline 0.005 -20"><span class='ocrx_word' id='word_1_551' title='bbox 1104 5595 1325 5670; x_wconf 89' lang='lat' dir='ltr'><strong>incommodis,</strong></span> <span class='ocrx_word' id='word_1_552' title='bbox 1358 5593 1553 5659; x_wconf 90' lang='lat' dir='ltr'><strong>laudabiliter</strong></span> <span class='ocrx_word' id='word_1_553' title='bbox 1583 5597 1669 5658; x_wconf 89' lang='lat' dir='ltr'><strong>obire</strong></span> <span class='ocrx_word' id='word_1_554' title='bbox 1706 5599 1850 5676; x_wconf 76' lang='lat' dir='ltr'><strong>pergitis,</strong></span> 
     </span>
     <span class='ocr_line' id='line_1_109' title="bbox 1105 5687 1851 5768; baseline 0.005 -18"><span class='ocrx_word' id='word_1_555' title='bbox 1105 5688 1186 5751; x_wconf 89' lang='lat' dir='ltr'><strong>haud</strong></span> <span class='ocrx_word' id='word_1_556' title='bbox 1213 5689 1349 5768; x_wconf 89' lang='lat' dir='ltr'><strong>patimur</strong></span> <span class='ocrx_word' id='word_1_557' title='bbox 1377 5687 1558 5765; x_wconf 91' lang='lat' dir='ltr'><strong>desiderari,</strong></span> <span class='ocrx_word' id='word_1_558' title='bbox 1587 5692 1851 5768; x_wconf 89' lang='lat' dir='ltr'><strong>quemadmodum</strong></span> 
     </span>
     <span class='ocr_line' id='line_1_110' title="bbox 1105 5783 1851 5863; baseline 0.001 -18"><span class='ocrx_word' id='word_1_559' title='bbox 1105 5784 1257 5845; x_wconf 90' lang='lat' dir='ltr'><strong>immensa</strong></span> <span class='ocrx_word' id='word_1_560' title='bbox 1278 5783 1417 5860; x_wconf 91' lang='lat' dir='ltr'><strong>supremi</strong></span> <span class='ocrx_word' id='word_1_561' title='bbox 1438 5791 1595 5861; x_wconf 90' lang='lat' dir='ltr'><strong>pastorum</strong></span> <span class='ocrx_word' id='word_1_562' title='bbox 1611 5784 1761 5863; x_wconf 90' lang='lat' dir='ltr'><strong>Principis</strong></span> <span class='ocrx_word' id='word_1_563' title='bbox 1782 5785 1851 5848; x_wconf 92' lang='lat' dir='ltr'><strong>lesu</strong></span> 
     </span>
     <span class='ocr_line' id='line_1_111' title="bbox 1106 5877 1850 5955; baseline 0 -15"><span class='ocrx_word' id='word_1_564' title='bbox 1106 5877 1222 5940; x_wconf 85' lang='lat' dir='ltr'><strong>Christi</strong></span> <span class='ocrx_word' id='word_1_565' title='bbox 1249 5877 1357 5938; x_wconf 88' lang='lat' dir='ltr'><strong>caritas</strong></span> <span class='ocrx_word' id='word_1_566' title='bbox 1385 5877 1597 5955; x_wconf 89' lang='lat' dir='ltr'><strong>maximopere</strong></span> <span class='ocrx_word' id='word_1_567' title='bbox 1624 5887 1734 5954; x_wconf 88' lang='lat' dir='ltr'><strong>urget,</strong></span> <span class='ocrx_word' id='word_1_568' title='bbox 1757 5886 1792 5941; x_wconf 93' lang='lat' dir='ltr'><strong>ut</strong></span> <span class='ocrx_word' id='word_1_569' title='bbox 1813 5895 1850 5940; x_wconf 93' lang='lat' dir='ltr'><strong>eo</strong></span> 
     </span>
     <span class='ocr_line' id='line_1_112' title="bbox 1106 5969 1850 6052; baseline 0.008 -20"><span class='ocrx_word' id='word_1_570' title='bbox 1106 5969 1236 6032; x_wconf 89' lang='lat' dir='ltr'><strong>alacrius</strong></span> <span class='ocrx_word' id='word_1_571' title='bbox 1261 5986 1391 6033; x_wconf 94' lang='lat' dir='ltr'><strong>omnem</strong></span> <span class='ocrx_word' id='word_1_572' title='bbox 1417 5983 1544 6048; x_wconf 89' lang='lat' dir='ltr'><strong>operam</strong></span> <span class='ocrx_word' id='word_1_573' title='bbox 1571 5971 1772 6052; x_wconf 89' lang='lat' dir='ltr'><strong>studiumque</strong></span> <span class='ocrx_word' id='word_1_574' title='bbox 1796 5988 1850 6038; x_wconf 85' lang='grc' dir='ltr'>ιιο-</span> 
     </span>
    </p>
   </div>
   <div class='ocr_carea' id='block_1_18' title="bbox 1758 557 2070 634">
    <p class='ocr_par' dir='ltr' id='par_1_19' title="bbox 1758 557 2070 634">
     <span class='ocr_line' id='line_1_113' title="bbox 1758 557 2070 634; baseline -0.048 1"><span class='ocrx_word' id='word_1_575' title='bbox 1758 557 1816 634; x_wconf 70' lang='lat' dir='ltr'><strong>dxl</strong></span> <span class='ocrx_word' id='word_1_576' title='bbox 1866 562 1965 624; x_wconf 67' lang='lat' dir='ltr'><strong>ino.</strong></span> <span class='ocrx_word' id='word_1_577' title='bbox 1987 557 2070 634; x_wconf 77' lang='lat' dir='ltr'><strong>tate¹</strong></span> 
     </span>
    </p>
   </div>
   <div class='ocr_carea' id='block_1_19' title="bbox 1897 4302 2042 4350">
    <p class='ocr_par' dir='ltr' id='par_1_20' title="bbox 1897 4302 2042 4350">
     <span class='ocr_line' id='line_1_114' title="bbox 1897 4302 2042 4350; baseline -0.021 0"><span class='ocrx_word' id='word_1_578' title='bbox 1897 4302 2042 4350; x_wconf 69' lang='lat' dir='ltr'><strong>Exordium.</strong></span> 
     </span>
    </p>
   </div>
   <div class='ocr_carea' id='block_1_20' title="bbox 0 0 2424 6978">
    <p class='ocr_par' dir='ltr' id='par_1_21' title="bbox 0 0 2424 6978">
     <span class='ocr_line' id='line_1_115' title="bbox 0 0 2424 6978; baseline 0 0"><span class='ocrx_word' id='word_1_579' title='bbox 0 0 2424 6978; x_wconf 95' lang='lat' dir='ltr'><strong> </strong></span> 
     </span>
    </p>
   </div>
  </div>
 </body>
</html>
