4838 6982
88 580 149 631 An.
165 582 198 633 c.
220 581 291 632 thol
954 594 1147 638 enanoiovcs
1172 596 1233 639 xrv.
1788 577 1845 639 563
1897 576 1948 628 nn.
1964 579 1993 629 0-
2016 581 2084 632 1754

74 725 212 790 innarenn
242 738 301 775 ma·
320 719 455 790 guntur:
486 714 551 776 <Si
572 716 766 778 conditiones
794 721 900 777 contra
925 712 1065 774 substan·
1161 711 1272 772 ilatum
1299 711 1425 785 homae,
1451 710 1529 789 apud
1558 710 1588 774 S.
1620 711 1746 774 hlariam
1773 711 1864 772 hlaio·

74 783 209 826 armona.
320 807 394 867 tiam
417 808 607 870 matrimonii
624 809 818 884 inseruntur,
833 814 917 886 puta,
939 805 964 866 si
988 806 1066 866 alter
1121 820 1198 878 rem,
1220 804 1416 868 subannulo
1437 805 1610 879 Piscatoris,
1636 805 1686 866 die
1710 821 1764 865 xx.
1792 805 1864 865 maii

318 899 398 961 dicat
420 900 523 962 alteri:
551 900 714 963 Contraho
738 909 841 963 tecnm
864 901 959 961 donec
980 900 1065 960 iace·
1120 913 1284 973 uocoaiv,
1307 897 1502 977 pontificatus
1528 898 1627 958 nostri
1647 913 1808 960 annoxrv.

319 992 408 1055 niam
429 991 528 1055 oliam
544 993 661 1055 ltonore
674 994 720 1054 ael
735 992 953 1075 facoltatibus
970 991 1065 1053 ditia·

318 1101 401 1158 rem;
423 1087 614 1148 matrimonii
635 1094 809 1150 contractus
824 1093 1064 1164 quantumcum-

318 1194 378 1257 que
400 1179 438 1240 sit
454 1177 639 1255 favorabilis,
663 1189 745 1241 caret
766 1179 878 1241 ellectu
890 1197 919 1240 s.
936 1180 984 1241 hu
1000 1195 1062 1240 non
1445 1181 1535 1244 CLX.

318 1272 862 1352 aequeopponiturindissolubilitati
873 1273 1063 1351 proindeque

317 1367 506 1429 substantiae
525 1366 717 1427 matrimonii
738 1365 874 1428 conditio
888 1365 951 1439 illa,
968 1365 1064 1427 dorcas
1118 1363 1272 1428 Albaniae
1293 1368 1456 1445 Episcopis
1473 1369 1575 1431 tradit
1591 1368 1861 1447 naiadumque

318 1460 481 1521 inueniam
502 1459 602 1522 aliam
621 1459 779 1532 ditiorem,
799 1461 836 1520 de
850 1476 908 1537 qua
924 1458 1062 1520 laudatus
1156 1463 1320 1538 satapant,
1346 1467 1384 1522 nt
1407 1478 1427 1522 a
1449 1460 1615 1524 catholicis
1644 1462 1735 1524 illins
1762 1462 1863 1542 repie-

317 1569 427 1628 canon,
451 1561 543 1634 atquc
565 1555 619 1615 ista
641 1554 698 1616 sub
713 1569 771 1632 qua
792 1554 980 1615 contrahunt
997 1553 1063 1616 Cal·
1089 1543 1091 1557 '
1156 1551 1207 1611 nis
1229 1569 1289 1614 sna
1312 1553 1451 1616 eeclesiis
1473 1551 1552 1616 bona
1575 1555 1800 1616 restituantur
1814 1553 1861 1615 ael

319 1647 449 1722 viniani,
473 1647 568 1708 dorico
590 1649 625 1710 in
645 1647 810 1710 honestate
824 1646 1063 1724 permanseris?
1156 1645 1263 1722 aliquo
1284 1647 1373 1708 moda
1393 1662 1490 1724 snper
1506 1647 1573 1707 iilis
1590 1647 1860 1726 praeciperemus

318 1739 381 1802 Nec
401 1755 474 1801 sane
494 1741 806 1818 quotieshuiusmodi
828 1756 969 1819 expressa
990 1759 1061 1804 con·
1154 1738 1184 1798 si
1205 1744 1359 1800 neutram
1375 1747 1470 1817 paueat
1490 1737 1639 1808 obtineri,
1658 1738 1801 1821 paenitus
1816 1741 1860 1801 sit

317 1833 392 1894 ditio
415 1835 577 1910 inseritur,
592 1835 627 1895 ad
650 1835 862 1896 intentionem
885 1836 1060 1911 generalem
1156 1833 1322 1909 Episcopis
1352 1831 1590 1910 derelinquendi
1622 1833 1740 1912 [andos
1771 1836 1860 1913 sruc-

318 1929 438 1990 recurri
460 1935 571 2006 potest,
595 1930 674 2007 quod
700 1930 884 1990 contrahant
907 1929 1008 1991 valide
1029 1947 1062 1992 ac
1156 1933 1269 2003 tasqne
1293 1923 1535 2001 possessoribus,
1561 1925 1739 2003 eosdemque
1760 1923 1861 1990 absol·
1904 2009 1907 2015 1

316 2021 401 2082 iuxta
424 2022 525 2099 legem
548 2023 675 2084 Christi:
700 2023 851 2100 potuisset
867 2025 952 2084 enim
968 2039 1060 2098 gene·
1086 2027 1089 2051 ¹
1155 2019 1248 2079 nendi
1269 2035 1288 2080 a
1311 2019 1481 2079 censearis.¹

317 2113 388 2174 ralis
410 2115 483 2176 haec
505 2115 639 2176 intentio
661 2116 693 2176 in
716 2131 785 2176 casu
802 2116 912 2177 laudati
935 2119 1061 2180 canonis
1879 2169 1882 2174 -

315 2206 461 2269 facillime
480 2208 617 2285 allegari,
641 2217 671 2270 et
694 2213 797 2271 tamen
821 2225 885 2271 non
908 2209 965 2271 init
981 2228 996 2271 a
1011 2227 1060 2290 pa·
1115 2203 1284 2271 Venerabili
1306 2203 1393 2270 fratri
1416 2202 1542 2271 dicatas
1561 2205 1682 2271 [essaei
1705 2204 1858 2289 hrohiepi·

318 2300 414 2362 tribus
429 2305 559 2375 attenta,
573 2317 673 2378 neque
689 2317 744 2363 nos
760 2301 843 2363 tham
859 2303 1058 2378 attendimus,
1154 2314 1249 2380 scopo
1273 2294 1434 2365 Rhodiensi
1467 2297 1617 2382 conpreq.
1642 2298 1857 2384 Propaqandae

315 2393 369 2471 qni
390 2394 476 2454 irrata
498 2409 630 2456 canones
652 2393 833 2456 iudicamus.
1155 2391 1235 2458 Fidei
1258 2391 1439 2469 secretario,

125 2495 175 2590 nge
196 2494 296 2556 peierat
355 2488 374 2561 ἓ
395 2475 430 2548 [ις
448 2485 549 2548 Minus
570 2493 673 2548 autem
689 2488 772 2548 valet
787 2489 1059 2566 quod'iraternitas

76 2551 297 2655 iiiiaiii‘ihii‘.
317 2587 365 2641 tua
389 2595 426 2641 ea
448 2579 620 2640 calviniana
636 2579 738 2640 rituali
760 2581 932 2659 subnectit;
954 2587 1058 2646 condi-
1151 2577 1152 2580 ’
1253 2560 1496 2631 minicius
1519 2563 1620 2631 pm
1645 2564 1715 2632 biv·

77 2659 295 2754 ffiffiiffiffissss!
315 2673 433 2733 tionem
455 2686 568 2749 nempe
590 2671 816 2750 illamprolerri
838 2692 854 2734 a
875 2677 1058 2738 contrahen-
1470 2739 1497 2750 ,,

76 2763 295 2858 ξξξθῑῦῦηῑίϋῡι·
313 2764 395 2826 tibus
410 2780 473 2825 non
489 2766 667 2826 immediate
680 2771 748 2843 post
760 2766 910 2842 prolatum
927 2770 1058 2832 verbum
1326 2736 1516 2806 veneiflb'm
1535 2739 1644 2818 frater*

121 2848 126 2856 ’
313 2857 447 2934 occipio,
470 2858 520 2919 sed
543 2863 610 2934 past
632 2859 813 2934 praestitum
829 2859 866 2919 ab
887 2859 996 2923 iisdem
1012 2864 1060 2923 iu·
1148 2858 1276 2926 salutem
1299 2863 1330 2925 ei
1354 2859 1549 2941 apostoticam
1572 2858 1820 2928 benedictionem.

312 2957 500 3011 ramentum.
525 2950 556 3012 Si
572 2965 706 3030 namque
726 2955 822 3014 totam
838 2953 922 3014 illam
937 2962 1058 3016 contra-

313 3043 405 3105 hendi
417 3043 583 3106 formulam
594 3049 717 3106 mature
728 3045 980 3124 consideraveris,
990 3065 1059 3128 per-
1152 3050 1170 3124 §
1187 3049 1213 3109 l.
1228 3049 1307 3111 Cum
1320 3048 1493 3127 Encyclicas
1509 3049 1623 3121 literas,
1635 3049 1715 3112 sicut
1729 3065 1786 3112 nos
1801 3049 1855 3111 tihi
1911 3058 2025 3120 consulti
2045 3059 2088 3104 ht·

310 3137 419 3216 spicies
433 3152 472 3196 ca
488 3137 739 3214 praecedentibus
762 3141 1012 3217 responsionibus
1027 3150 1056 3205 et
1114 3142 1337 3221 praecepimus,
1361 3148 1390 3202 et
1413 3142 1668 3218 congregationis
1690 3141 1727 3203 de
1746 3143 1856 3226 Prope·
1875 3109 2098 3222 iibiaepciiiiii,

312 3247 349 3291 en
370 3231 548 3293 immediate
568 3231 767 3309 subsequenti
786 3233 970 3309 iuramento,
988 3239 1059 3298 ani·
1112 3237 1209 3312 ganda
1231 3234 1304 3296 Fide
1329 3235 1482 3296 sententia
1504 3234 1575 3310 fuit,
1592 3235 1680 3296 cuius
1702 3241 1733 3295 te
1754 3236 1855 3313 ipsum
1875 3217 1942 3317 ἓξὲξ
1962 3219 2088 3320 {iiiii}

311 3339 383 3384 cnm
405 3331 436 3384 et
457 3323 674 3385 continuatum
699 3333 802 3385 actum
825 3326 991 3402 resultare,
1014 3331 1057 3391 sic
1111 3334 1244 3407 praestas
1259 3329 1695 3402 emeritumsecretarium‚ad
1709 3329 1855 3391 Albaniae
1874 3323 2087 3434 igflgng'lssiiffifg

310 3416 346 3478 ad
368 3417 508 3495 pauciora
530 3417 623 3477 verba
644 3416 820 3480 redactum:
839 3419 968 3497 Accipio
983 3429 1010 3483 te
1025 3431 1054 3483 et
1111 3421 1274 3482 Antistites
1295 3421 1425 3494 dederis,
1449 3435 1562 3498 nempe
1592 3423 1720 3483 adven.
1745 3421 1854 3484 iratres
1874 3431 1907 3476 ab
1944 3431 2086 3496 illegitpmts

313 3511 385 3571 inre
407 3509 488 3586 qraad
516 3525 580 3570 noa
603 3516 632 3570 te
653 3509 804 3584 deseram,
830 3513 924 3574 donec
947 3516 982 3576 ia
1004 3515 1056 3577 ha·
1110 3513 1383 3590 hrchiepiscopum
1414 3512 1565 3587 natinari,
1590 3512 1752 3592 Episcopus
1784 3516 1855 3577 Sco·
1874 3487 2086 3587 iiiiiiiirifb⁰⁸

310 3609 435 3665 aestate
463 3605 688 3680 permanseris.
712 3605 902 3685 Quapropter
922 3608 1055 3687 praelata
1111 3608 1193 3679 drae,
1218 3605 1342 3683 Sappae,
1366 3603 1443 3665 Lissi
1465 3611 1495 3666 et
1517 3605 1738 3682 Pullariarum,
1762 3612 1797 3668 ιιι
1818 3608 1855 3669 ab

310 3697 447 3759 conditio
469 3696 611 3758 consulto
632 3698 858 3760 a‘Calvinianis
884 3702 999 3764 adiecta
1022 3704 1056 3764 li·
1109 3700 1146 3760 iis
1167 3698 1389 3772 innotesceres,
1415 3713 1454 3758 an
1482 3698 1634 3776 proposita
1656 3699 1692 3760 ab
1718 3699 1855 3762 ecclesiis

310 3792 398 3851 mitat
419 3797 512 3867 atque
533 3790 694 3866 restringit
721 3807 907 3856 consensum
929 3799 1056 3874 praesti·
1109 3807 1237 3852 suarum
1268 3789 1456 3852 dioecesium
1488 3791 1697 3854 vindicatione
1724 3809 1853 3855 suorum

311 3893 379 3946 tum
401 3883 608 3961 perverbum
636 3884 758 3961 accipio
780 3886 815 3946 ad
846 3896 966 3966 tempus
989 3897 1054 3952 tan·
1110 3887 1278 3959 bonorum,
1313 3885 1487 3962 exindeque
1522 3891 1740 3963 perceptorum
1773 3886 1854 3950 lruc·

311 3988 379 4039 tum
400 3983 538 4037 servatae
559 3977 739 4038 honestatis.
764 3977 882 4057 Neque,
900 3997 970 4042 ven.
996 3982 1054 4045 ira·
1081 4002 1083 4051 t
1109 3985 1212 4052 taum,
1235 3978 1267 4038 in
1289 3977 1479 4051 detentores,
1503 3979 1555 4056 qui
1578 3977 1629 4040 illa
1650 3979 1790 4042 a'lurcis
1805 3997 1853 4042 oc·

310 4079 369 4145 ter,
392 4071 425 4131 in
448 4071 502 4132 hac
522 4070 747 4146 significatione
768 4071 939 4137 calviniani
960 4077 1054 4140 subii·
1109 4077 1215 4149 cupata
1245 4078 1407 4144 emerunt,
1430 4071 1480 4131 vel
1508 4071 1545 4131 ab
1571 4072 1763 4149 emptoribus
1784 4074 1853 4136 iure

309 4165 416 4227 ciendi
443 4164 630 4238 maraberiS,
654 4166 772 4242 quoties
791 4167 941 4246 ⁸animum
964 4179 1053 4234 tuum
1109 4164 1323 4238 haereditario,
1346 4163 1445 4226 aliove
1467 4163 1558 4225 titulo
1587 4171 1660 4226 sunt
1681 4167 1850 4242 consecuti,

309 4259 343 4320 ad
368 4259 512 4335 ipsosmet
533 4257 701 4318 haereticos
724 4267 794 4320 tuae
815 4260 960 4324 dioecesis
981 4280 1054 4326 con·
1108 4265 1160 4319 aut
1181 4259 1214 4320 ib
1235 4273 1299 4332 θῦε,
1315 4259 1368 4335 qui
1391 4257 1496 4318 eadem
1519 4257 1608 4331 bont,
1625 4258 1711 4335 quasi
1732 4275 1781 4319 tet
1802 4261 1853 4321 de·

308 4359 423 4427 vertes,
437 4351 490 4429 qni
505 4351 607 4412 solent
621 4353 730 4429 passim
748 4357 943 4418 matrimonia
954 4363 1052 4437 quoad
1109 4350 1240 4424 relictas,
1255 4349 1331 4429 ipso,
1343 4356 1377 4410 ut
1388 4350 1548 4428 inquiunt,
1562 4348 1639 4410 iacto
1655 4350 1850 4429 invaserunt;

308 4445 473 4507 vinculum
488 4445 703 4519 dissolvere,si
721 4447 833 4510 mulier
847 4450 1052 4515 inhonestate
1107 4445 1389 4524 pertimescendum
1409 4447 1449 4507 Sil
1470 4463 1521 4522 ne.
1542 4449 1567 4508 si
1589 4450 1619 4511 id
1641 4449 1747 4512 Tuscis
1769 4465 1851 4512 00111·
1904 4456 1965 4520 Vidi
1986 4458 2082 4522 uacus

308 4555 372 4602 non
394 4539 614 4616 permanserim
631 4539 707 4616 quin
723 4541 797 4616 imo,
814 4541 852 4618 (si
868 4559 979 4604 verum
995 4555 1052 4621 est,
1107 4545 1231 4617 perium
1244 4539 1306 4614 hat,
1324 4555 1431 4616 graves
1447 4541 1559 4603 exinde
1574 4545 1771 4607 concitentur
1786 4551 1851 4606 tur·
1871 4510 2082 4614 iiiiiiiiiiiff

307 4636 387 4713 quod
410 4636 492 4697 cives
517 4635 774 4712 Claudiopolitani
796 4638 995 4702 iureiurando
1010 4646 1053 4701 te·
1107 4633 1177 4709 bae3
1209 4635 1428 4711 persecutioni,
1458 4635 1507 4697 vel
1534 4636 1623 4698 alicui
1652 4638 1850 4714 gravissimae
1869 4628 1934 4664 rem.

306 4730 449 4808 stantur)
477 4729 704 4791 Consistorium
737 4729 838 4807 ipsum
870 4732 1052 4810 Transylva-
1107 4728 1269 4789 indictioni
1292 4728 1470 4792 recludatur
1490 4731 1607 4807 aditus3
1631 4747 1711 4792 neve
1727 4733 1848 4812 aliquis

306 4823 376 4883 niae
397 4838 461 4883 non
483 4822 579 4883 semel
596 4822 782 4885 calvinianis
797 4824 833 4886 ad
848 4825 1050 4890 orthodoxam
1078 4820 1080 4839 '
1109 4821 1325 4900 temporalium
1347 4839 1453 4885 reram
1479 4825 1645 4901 cupiditate
1662 4826 1848 4904 obcaecatus,

307 4916 400 4979 fidem
421 4917 578 4978 conversis
600 4923 785 4996 potestatem
807 4919 912 4981 iecisse
932 4924 967 4984 ad
993 4923 1051 4982 alia
1106 4931 1122 4975 a
1144 4915 1253 4978 Sancta
1274 4916 1436 4994 Religione
1462 4918 1608 4980 catholica
1629 4920 1664 4980 ad
1694 4919 1852 4982 hlahume-

308 5016 379 5072 vota
401 5010 584 5072 convolandi
618 5011 793 5072 viventibus
821 5013 919 5075 adhuc
948 5029 1049 5092 respe-
1107 5010 1233 5072 tisinum
1259 5011 1395 5085 deficiat,
1429 5019 1463 5073 ιιι
1491 5009 1594 5074 lundis
1624 5013 1847 5092 fructibusque,

306 5105 388 5166 ctivo
408 5104 561 5181 prioribus
582 5103 778 5178 coniugibus,
800 5105 834 5165 eb
856 5107 980 5183 quidem
1003 5125 1049 5169 ra·
1105 5104 1188 5164 elusa
1209 5103 1431 5180 vindicatione,
1454 5104 1585 5167 truatur.

308 5197 402 5271 tiano,
425 5197 507 5274 quod
527 5196 648 5258 sectarii
664 5197 841 5259 huiusmodi
858 5197 1048 5276 isticdegen-
1075 5216 1078 5273 ι
1144 5197 1162 5270 ἓ
1183 5197 1212 5258 2.
1237 5199 1379 5275 Cumque
1400 5214 1507 5260 ornnes
1521 5201 1665 5262 recensiti
1681 5203 1846 5280 praesules
1891 5209 2078 5274 perseeutione

306 5295 351 5350 tes
371 5289 544 5352 solubiliter
563 5289 756 5350 contrahant.
1075 5276 1078 5371 i
1105 5290 1262 5367 explorato
1284 5293 1368 5370 prius
1390 5307 1516 5353 suarum
1545 5294 1731 5357 dioecesium
1752 5305 1845 5374 statu,
1866 5259 2078 5375 iiirciiiinmiiii
2154 5289 2155 5296 '

345 5384 364 5458 5
387 5383 415 5443 5.
441 5382 531 5455 Haec,
554 5397 626 5442 ven.
657 5382 762 5458 irater,
785 5383 946 5447 scribenda
977 5403 1049 5448 cen·
1075 5383 1077 5447 i
1103 5383 1243 5444 unanimi
1265 5399 1417 5446 consensu
1438 5385 1616 5461 retulerint,
1640 5388 1761 5465 ingens,
1784 5391 1845 5454 heu
1865 5371 2078 5482 {iiiiiigffidffl

304 5479 422 5539 suimus
434 5477 621 5538 fraternitati
638 5483 718 5550 tuae,
732 5485 767 5538 ut
781 5477 855 5539 scias
868 5483 1047 5557 teneasque,
1103 5475 1208 5550 nimie,
1223 5478 1348 5538 subesse
1362 5479 1554 5554 alterutrius,
1571 5489 1602 5542 et
1616 5498 1845 5561 nonnunquam
1865 5476 1932 5574 {323¹
1958 5479 2076 5524 resure-

305 5571 540 5632 matrimonium
559 5570 641 5631 inter
651 5570 839 5632 christinam
850 5571 1004 5651 hiarshbsy
1017 5585 1047 5635 et
1103 5570 1265 5648 utriusque
1287 5569 1450 5633 infortunii
1472 5574 1844 5653 periculumsuadentes,
1928 5564 1932 5574 ’

304 5662 484 5725 Michaelem
505 5663 580 5723 llbsa
601 5669 794 5726 contractum
814 5673 913 5726 ratam
928 5675 959 5728 et
973 5667 1048 5726 vali·
1073 5718 1076 5739 ι
1103 5670 1136 5723 ιιι
1158 5662 1294 5741 aliquem
1317 5665 1559 5741 periclitantibus
1575 5667 1666 5729 rebus
1687 5667 1845 5732 adhibere·

304 5757 378 5817 dum
392 5773 471 5830 esse,
487 5773 520 5817 ac
534 5756 674 5834 proinde,
687 5757 773 5817 omiti
790 5759 986 5820 cunctatione
997 5759 1046 5820 ab
1074 5756 1075 5828 i
1103 5771 1171 5818 mus
1193 5759 1333 5832 modurn,
1356 5759 1388 5819 in
1410 5775 1504 5836 quem
1526 5775 1581 5821 nos
1603 5762 1780 5823 iamanimo
1795 5781 1845 5842 pa-

305 5850 392 5924 iectb,
408 5850 568 5926 permittas
584 5847 734 5928 faciasque
751 5853 873 5912 eosdem
889 5857 1046 5930 tanlquam
1073 5829 1075 5911 i
1101 5851 1229 5912 ratiores
1244 5859 1407 5926 noverant,
1423 5853 1679 5933 quotiescumque
1700 5855 1753 5918 illo
1768 5871 1845 5935 opas

304 5957 392 6004 veros
414 5949 446 6002 ct
466 5941 620 6018 legitimos
641 5943 787 6018 coniuges
808 5943 993 6005 cohabitare.
1072 5942 1075 6014 j
1101 5960 1167 6006 esse
1188 5943 1362 6022 videretur,
1385 5947 1459 6008 hinc
1487 5963 1543 6010 nos
1565 5947 1739 6026 probantes,
1762 5953 1843 6028 qnod
