4798 6978
16 5659 19 5666 .
93 5631 201 5675 inrecta.

120 533 178 584 Au.
192 536 224 586 c.
248 535 315 588 troo

104 681 326 782 ne¹v2¹t¹a¹it⁰a²ris⁰0¹t³go
343 676 499 754 inungant
521 695 751 757 energumenos
765 684 890 760 aliosve,
903 687 956 764 qui
972 686 1021 748 rel
1036 687 1087 749 de·

102 783 198 842 lamp,
211 792 241 850 ua
255 789 325 845 apua
344 771 477 832 rationis
507 775 603 850 gratia
626 776 674 838 vel
703 784 737 838 ut
758 778 861 857 aliquo
890 781 1086 842 incommodo

101 840 325 952 ,ffgffssgsssslgffiff
344 862 528 942 liberentur,
552 869 728 934 huiusmodi
757 875 935 936 unctionem
957 881 1084 953 petunt,

103 943 192 992 netur.
343 971 441 1034 quum
468 959 571 1021 oleum
594 963 624 1024 in
654 963 792 1042 lampade
821 976 1010 1028 asservatum
1032 983 1085 1029 ne·

342 1064 495 1128 quaquam
515 1052 552 1113 ab
574 1055 720 1135 Episcopo
741 1061 959 1124 autsacerdote
980 1076 1086 1122 eonse-

342 1150 463 1204 oratum
483 1145 521 1206 sit
533 1147 567 1208 ad
584 1147 728 1212 effectum
751 1154 858 1216 utendi
874 1169 911 1214 eo
926 1152 958 1215 iu
976 1153 1084 1215 Extre-

119 1241 179 1284 uon
195 1244 282 1286 umen
296 1241 324 1287 li·
342 1251 410 1297 mae
425 1237 585 1303 Unctionis
600 1245 877 1308 administratione.
895 1247 980 1310 Haud
997 1247 1084 1324 igno-

101 1295 324 1402 ffiitfflflffiei'e',
344 1347 445 1394 ramus
473 1337 661 1412 postulatum
682 1340 754 1401 alias
777 1340 882 1414 fnisse,
906 1349 940 1404 nt
961 1341 1083 1404 Graecis

101 1409 323 1506 gfflailssiffl
342 1428 595 1506 permitteretur,
628 1433 792 1496 Extremae
822 1434 983 1496 Uncticuis
1014 1434 1082 1496 oleo

100 1515 182 1550 eram.
206 1507 295 1554 torma.
341 1529 427 1583 extra
449 1524 552 1599 gravis
574 1525 764 1592 infirmitatis
786 1543 889 1589 casnm
904 1543 969 1588 sese
990 1527 1083 1589 inuu-

340 1629 426 1692 gere,
448 1617 561 1695 absque
582 1633 618 1681 eo
640 1621 720 1697 quod
734 1621 962 1683 sacramentalis
984 1618 1080 1682 forma

338 1727 354 1770 a
375 1713 531 1772 sacerdote
553 1712 823 1789 pronunciaretur,
846 1714 879 1774 ef
900 1713 1015 1776 scilicet
1036 1729 1081 1774 ra-

338 1805 423 1866 tione
443 1804 543 1880 allati,
566 1805 645 1883 qnod
661 1806 825 1886 persolam
846 1807 1079 1886 applicationem

338 1898 722 1962 materiaesacramentom
734 1900 1078 1976 minimeconferretur,

337 2007 434 2070 quum
456 1991 541 2077 adid
565 1994 732 2055 necessaria
758 1995 886 2056 omniuo
909 1994 948 2055 sit
972 1993 1079 2056 simul-

338 2092 426 2148 tanea
447 2084 564 2147 formae
585 2086 725 2164 prolatio.
757 2086 874 2150 Verum
903 2103 959 2150 nec
981 2088 1009 2148 id
1032 2103 1078 2148 re-

337 2187 461 2258 ceptum
482 2178 552 2254 fuit,
566 2195 622 2242 nec
645 2180 738 2259 recipi
761 2179 824 2242 ullo
846 2181 936 2240 ruodo
958 2185 1075 2258 potest;

336 2289 432 2350 quum
456 2273 585 2334 minime
608 2274 696 2336 liceat
717 2284 944 2336 sacramentum
960 2291 974 2334 a
991 2273 1078 2336 Chri·

334 2373 381 2427 sto
410 2367 587 2428 institutum
616 2368 649 2429 in
675 2367 869 2428 arbitrariam
898 2368 1076 2446 quamdam,

335 2461 406 2522 licet
437 2461 534 2538 piam,
564 2461 788 2523 caeremoniam
818 2468 1015 2540 conuertere3
1042 2468 1076 2522 ut

334 2553 426 2615 etiam
449 2563 531 2616 reete
552 2555 693 2616 observat
714 2561 799 2632 pater
820 2553 858 2614 de
880 2554 1075 2617 Carboneano

335 2647 370 2709 iu
391 2648 566 2726 Apuudtce
587 2647 628 2710 ad
662 2647 851 2712 Tractatum
877 2647 913 2709 P.
938 2647 1076 2711 Auiolae

334 2742 371 2803 de
393 2743 549 2804 Eatrcma
575 2742 737 2814 Uectioae,
760 2743 778 2818 5
798 2743 831 2814 4,
854 2743 1022 2822 poponi:
1045 2751 1075 2804 et

299 2860 302 2866 ¹
334 2835 486 2912 quamvis,
509 2849 564 2912 pro
585 2851 622 2896 eo
636 2837 717 2914 quod
732 2837 868 2914 pertinet
882 2836 916 2894 ad
933 2836 1074 2897 Latinam

334 2927 516 3003 Ecclesiam,
547 2929 776 3002 Quintadrenas
807 2929 841 2989 iu
875 2935 971 2992 tract.
995 2929 1018 2988 5
1038 2929 1075 2989 de

334 3019 488 3083 Eatrcma
508 3021 671 3094 illectione,
687 3021 847 3102 aiupulor.
870 3024 921 3094 11,
938 3039 1074 3085 asserue-

334 3113 385 3188 rit,
398 3113 491 3176 licere
502 3115 639 3194 parochis
650 3115 777 3177 mittere
787 3116 822 3178 ad
834 3125 975 3193 aegrotos
986 3117 1073 3178 alios·

332 3222 392 3284 qne
413 3215 554 3285 petentes
568 3207 677 3271 Oleum
692 3208 841 3272 Sanctum
864 3210 1072 3286 infirmorum,

333 3299 369 3361 ad
391 3301 448 3362 hoc
468 3309 503 3362 ut
526 3318 562 3362 eo
584 3301 617 3364 in
638 3301 703 3365 suis
730 3301 963 3366 infirmitatibus
984 3321 1017 3366 se
1038 3304 1072 3365 li-

332 3395 436 3471 niant3
459 3395 665 3458 nihilominus
686 3397 710 3459 si
734 3399 802 3476 quis
830 3399 888 3461 hoc
909 3399 1008 3462 facere
1028 3407 1071 3462 at-

331 3495 477 3565 tentaret,
500 3491 646 3567 gravibus
660 3493 765 3570 poenis
780 3492 956 3555 atribunali
977 3493 1073 3554 eccle·

329 3583 450 3646 siastico
472 3583 669 3661 plecteretur,
692 3585 742 3646 vel
765 3591 921 3663 tamquam
943 3586 1072 3647 abutens

329 3685 519 3739 sacramento
540 3677 705 3753 Ecclesiae,
725 3678 775 3739 vel
797 3685 952 3756 tamquam
968 3695 1071 3758 suspe-

330 3777 397 3832 ctus
424 3783 487 3831 uon
516 3776 615 3832 rectae
643 3770 712 3833 fidei
734 3773 812 3834 circa
842 3777 1070 3835 sacramentum

330 3863 492 3925 Extremae
515 3863 686 3939 Unctionis,
703 3872 737 3927 ut
752 3871 925 3944 opportune
938 3867 1070 3930 advertit

330 3957 497 4022 clericatus
519 3957 554 4018 de
581 3957 786 4020 Sacramenta
813 3955 985 4022 Eutremae
1011 3961 1071 4023 Uu-

329 4051 460 4122 ctiouia,
483 4051 576 4114 dacia.
592 4048 649 4122 70,
665 4067 753 4114 uum.
774 4051 828 4114 32.

97 4138 311 4240 unlggfflffl
369 4143 457 4220 §att
482 4145 625 4207 Alterum
646 4153 702 4220 est,
725 4145 822 4223 quod,
844 4153 944 4208 stante
966 4146 1069 4224 prohi-

95 4257 169 4291 sacro
190 4246 247 4292 oleo
266 4249 311 4292 im·
329 4239 445 4301 bitione
468 4238 702 4300 administrandi
723 4238 1069 4301 sacramentnmExtre-

95 4310 310 4402 Ῠηοεῗιῗθωῗιῗὲἔῧξ
328 4347 395 4394 mae
416 4331 576 4394 Unctionis
594 4341 678 4394 extra
694 4334 795 4408 gravis
817 4332 916 4393 morbi
939 4333 1069 4395 necessi-

97 4405 309 4507 ᾏζωδξξξξξξζζῇἶ
327 4433 433 4501 tatem,
450 4439 548 4504 quum
569 4425 631 4486 iarn
652 4425 816 4488 definitum
830 4426 882 4495 sit,
893 4424 1069 4488 satisfactio-

97 4513 140 4558 ²³¹·
326 4533 476 4581 nemeen
505 4519 745 4596 poenitentiam,
773 4535 887 4596 quaea
913 4521 1068 4582 sacerdote

325 4610 508 4673 confessario
528 4612 792 4674 sacramentaliter
805 4612 950 4674 confessis
971 4613 1067 4692 impo-

326 4704 424 4778 nitur,
447 4711 587 4766 constare
615 4705 809 4782 potissimum
838 4706 949 4768 debere
971 4710 1066 4786 preci-

325 4796 393 4872 bus,
416 4796 552 4871 ieiuuiis,
575 4807 605 4858 et
627 4797 831 4875 eleemosynis
852 4802 1066 4878 (quemadmo-

324 4889 399 4951 dum
421 4889 551 4950 bahetur
571 4889 604 4951 in
626 4890 749 4952 decreto
764 4909 779 4951 a
794 4890 846 4953 fel.
872 4891 988 4954 record.
1006 4893 1066 4956 Eu·

325 4982 416 5058 genio
431 4981 486 5043 PP.
504 4981 554 5044 lV.
573 4998 628 5061 pro
639 4984 846 5048 lustr-actione
857 4989 1066 5051 armenorum

325 5072 420 5154 edito)
441 5075 503 5154 (l),
525 5077 656 5139 minime
684 5078 770 5154 lieet,
794 5081 966 5157 poenitenti
995 5096 1067 5142 con·

325 5165 402 5230 fesso
423 5183 478 5247 pro
499 5169 703 5232 satisfactione
723 5187 778 5232 seu
799 5172 989 5248 poenitentia
1010 5174 1066 5236 im-

324 5278 452 5341 ponere,
468 5274 503 5324 ut
517 5263 681 5324 Extremae
703 5264 863 5328 Unctionis
883 5267 951 5328 oleo
974 5267 1066 5329 inun-

106 5363 214 5422 caerem.
231 5371 307 5407 anun·
325 5363 424 5434 gatar.
434 5355 556 5418 inrecta
566 5355 722 5417 saneolim
735 5354 792 5418 fuit
805 5357 886 5418 inter
897 5356 1066 5422 Orientales

94 5419 148 5512 iiii
159 5425 306 5523 ffflnissfss‘i
324 5450 614 5512 huiusmodiunctio
622 5450 719 5511 veluti
728 5465 813 5512 mere
823 5453 1064 5530 caeremonialis,

92 5521 306 5636 ξξζῗᾞῖἧῗέζῗξξ
324 5545 371 5607 uti
382 5544 624 5624 deprehenditur
638 5560 676 5605 ex
691 5545 1001 5610 subnotationes
1015 5548 1064 5624 iis,

323 5639 431 5716 quiin
457 5638 600 5699 versione
629 5639 745 5702 arabica
773 5639 906 5702 Nicaeno
928 5640 1065 5704 Concilio

323 5731 508 5810 tribuuntur
529 5731 564 5792 iu
588 5731 778 5794 Collectioue
798 5733 972 5807 Bardaici,
991 5740 1014 5795 t.
1032 5736 1063 5806 1,

976 567 1169 612 anunntcrtts
1194 567 1254 610 xtv.

1804 549 1862 612 647
1913 545 1966 598 An.
1980 551 2011 600 O.
2033 549 2101 601 1756

1143 685 1318 762 p.492,nbi
1331 686 1615 764 statutumlegitur,
1625 693 1659 749 ut
1669 686 1694 748 si
1704 687 1772 766 quis
1784 687 1882 750 fidelis

1143 796 1212 841 cum
1229 779 1345 842 infideli
1362 779 1493 842 muliere
1503 779 1658 858 impudice
1667 787 1806 842 versatus
1816 779 1882 842 foe-

1142 873 1193 947 rit,
1212 881 1277 951 post
1292 873 1470 935 diuturnam
1488 881 1638 950 peractam
1655 874 1879 951 poenitentiam

1143 965 1294 1028 Ecclesiae
1311 966 1530 1030 reconcilietur
1549 981 1606 1045 per
1627 985 1742 1045 aquata
1757 966 1881 1031 benedi·

1141 1067 1225 1120 etam
1240 1065 1270 1120 et
1289 1060 1398 1122 Oleum
1413 1059 1626 1140 infirmorum.
1651 1061 1770 1124 Exinde
1792 1079 1877 1139 vero,

1140 1151 1165 1210 si
1181 1150 1255 1212 fides
1269 1152 1406 1214 habenda
1418 1161 1464 1215 est
1475 1155 1581 1218 loanni
1593 1154 1771 1219 Natbanaeli
1790 1157 1821 1220 in
1832 1173 1880 1220 re-

1139 1245 1304 1320 sponsione
1322 1243 1510 1311 dcbforibus
1528 1249 1721 1311 Graecorum
1737 1260 1767 1313 et
1785 1251 1880 1313 Fran-

1138 1336 1216 1400 cisco
1230 1338 1379 1402 Richardo
1394 1339 1430 1400 dc
1442 1339 1653 1418 anpeditioac
1664 1359 1768 1415 soora,
1782 1363 1807 1406 c.
1821 1343 1886 1421 12,Ι

1138 1429 1249 1493 abusus
1263 1431 1342 1495 alter
1356 1433 1499 1495 inductus
1513 1434 1582 1506 fuit,
1598 1442 1633 1497 ut
1651 1438 1878 1514 poenitentibus

1138 1521 1284 1584 divitibus
1305 1539 1361 1602 pro
1377 1527 1589 1588 sacramentali
1610 1529 1799 1606 poenitentia
1821 1533 1878 1595 hu·

1138 1613 1270 1676 iusruodi
1291 1634 1373 1680 sacra
1396 1621 1501 1681 unctio
1517 1621 1628 1700 passim
1651 1623 1874 1700 imponeretur:

1136 1721 1174 1768 ex
1196 1709 1281 1771 cuins
1302 1711 1516 1774 satisfactionis
1536 1730 1593 1776 usn
1616 1730 1679 1776 non
1701 1715 1811 1792 exigna
1826 1731 1877 1794 pe

1135 1800 1298 1864 cuniarum
1320 1805 1484 1867 retributio
1498 1805 1709 1883 colligebatur.
1732 1808 1878 1871 Gravissi-

1134 1909 1184 1956 mo
1206 1896 1278 1959 huic
1307 1899 1437 1962 absurdo
1463 1917 1626 1964 occurrere
1652 1918 1716 1965 non
1742 1908 1889 1981 praeter·

1135 1987 1219 2050 misit
1240 1989 1292 2050 fel.
1316 1994 1432 2055 record.
1450 1995 1650 2057 innocentius
1672 1995 1719 2059 tv.
1734 1996 1875 2059 Pontifex

1135 2082 1296 2158 Maximus,
1318 2083 1393 2146 dum
1416 2087 1449 2149 in
1470 2088 1597 2165 epistola
1626 2091 1679 2151 sui
1701 2091 1736 2150 ad
1760 2091 1874 2153 'luscu-

1134 2175 1241 2239 lannm
1269 2178 1453 2260 Episcopum
1475 2181 1515 2243 ita
1536 2183 1658 2260 scripsit
1679 2185 1697 2258 ἓ
1717 2183 1757 2246 6.·
1781 2184 1872 2248 Nulli
1911 2186 1957 2284 1³1⁰
1972 2186 1998 2232 1¹¹
2013 2197 2044 2234 θα
2058 2199 2105 2287 ῦῆῑ·

1133 2271 1373 2347 persarerdotea
1390 2274 1437 2335 acl
1452 2276 1661 2356 confessarios
1671 2292 1728 2354 pro
1742 2278 1872 2360 satissa-
1890 2248 2104 2350 gran⁰cr¹i⁹pr¹b⁰t¹ata

1134 2363 1237 2424 ctione
1256 2366 1471 2442 poeniteutiae
1492 2369 1604 2429 unctio
1625 2370 1735 2448 aliqua
1756 2372 1872 2434 solam-
1890 2345 2102 2454 fgssfflfsssssnafffj

1132 2457 1220 2518 uodo
1242 2457 1451 2538 tuiuapatur.
1475 2461 1537 2522 lloc
1560 2461 1639 2524 idern
1662 2471 1814 2527 statutum
1829 2466 1872 2528 le-
1889 2457 2103 2552 ffigffilwffl*

1132 2549 1217 2626 gitur
1237 2551 1268 2612 in
1292 2551 1414 2629 synodo
1435 2556 1511 2632 apud
1535 2553 1687 2618 Nicosiam
1708 2558 1870 2634 celebrata,

1131 2643 1166 2704 ia
1178 2643 1255 2704 dict.
1271 2643 1398 2706 Collect.
1412 2646 1589 2718 Bardaici,
1604 2653 1627 2708 t.
1641 2647 1672 2723 7,
1684 2667 1757 2731 pap.
1773 2649 1867 2726 1714,

1130 2750 1248 2814 nosque
1276 2738 1366 2798 etiarn
1398 2739 1576 2803 huiusmodi
1604 2754 1801 2823 praeceptum
1823 2746 1870 2807 in-

1130 2828 1335 2891 stauravimus
1357 2830 1388 2891 in
1410 2833 1630 2896 constitutione
1652 2838 1771 2898 nostri:
1799 2838 1869 2900 Etsi

1130 2919 1322 2995 Pastorait's,
1344 2924 1363 2998 ἓ
1384 2928 1419 2995 5,
1442 2925 1586 2988 Bullarii
1608 2928 1714 2991 nostri
1738 2933 1809 2990 tom.
1830 2933 1868 3004 t,

1130 3029 1218 3075 uum..
1247 3012 1304 3086 57,
1332 3016 1473 3079 rideatur
1498 3019 1590 3080 etiam
1622 3022 1729 3084 rhiers
1751 3023 1786 3085 de
1810 3023 1868 3086 Su-

1127 3107 1267 3186 peratit,
1286 3106 1339 3172 lib.
1356 3112 1391 3182 8,
1407 3126 1474 3188 cap.
1491 3113 1522 3170 6.
1545 3113 1640 3175 Porro
1661 3115 1811 3179 brondius
1826 3117 1870 3180 lo·

1128 3218 1228 3280 quens
1248 3203 1286 3264 de
1317 3205 1432 3280 graecis
1458 3207 1660 3286 presbyteris,
1683 3211 1736 3288 qui
1764 3213 1868 3290 poeni·

1130 3296 1206 3356 tenti
1228 3297 1307 3374 apud
1328 3313 1361 3358 se
1382 3297 1520 3360 confesso
1540 3317 1655 3363 sacram
1687 3305 1867 3368 unctionem

1128 3388 1335 3465 poenitentiae
1355 3389 1421 3452 loco
1443 3383 1656 3471 imponebant,
1678 3398 1787 3460 asserit
1803 3415 1866 3475 eos,

1127 3481 1160 3542 in
1183 3482 1243 3559 ipsi
1275 3485 1424 3546 unctione
1452 3489 1625 3564 peragendi
1655 3495 1866 3556 sacramentali

1127 3573 1225 3638 formai
1246 3577 1290 3640 nti
1304 3580 1509 3656 consuevisse,
1527 3581 1618 3661 idque
1639 3587 1867 3662 gravibnssane

1127 3669 1228 3730 verbis
1243 3673 1452 3750 reprehendit,
1469 3676 1630 3752 allegitur
1652 3680 1759 3742 ineius
1774 3697 1868 3761 opere

1127 3761 1163 3824 dc
1186 3763 1370 3839 carcerata,
1395 3765 1448 3828 lib.
1472 3769 1505 3839 5,
1522 3785 1589 3848 cap.
1599 3771 1634 3844 4,
1657 3773 1676 3848 ἓ
1699 3775 1764 3854 Epo
1779 3791 1867 3852 proe-

1126 3863 1253 3918 soutem.
1281 3857 1397 3921 ilerum
1425 3860 1554 3925 Goarius
1576 3865 1611 3926 iu
1631 3869 1717 3930 uotis
1738 3869 1779 3931 ad
1802 3868 1866 3933 Eu·

1126 3949 1314 4031 cboiopiuca,
1330 3968 1403 4032 pop.
1422 3955 1499 4028 350,
1521 3965 1624 4034 negat,
1645 3960 1866 4026 hanc·Graecis

1078 4059 1082 4064 ·
1126 4051 1264 4104 mentem
1295 4045 1404 4121 fuisse,
1429 4057 1463 4108 nt
1484 4049 1516 4110 in
1538 4051 1689 4114 eiusmodi
1718 4056 1864 4118 unctione

1126 4137 1295 4214 peragenda
1321 4149 1549 4204 sacramentum
1579 4143 1772 4210 conferrent:
1802 4167 1865 4212 uota

1124 4228 1172 4290 ito
1196 4237 1301 4292 tamea
1315 4249 1353 4293 oc
1367 4234 1478 4296 auctio
1492 4233 1638 4312 precibus
1652 4239 1811 4306 adiuncto
1825 4259 1865 4306 ea

1125 4337 1214 4401 opere
1236 4331 1364 4402 operato
1385 4329 1512 4391 animae
1527 4329 1628 4394 deleat
1643 4332 1862 4413 infirmitates,

1123 4415 1185 4488 sed,
1210 4417 1330 4494 siquid
1344 4421 1455 4496 possit,
1473 4437 1512 4483 ea
1525 4426 1718 4500 poeniteatis
1734 4435 1864 4492 tautum

1124 4508 1296 4584 deuotione,
1319 4519 1380 4575 aut
1401 4531 1440 4576 aaa
1461 4518 1636 4580 sacerdotis
1664 4519 1864 4598 deprecantis

1124 4602 1274 4675 caritate,
1302 4606 1382 4668 idest
1404 4623 1443 4668 aa
1466 4623 1555 4686 opere
1584 4615 1756 4689 operantia,
1781 4615 1863 4680 illud

1123 4697 1205 4758 octat
1229 4698 1421 4774 producere.
1455 4699 1666 4767 Nihilominus
1698 4708 1863 4786 praefatam

1123 4790 1381 4871 qualemcumque
1391 4797 1649 4860 consuetudinem
1664 4800 1793 4879 ipsemet
1806 4805 1865 4865 hn-

1123 4884 1251 4959 probare
1272 4901 1336 4948 non
1358 4888 1486 4965 omittit,
1506 4889 1581 4953 dum
1603 4895 1732 4956 omnino
1754 4912 1865 4959 curan-

1123 4977 1196 5038 dum
1218 4976 1301 5054 dicit,
1324 4987 1359 5042 ut
1382 4980 1488 5046 Graeci
1508 4985 1565 5048 hac
1586 4987 1618 5048 in
1641 5003 1674 5048 re
1695 4989 1736 5050 ita
1757 5003 1790 5051 se
1811 5005 1865 5068 ge-

1122 5078 1203 5145 rant,
1226 5075 1485 5150 quemadmodum
1507 5079 1594 5143 docet
1609 5081 1640 5145 S.
1657 5082 1792 5147 Romana
1807 5087 1863 5150 Ec-

1121 5162 1209 5224 clesia
1222 5167 1364 5229 omnium
1377 5169 1630 5238 christifidelium
1645 5185 1744 5239 mater
1754 5189 1784 5241 et
1799 5196 1862 5241 ma-

1121 5257 1230 5333 gistra3
1252 5275 1351 5336 quum
1367 5262 1516 5340 praelatae
1531 5269 1685 5332 unctionis
1701 5288 1758 5332 usu
1773 5273 1861 5352 plura
1913 5277 2029 5325 ausuras
2059 5283 2091 5327 ob

1121 5357 1151 5411 et
1172 5353 1275 5428 gravia
1297 5363 1467 5432 sequantur
1487 5359 1626 5437 absurda,
1649 5363 1724 5426 dum
1746 5367 1795 5429 vel
1816 5385 1862 5430 sa·
1878 5313 2090 5435 ῗιῧῗθιιῖῗῑῗῖἕιιὶἷῗῧῗ

1119 5453 1315 5508 crumentum
1337 5447 1500 5512 Extremae
1521 5453 1681 5518 Unctionis
1701 5459 1861 5524 confertur
1878 5439 1975 5486 ΜΟ·

1122 5539 1200 5601 bene
1222 5541 1347 5621 valenti,
1364 5548 1500 5628 adeoque
1515 5552 1542 5612 ei
1558 5553 1609 5630 qui
1626 5555 1799 5618 subiectum
1814 5573 1860 5618 ca·

1120 5648 1176 5711 pax
1197 5638 1566 5707 huiusmodisacramenti
1583 5661 1646 5710 non
1668 5654 1731 5725 est3
1755 5649 1859 5713 volsa-

1120 5736 1270 5798 oramenti
1296 5739 1423 5799 materia
1443 5746 1475 5800 et
1502 5738 1601 5801 forma
1628 5741 1803 5821 adhibetur,
1826 5755 1856 5808 nt

361 5949 392 6007 (1)
406 5949 478 6000 Quod
492 5947 550 5994 ride
563 5947 591 5994 in
604 5960 661 6007 app.
677 5959 717 6006 op.
731 5959 791 5994 cnm
805 5949 900 5996 ceteris
914 5949 1014 5996 docum.
1030 5949 1194 5997 institutioni
1208 5953 1284 6008 cong.
1300 5951 1332 5998 ds
1345 5955 1370 5998 P.
1386 5954 1412 5998 p,
1428 5951 1613 6001 anterioribus.
