4744 6976
322 545 379 600 An.
393 544 424 600 0.
444 543 516 599 tite
566 541 624 608 168

543 679 640 744 tensis
666 679 821 744 missionis
849 679 1027 759 superiore,
1050 686 1082 742 et
1108 678 1218 742 carolo
1239 677 1293 741 itli-

544 771 649 837 chaele
657 771 800 834 Bartoldo
808 772 991 835 lladnrense
1002 771 1208 847 missiunario,
1218 769 1296 832 viris

545 865 686 928 doctrina
714 873 746 928 et
767 864 983 942 propagandae
1011 863 1097 926 Fidei
1120 862 1187 925 zelo
1209 877 1296 941 prae-

371 961 528 1009 perorantur
545 957 716 1031 stantibus,
749 965 923 1036 opportune
947 956 1167 1035 suppeditavit.
1201 955 1294 1018 Enim

313 1014 528 1115 ffessssfunidirnffl
546 1066 621 1114 vero
642 1067 715 1114 cum
736 1050 774 1112 ab
801 1049 875 1125 illis,
899 1049 932 1112 in
953 1049 1104 1124 moribus,
1133 1049 1242 1126 lingua
1263 1055 1295 1110 et

313 1120 528 1222 {ffiffl‘p'fflfnffi
546 1143 709 1219 Religione
734 1143 866 1206 istarum
893 1143 1063 1219 regionum
1084 1157 1123 1203 er
1145 1141 1238 1219 longa
1262 1141 1295 1202 in

545 1237 594 1300 his
620 1237 703 1300 vitae
729 1236 957 1299 consuetudine
984 1235 1125 1313 apprime
1153 1233 1295 1309 versatis,

546 1329 635 1409 plura
657 1329 772 1392 certius
792 1328 1044 1404 cognoverimus,
1071 1342 1150 1406 quae
1170 1326 1297 1389 eosdem

546 1422 689 1501 palmites
710 1437 841 1484 enerves
862 1420 994 1483 reddant
1009 1427 1040 1482 et
1055 1419 1160 1484 tructu
1172 1435 1295 1493 vacuos,

547 1523 656 1594 utpote
675 1514 730 1592 qui
753 1514 922 1591 gentilium
933 1512 1122 1575 vanitatibus
1137 1512 1236 1588 magis
1251 1511 1298 1573 in·

546 1607 707 1681 haereant,
729 1621 824 1686 quam
838 1605 906 1680 viti,
919 1621 998 1684 quae
1018 1611 1066 1668 est
1088 1605 1247 1680 Christus3
1264 1603 1296 1666 in

499 1719 500 1724 ¹
547 1700 648 1764 multo
669 1699 886 1777 experimento
908 1697 1117 1760 tribulationis
1140 1698 1299 1760 abundan-

546 1793 589 1856 tia
610 1791 715 1869 gaudii
729 1791 831 1853 nostri
843 1790 913 1854 luit.
937 1790 1040 1852 liebus
1055 1791 1159 1869 itaque
1173 1797 1298 1853 maturo

549 1883 686 1948 examini
707 1882 882 1962 suppositis,
899 1881 1052 1961 dictisque
1071 1884 1210 1961 patribus
1231 1898 1300 1944 ore-

553 1983 644 2038 tenus
658 1991 693 2038 ac
707 1976 739 2036 in
761 1974 882 2052 scriptis
903 1973 971 2036 tuse
992 1973 1117 2048 auditis,
1139 1974 1299 2052 atquellei

550 2084 609 2147 ope
630 2067 762 2146 publicis
783 2065 926 2144 precibus
955 2065 1133 2143 implorata,
1156 2074 1192 2129 ut
1213 2067 1299 2130 Fidei

550 2158 678 2238 puritati
709 2157 926 2238 spiritualique
953 2158 1200 2222 Christianorum
1229 2175 1299 2237 pro·

549 2250 660 2316 ventui
680 2249 847 2313 salubriter
869 2250 901 2312 in
928 2249 1061 2312 Domino
1087 2251 1298 2324 consulamus,

551 2351 649 2421 utque
682 2343 736 2404 liat
766 2341 880 2406 oblatio
912 2341 1085 2406 Gentilium
1117 2351 1238 2420 accepta
1269 2352 1300 2406 et

551 2434 738 2500 sanctificata
759 2434 792 2504 in
815 2433 935 2513 Spiritu
951 2433 1075 2510 Sancto,
1097 2435 1134 2496 ad
1155 2452 1300 2515 praesens

549 2528 712 2594 decretum
723 2527 906 2588 auctoritate
916 2525 1093 2604 apostolica,
1115 2528 1208 2590 etiam
1227 2544 1300 2590 cum

474 2674 488 2688 ,,
550 2619 697 2684 iacultate
716 2618 825 2695 Legati
845 2618 883 2682 de
904 2618 1026 2696 Latere,
1049 2619 1244 2684 devenimus.

317 2723 534 2878 lltltlttt
552 2712 716 2869 ,ltili
730 2711 1299 2886 itltltllllltlllllillt

317 2883 534 2985 ssfflgfflfffflffif
552 2915 604 2973 ne,
616 2898 653 2960 tn
675 2896 866 2977 baptizandis
881 2851 945 2960 tam
960 2898 1064 2976 pueris
1079 2914 1173 2976 quam
1187 2852 1301 2962 adultis

551 2991 777 3068 cuiuscumque
797 2997 932 3054 sesuset
945 2990 1143 3066 conditionis,
1156 2991 1301 3053 omittan-
1333 2995 1336 3006 ‘

552 3090 603 3147 tur
623 3080 876 3156 Sacramentalia,
891 3083 945 3144 sed
966 3081 1071 3144 omnia
1093 3082 1194 3161 palam
1215 3083 1301 3145 adhi-

550 3176 695 3250 beantur,
719 3179 749 3236 et
770 3173 931 3249 signanter
957 3173 1065 3248 saliva,
1087 3173 1183 3238 salet
1205 3175 1304 3238 insui·

550 3267 648 3342 ilatio,
670 3281 749 3346 quae
763 3281 803 3328 ex
818 3266 980 3343 apostolica
1002 3267 1170 3332 traditione
1191 3268 1303 3330 (latho-

551 3360 610 3424 lica
625 3359 760 3422 Ecclesia
775 3358 904 3438 recepit,
916 3375 961 3434 ao,
974 3358 1014 3422 ob
1028 3360 1186 3424 recondita
1209 3362 1242 3423 in
1254 3362 1302 3423 his

550 3453 643 3517 sacris
664 3451 849 3517 ceremoniis
871 3451 996 3514 divinae
1017 3467 1090 3528 erga
1112 3468 1169 3514 nos
1183 3453 1304 3516 bonita-

551 3545 591 3608 tis
612 3545 771 3626 mysteria,
783 3550 890 3606 sancte
911 3549 942 3606 et
963 3544 1186 3608 inviolabiliter
1201 3552 1303 3608 custo-

552 3638 650 3715 divit;
672 3638 796 3700 decreto
823 3633 953 3700 Sanctae
980 3637 1172 3700 Universalis
1192 3638 1304 3701 itoma-
1336 3647 1338 3654 ’

552 3747 613 3796 nae
648 3729 862 3809 inquisitionis
901 3730 939 3792 de
971 3745 1053 3792 anno
1083 3746 1215 3794 nucuvt.
1248 3747 1305 3811 pro

553 3825 636 3890 Sinis
656 3823 747 3898 tacto,
762 3822 803 3886 ob
816 3823 953 3884 diversas
974 3825 1110 3886 rationes
1124 3833 1156 3888 et
1169 3825 1305 3888 circum-

552 3917 681 3980 stantias
715 3916 849 3980 minime
869 3916 1021 3980 obstante.

361 4041 433 4097 uuou
451 4041 536 4100 capp.
594 3962 706 4075 altem
728 4009 945 4088 praecipimus,
961 4016 996 4072 ut
1016 4011 1102 4074 iuxta
1117 4009 1303 4074 laudabilem
1336 4003 1339 4014 '

320 4095 537 4197 {giissofflgtiffi
554 4103 709 4168 Ecclesiae
734 4101 994 4165 consuetudinem
1018 4117 1143 4180 semper
1164 4103 1303 4182 impona-

321 4201 499 4250 cutussanctt.
537 4204 608 4277 tur
628 4193 813 4274 baptizando
834 4211 849 4255 a
873 4195 1048 4272 baptizante
1070 4211 1186 4258 nomen
1209 4196 1303 4258 alicu-

554 4290 602 4353 ius
624 4288 727 4352 Sancti
748 4288 781 4349 in
796 4286 1018 4365 Martyrologiu
1029 4287 1169 4350 Romano
1189 4290 1304 4352 descri-

338 4405 367 4450 ει
381 4403 536 4502 ἵοῃοηιιιη
554 4382 611 4462 pti,
623 4382 754 4444 omnino
769 4379 942 4444 interdictis
953 4380 1134 4444 numinibus
1147 4380 1303 4444 idolorum

321 4465 536 4558 fflssssmmffl
553 4475 606 4538 vel
626 4474 718 4535 falsae
738 4471 912 4549 Religionis
932 4472 1304 4551 Paenitentium,quibus

321 4562 500 4620 depraventur·
554 4567 688 4646 gentiles
709 4574 845 4628 utuntur
865 4572 897 4626 et
916 4564 1074 4644 Neophyti
1088 4565 1239 4627 hactenus
1252 4582 1303 4645 ap·

552 4658 661 4738 pellari
682 4665 921 4732 consueverant,
938 4665 1106 4736 antequam
1126 4667 1233 4720 esseut
1247 4675 1304 4738 per

552 4752 743 4830 baptismum
756 4751 882 4812 divinae
902 4749 1019 4826 gratiae
1040 4751 1151 4813 renati.
1176 4750 1239 4814 Nec
1254 4768 1305 4831 pa·

552 4843 666 4918 rochis,
688 4859 744 4906 seu
766 4842 981 4917 missiunariis,
1004 4842 1061 4906 sub
1082 4844 1194 4922 quovis
1218 4859 1305 4923 prae·

552 4943 640 4999 textu
663 4935 764 5010 liceat,
788 4935 910 5008 Crucis,
932 4934 1119 4999 Sanctorum
1141 4945 1172 4998 et
1194 4951 1302 4998 rerum

551 5043 711 5092 sacrarum
732 5028 859 5091 nomina
880 5044 936 5106 per
952 5027 1099 5090 translata
1119 5029 1300 5102 immutare,

553 5137 666 5186 necea
688 5121 752 5183 ullo
774 5121 920 5184 idiomate
941 5121 1106 5199 explicare,
1129 5121 1189 5184 nisi
1206 5121 1301 5184 latino

553 5215 605 5278 vel
625 5214 736 5277 saltem
757 5214 873 5290 indico,
895 5219 1049 5292 quatenus
1070 5231 1161 5278 voces
1183 5215 1303 5278 indicae

551 5307 690 5385 regionis
721 5306 837 5369 latinae
869 5307 1090 5385 significationi
1124 5307 1242 5386 liquido
1270 5317 1302 5370 et

553 5399 741 5464 adamussim
762 5401 978 5478 respondeant.

344 5515 415 5568 quac
430 5515 535 5563 cotiano
595 5493 668 5556 cEt
688 5493 760 5572 quia
782 5492 969 5569 audivimus,
992 5492 1180 5571 baptismum
1201 5492 1304 5556 inlan-

320 5567 538 5680 ffiffi‘ffignffilg
554 5587 636 5650 tium
647 5603 687 5648 ex
697 5585 872 5648 christianis
883 5587 1063 5664 parentibus
1080 5594 1234 5660 ortorum,
1249 5603 1300 5649 eo·

321 5675 450 5722 trahatur.
554 5679 700 5744 rumdem
711 5681 831 5744 incuria
845 5696 935 5760 saepe
949 5681 1070 5760 saepius
1085 5681 1138 5742 diu
1150 5681 1301 5758 protrahi,

555 5789 618 5834 non
641 5774 709 5835 sine
730 5774 865 5835 maximo
887 5775 1042 5837 dictorum
1063 5773 1234 5836 infantium
1252 5791 1298 5835 sa·

554 5863 629 5928 lutis
644 5866 836 5942 discrimine,
846 5883 1011 5930 monemus
1022 5867 1219 5945 evangelicos
1229 5884 1300 5948 ope-

1065 561 1131 606 llill.
1155 561 1247 607 PONT-
1271 560 1312 606 DE
1333 560 1363 606 1³.
1386 560 1417 606 F·
1441 560 1524 606 PARS
1545 561 1567 604 l.

2129 547 2184 600 An.
2198 549 2232 600 0.
2255 546 2324 598 1744

1351 677 1457 753 rarius,
1480 686 1516 741 ut
1546 694 1705 741 sacrorum
1734 681 1898 744 canonum
1929 690 2098 754 memores,

1352 772 1527 834 terminum
1556 771 1749 847 breviorem,
1773 788 1867 851 quam
1892 772 1959 834 lieri
1992 771 2098 850 possit,

1350 864 1478 926 attentis
1503 863 1756 938 circumstantiis,
1780 863 1974 942 genitoribus
1989 865 2100 942 praeil-

1352 961 1437 1032 gant,
1450 955 1588 1032 graviter
1608 956 1832 1018 conscientiam
1843 971 1955 1018 eorum
1969 971 2102 1019 oneran-

1353 1057 1410 1122 tes,
1432 1047 1493 1110 uisi
1515 1047 1595 1110 tilios
1617 1047 1699 1110 intra
1721 1049 1893 1126 praefixum
1920 1057 2045 1128 tempus
2063 1049 2102 1112 ad

1352 1140 1524 1203 Ecclesiam
1542 1140 1685 1204 delerant
1704 1157 1791 1204 sacro
1811 1140 1899 1202 tonte
1919 1141 2099 1205 abluendos.

1393 1235 1579 1297 «Praeterea
1590 1249 1663 1295 cum
1678 1233 1776 1295 moris
1788 1233 1883 1296 huius
1897 1233 2034 1310 regionis
2048 1235 2100 1310 sit,
2134 1262 2159 1297 n.
2171 1249 2341 1298 trutmonia

1353 1334 1389 1389 ut
1411 1325 1544 1388 infantes
1565 1341 1618 1388 sex
1646 1325 1697 1387 vel
1717 1333 1837 1405 septem
1865 1342 2033 1401 annorum,
2055 1327 2103 1388 in·
2121 1304 2341 1414 fflfflffl]

1353 1420 1479 1482 terdum
1500 1419 1595 1480 etiam
1617 1419 1650 1480 in
1674 1419 1824 1481 teneriori
1851 1427 1968 1495 aetate,
1990 1435 2029 1482 eu
2052 1435 2104 1497 ge-
2121 1415 2213 1458 uum.

1354 1511 1493 1574 ultorum
1524 1526 1678 1574 consensu
1709 1512 1946 1574 matrimonium
1976 1513 2102 1576 indisso

1353 1603 1451 1666 lubile
1470 1602 1509 1664 de
1530 1603 1686 1680 praesenti
1715 1605 1901 1666 contrahant
1928 1621 1984 1684 per
2005 1605 2104 1684 impo-

1354 1695 1500 1759 sitionem
1523 1695 1623 1774 Tally,
1639 1713 1694 1758 seu
1709 1712 1820 1759 aureae
1834 1706 1968 1760 tesserae
1981 1697 2105 1776 nuptia-

1355 1789 1404 1862 lis,
1421 1788 1526 1850 uxoris
1537 1788 1617 1851 collo
1631 1789 1777 1868 pensilis3
1801 1789 2004 1852 missiunariis
2018 1807 2105 1854 man·

1355 1883 1473 1955 damus,
1491 1897 1531 1942 ne
1546 1881 1726 1944 huiusmodi
1742 1883 1829 1943 irrita
1844 1883 2042 1946 matrimonia
2058 1885 2105 1946 in·

1357 1983 1404 2036 ter
1425 1973 1609 2036 christianos
1628 1973 1695 2035 lieri
1707 1957 2106 2054 permittant,necsponsos

1355 2065 2106 2143 sicconiunotoscohabitaresinant,donec,com-

1356 2159 1437 2237 pieta
1458 2158 1600 2234 legitima
1626 2167 1726 2221 aetate
1751 2173 1782 2220 et
1808 2159 1967 2238 explorato
1994 2177 2105 2224 eorum

1356 2267 1528 2326 consensu,
1551 2253 1584 2312 iu
1606 2250 1716 2314 taciem
1743 2252 1912 2328 Ecclesiae,
1936 2254 2021 2316 iuxta
2042 2254 2104 2315 ior·

1356 2361 1477 2406 mama
1504 2344 1596 2408 Sacro
1625 2345 1718 2407 Conc.
1754 2345 1837 2407 Trid.
1872 2347 2104 2425 praescriptam,

1357 2453 1470 2500 verum
1491 2445 1522 2498 et
1551 2438 1735 2500 canonicum
1768 2439 2008 2501 matrimonium
2032 2457 2106 2502 con·

1357 2529 1519 2593 traxerint.
1544 2530 1583 2590 Et
1604 2531 1752 2608 quoniam
1774 2534 1853 2608 apud
1872 2532 2033 2611 peritiores
2047 2533 2106 2596 im·

1356 2623 1424 2701 piae
1444 2621 1529 2684 illius
1551 2622 1722 2700 Religionis
1737 2622 2106 2704 SectatoresTallyprae-
2182 2645 2347 2710 propinetur

1356 2714 1450 2777 seiert
1472 2714 1655 2791 imaginem,
1669 2714 1740 2777 licet
1761 2715 1941 2792 informem,
1954 2716 2104 2796 Puliega-
2123 2700 2346 2808 fflfft'tgussut‘r'r'-

1357 2807 1417 2878 ris,
1439 2806 1505 2868 slve
1531 2805 1712 2885 Pullujort's
1734 2807 1822 2881 ldoli,
1846 2810 2037 2888 nuptialibus
2058 2828 2104 2874 ce
2124 2811 2177 2854 ⁸¹⁸¹
2192 2805 2344 2864 gentillum.

1355 2900 1506 2962 rameniis
1517 2900 1694 2978 praepositi,
1710 2916 1847 2978 cumque
1866 2900 2012 2965 dedeceat
2026 2905 2106 2967 chri·

1355 2992 1468 3052 stianas
1480 2989 1629 3052 mulieres
1641 2991 1734 3052 talem
1745 2992 1883 3069 effigiem
1894 2994 1971 3056 collo
1983 2995 2105 3058 deterre

1356 3083 1527 3160 insignum
1539 3083 2105 3165 matrimonii3districteprohibemus

1357 3191 1397 3238 ne
1425 3177 1458 3238 in
1486 3183 1647 3254 posterum
1678 3177 1810 3238 audeant
1832 3178 1919 3257 Tallp
1950 3195 2023 3242 cum
2049 3181 2105 3242 hac

1357 3267 1460 3345 effigie
1481 3267 1560 3330 collo
1586 3268 1778 3347 appendere3
1801 3279 1895 3332 etue
1924 3287 2036 3334 uxores
2058 3274 2104 3335 in-

1358 3370 1472 3438 nuptae
1492 3361 1671 3437 videantur,
1694 3368 1843 3441 poterunt
1868 3363 1917 3426 uti
1936 3364 1997 3426 aiio
2018 3365 2106 3444 Tally

1358 3451 1573 3517 Sanctissimae
1607 3454 1728 3530 Crucis,
1762 3455 1813 3517 vel
1844 3455 1969 3517 Domini
2001 3456 2106 3521 Nostri

1358 3545 1426 3608 lesu
1449 3546 1576 3622 Christi,
1598 3545 1650 3608 vel
1671 3547 1868 3610 Beatissimae
1890 3547 2040 3627 Virginis,
2057 3551 2107 3613 vel

1358 3638 1415 3702 alia
1443 3639 1553 3718 quavis
1583 3639 1727 3716 religiosa
1758 3640 1896 3717 imagine
1924 3648 2045 3706 ornato.
2069 3643 2108 3705 Et

1357 3747 1431 3794 cum
1461 3731 1683 3810 superstitione
1715 3744 1779 3794 non
1813 3741 1915 3796 careat
1950 3733 2108 3798 tuniculus

1357 3831 1487 3886 centum
1509 3831 1540 3886 et
1561 3830 1630 3885 octo
1651 3823 1711 3885 tilis
1732 3827 1920 3903 compositus
1949 3835 1979 3888 et
2000 3843 2107 3890 croceo

1357 3931 1447 3980 succo
1469 3916 1630 3990 delinitus,
1646 3931 1708 3994 quo
1723 3916 1865 3996 plerique
1879 3917 2000 3980 dictum
2020 3919 2108 3998 Tally

1360 4010 1554 4088 appendunt,
1570 4008 1771 4086 prohibemus
1786 4011 1880 4073 etiam
1901 4011 2058 4075 dictorum
2074 4013 2108 4072 n-

1358 4103 1462 4166 torum
1483 4117 1654 4164 numerum
1675 4110 1706 4164 et
1727 4105 1920 4166 unctionem.

1398 4195 1634 4258 «ceremoniae
1654 4194 1749 4270 etiam
1770 4196 1924 4274 nuptiales
1948 4199 2035 4262 iuxta
2055 4199 2120 4260 ha··
2139 4229 2304 4284 nuptiarum
2319 4231 2351 4276 ,p

1356 4303 1429 4352 rum
1442 4288 1607 4364 regionum
1619 4303 1738 4351 morem
1749 4297 1795 4350 tot
1805 4297 1891 4366 sunt,
1901 4299 2045 4370 tantaque
2057 4309 2107 4354 su·
2126 4282 2352 4394 {ikii'u‘ffiffl

1357 4380 1539 4460 perstitione
1560 4382 1741 4458 maculatae,
1756 4389 1793 4443 ut
1810 4384 1910 4446 tutius
1932 4386 2105 4448 remedium
2125 4395 2285 4447 purgentur.

1357 4474 1454 4552 aptari
1475 4488 1538 4535 nou
1555 4481 1667 4552 posset,
1683 4489 1778 4553 quam
1794 4490 1844 4535 eas
1859 4476 1988 4538 omnino
2010 4479 2107 4540 inter-

1357 4565 1501 4641 dicendo,
1532 4581 1604 4628 cum
1635 4567 1776 4645 undique
1797 4569 1888 4629 noxia
1915 4569 2106 4634 Gentilitatis

1358 4659 1424 4722 labe
1444 4667 1597 4722 scateant:
1621 4666 1652 4720 et
1674 4658 1895 4723 ditiicillimum
1907 4663 1947 4724 sit
1961 4679 2010 4724 eas
2025 4681 2041 4724 a
2055 4681 2107 4728 su-

1357 4750 1540 4831 perstitiosis
1562 4766 1745 4830 expurgare.
1770 4755 1809 4816 At
1825 4769 1911 4830 vero,
1927 4763 1963 4816 ut
1977 4755 2108 4822 faciliori

1358 4844 1601 4906 conversionum
1623 4844 1692 4906 viae
1712 4853 1743 4908 et
1765 4845 2002 4925 Neophytcrum
2023 4867 2107 4914 com-

1358 4939 1461 5013 modo,
1483 4947 1638 5016 quantum
1653 4938 1721 5000 lieri
1736 4945 1849 5017 potest,
1865 4942 1898 5002 in
1914 4942 2045 5005 Domino
2061 4945 2108 5006 in-

1357 5027 1553 5106 dulgeamus,
1576 5030 1777 5092 missiunariis
1797 5041 1829 5094 et
1849 5036 2013 5114 praecipue
2034 5037 2108 5098 mis-

1355 5123 1481 5184 sionum
1495 5123 1710 5201 superioribus
1725 5125 1933 5204 iniungimus,
1950 5137 1996 5204 ut,
2013 5130 2104 5191 novis

1357 5215 1503 5276 adhibitis
1514 5215 1687 5292 diligentiis
1698 5219 1910 5298 severiorlque
1920 5219 2047 5297 calculo,
2055 5239 2108 5284 su·

1356 5307 1531 5385 perstitiosa
1542 5308 1646 5369 omnia
1658 5324 1674 5368 a
1688 5307 1775 5371 dictis
1792 5313 1977 5374 ceremoniis
1986 5329 2106 5393 expun-

1358 5410 1444 5479 gant,
1461 5401 1539 5462 itaut
1550 5401 1630 5463 nihil
1646 5401 1784 5468 inultum
1799 5403 2007 5484 relinquatur,
2023 5409 2105 5485 quod

1357 5494 1559 5558 christianam
1569 5493 1717 5573 pietatem
1739 5495 1875 5558 offendat
1889 5505 1920 5560 et
1933 5497 2105 5561 Gentilium

1356 5587 1612 5666 superstitionem
1629 5588 1778 5662 redoleat;
1792 5598 1822 5650 et
1833 5591 2007 5666 signanter,
2019 5607 2106 5670 prae·

1357 5690 1405 5743 ter
1426 5697 1476 5744 eas
1496 5697 1571 5760 quas
1589 5681 1767 5744 audivimus
1782 5681 1844 5742 iam
1857 5689 1986 5746 statutas
2001 5686 2034 5745 in
2050 5685 2106 5748 hac

1356 5775 1487 5838 materia
1505 5775 1546 5836 ab
1564 5773 1673 5836 iisdem
1694 5773 1897 5836 missiunariis
1912 5777 2107 5840 ruormatio-

1357 5885 1428 5946 nes,
1455 5885 1561 5932 ramus
1588 5869 1705 5932 arboris
1728 5869 1950 5934 nrccctomcro
1974 5871 2105 5934 omnino
