4708 6978
867 581 1064 630 enunntcrus
1086 583 1150 629 xxv.
1707 569 1765 633 311
1816 569 1869 620 sn.
1884 568 1914 620 c.
1936 565 2004 616 1746

240 709 430 788 baptismate,
459 707 532 782 vite,
558 706 715 781 moribus,
738 713 770 768 et
791 705 823 769 in
845 703 983 766 scientiis
1038 701 1093 782 pbi
1104 705 1244 784 Episcopi
1259 707 1451 772 Praenestis.
1466 707 1578 774 S.R.E.
1595 707 1786 787 praesbyteri

240 801 376 882 proiectu
391 803 425 865 ad
443 817 497 880 pro
519 809 659 879 tempore
675 799 779 862 itidem
797 799 983 862 existentem
1041 799 1209 863 cardinalis
1238 801 1369 880 spinelli
1401 819 1485 866 nunc
1513 801 1662 880 temporis
1690 802 1788 864 dictae
1897 848 1900 854 .

241 896 510 975 brobiepiscopum
532 894 738 973 Neapolitan,
758 903 911 973 quatenus
933 907 985 953 ve-
1042 895 1298 972 congregationis
1311 897 1479 974 Praesente,
1492 905 1522 958 et
1534 913 1608 958 ven.
1622 894 1789 959 iratrisNi-

240 1007 273 1052 ro
286 989 369 1052 idem
384 989 638 1069 brclriepiscopus
653 1001 848 1067 quacumque
862 1001 900 1046 ex
915 1001 986 1048 cau·
1040 989 1117 1052 colai
1135 990 1363 1069 brobiepiscopi
1386 991 1540 1068 Rbodien,
1557 990 1694 1052 eiusdem
1716 1005 1788 1052 con·

239 1101 269 1144 sa
291 1083 419 1145 illorum
441 1081 671 1146 ordinationem
692 1093 840 1158 peragere
855 1094 918 1140 non
935 1095 986 1139 va·
1043 1083 1231 1162 gregationis
1252 1085 1407 1147 secretarii
1427 1084 1546 1148 indulta
1574 1091 1604 1146 et
1626 1082 1788 1162 privilegia

242 1176 330 1251 ieret,
354 1175 489 1238 liberum
511 1181 591 1236 esset
611 1173 692 1236 dicto
714 1188 770 1251 pro
794 1180 934 1250 tempore
956 1185 987 1232 e·
1042 1195 1058 1238 a
1071 1185 1242 1239 memorato
1258 1177 1420 1240 Clemente
1433 1179 1668 1257 praedecessore
1679 1176 1792 1240 Sinen-

241 1269 367 1332 xistenti
389 1269 511 1346 collegii
533 1267 679 1347 praedicti
700 1265 853 1344 superiori
869 1263 937 1326 illos
951 1263 987 1324 ad
1043 1271 1125 1334 sibus
1147 1281 1177 1334 er
1198 1270 1281 1334 indis
1306 1271 1516 1348 collegialibus
1541 1270 1662 1346 collegii
1686 1271 1793 1333 buius-

241 1377 472 1443 qusmeumque
503 1360 689 1424 catholicum
713 1359 893 1422 dntislilem
921 1374 987 1435 gra·
1044 1367 1127 1430 modi
1155 1365 1343 1444 suscipiendi
1374 1366 1555 1444 praesertim
1581 1364 1736 1437 minores,
1759 1370 1791 1424 et

215 1536 218 1544 ,
243 1457 314 1520 tiam
344 1463 375 1518 et
402 1455 659 1518 communionem
686 1451 877 1532 supradictae
902 1451 988 1515 Sedis
1043 1476 1142 1522 sacros
1163 1459 1293 1522 Ordines
1315 1465 1401 1520 extra
1429 1467 1566 1536 tempora
1588 1457 1700 1536 absque
1722 1457 1791 1518 lite-

242 1549 408 1611 babentem
430 1565 485 1628 pro
507 1546 668 1609 ordinibus
692 1546 894 1625 suscipiendis
915 1546 988 1608 diri·
1046 1553 1118 1614 teris
1146 1551 1401 1614 dimissorialibus
1423 1552 1458 1614 ad
1486 1552 1614 1614 titulum
1638 1549 1793 1612 missionis

241 1657 326 1720 gere,
348 1649 470 1704 servata
485 1641 517 1702 in
533 1639 661 1719 reliquis
682 1640 908 1718 praedictarum
924 1655 990 1704 me·
1015 1626 1017 1703 l
1044 1661 1187 1708 concessa
1215 1647 1250 1708 ad
1273 1653 1408 1707 caeteros
1433 1644 1607 1721 collegiales
1630 1643 1793 1705 memorati

242 1735 352 1798 morati
381 1733 621 1814 praedecessoris
647 1733 810 1796 literarum
824 1732 934 1795 'forma
959 1740 989 1794 et
1045 1737 1166 1815 collegit
1189 1739 1297 1802 sacrus
1318 1739 1464 1801 Familiae
1486 1737 1555 1800 lesu
1571 1736 1685 1800 christi
1707 1745 1793 1798 extra

241 1828 451 1907 dispositione,
468 1837 498 1890 et
513 1827 584 1889 alias
599 1835 692 1906 prout
713 1826 746 1888 in
767 1827 906 1890 eiusdem
924 1827 990 1888 Cle·
1047 1848 1153 1894 muros
1181 1832 1314 1894 civitatis
1346 1831 1536 1910 Neapolitan.
1568 1833 1601 1892 in
1626 1830 1794 1910 provinciis

243 1922 357 1984 mentis
373 1920 614 2000 praedecessoris
630 1919 740 1994 literis,
755 1935 889 1999 quarum
904 1926 990 1980 teno·
1017 1926 1019 2017 l
1046 1925 1184 1988 dominio
1207 1927 1377 1988 Turoarum
1402 1926 1550 2010 subteqtts
1582 1925 1739 2001 ingenitos
1761 1925 1794 1985 in

243 2031 308 2078 rem
331 2015 547 2095 praesentibus
568 2031 622 2094 pro
645 2029 789 2093 expresso
810 2013 916 2075 baberi
938 2029 991 2074 vo·
1017 2032 1020 2105 ξ
1047 2019 1126 2080 dicto
1148 2019 1352 2097 Collegiopro
1369 2026 1509 2098 tempore
1531 2018 1710 2093 existentes,
1726 2031 1795 2080 auc-

243 2110 348 2173 iumus
369 2111 498 2172 uberius
519 2107 712 2172 continetur.
736 2108 775 2170 Et
788 2106 920 2170 subinde
935 2123 991 2169 nos
1018 2150 1020 2163 .
1048 2112 1173 2174 toritate
1192 2112 1354 2189 apostolica
1378 2121 1486 2174 tenore
1500 2111 1711 2190 praesentium
1733 2127 1796 2171 ser·

243 2204 470 2267 monasterium
485 2203 647 2265 Abbatiam
663 2210 872 2279 nuncupatam
888 2199 992 2264 Sancti
1018 2178 1020 2319 Ι
1049 2213 1129 2280 vata,
1153 2205 1184 2266 in
1207 2204 1352 2267 omnibus
1374 2212 1405 2267 et
1427 2221 1481 2284 per
1507 2205 1621 2279 omnia,
1645 2203 1744 2264 forma
1766 2210 1796 2265 et

243 2297 326 2360 Petri
349 2299 387 2360 de
410 2296 497 2359 Eboli
519 2296 704 2359 Salernitan.
735 2296 880 2358 dioecesis
902 2295 993 2358 colle·
1018 2330 1021 2399 t
1048 2297 1246 2376 dispositione
1268 2298 1419 2360 dictarum
1442 2297 1603 2360 literarum
1627 2297 1797 2360 Clementis

244 2393 295 2468 gio
318 2391 497 2454 huiusmodi
525 2390 707 2452 auctoritate
735 2389 899 2468 apostolica
925 2405 992 2468 per·
1049 2392 1270 2471 predecessoris
1303 2391 1501 2454 extendimus
1535 2399 1566 2454 et
1600 2389 1794 2468 ampliamus

244 2491 337 2564 petuo
359 2484 521 2546 univimus
542 2491 573 2546 et
594 2483 873 2562 incorporavimus,
896 2498 993 2544 rescr-
1049 2485 1117 2548 Non
1140 2485 1332 2547 obstantibus
1354 2485 1498 2548 omnibus
1520 2494 1551 2547 et
1569 2483 1703 2561 singuiis
1724 2483 1796 2558 illis,

245 2579 324 2639 vatis
346 2593 438 2656 super
470 2576 553 2640 illins
585 2576 748 2652 iructibus,
777 2577 940 2652 reditibus,
963 2583 993 2638 et
1019 2606 1021 2629 t
1049 2595 1126 2658 quae
1149 2579 1232 2640 idem
1255 2579 1399 2642 Clemens
1421 2575 1750 2656 praedecessor-voluit
1765 2577 1797 2638 in

243 2671 447 2752 proventibus
470 2687 531 2733 una
552 2685 608 2732 seu
629 2669 770 2749 pluribus
791 2669 994 2748 pensionibus
1048 2674 1113 2734 suis
1143 2673 1241 2734 literis
1269 2673 1413 2752 praelatis
1442 2687 1506 2733 non
1534 2672 1674 2746 obstare,
1701 2678 1799 2734 caete·

243 2767 359 2830 annuis
384 2781 484 2844 usque
506 2763 542 2824 ad
563 2778 720 2826 summam
745 2763 994 2842 quingentorum
1019 2700 1022 2853 Ι
1050 2766 1153 2844 risque
1176 2765 1339 2828 contrariis
1361 2765 1622 2843 quibuscumque.

245 2861 430 2922 ducatorum
462 2867 606 2920 monetae
634 2853 746 2934 Regni
768 2856 909 2936 Neapolis
939 2873 994 2935 pro
1020 2858 1023 2929 l
1090 2860 1201 2921 batum
1217 2858 1344 2934 Romae,
1357 2859 1436 2936 apud
1454 2859 1484 2921 S.
1498 2858 1624 2920 blaciam
1638 2857 1797 2932 blaiorem,

246 2968 378 3033 persona
410 2967 464 3013 seu
497 2950 638 3029 personis
670 2965 725 3029 per
747 2965 802 3011 nos
823 2965 878 3012 seu
898 2949 994 3012 domi·
1050 2953 1107 3015 snb
1137 2953 1255 3015 annulo
1277 2951 1449 3026 Piscatoris‚
1479 2951 1529 3014 die
1560 2965 1654 3012 xvrn.
1679 2951 1799 3012 decem-

247 3061 328 3108 num
349 3043 535 3106 Pontificem
561 3059 616 3123 pro
641 3053 779 3123 tempore
806 3043 994 3105 existentem
1052 3049 1113 3111 bris
1139 3045 1460 3126 nnddxnv1.,pontil.
1486 3045 1584 3107 nostri
1610 3060 1692 3107 anno
1714 3061 1756 3105 vr.

246 3137 449 3213 nominanda,
465 3153 520 3199 seu
535 3137 745 3212 nominandis,
761 3152 854 3215 quam
869 3137 995 3214 quidem

247 3233 432 3312 pensionem
447 3247 583 3293 annuam
598 3245 680 3292 anno
696 3245 869 3293 unccxmx.
893 3239 996 3293 aucto·

246 3328 342 3389 ritate
363 3324 527 3404 apostolica
548 3326 583 3388 ad
605 3324 743 3386 savorem
774 3324 845 3388 dicti
868 3323 995 3401 collegii

247 3419 434 3494 delevimus,
466 3420 523 3480 boc
546 3426 649 3479 tamen
679 3419 795 3481 adiecto
827 3434 937 3494 onere,
961 3423 997 3480 ut

247 3515 367 3576 adicto
396 3511 535 3590 collegio
564 3517 685 3590 praeter
712 3522 898 3574 memoratos
926 3512 998 3574 cbi·
1339 3516 1519 3582 Lxxxtlss.

248 3623 363 3670 nenses
385 3616 415 3668 et
443 3607 533 3668 Indos
555 3614 623 3668 octo
655 3606 744 3685 pueri
766 3606 799 3667 in
830 3605 998 3684 prouinciis

247 3701 388 3764 dominio
410 3700 580 3762 Turcarum
614 3700 745 3776 ingeniti
770 3699 803 3760 in
825 3698 998 3776 collegiales
1053 3707 1128 3769 Iure
1150 3705 1185 3767 in
1212 3705 1334 3783 spriada
1364 3703 1547 3768 Zanrosciaa
1576 3701 1801 3780 austerorum

247 3811 373 3876 semper
401 3795 618 3871 reciperentur
639 3801 670 3854 et
691 3791 944 3865 admitterentur,
968 3799 998 3855 et
1092 3801 1219 3862 sancito
1241 3799 1500 3878 cteusPonlt'fec
1517 3799 1690 3861 committit
1713 3801 1803 3862 Nun·
1878 3835 1881 3840 ,

247 3889 372 3951 admitti
389 3905 423 3950 ac
443 3887 538 3964 recipi
559 3885 719 3962 deberent,
736 3904 769 3949 ac
789 3888 920 3966 proinde
936 3888 999 3968 ipse
1096 3893 1141 3954 tio
1163 3893 1342 3970 apostolico
1370 3892 1538 3964 Polonioe,
1561 3897 1611 3964 nl,
1641 3893 1803 3953 eveniente

248 3981 411 4044 Ianuarius
432 3979 573 4060 superior
587 3979 746 4043 indultum
766 3981 944 4043 huiusmodi
963 3981 999 4042 ad
1094 3986 1337 4063 Metropolitum
1361 3985 1584 4048 Rutdenorttrn
1612 3993 1725 4058 morte,
1748 3985 1804 4048 nd-

250 4075 392 4138 levorem
414 4075 569 4136 dictorum
597 4071 778 4137 sinensium
800 4081 831 4135 et
852 4074 1000 4136 ludorum
1095 4082 1353 4144 mtxzisrratorem
1364 4079 1632 4156 Metropolitanus
1643 4076 1803 4142 Ecclesiae

249 4183 432 4232 concessum
454 4168 491 4229 ad
512 4165 739 4243 collegialesin
764 4167 902 4230 dominio
924 4167 1000 4228 Tur·
1096 4176 1231 4238 sirtarim
1254 4176 1434 4236 constituat
1457 4173 1511 4253 (t).

251 4285 360 4334 carum
392 4266 547 4344 ingenitos
578 4281 632 4343 per
655 4279 711 4325 nos
737 4262 863 4324 extendi
885 4267 916 4323 et
937 4275 1000 4322 am·
1225 4271 1227 4276 ’

252 4362 342 4443 ptiari
363 4361 534 4440 illliffllffl
557 4356 719 4434 desiderat,
737 4356 1001 4436 1¹0lisstll09l01'011
1057 4360 1227 4430 venarabili
1248 4359 1336 4428 tratri
1360 4357 1393 4425 Α.
1414 4357 1652 4442 drobiepisoopo
1669 4356 1803 4426 llioaees

253 4454 417 4519 humiliter
436 4453 600 4533 supplicari
621 4452 705 4528 iecit,
722 4461 757 4515 ut
774 4451 806 4513 in
828 4450 1002 4530 praemissis
1107 4455 1214 4524 Nuntio
1237 4452 1412 4538 apostolico
1435 4453 1463 4520 ῑῃ
1479 4468 1574 4536 penno
1598 4451 1752 4532 {²010an

253 4556 429 4629 opportune
451 4547 625 4626 providere,
640 4554 672 4609 et
684 4553 719 4608 ut
737 4545 816 4608 inira
838 4544 1002 4620 indulgere

254 4644 291 4706 de
313 4641 508 4718 benignitate
527 4638 693 4718 apostolica
714 4639 927 4716 dignaremur.
1200 4638 1201 4651 ¹
1227 4640 1471 4710 ΒΕΝΕυΙῦῘυδ
1489 4641 1548 4710 ΡΡ,
1564 4639 1634 4709 xlii,

89 4752 235 4806 neritinae.
294 4735 314 4812 ἓ
337 4735 365 4797 2.
389 4733 451 4797 Nos
474 4733 570 4810 igitur
591 4733 692 4812 ipsum
715 4731 893 4795 Ianuarium
913 4745 1003 4810 supe·

76 4805 236 4907 ffl'fflsslss
255 4831 371 4894 riorem
396 4828 577 4908 specialibus
598 4825 754 4888 invoribus
769 4835 799 4888 et
813 4826 919 4903 gratiis
934 4842 1002 4905 pro·
1271 4830 1459 4901 Venerabilis
1481 4829 1590 4911 irater,

77 4915 237 5013 lllllllmll]
253 4926 343 5004 sequi
365 4925 515 4998 v⁰¹0¹¹l0³2
531 4931 562 4983 et
577 4937 592 4981 ³
607 4921 768 4999 quibusvis
788 4921 1004 4983 elwfflffluui·
1091 4929 1218 4997 salutern
1241 4932 1272 4995 et
1296 4927 1494 5011 apostoticam
1521 4922 1771 4994 benedictionem.

77 5021 237 5122 lapelee}
255 5017 397 5093 cationis,
426 5016 647 5096 suspensionis,
673 5014 843 5090 interdicti,
876 5015 1004 5094 aliisque

77 5125 135 5170 elau
255 5111 467 5175 ecclesiasticis
487 5109 662 5184 sententiis,
686 5108 823 5171 censuris
845 5116 877 5169 et
896 5108 1003 5186 poenis
1098 5119 1180 5194 Quae
1208 5119 1243 5180 ad
1277 5118 1477 5181 ecclesiarum
1509 5117 1639 5179 istarum
1673 5115 1806 5193 parumn

209 5261 212 5270 -
256 5223 271 5267 0
293 5206 363 5268 iure
378 5203 429 5265 Vel
442 5203 479 5265 00
497 5203 625 5264 0000000
647 5201 755 5281 quavis
776 5202 933 5263 occasione
953 5201 1004 5264 001
1063 5213 1226 5276 utilitatem
1248 5211 1390 5274 conlerre
1412 5219 1550 5290 possunt,
1563 5209 1743 5288 apostolicae
1759 5225 1807 5270 so-

256 5291 447 5374 eausalatis,
468 5297 495 5359 Sl
521 5297 635 5376 quibus
659 5294 893 5374 (lUOfflOdOlibel
916 5296 1004 5356 lssss0·
1062 5305 1229 5368 licitudinis
1244 5314 1275 5368 et
1289 5304 1446 5385 pastoralis
1467 5305 1599 5366 caritatis
1614 5303 1711 5366 officia
1723 5301 1808 5364 nulla

257 5397 347 5460 datus
364 5395 480 5470 existit,
495 5395 531 5456 ad
548 5392 693 5454 effectum
710 5392 921 5469 praesentium
939 5397 1006 5451 tan·
1060 5401 1175 5463 debent
1196 5397 1284 5461 nobis
1305 5397 1503 5460 cunctatione
1524 5397 1687 5458 retardari.

259 5499 328 5553 tum
348 5489 614 5568 consequendum,
633 5485 833 5548 berumserie
846 5483 1005 5546 absolven·
1101 5493 1180 5556 Cum
1203 5492 1375 5554 nominatio
1396 5481 1545 5569 personae
1567 5489 1706 5564 idoneae,
1729 5505 1808 5568 qnae

260 5593 306 5646 les
321 5591 351 5646 el
365 5582 540 5646 absolutum
557 5581 623 5642 f0l0
637 5586 811 5654 censentes,
827 5576 1005 5640 hssiflSmOdi
1061 5586 1228 5649 eveniente
1249 5585 1409 5646 vacatione
1432 5582 1689 5662 metropolitanae
1713 5581 1811 5646 eccle·

259 5677 535 5758 supplicationibus
556 5675 709 5751 inclinati,
739 5675 849 5738 auditis
877 5676 1005 5737 consilio
1060 5679 1121 5741 siae
1143 5677 1374 5752 Rutbenorum,
1397 5693 1503 5740 curam
1525 5685 1555 5738 et
1570 5675 1808 5740 administratio-

261 5778 291 5834 et
311 5773 466 5835 sententia
488 5771 676 5834 venerabilis
691 5770 794 5833 iratris
809 5769 907 5831 nostri
928 5769 1006 5832 lose-
1062 5789 1134 5836 nem
1155 5771 1253 5834 dictae
1274 5770 1419 5833 ecclesiae
1440 5776 1537 5846 gerat,
1554 5768 1590 5831 ad
1607 5785 1662 5831 nos
1678 5775 1708 5830 et
1731 5769 1810 5836 banc

1308 3299 1546 3310 ...n-nam·—

304 5994 333 6050 (1)
348 5991 384 6036 lix
399 5989 474 6035 arob.
490 5993 513 6034 S.
530 5991 606 6046 cong.
623 5987 653 6032 de
668 5989 741 6047 Prop.
757 5988 825 6032 nida.
