4708 6978
363 515 552 570 nn.c.1ato
602 515 660 578 304
711 593 716 598 Ι
757 512 805 632 0‘

424 1687 535 1735 Sanctio.

372 4415 540 4462 Prooemium.

582 660 787 727 concernunt,
803 659 924 716 arctent
943 661 975 716 et
996 653 1140 729 afficiant,
1158 669 1221 716 non
1238 670 1324 716 secus

582 763 615 807 ac
628 746 653 808 si
669 761 777 810 eorum
792 747 963 826 unicuique
977 749 1181 826 personaliter
1203 747 1327 811 intima·

584 847 629 899 tae
642 846 674 900 et
688 839 860 902 notificatae
874 840 1021 917 luissent;
1044 840 1189 920 quodque
1202 857 1325 904 earum·

581 933 651 994 dem
671 933 882 1011 praesentium
908 935 1110 1012 transumptis
1135 935 1201 997 sire
1220 950 1325 998 exem·

581 1025 649 1103 piis,
665 1026 756 1089 etiam
779 1027 946 1105 impressis,
959 1043 1054 1089 manu
1069 1026 1197 1090 alicuius
1213 1027 1324 1090 notarii

582 1118 694 1197 publici
715 1118 905 1197 subscriptis,
929 1127 960 1181 et
981 1119 1083 1196 sigillo
1111 1135 1259 1199 personae
1290 1121 1323 1183 in

581 1211 728 1288 dignitate
750 1211 948 1275 ecclesiastica
969 1212 1154 1275 constitutae
1175 1213 1324 1288 munitis,

581 1303 684 1366 eadem
710 1320 834 1384 prorsus
859 1306 932 1366 fides
957 1304 1138 1368 adhibeatur
1157 1305 1190 1368 in
1211 1306 1325 1368 iudicio

581 1406 611 1461 et
632 1407 717 1461 extra
739 1397 826 1473 iliud,
853 1397 970 1477 ubique
997 1398 1149 1474 iocorum,
1172 1415 1252 1478 quae
1273 1398 1323 1461 ad-

582 1492 741 1554 hiberetur
763 1491 834 1569 ipsis
855 1491 1075 1571 praesentibus,
1098 1493 1123 1554 si
1144 1491 1247 1554 lorent
1272 1507 1326 1554 ex·

581 1585 696 1647 hibitae
715 1585 765 1646 vel
786 1591 939 1646 ostensae.

621 1677 705 1742 Nulli
722 1693 796 1755 ergo
816 1679 947 1740 omuino
961 1678 1126 1740 hominum
1142 1678 1231 1740 liceat
1246 1677 1327 1756 pagi·

583 1789 655 1834 nam
677 1772 756 1836 hauc
777 1779 954 1834 nostrarum
985 1771 1247 1844 confirmationis,
1277 1787 1327 1833 re-

582 1865 779 1945 probationis,
802 1864 1080 1940 condemnationis,
1096 1863 1324 1944 prohibitionis,

580 1958 760 2034 sanctionis,
792 1965 824 2022 et
856 1957 1024 2020 voluntatis
1054 1956 1243 2034 intringere,
1271 1971 1326 2020 seu

580 2053 681 2116 eidem
709 2069 785 2114 ausu
815 2050 979 2115 temerario
1007 2051 1172 2114 contraire.
1203 2048 1326 2130 Siquis

579 2155 685 2208 autem
710 2145 767 2208 hoc
794 2152 946 2207 attentare
967 2145 1224 2224 praesumpserit,
1247 2143 1324 2206 iudi·

580 2239 760 2316 gnationem
780 2237 1001 2315 omnipotentis
1023 2235 1088 2313 Dei,
1111 2254 1144 2299 ac
1159 2236 1216 2299 tta.
1241 2237 1323 2300 Petri

579 2339 610 2394 et
624 2331 709 2394 Pauli
723 2330 942 2409 Apostolorum
958 2329 1025 2392 eius
1038 2346 1071 2392 se
1086 2322 1210 2392 no'verit
1222 2329 1325 2392 incur-

579 2441 699 2488 surum.

619 2521 731 2582 Datum
744 2516 871 2591 Romae,
884 2514 963 2595 apud
980 2517 1009 2578 S.
1022 2515 1149 2578 Mariam
1163 2515 1323 2590 Maiorem,
1350 2484 1352 2595 1

579 2628 661 2675 anuo
688 2610 909 2674 incarnationis
936 2609 1108 2672 dominicae
1126 2625 1321 2683 nucumve,

578 2713 687 2786 quarto
709 2703 855 2766 kalendas
875 2702 1024 2778 octobris,
1049 2701 1246 2782 pontificatus
1268 2718 1323 2765 no·

546 2825 551 2834 ·
579 2799 634 2860 stri
657 2813 739 2861 anno
760 2813 817 2860 vtt.

872 3174 1024 3240 LXXXV.

578 3365 622 3428 iic
644 3365 800 3429 divisione
820 3363 963 3442 disponit
979 3361 1142 3424 territorii
1154 3360 1323 3438 Episcopu-

620 3467 672 3522 ttts
694 3457 856 3521 Fluminis
884 3455 1034 3520 ianuarii
1056 3453 1091 3515 in
1113 3453 1268 3524 Brost‘iic,
1291 3458 1322 3514 ct

617 3571 699 3616 aava
720 3551 877 3613 erectione
900 3548 1154 3626 Episcopatuum
1179 3546 1324 3609 Marian-

617 3643 725 3708 nensis
746 3650 777 3705 ct
799 3642 912 3707 Sancti
937 3641 1056 3714 Paeii;
1078 3655 1132 3702 nec
1148 3655 1211 3700 noa
1230 3655 1321 3716 prcc-

620 3736 809 3802 Iutarcrum
838 3725 1032 3800 Goiusiensis
1059 3739 1089 3795 et
1113 3729 1321 3796 Gaiaboertsis

618 3833 717 3896 etiam
738 3831 775 3892 in
796 3827 940 3892 Bruttiis
961 3826 1016 3908 (l).

740 4009 980 4080 pertentatus
1005 4009 1063 4079 PP.
1089 4008 1158 4076 Xili.

779 4219 864 4266 HOTU
885 4218 1021 4266 anurnio
1043 4217 1114 4264 dac.

616 4391 739 4458 Candor
758 4391 836 4455 lucis
862 4397 1018 4464 aeternae,
1041 4396 1072 4452 et
1100 4390 1203 4466 imago
1229 4387 1320 4451 Boni·

577 4488 646 4550 tatis
667 4485 808 4559 Divinae,
831 4483 1018 4561 Unigenitus
1040 4483 1094 4544 bet
1121 4482 1216 4546 Filius
1237 4482 1320 4544 lesus

576 4580 717 4644 Christus
729 4579 878 4640 Dominus
894 4575 1017 4651 Noster,
1034 4574 1215 4638 illuminans
1229 4575 1320 4637 mira·

576 4673 679 4734 hiliter
700 4672 738 4734 de
759 4669 880 4732 excelso
900 4677 1005 4731 sancto
1020 4683 1076 4731 suo
1091 4668 1238 4747 usquead
1254 4666 1321 4730 lon·

576 4767 730 4843 giuquum
742 4762 854 4826 Orbem
870 4769 1025 4824 terrarum
1039 4761 1196 4823 suscitavit
1210 4760 1243 4822 in
1254 4776 1319 4822 cor·

576 4859 613 4920 de
633 4857 803 4920 charissimi
819 4856 850 4917 iu
866 4855 987 4918 Christo
1002 4854 1057 4916 filii
1079 4854 1177 4916 nostri
1198 4853 1319 4916 loannis

577 4951 634 5012 hoc
656 4949 784 5012 nomine
804 4948 909 5022 Quinti
936 4946 1142 5024 Portugaiiiae
1162 4953 1193 5008 et
1214 4946 1319 5023 bigar-

577 5044 699 5106 biorum
721 5041 811 5118 Regis
833 5040 962 5102 illustris
982 5041 1127 5118 spiritum
1152 5040 1318 5118 sapientiae

575 5145 607 5200 et
629 5135 815 5209 intellectus,
833 5133 870 5196 ad
891 5131 1152 5197 maniiestandum
1174 5132 1319 5210 gentibus

577 5229 728 5306 magnalia
747 5242 902 5306 supernae
915 5227 1040 5289 virtutis
1062 5241 1151 5302 suae,
1174 5227 1209 5290 ad
1232 5241 1320 5288 reve-

577 5325 704 5386 landum
723 5319 903 5383 sedentibus
924 5320 958 5382 in
981 5318 1089 5382 umbra
1111 5319 1231 5393 mortis,
1247 5319 1318 5397 quia

576 5417 641 5494 ipse
661 5423 707 5477 est
735 5413 816 5476 Deus
844 5419 1022 5491 conspector
1053 5412 1265 5486 saeculorum,
1287 5417 1318 5472 et

575 5511 612 5572 ad
633 5507 870 5572 contortandum
891 5505 1039 5568 habentes
1063 5505 1248 5583 mysterium
1269 5504 1318 5566 Fi-

576 5601 637 5677 dei,
659 5602 791 5681 illosque
816 5599 1016 5676 dirigendum
1038 5599 1073 5662 ad
1101 5597 1185 5658 viam
1212 5596 1318 5658 salutis

574 5694 769 5758 ambulantes
790 5694 822 5756 in
845 5692 973 5756 leuitate
994 5690 1137 5753 Nominis
1156 5689 1215 5753 sui.

617 5912 646 5968 (l)
662 5913 698 5956 Ex
713 5909 778 5956 uult.
795 5911 865 5955 Pont.
881 5908 913 5953 de
928 5909 1000 5966 Prop.
1017 5907 1086 5954 Fide.

1105 535 1170 580 tun.
1193 533 1284 580 nour.
1309 532 1348 576 us
1370 531 1399 576 e.
1420 533 1453 596 a.
1477 531 1559 578 raas
1581 533 1601 578 r.

2154 515 2205 571 Au.
2217 522 2244 572 O.
2262 525 2314 580 tttt

1423 655 1484 716 Hoc
1515 670 1589 717 sane
1616 655 1728 734 spiritu
1762 656 1873 718 ductus
1901 657 2028 717 ioannes
2058 655 2124 717 Rex
2152 655 2323 724 §ottrannus

1383 747 1535 829 praelatus
1562 749 1675 810 mentis
1696 763 1768 810 suae
1789 748 1887 810 aciem
1914 748 2067 812 convertit
2087 748 2123 810 ad
2143 720 2324 834 ir¹a⁵e„¹'ffi¹⁰{,³,',g

1383 849 1481 920 partes
1502 841 1662 906 Americae
1681 841 1821 904 dominio
1841 858 1897 905 suo
1919 843 1951 905 iu
1973 848 2125 919 tempora·
2144 822 2323 939 {XXXXXXXX

1383 933 1462 996 libus
1482 933 1643 1010 subiectas,
1655 933 1907 1014 prospiciensque
1921 935 1954 998 iu
1967 934 2125 1012 provincia
2144 929 2269 1030 ggggpssffl
2291 939 2324 984 tn-

1383 1025 1557 1092 Brasiiiensi
1568 1027 1720 1090 Fluminis
1736 1028 1868 1090 ianuarii
1883 1027 2057 1102 dioecesim,
2075 1028 2127 1089 be-
2219 1021 2223 1028 ’

1383 1119 1548 1183 nedicente
1560 1121 1703 1196 Domino,
1717 1138 1771 1201 per
1785 1137 1896 1185 manus
1910 1121 2127 1198 evangelizan-

1383 1213 1460 1275 tium
1482 1229 1596 1276 uomen
1620 1223 1761 1277 sanctum
1783 1215 1849 1278 eius
1869 1232 1885 1276 a
1906 1215 2062 1295 primaeva
2077 1215 2126 1278 sui

1382 1306 1573 1385 episcopatus
1593 1306 1773 1372 fundatione
1788 1324 1826 1370 eo
1841 1307 2046 1384 longitudinis
2056 1323 2128 1386 pro-

1383 1407 1512 1474 tentam,
1529 1408 1563 1463 ut
1585 1418 1600 1462 a
1622 1400 1841 1464 remotioribus
1862 1400 1946 1463 iilius
1967 1399 2042 1463 locis
2057 1416 2127 1478 pre-

1353 1534 1355 1581 ,
1382 1508 1431 1554 ces
1458 1497 1488 1554 et
1516 1492 1662 1571 querelae
1689 1493 1876 1571 populorum
1902 1492 1938 1554 ad
1969 1492 2126 1556 Antistitis

1382 1587 1542 1662 auditum,
1571 1601 1653 1649 anuo
1685 1585 1745 1648 nisi
1768 1593 1936 1660 trausacto,
1959 1589 2126 1664 pervenire

1383 1687 1552 1757 nequeant;
1577 1677 1648 1740 hinc
1670 1679 1859 1753 timendum,
1872 1692 1911 1740 ne
1926 1679 1979 1757 qui
1995 1677 2125 1740 luerunt

1381 1771 1544 1852 aliquando
1577 1772 1738 1846 tenebrae,
1768 1788 1854 1834 nunc
1883 1780 1989 1834 autem
2014 1771 2069 1834 lus
2090 1771 2125 1834 iu
2153 1787 2156 1792 ·

1382 1865 1524 1940 Domino,
1537 1864 1698 1928 ambulent
1720 1865 1896 1942 vigilantes,
1913 1864 2019 1927 utfiiii
2034 1864 2124 1938 lucis,

1380 1964 1411 2019 et
1432 1957 1579 2037 perbona
1594 1973 1686 2036 opera
1700 1966 1814 2021 certam
1828 1975 1916 2022 suam
1931 1959 2125 2022 vocationem

1351 2082 1354 2097 ι
1380 2058 1412 2112 et
1433 2049 1790 2129 eiectionemiacientes3
1812 2052 1865 2114 sed
1886 2069 1994 2114 rursus
2014 2051 2127 2114 abalie-

1352 2102 1354 2197 1
1381 2145 1443 2206 nati
1464 2145 1526 2206 sint
1549 2145 1580 2206 in
1596 2144 1822 2221 contusionem,
1838 2153 1870 2207 et
1883 2144 1955 2208 iacti
1969 2145 2126 2208 abomina-

1350 2206 1353 2332 1
1381 2236 1466 2311 hiies,
1483 2233 1565 2298 turrile¹
1580 2235 1656 2300 illud
1668 2236 1836 2316 prophetae
1850 2238 2016 2300 inducatur
2028 2253 2126 2316 super

1350 2340 1353 2455 1
1379 2345 1446 2392 eos:
1470 2328 1615 2392 Adducti
1634 2335 1713 2392 sunt
1734 2331 1827 2408 cccci
1851 2332 1953 2394 Grec:
1976 2331 2126 2412 Affligen-

1380 2431 1449 2494 tar,
1471 2423 1548 2498 guia
1570 2439 1634 2484 non
1649 2429 1695 2486 est
1706 2423 1752 2484 eis
1767 2423 1896 2496 Pastor,
1912 2423 1972 2486 nisl
1987 2424 2050 2500 ille,
2066 2425 2125 2502 poi

1378 2517 1497 2580 delicta
1512 2532 1576 2578 noa
1590 2515 1751 2592 visitabit,
1764 2517 1942 2594 dispersum
1957 2535 2020 2580 non
2030 2535 2125 2596 puce-

1350 2600 1352 2637 '
1379 2615 1440 2682 ret,
1457 2615 1487 2671 et
1502 2610 1680 2674 contritum
1699 2627 1762 2672 nort
1775 2608 1918 2682 sanabit,
1933 2617 1964 2672 et
1982 2610 2026 2684 id,
2040 2612 2125 2690 guod

1350 2683 1352 2771 1
1377 2703 1449 2784 fiat,
1481 2720 1545 2766 non
1566 2704 1726 2765 enutriet:
1759 2703 1852 2766 Nobis
1879 2713 2039 2784 propterea
2066 2721 2124 2784 per
2156 2719 2323 2786 restiterunt

1379 2797 1526 2860 dilectum
1547 2797 1649 2860 illium
1671 2796 1911 2860 Emmanuelem
1933 2799 2063 2876 Pereyra
2084 2800 2124 2862 de
2142 2773 2207 2870 XXX
2225 2777 2323 2882 ,XXXX

1350 2860 1352 2958 1
1379 2891 1520 2970 Sampaio
1542 2891 1832 2954 commendatorem
1852 2891 1976 2953 Militiae
1998 2891 2124 2954 Domini
2141 2879 2323 2981 Ἦξξξῇξξξξξζ

1350 2964 1352 3027 1
1380 2986 1476 3048 nostri
1496 2986 1564 3047 lesu
1586 2985 1701 3048 Christi
1723 2985 1815 3062 regiis
1835 2984 2012 3048 Lusitaniae
2027 3001 2125 3064 nego-
2142 2943 2254 3032 lenna.
2315 2973 2318 2980 ’

1349 3078 1352 3170 1
1380 3081 1428 3143 tiis
1448 3078 1528 3159 apud
1549 3094 1606 3140 nos
1626 3087 1658 3141 et
1679 3079 1822 3142 Sanctam
1836 3078 1948 3142 Sedem
1970 3080 2126 3160 praeposi-

1349 3204 1351 3256 Ι
1379 3181 1446 3236 tum
1468 3189 1568 3250 nuper
1589 3172 1701 3250 exponi
1722 3171 1805 3248 iecit,
1828 3172 1929 3250 quod,
1951 3173 1978 3234 si
1998 3173 2124 3251 amplis·

1376 3267 1453 3328 sima
1475 3265 1619 3329 dioecesis
1641 3265 1817 3328 huiusmodi
1831 3265 1864 3326 in
1882 3281 1983 3328 unum
2004 3266 2126 3336 alumi<

1378 3361 1426 3424 uis
1447 3357 1580 3421 Ianuarii
1602 3358 1662 3420 iam
1683 3357 1869 3421 existentem
1881 3375 1936 3437 pro
1952 3374 2026 3434 uno,
2042 3366 2072 3422 et
2087 3361 2122 3422 iu

1348 3442 1351 3487 i
1377 3454 1473 3516 alium
1494 3453 1527 3513 in
1548 3448 1652 3514 Sancti
1672 3450 1756 3512 Pauli
1779 3467 1835 3530 pru
1856 3452 1926 3526 aiio,
1941 3469 1975 3514 ac
1996 3453 2029 3514 iu
2051 3453 2124 3515 reii-

1377 3563 1475 3626 quum
1501 3545 1698 3624 Episcopatus
1720 3544 1753 3606 iu
1780 3543 1955 3606 Mariannae
1981 3545 2121 3608 Civitati-

1377 3641 1433 3702 bus
1453 3640 1551 3702 dictae
1571 3637 1736 3712 dioecesis,
1759 3644 1794 3698 ut
1816 3635 1912 3713 inlra,
1942 3638 2121 3716 erigendus,

1347 3744 1350 3819 ;
1377 3747 1432 3810 pro
1463 3731 1583 3810 reliquo
1613 3730 1769 3809 Episcopis
1790 3739 1821 3792 et
1848 3731 2039 3809 Pastoribus;
2063 3748 2122 3796 uec

1347 3822 1349 3837 “
1377 3841 1439 3888 non
1461 3825 1494 3886 in
1510 3839 1605 3886 unam
1618 3839 1712 3903 super
1728 3821 1897 3886 Guiasiensi
1917 3839 1973 3903 pro
1995 3841 2070 3900 uno,
2086 3843 2122 3888 ac

1347 3978 1349 3987 ,
1375 3921 1409 3981 in
1431 3917 1559 3980 alteram
1579 3915 1767 3996 praelaturas
1788 3915 1946 3990 similiter,
1968 3925 2004 3979 ut
2026 3916 2118 3994 inira,

1347 3992 1349 4131 1
1375 4011 1539 4090 erigendas
1550 4025 1643 4088 super
1659 4009 1840 4072 Cuiabaeusi
1862 4011 2024 4074 territuriis
2039 4011 2122 4074 eius-

1347 4136 1349 4193 1
1375 4103 1445 4166 dem
1466 4103 1613 4166 dioecesis
1637 4117 1692 4181 pro
1714 4102 1810 4165 altero
1839 4102 1981 4182 praelatis
2002 4103 2122 4166 divide·

1346 4232 1349 4323 1
1375 4205 1480 4272 retur,
1503 4195 1557 4275 qui
1581 4194 1710 4275 populos
1731 4211 1803 4258 suae
1830 4211 1922 4258 curae
1949 4196 2121 4276 respective

1345 4330 1348 4387 i
1375 4291 1552 4352 commissos
1564 4289 1613 4350 vel
1626 4286 1666 4350 de
1680 4295 1827 4366 potestate
1844 4289 2043 4351 tenebrarum
2058 4289 2120 4352 eri-

1375 4382 1706 4462 perent,perduceutes
1717 4397 1769 4442 eos
1779 4380 1814 4442 ad
1825 4389 2039 4444 coruscantem
2051 4397 2121 4459 gra-

1375 4477 1450 4539 tiam
1475 4475 1605 4537 iuminis
1630 4474 1831 4553 sempiterni;
1855 4473 1906 4536 vel
1934 4477 2120 4538 transcensis

1374 4571 1445 4634 fidei
1467 4569 1652 4633 rudimentis
1680 4568 1841 4632 erudirent
1863 4569 1943 4648 ipsos
1964 4567 1997 4629 in
2019 4568 2119 4648 uperi·

1374 4663 1430 4726 bus
1451 4661 1598 4737 iustitiae,
1621 4679 1667 4737 ea,
1680 4677 1758 4741 quae
1778 4677 1904 4724 sursum
1924 4667 2010 4736 sunt,
2026 4677 2120 4740 quae-

1374 4757 1482 4830 rendo,
1498 4761 1529 4816 et
1543 4770 1590 4830 ea,
1606 4770 1683 4833 quae
1705 4769 1830 4818 sursum
1851 4761 1935 4830 sunt,
1951 4753 2117 4834 sapiend03

1374 4866 1412 4911 ex
1431 4850 1489 4911 hoc
1510 4845 1648 4928 proiecto
1668 4854 1714 4910 tot
1737 4847 1939 4910 incommodis
1961 4845 2116 4926 praelatis

1374 4943 1467 5004 tantis
1487 4943 1663 5004 animarum
1678 4941 1822 5020 periculis
1843 4949 1875 5004 et
1894 4940 2046 5020 spirituali
2067 4955 2119 5002 ea-

1374 5036 1518 5098 rumdem
1548 5033 1699 5114 profectui
1731 5041 1906 5113 opportune
1937 5033 2118 5096 consultum

1374 5127 1464 5191 toret.
2026 5200 2031 5210 ¹

1414 5223 1493 5286 ilaec
1514 5228 1549 5284 ut
1564 5221 1768 5302 percepimus,
1784 5221 1922 5300 primum
1937 5236 2047 5284 manus
2061 5236 2117 5284 no·
2147 5293 2152 5304 ,
2173 5239 2258 5302 sensus
2270 5239 2318 5283 ecn-

1373 5324 1450 5379 stras
1481 5316 1654 5378 levavimus
1682 5314 1716 5375 ad
1744 5317 1888 5378 eumdem
1910 5315 2115 5392 Unigenitum
2134 5292 2211 5340 ²¹⁰⁰¹⁵·

1374 5410 1429 5472 Dei
1459 5409 1588 5484 Filium,
1609 5409 1698 5472 cuius
1729 5407 1827 5482 vices,
1855 5408 1927 5471 iicet
1952 5409 2115 5486 immeriti,

1373 5502 1513 5580 gerimus
1533 5502 1567 5563 in
1595 5502 1702 5574 terris,
1724 5501 1837 5577 gratias
1868 5503 1961 5565 enine
1988 5509 2115 5579 agentes

1344 5534 1347 5652 1
1372 5597 1410 5658 de
1432 5603 1494 5658 tam
1512 5593 1647 5657 ferventi
1662 5594 1789 5673 praelati
1803 5595 1926 5658 ioannis
1940 5595 2032 5674 Regis
2047 5597 2115 5659 cha·

1344 5653 1347 5768 1
1372 5690 1486 5753 nssrmt
1517 5689 1574 5750 unt
1602 5689 1719 5764 nostri,
1747 5688 1803 5749 nin
1832 5705 1909 5751 vere
1929 5689 1961 5750 n
1994 5689 2115 5752 carisio

1342 5827 1609 5840 ...ψ-...μυ-
