4820 6980
998 571 1197 625 BENEch'lUS
1219 573 1284 625 xit.

1839 557 1895 624 773
1945 557 1999 612 An.
2013 559 2043 612 (l.
2063 555 2134 648 ι1749

367 702 502 764 rentur,-
533 691 623 755 nullo
654 693 745 758 mado
776 703 822 758 est
854 694 1110 774 improbandum.

366 790 499 852 Bellotte
520 790 555 853 in
577 788 631 853 lib.
649 791 685 852 de
701 788 832 854 llitibns
856 791 1015 853 Ecclesiae
1029 790 1113 852 Lau·

366 884 519 947 dunensis
541 899 612 964 paq.
636 886 716 955 209,
740 882 800 948 suh
821 899 910 947 num.
934 888 968 955 8,
995 891 1112 964 postea-

1168 697 1222 774 qui
1243 695 1407 759 theatrales
1429 707 1535 763 antus
1557 700 1589 762 in
1617 699 1754 763 ecclesiis
1777 715 1841 763 non
1863 699 1915 763 de·
1933 763 1943 805 ι
1945 705 2010 805 ξιξ
2018 707 2059 805 ¹310
2061 706 2146 806 <iiiii

1168 795 1311 864 testetur,
1334 797 1364 852 et
1385 792 1438 870 qni
1460 791 1672 856 diversitatem
1695 793 1827 871 aliquam
1850 811 1913 858 non
1932 812 2147 860 uostsstamrnsu-

1167 883 1305 960 requiret
1328 883 1411 946 inter
1431 903 1530 950 sacros
1552 888 1706 950 Ecclesiae
1724 896 1755 950 et
1769 889 1913 967 profanos
1932 867 2146 967 ffls’ffifflfi

366 994 458 1056 quam
491 980 529 1042 de
549 979 675 1042 musicis
704 978 921 1041 instrumentis
953 976 1054 1055 ample
1079 992 1112 1037 ac

364 1069 433 1132 inse
460 1072 582 1134 locutus
612 1079 677 1146 est,
706 1085 783 1150 qnae
806 1069 839 1132 in
865 1069 978 1132 divinis
1006 1069 1112 1131 officiis

366 1181 594 1244 nonnunquam
627 1165 830 1240 adhibentur,
856 1171 887 1226 et
914 1169 1111 1244 posteaquam

366 1259 500 1321 ostendit
522 1259 694 1337 antiquitus
716 1259 747 1320 in
770 1255 905 1321 ecclesiis
927 1257 998 1319 asni
1019 1255 1111 1317 mini-

365 1368 415 1414 me
443 1350 555 1427 luisse,
583 1351 704 1414 nullam
732 1350 824 1413 aliam
853 1365 974 1412 causam
996 1348 1111 1410 veteris

364 1445 458 1510 huius
489 1445 606 1521 moris,
638 1445 841 1522 diversaeque
876 1441 1111 1505 consuetudinis

363 1541 459 1604 luisse
480 1541 655 1615 existimat,
678 1551 770 1618 quam
798 1537 1029 1611 necessitatem,
1053 1551 1110 1613 qua

365 1644 433 1696 tnm
455 1633 728 1712 adstringebantnr
752 1630 926 1706 christiani,
948 1636 994 1704 ut,
1012 1625 1110 1706 quoad

365 1729 433 1791 lieri
455 1734 566 1808 posset,
589 1728 771 1790 recederent
802 1723 974 1803 aprolanis
999 1720 1110 1782 ritibus

365 1823 549 1900 gentilium,
571 1820 624 1899 qui
647 1820 679 1880 in
704 1817 849 1891 theatris,
877 1817 910 1878 in
939 1811 1109 1886 conviviis,

365 1917 397 1979 in
419 1915 584 1989 sacrificiis,
597 1911 815 1977 instrumentis
837 1909 962 1971 musicis
983 1904 1111 1968 uteban-

340 2067 342 2072 ,
365 2020 428 2075 tur.
445 2010 585 2073 Proinde
600 2021 799 2087 nequaqnam
813 2005 1110 2066 instrumentorum

364 2108 563 2167 musicarum
583 2102 664 2164 uitia
685 2098 874 2163 uertendum
888 2101 947 2165 est,
964 2091 1044 2172 quad
1058 2107 1110 2170 po-

363 2195 555 2261 sterioribus
584 2198 716 2258 tantum
736 2190 873 2255 sacculis
899 2206 959 2250 usa
983 2187 1029 2248 sit
1053 2185 1111 2248 Ec·

365 2289 462 2353 clesia
482 2289 614 2351 musicis
628 2281 828 2354 cantoribus,
846 2288 877 2343 et
898 2277 1109 2341 musicalibus

366 2383 603 2451 instrumentis,
619 2379 672 2441 sed
694 2377 775 2456 quod
796 2394 816 2439 a
836 2369 1012 2455 gentilibus
1028 2370 1111 2431 eius·

365 2475 450 2538 modi
470 2476 595 2537 musica
617 2475 838 2536 instrumenta
854 2469 890 2528 in
906 2461 1058 2543 turpibus
1073 2479 1111 2525 aa

365 2567 505 2631 sordidis
517 2566 643 2639 usibus,
652 2567 810 2627 nimirum
827 2562 863 2624 in
875 2559 1026 2630 theatris,
1039 2573 1110 2618 con-

365 2663 462 2724 viciis
477 2680 514 2724 ac
528 2661 699 2740 sacrificiis
715 2656 938 2720 consueverint
949 2648 1107 2716 adhiberi.

366 2757 505 2820 Persicus
526 2757 558 2818 in
579 2771 636 2818 suo
650 2759 780 2816 tractatu
803 2751 838 2812 dc
860 2746 977 2811 Divino
998 2751 1030 2807 et
1053 2745 1110 2806 Ec·

366 2850 544 2913 ctesiastico
561 2849 677 2930 Officio,
696 2844 769 2909 dnh.
783 2849 816 2917 5,
840 2860 929 2906 num.
946 2841 979 2911 7,
1003 2840 1045 2902 ita
1067 2838 1109 2899 lo-

365 2943 473 3023 quitur
493 2945 531 3006 de
544 2950 638 3006 cantu
661 2942 793 3018 figurato
807 2940 839 3000 in
855 2936 1007 3000 ecclesiis:
1032 2933 1110 2995 Dico

364 3039 511 3109 secundo,
536 3036 680 3115 quamvis
702 3035 737 3094 in
759 3038 859 3096 cantu
882 3029 1032 3110 organico
1053 3044 1109 3088 scu

362 3132 515 3213 figurato,
537 3129 635 3192 multi
661 3128 783 3208 possint
809 3123 929 3188 abusus
951 3120 1105 3200 obrepere,

363 3227 451 3287 sicut
473 3222 508 3285 in
530 3221 676 3285 amnibus
698 3220 773 3284 aliis
795 3217 1021 3281 ecclesiasticis
1042 3232 1110 3278 cac·

364 3318 516 3380 remaniis
537 3314 678 3389 accidit;
700 3315 805 3392 ipsum
829 3317 935 3375 tamen
950 3326 1008 3388 per
1021 3327 1063 3380 se,
1079 3309 1109 3370 si

364 3409 482 3484 debite,
511 3410 658 3490 religiose
684 3413 715 3470 ct
741 3407 862 3469 decenti
891 3404 1109 3467 moderatione

361 3505 433 3582 fiat,
457 3504 585 3566 licitum
607 3519 685 3573 esse,
708 3517 763 3562 nec
785 3499 852 3562 ullo
874 3499 947 3560 iure
967 3494 1109 3575 prohihi-

364 3601 443 3658 tum.
469 3597 507 3658 Et
527 3595 563 3656 ad
584 3594 658 3657 dub.
683 3610 771 3656 num.
795 3593 814 3654 3
836 3599 933 3667 tenet,
956 3590 1036 3670 qnod
1059 3605 1109 3650 ar-

362 3706 521 3769 eanorum
532 3695 562 3750 ct
576 3686 715 3752 aliarum
728 3688 1022 3748 instrumentorum
1034 3683 1107 3744 uni·

361 3782 495 3846 versatis
516 3799 596 3844 usus
610 3782 646 3842 in
661 3780 781 3842 divinis
803 3779 912 3859 officiis
933 3777 1107 3840 secundum

361 3891 394 3936 se
424 3873 601 3939 laudabitis
628 3880 691 3944 cst,
722 3881 751 3935 et
776 3874 817 3936 ad
843 3873 1107 3950 imperfectorum

361 3968 485 4028 animas
500 3967 541 4030 ad
557 3967 613 4028 net
631 3966 930 4043 contemplationem
944 3962 1107 4026 elevandos

361 4059 452 4122 ualde
473 4061 581 4124 utilis.
606 4059 645 4122 Et
665 4060 792 4139 quidem
813 4075 888 4120 usus
909 4066 1017 4120 cantus
1037 4056 1124 4117 har·-

361 4157 475 4218 manici
497 4173 552 4218 sen
574 4157 710 4234 figurati,
727 4163 757 4218 et
778 4156 970 4217 musicorum
991 4153 1106 4214 instru-

359 4257 541 4312 mentorum
563 4250 593 4312 in
614 4249 723 4324 Missis,
739 4247 894 4327 vesperis,
915 4247 1044 4322 aliisque
1058 4259 1106 4304 ec-

359 4342 535 4405 clesiasticis
556 4341 769 4405 functionibus
783 4342 857 4404 adeo
872 4341 965 4415 longe
985 4353 1107 4416 proces·

359 4436 410 4512 sit,
426 4445 460 4498 ut
475 4437 511 4498 ad
526 4433 725 4513 Paragnaiam
746 4451 846 4513 nsque
860 4433 1022 4510 regionem
1039 4448 1105 4510 per·

359 4529 493 4591 venerit.
505 4529 632 4592 Etenim
644 4544 715 4592 cnm
726 4529 799 4589 novi
812 4527 858 4589 illi
868 4526 972 4589 ddeles
983 4526 1105 4586 Ameri-

358 4625 426 4687 cani
442 4626 590 4705 optimam
605 4625 743 4689 indolem
753 4632 784 4686 et
799 4623 961 4702 ingenium
973 4622 1104 4685 habeant

359 4719 395 4781 ad
417 4719 550 4781 musicos
571 4726 690 4794 cantus,
714 4727 744 4781 ct
764 4720 800 4782 ad
822 4717 962 4795 organica
987 4715 1104 4778 instru-

359 4817 463 4874 menta
484 4811 644 4891 pulsanda,
660 4818 692 4872 et
705 4810 861 4886 facillime,
884 4826 963 4889 quae
984 4809 1019 4872 ad
1035 4823 1103 4870 mn-

358 4904 452 4966 sicam
470 4913 569 4968 artem
584 4906 751 4983 pertinent,
764 4903 918 4982 ediscant3
931 4903 1044 4964 exinde
1054 4917 1103 4962 oc-

358 4997 479 5060 casione
496 5006 580 5077 capta
594 4997 776 5059 htissionarii
795 5012 904 5059 eornm
925 4995 1101 5057 animorum

358 5091 560 5170 propensioni
590 5090 803 5169 obsequendo,
834 5089 890 5169 piis
920 5088 1102 5166 devotisque

357 5183 497 5246 cantibus
519 5183 555 5243 ad
576 5197 628 5244 eos
653 5181 846 5246 deducendos
868 5181 903 5242 ad
932 5180 1046 5243 Christi
1068 5181 1102 5241 li-

357 5277 430 5338 dem
450 5276 498 5338 usi
511 5283 601 5350 sunt3
623 5275 698 5338 adeo
714 5285 749 5338 ut
763 5276 794 5338 in
810 5274 963 5354 praesenti
978 5273 1101 5337 nnllam

356 5367 421 5430 lere
443 5368 621 5442 discrimen,
644 5383 745 5447 neque
766 5367 866 5446 quoad
887 5374 1024 5442 cantum,
1048 5384 1101 5429 ne-

357 5476 418 5538 qne
439 5461 539 5538 quoad
560 5474 663 5534 sonos,
675 5459 708 5519 in
730 5459 827 5521 blissis
842 5466 872 5520 et
888 5458 1032 5537 hesperis
1047 5476 1101 5521 no-

356 5561 491 5615 strarum
520 5553 684 5629 regionum
714 5551 890 5615 stillarum
918 5552 1099 5629 intercedat,

356 5647 443 5709 iuxta
464 5663 510 5723 ea,
527 5662 606 5724 qnae
620 5661 657 5707 er
672 5644 815 5706 veridicis
837 5645 1039 5710 relationibus
1054 5662 1101 5708 re-

355 5741 417 5802 iert
438 5739 538 5802 hbbas
559 5739 705 5802 tiaratori
727 5739 759 5800 in
785 5735 1004 5816 descriptione
1025 5741 1102 5806 ldis·

355 5836 483 5897 sionnm
505 5834 683 5913 Parapnai,
708 5848 775 5911 cap.
801 5834 855 5894 12.

396 5927 465 6006 §d
493 5927 634 6006 Denique
664 5926 801 5989 diximus
829 5925 989 5988 neminem
1016 5942 1099 6003 esse,

1167 991 1349 1039 scaenarum
1376 989 1556 1042 concentus.
1589 980 1724 1044 Celebris
1753 992 1800 1045 est
1829 982 1914 1046 locus

1168 1067 1198 1130 S.
1222 1069 1405 1148 Hieronymi
1431 1070 1546 1134 relatus
1568 1073 1602 1134 in
1632 1090 1703 1136 can.
1736 1071 1914 1140 Cantantes

1167 1159 1243 1222 dist.
1261 1160 1317 1234 92,
1345 1161 1522 1228 Cantantes
1544 1169 1575 1226 et
1598 1166 1768 1244 psallentes
1790 1170 1825 1230 in
1846 1187 1914 1231 cor·

1166 1251 1260 1315 dibus
1281 1254 1398 1318 cestris
1413 1255 1558 1319 Domino.
1580 1259 1727 1322 Audiont
1750 1260 1826 1324 hoec
1840 1263 1914 1324 ado-

1167 1344 1353 1410 lescentuli.-
1382 1350 1524 1412 audiant
1550 1351 1586 1425 ii,
1611 1351 1727 1430 quibus
1753 1353 1912 1432 psallendi

1167 1438 1203 1500 in
1220 1439 1363 1505 Ecclesia
1378 1445 1515 1523 officinm
1530 1453 1587 1509 est.
1604 1447 1667 1508 Deo
1681 1463 1745 1508 non
1761 1465 1842 1521 noce,
1860 1449 1912 1510 sed

1166 1533 1258 1594 corde
1285 1537 1505 1610 cantandum·
1536 1557 1592 1602 nec
1623 1541 1659 1601 in
1688 1542 1912 1622 tragoedorum

1165 1642 1282 1689 marem
1296 1637 1417 1709 puttnr
1430 1637 1462 1692 ct
1476 1635 1587 1713 fauces
1601 1635 1690 1698 dulci
1704 1636 1913 1701 medicamine

1166 1718 1328 1785 liniendae
1348 1731 1438 1796 sunt,
1456 1734 1493 1788 ut
1516 1727 1552 1790 t'n
1569 1728 1711 1792 Ecclesia
1737 1731 1912 1794 theatrales

1165 1815 1290 1876 moduli
1310 1818 1509 1892 audiantur,
1525 1827 1557 1882 ct
1578 1824 1719 1887 cantica.
1744 1825 1840 1888 Cuius
1860 1843 1914 1887 aa·

1165 1909 1307 1971 ctoritate
1327 1911 1537 1976 abutebantur
1558 1915 1615 1991 illi,
1631 1917 1684 1994 qui
1706 1918 1850 1980 audacter
1865 1919 1914 1980 ni-

1166 2001 1224 2063 mis
1245 2017 1340 2066 omne
1361 2020 1460 2083 genas
1481 2016 1589 2071 cantus
1612 2011 1648 2072 ab
1670 2012 1806 2074 ecclesiis
1827 2028 1912 2074 snm-

1166 2096 1284 2156 moreri
1300 2095 1461 2177 volebant3
1483 2101 1534 2163 scd
1552 2101 1683 2166 Sanctus
1699 2106 1832 2167 Thomas
1846 2106 1912 2168 laco

1166 2185 1311 2262 laudato,
1335 2195 1524 2271 respondens
1540 2196 1588 2271 iis,
1601 2212 1679 2275 qnae
1694 2199 1830 2260 secundo
1845 2198 1912 2260 loco

1164 2297 1203 2342 ex
1225 2283 1328 2345 verbis
1350 2284 1382 2346 S.
1406 2286 1546 2349 Doctoris
1566 2303 1639 2349 mor
1661 2289 1759 2352 allatis
1781 2289 1838 2351 sibi
1860 2305 1913 2368 op·

1166 2375 1268 2452 ponit:
1292 2375 1341 2439 Ad
1366 2379 1550 2451 secundnm,
1581 2381 1699 2459 inquit,
1729 2381 1908 2454 dicendum,

1165 2465 1246 2542 qaod
1267 2467 1482 2546 Hieronymus
1496 2488 1561 2532 non
1574 2473 1768 2550 simpliciter
1788 2477 1912 2552 uitupe-

1166 2564 1219 2619 rat
1241 2567 1387 2634 cantum,
1409 2563 1462 2624 scd
1485 2565 1687 2642 reprehendit
1709 2585 1773 2639 eos,
1798 2569 1854 2645 qui
1877 2569 1912 2628 in

1165 2652 1296 2714 ecclesia
1318 2661 1454 2718 cantant
1476 2675 1562 2719 marc
1584 2658 1752 2722 theatrico.
1777 2661 1807 2726 S.
1823 2660 1912 2723 Nice-

1166 2747 1227 2809 tius
1250 2745 1305 2810 lib.
1323 2747 1358 2809 dc
1374 2748 1574 2815 Psotmadiac
1596 2751 1686 2825 bono,
1709 2771 1777 2832 cap.
1794 2757 1825 2830 3,
1846 2763 1868 2817 t.
1890 2759 1907 2815 1

1167 2840 1343 2924 Spicileqii,
1361 2852 1486 2906 cantum
1504 2847 1534 2907 in
1549 2847 1684 2909 ecclesiis
1700 2847 1911 2912 adhibendam

1164 2935 1211 2996 his
1232 2936 1335 2998 serbis
1357 2937 1515 3000 describit:
1542 2937 1644 3002 Sanus
1662 2941 1761 3004 ctiam
1783 2943 1831 3004 ecl
1851 2959 1911 3006 me·

1165 3026 1251 3092 ledia
1266 3031 1465 3094 consentiens
1480 3038 1612 3095 sanctae
1626 3033 1777 3115 religioni
1792 3037 1910 3114 psalla-

1166 3130 1243 3196 tur,·
1264 3139 1327 3184 nan
1348 3141 1428 3202 qnae
1456 3127 1598 3205 tragicas
1627 3127 1835 3209 difficultates
1857 3149 1910 3194 ea-

1165 3217 1289 3292 clamet,
1309 3218 1362 3282 sed
1377 3236 1457 3297 qnae
1471 3221 1506 3283 in
1521 3219 1608 3284 nobis
1629 3241 1735 3286 seram
1757 3226 1911 3291 christia·

1165 3313 1302 3374 nitatem
1332 3315 1545 3387 demonstret;
1576 3333 1639 3378 nan
1672 3335 1752 3396 quae
1783 3321 1908 3399 aliquid

1166 3403 1321 3468 theatrale
1357 3406 1516 3481 redoleat,
1548 3409 1602 3472 sed
1634 3414 1908 3489 compunctionem

1163 3503 1366 3575 peccatoram
1377 3501 1493 3580 saciat.
1506 3502 1609 3564 Patres
1625 3504 1656 3565 in
1670 3505 1817 3569 Toletano
1830 3507 1908 3570 Gon-

1163 3591 1233 3653 cilio
1247 3593 1428 3668 congregati
1442 3612 1473 3656 a.
1487 3611 1631 3672 unsrun,
1645 3605 1708 3659 act.
1719 3599 1751 3670 3,
1765 3615 1832 3676 cap.
1848 3603 1904 3671 11,

1165 3691 1237 3746 tom.
1270 3687 1314 3745 10
1340 3686 1460 3749 collect.
1494 3689 1706 3751 Consiliorum
1738 3691 1906 3769 llardnini,

1162 3788 1359 3858 posteaquam
1381 3780 1469 3859 plura
1492 3782 1587 3843 locuti
1607 3791 1681 3846 sunt
1703 3782 1740 3844 de
1761 3785 1908 3862 qualitate

1162 3881 1269 3936 cantas
1298 3875 1329 3938 in
1359 3875 1493 3938 ecclesiis
1524 3875 1705 3953 adhibendi,
1735 3878 1794 3941 hoc
1815 3881 1908 3941 modo

1162 3968 1367 4033 concludunt:
1393 3969 1452 4031 Sed
1473 3975 1503 4030 et
1524 3967 1609 4031 illud
1630 3971 1771 4032 manime
1796 3989 1908 4036 canen-

1162 4061 1238 4123 dam
1259 4063 1336 4133 crit,
1359 4064 1522 4138 meipsius
1543 4065 1685 4126 musicae
1712 4081 1808 4128 sonus
1830 4068 1907 4144 qnid

1163 4154 1333 4226 theatrale,
1356 4161 1418 4216 aut
1440 4156 1617 4232 impudicos
1639 4173 1797 4231 amoram,
1814 4157 1906 4222 hello-

1161 4264 1294 4326 rutnqne
1326 4247 1475 4311 classicos
1507 4249 1649 4311 modulos
1680 4254 1840 4332 reserens,
1870 4255 1906 4316 in

1161 4339 1221 4402 liei
1243 4339 1397 4404 laudibus
1419 4342 1630 4404 decantandis
1651 4342 1811 4408 imitetur.
1836 4346 1906 4409 Non

1160 4435 1273 4497 desunt
1295 4435 1399 4514 plnres
1420 4433 1534 4496 eruditi
1556 4436 1733 4514 scriptores,
1755 4439 1808 4518 qui
1829 4441 1905 4503 acri·

1160 4535 1208 4589 ter
1228 4527 1475 4608 reprehendunt,
1497 4529 1651 4591 scaenicos
1670 4547 1762 4593 sonos
1783 4540 1814 4594 et
1834 4550 1907 4595 can-

1160 4621 1263 4682 tasin
1285 4621 1419 4683 ecclesiis
1441 4622 1595 4700 patienter
1616 4622 1757 4698 tolerari,
1780 4641 1904 4702 precan-

1160 4721 1287 4792 turque,
1317 4720 1353 4775 ut
1382 4714 1559 4778 huiusmodi
1580 4715 1692 4778 abusus
1712 4717 1749 4778 ab
1770 4718 1905 4781 ecclesiis

1158 4804 1352 4882 ablegentur.
1376 4805 1525 4871 Videatur
1540 4807 1674 4872 Casalins
1696 4809 1732 4870 de
1745 4809 1905 4873 veteribus

1157 4899 1260 4959 sacris
1283 4896 1536 4962 christianorum
1558 4898 1689 4972 ritibus,
1707 4918 1775 4981 cap.
1802 4903 1855 4977 34,
1874 4914 1905 4966 et

1158 4990 1257 5053 hbbas
1271 4990 1447 5054 Ludoricus
1460 4991 1615 5056 Antonius
1629 4994 1777 5059 Muratori
1799 5003 1872 5058 tam.
1885 5001 1903 5058 1

1157 5085 1312 5163 antiquas
1334 5083 1496 5148 Romanae
1512 5087 1693 5168 titurptaa,
1710 5091 1742 5150 in
1758 5090 1904 5153 disserta-

1157 5179 1242 5240 tione
1257 5178 1294 5240 dc
1315 5175 1408 5240 rebus
1431 5177 1609 5258 liturgicis,
1626 5199 1694 5260 cap.
1711 5185 1759 5246 22
1775 5185 1811 5246 in
1829 5185 1902 5264 fine.

1157 5271 1195 5333 Et
1217 5271 1344 5334 tandem
1364 5279 1400 5334 ut
1421 5286 1601 5336 sermonem
1616 5277 1672 5337 hac
1693 5278 1730 5339 de
1752 5293 1786 5338 re
1807 5278 1905 5341 absol·

1156 5378 1277 5440 vamns,
1301 5380 1414 5444 nempe
1435 5367 1472 5428 de
1494 5367 1591 5429 abnsn
1610 5368 1809 5432 theatralium
1832 5386 1904 5433 con·

1156 5464 1307 5519 certunm
1329 5458 1361 5519 in
1384 5457 1531 5533 ecclesiis,
1547 5461 1600 5538 qni
1621 5463 1697 5523 adeo
1717 5477 1773 5539 per
1791 5479 1825 5524 se
1840 5479 1903 5524 ma-

1156 5548 1286 5612 niiestus
1308 5560 1364 5626 est,
1389 5561 1424 5613 ut
1445 5552 1539 5616 nullis
1565 5553 1725 5630 indigeant
1749 5556 1850 5618 verbis
1871 5565 1902 5618 et

1156 5643 1404 5721 probationibas3
1432 5647 1503 5708 satis
1532 5647 1590 5708 erit
1616 5647 1767 5722 indicare,
1793 5663 1902 5710 omnes

1156 5751 1218 5812 eos,
1241 5737 1294 5815 qui
1316 5738 1459 5817 superins
1480 5754 1496 5797 a
1518 5740 1607 5801 nobis
1627 5740 1710 5801 citati
1733 5748 1818 5815 sant,
1835 5747 1901 5802 tan-

1156 5845 1248 5907 quam
1270 5829 1323 5907 qui
1346 5831 1415 5892 usui
1437 5841 1546 5892 cantus
1566 5833 1690 5909 figurati
1711 5849 1766 5896 seu
1780 5834 1903 5895 harmo-

1156 5923 1216 5984 nici
1236 5929 1268 5984 et
1289 5924 1479 5986 musicorum
1501 5925 1786 5988 instrumentorum
1808 5927 1839 5989 in
1855 5943 1901 5996 ec·
