4820 6980
972 568 1068 613 innox
1089 567 1302 613 nunnrcancu
1835 550 1895 614 865

412 699 521 746 eornm
538 682 728 759 tollerantia,
747 683 830 745 iuxta
847 681 988 745 Titulum
1003 683 1105 744 decre·
1131 682 1135 761 l
1222 681 1308 758 gioni
1330 681 1513 745 christianae
1532 683 1569 744 ab
1584 700 1647 746 nno
1663 690 1790 764 parente
1806 681 1914 744 iudaeo

414 777 522 840 talium
546 777 581 838 de
603 777 731 840 Indaeis
754 785 784 838 ct
808 776 990 844 Saracenis,
1009 782 1039 837 et
1054 791 1106 837 an·
1132 772 1134 783 '
1219 773 1257 835 ad
1279 776 1371 837 tidem
1393 791 1558 850 converso,
1583 777 1681 839 invito
1703 777 1800 839 altero
1819 775 1852 838 in
1866 777 1913 838 iu-

414 876 603 932 teressorum
625 869 873 932 constitutiones.
897 867 965 931 446.
1221 866 1338 928 daismo
1370 876 1589 945 permanente,
1620 869 1702 932 idem
1734 869 1821 932 docet
1844 867 1913 929 fieri

350 963 489 1028 cxxlll.
505 962 763 1043 suppressionem
775 962 999 1041 patriarchatus
1012 960 1105 1038 hqui-
1131 1027 1132 1039 χ
1222 975 1309 1032 posse
1322 969 1382 1021 tam
1397 961 1510 1022 abavia
1526 976 1619 1039 quam
1632 961 1749 1036 abavo,
1762 969 1821 1024 etc.
1839 960 1909 1022 474.

414 1057 538 1120 leiensis
551 1057 658 1120 indicit
669 1065 700 1118 et
712 1055 901 1118 erectionem
912 1053 1104 1116 statultdno-
1130 1043 1133 1105 4
1162 1050 1325 1114 CXXXlll.
1344 1053 1601 1129 congregationis
1616 1055 1777 1132 uirginum
1792 1055 1849 1116 sub
1866 1053 1911 1116 in·

411 1168 480 1212 rum
494 1151 812 1228 archiepiscopatuum
828 1146 1032 1208 Utinenst'set
1046 1147 1103 1210 Go·
1130 1115 1132 1217 ξ
1221 1145 1384 1207 vocatione
1407 1145 1565 1208 Societatis
1588 1145 1641 1210 SS.
1659 1148 1766 1210 Cordis
1787 1149 1854 1210 lesu
1878 1147 1910 1208 in

411 1243 568 1312 cirtensis,
593 1259 663 1306 cum
690 1242 871 1320 opportunis
896 1239 1102 1318 dispositioni·
1129 1246 1132 1300 l
1219 1238 1427 1314 patriarchatu
1460 1239 1654 1303 Antiocheno
1688 1241 1911 1304 Maronitarum

413 1337 479 1398 hus,
504 1336 575 1398 649,
1129 1305 1131 1359 ¹
1219 1329 1400 1392 institutum
1415 1331 1527 1404 abolet,
1541 1334 1774 1411 superior-issam
1788 1335 1911 1395 hunam

351 1429 490 1494 CXXIV.
515 1429 745 1505 indulgentiam
771 1427 942 1506 plenariam
970 1426 1102 1502 largitur
1128 1362 1131 1505 Ῐ
1220 1422 1331 1498 hgemi
1352 1425 1388 1486 ad
1407 1424 1490 1485 aliud
1505 1413 1732 1488 monasterium
1749 1425 1910 1488 transferri

412 1523 610 1584 visitantibus
621 1521 757 1584 definitis
772 1521 880 1584 diebus
895 1520 1037 1582 ecclesias
1053 1519 1101 1580 rel
1128 1512 1131 1573 l
1219 1515 1316 1589 hahet,
1339 1533 1372 1578 ac
1395 1517 1536 1579 hoellum
1563 1517 1655 1580 huius
1677 1519 1830 1582 foeminae
1853 1519 1910 1581 mi-

410 1617 542 1678 oratoria
576 1615 841 1677 missionariorum
871 1613 994 1676 Ordinis
1023 1614 1098 1676 llin.
1128 1576 1131 1657 1
1218 1609 1319 1672 racula
1339 1619 1370 1671 et
1384 1612 1580 1674 sanctitatem
1597 1612 1823 1690 praedicantem
1839 1629 1909 1692 pro·

413 1710 677 1786 Camunnorum,
710 1709 862 1784 assignata
894 1725 909 1767 a
940 1708 1101 1784 superiore
1128 1706 1130 1767 ζ
1219 1703 1314 1764 hibet.
1340 1703 1408 1766 487.

410 1804 467 1864 alia
489 1802 616 1864 ecclesia
640 1802 835 1874 mulieribus,
858 1801 911 1862 ubi
932 1802 989 1862 hae
1012 1801 1042 1861 in
1066 1801 1101 1862 il·
1128 1772 1131 1863 l
1158 1796 1323 1860 CXXXlV.
1346 1797 1474 1860 Derceto
1490 1798 1520 1862 S.
1541 1801 1796 1876 congregacionis
1812 1801 1908 1863 relato

411 1897 454 1958 las
476 1896 745 1957 missiouariorum
772 1893 893 1971 ingredi
920 1900 1099 1972 nequeunt,
1128 1902 1130 1933 l
1217 1905 1311 1966 suaper
1338 1890 1439 1954 dubiis
1466 1891 1503 1952 ab
1525 1893 1760 1971 Archiepiscopo
1783 1893 1910 1956 Antiba-

411 2005 505 2068 qnam
528 1989 756 2065 indulgentiam
773 1987 882 2048 iisdem
901 1986 1100 2048 missionariis
1218 1983 1301 2044 reusi
1318 1983 1480 2062 propositis
1495 1985 1572 2047 circa
1590 1986 1667 2047 bona
1682 1986 1818 2049 ecclesiis
1833 1986 1909 2047 olim

412 2092 478 2162 post
499 2083 670 2144 adventum
685 2083 718 2144 in
735 2081 834 2142 locum
850 2081 1006 2142 missionis
1022 2089 1052 2142 et
1068 2081 1100 2140 in
1127 2107 1130 2117 ·
1218 2095 1234 2136 a
1257 2077 1365 2138 furcis
1395 2088 1499 2155 erepta
1522 2087 1552 2140 et
1573 2079 1748 2140 christianis
1770 2079 1906 2154 vendita,

411 2177 541 2239 articulo
564 2176 685 2236 mortis.
709 2175 777 2236 457.
1127 2172 1130 2321 t
1218 2170 1269 2230 vel
1291 2169 1327 2232 ab
1349 2170 1421 2248 ipsis
1437 2181 1593 2249 usurpata,
1611 2173 1746 2234 ostendit
1762 2189 1825 2234 non
1842 2188 1908 2250 pos-

349 2269 471 2333 CXXV.
493 2268 694 2331 lllissionariis
709 2267 831 2330 Ordinis
845 2266 971 2328 Minoris
987 2267 1100 2344 Capnc-
1217 2279 1260 2335 se,
1290 2263 1376 2324 inula
1407 2265 1580 2339 decretum,
1612 2271 1676 2326 tnta
1708 2267 1906 2340 conscientia,

410 2364 552 2424 cinorum
584 2376 729 2422 exercere
759 2360 912 2438 permittit
933 2368 1014 2420 artes
1037 2372 1100 2419 me·
1127 2324 1130 2441 Ι
1218 2357 1360 2418 retineri.
1384 2358 1551 2436 Suspendit
1574 2369 1676 2421 tamen
1692 2359 1843 2422 iudicium
1859 2377 1908 2422 us·

409 2454 529 2517 <ticinae
556 2461 586 2516 et
617 2454 793 2529 chirurgiae
820 2454 852 2513 in
881 2451 954 2513 locis
983 2446 1129 2551 missio-;
1219 2467 1280 2528 que
1301 2451 1337 2511 acl
1359 2452 1506 2514 certiores
1539 2453 1663 2514 notitias
1691 2454 1729 2515 de
1751 2452 1906 2530 periculis,

410 2565 503 2624 num,
536 2547 752 2610 determinatis
784 2556 887 2608 tamen
916 2545 1100 2608 conditioni·
1217 2560 1296 2621 quae
1318 2545 1556 2622 praevidentur3
1581 2545 1708 2607 interim
1731 2547 1909 2622 Congrege-

411 2642 476 2704 bus.
501 2643 570 2704 458.
891 2627 899 2642 ‘
1219 2637 1293 2697 ticni
1326 2637 1562 2714 dispositionem
1593 2639 1688 2700 animi
1710 2641 1756 2701 sui
1779 2640 1908 2717 exponit

351 2736 488 2800 CXXVI.
513 2736 571 2797 Pro
593 2735 749 2797 indiarum
772 2743 802 2795 et
820 2735 1036 2810 Hispaniarum
1053 2749 1099 2794 re·
1217 2731 1413 2794 condonandi
1428 2732 1651 2809 possessoribus
1667 2731 1786 2794 fructus
1803 2749 1906 2810 perce·

411 2831 480 2904 gnis
502 2830 667 2892 confirmat
691 2828 900 2904 indulgentias
922 2843 936 2885 a
959 2828 1097 2905 praedec.
1217 2832 1295 2901 ptos,
1319 2823 1519 2900 permittendi
1549 2825 1773 2900 possessionem
1795 2825 1907 2888 fundo-

409 2921 502 2998 Greg.
528 2921 596 2984 XV.
619 2937 775 2983 concessas
805 2919 948 2983 societati
977 2918 1098 2980 lesuin
1218 2931 1287 2977 rum
1325 2923 1561 2996 retentoresque
1591 2935 1606 2978 a
1639 2919 1776 2982 censuris
1808 2919 1903 2982 absol·

411 3017 549 3076 docendo
570 3015 748 3076 doctrinam
764 3013 971 3078 Christianam
986 3020 1017 3074 et
1030 3029 1099 3074 eam
1126 3010 1128 3065 i
1217 3010 1323 3071 velidi.
1347 3011 1416 3072 483.

409 3109 647 3170 addiscentibus.
672 3106 740 3168 459.
1100 3070 1128 3190 l
1158 3103 1306 3168 CXXXV.
1330 3103 1500 3182 Suppresso
1516 3105 1705 3184 Aquileiensi
1722 3107 1905 3185 patriarcha-

349 3201 501 3265 GXXl'll.
526 3203 590 3266 Sub
606 3199 767 3262 nonnullis
782 3199 937 3273 clausulis,
956 3199 1099 3275 Superio·
1126 3172 1128 3261 l
1217 3205 1250 3259 tu
1272 3204 1303 3256 et
1324 3197 1474 3258 vicariatu
1487 3199 1664 3273 apostolico,
1682 3199 1775 3276 erigit
1792 3211 1905 3262 metro·

408 3297 494 3356 ribus
525 3295 703 3373 provinciae
724 3293 846 3356 Goanae
869 3301 911 3364 et,
936 3293 967 3352 in
990 3292 1099 3352 mortis
1215 3288 1386 3364 politanam
1408 3289 1568 3350 ecclesiam
1590 3291 1810 3353 Goritiensem.
1834 3293 1903 3356 494.

408 3389 549 3462 articulo,
565 3389 658 3450 etiam
673 3385 872 3449 Missionariis
888 3384 955 3448 Soc.
973 3384 1041 3445 lesu
1057 3383 1098 3444 fa·
1156 3381 1320 3444 CXXXVI.
1345 3382 1516 3444 Confirmat
1539 3395 1568 3445 et
1591 3385 1718 3462 ampliat
1733 3388 1906 3448 concessio-

408 3483 556 3544 cultntem
578 3482 719 3542 concedit
739 3479 973 3541 administrandi
996 3478 1100 3541 Sacra·
1216 3491 1271 3536 nes
1294 3476 1464 3538 Clementis
1486 3477 1551 3540 Xll.
1576 3494 1631 3556 pro
1652 3477 1766 3542 Ordine
1786 3479 1906 3542 Eremi·
1991 3507 1996 3520 ·

410 3581 553 3636 mentum
577 3573 843 3635 confirmationis.
861 3571 928 3633 464.
1125 3552 1128 3751 j
1216 3581 1316 3633 tarum
1340 3571 1371 3634 S.
1391 3575 1559 3648 Augustini
1582 3574 1760 3636 Provinciae
1779 3573 1907 3638 Melina·
1949 3573 1952 3579 '

352 3666 516 3731 CXXlllll.
535 3666 752 3744 Superioribus
769 3666 953 3726 missionum
970 3665 1036 3728 Soc.
1055 3663 1099 3726 le·
1216 3681 1285 3725 nae.
1309 3666 1379 3728 506.

407 3779 445 3822 su
467 3761 501 3822 in
518 3759 675 3838 prouincia
690 3758 829 3833 Qultensi
845 3757 994 3831 concedit,
1012 3757 1097 3819 iuxta
1125 3760 1127 3877 J
1157 3756 1333 3821 CXXXVll.
1358 3760 1506 3822 Concedit
1528 3761 1684 3823 Praefecto
1707 3769 1738 3824 et
1760 3761 1797 3825 ll.
1818 3764 1906 3824 Prae·

409 3854 554 3928 modum,
588 3853 766 3914 facultatem
797 3849 974 3912 conferendi
1002 3867 1127 3911 sacra-i
1218 3851 1297 3913 lecto
1330 3853 1486 3914 missionis
1514 3855 1572 3914 PF.
1596 3853 1844 3932 Capuccinorum
1873 3857 1905 3919 iu

409 3954 554 4008 mentum
590 3944 865 4016 Confirmationb,
902 3943 1098 4020 dispensandi
1216 3945 1328 4006 losnlis
1360 3945 1550 4007 Americanis
1586 3947 1762 4009 facultatem
1793 3951 1829 4012 ad
1862 3951 1906 4011 vi-

408 4056 481 4101 cum
503 4039 666 4117 neophytis
688 4055 702 4098 a
725 4036 1018 4115 proclamationibus
1036 4051 1099 4096 ma·
1215 4037 1295 4113 ginti
1308 4053 1407 4098 annos
1422 4037 1904 4117 conferendiConllcntationem,

410 4131 651 4204 trimonialibus,
675 4140 733 4192 etc.
758 4129 825 4191 463.
1124 4120 1127 4277 ¹
1215 4133 1310 4192 etiam
1329 4130 1494 4192 chrismate
1511 4134 1621 4208 reteri,
1638 4133 1663 4194 si
1679 4134 1756 4196 desit
1773 4149 1903 4209 novum,

347 4225 484 4288 CXXlX·
511 4225 668 4302 Episcopis
699 4222 909 4285 Premisliensi
930 4229 961 4284 et
982 4221 1099 4300 Leopo-
1124 4288 1126 4303 ¹
1215 4225 1385 4288 dummodo
1414 4225 1542 4286 interim
1571 4226 1686 4288 ibidem
1708 4243 1769 4288 non
1792 4229 1905 4290 consti-

410 4319 499 4380 liensi
522 4318 649 4381 rutheni
666 4318 746 4379 ritus
762 4316 905 4394 spondet,
921 4333 953 4378 se
969 4331 1097 4376 omnem
1124 4314 1126 4407 l
1216 4323 1343 4378 tuantur
1371 4317 1523 4395 Episcopi,
1548 4317 1610 4394 vel,
1634 4319 1707 4396 ipsis
1736 4320 1903 4398 impeditis,

408 4427 533 4489 operam
549 4414 708 4485 daturum,
727 4418 760 4472 ut
776 4408 1097 4496 transitus'llnthano-
1124 4412 1126 4423 “
1215 4409 1253 4470 de
1274 4424 1386 4471 eornm
1410 4411 1548 4485 licentia,
1572 4411 1648 4472 item
1678 4412 1811 4490 singulis
1832 4413 1905 4474 mis·

408 4521 479 4566 cnm
494 4504 530 4564 ad
547 4503 681 4566 latinum
697 4504 794 4567 ritum
812 4503 1008 4581 impediatur.
1027 4502 1094 4564 466.
1150 4573 1152 4578 ,
1213 4503 1366 4577 sinnariis,
1389 4505 1486 4582 quoad
1518 4504 1623 4566 fideles
1650 4521 1778 4566 suarum
1799 4522 1905 4583 paroe-

346 4597 470 4660 CXXX.
496 4599 610 4659 bltaria
631 4597 753 4660 Ordinis
775 4595 931 4658 lllinorum
954 4597 1098 4659 Conuen-
1213 4598 1331 4658 ciarum
1354 4597 1386 4658 in
1411 4598 1547 4675 periculo
1570 4598 1681 4660 mortis
1703 4600 1902 4676 constitutos,

408 4691 539 4752 tualium
552 4691 583 4753 S.
598 4691 752 4754 francisci
769 4691 800 4752 in
818 4690 953 4751 ecclesiis
966 4697 1027 4750 tam
1040 4689 1098 4750 fra·
1216 4689 1341 4752 tandem
1362 4689 1517 4752 Praefecto
1532 4707 1566 4752 ac
1582 4689 1618 4753 V.
1636 4691 1793 4754 Praefecto
1807 4691 1906 4754 semel

411 4793 606 4861 numquam
619 4781 802 4844 monialium
813 4780 1095 4857 eiusdemOcdinis,
1123 4784 1126 4805 '
1216 4783 1464 4846 benedictionem
1480 4784 1678 4862 apostolicam
1694 4784 1836 4847 fidelibus
1847 4786 1905 4846 im-

406 4874 611 4952 lndulgentlis
632 4875 709 4938 ditat
732 4876 762 4936 in
786 4884 982 4953 perpetuum.
1000 4875 1074 4938 lbid.
1215 4875 1380 4952 pertiendi.
1404 4875 1472 4938 568.

346 4968 482 5031 llXXXl.
508 4969 664 5048 Episcopis
686 4969 718 5029 io
741 4968 835 5029 lndiis
857 4967 1097 5030 occidentalibus
1154 4969 1349 5033 cxxxlllt.
1374 4970 1514 5032 Renovat
1535 4972 1570 5032 ad
1593 4985 1647 5032 nx.
1668 4988 1763 5033 annos
1779 4971 1903 5034 faculta-

357 5123 359 5130 ,
407 5063 546 5126 concedit
569 5078 655 5140 posse
672 5061 817 5124 benoncia
834 5069 864 5123 et
879 5061 976 5122 officia
992 5071 1096 5122 curata
1215 5070 1259 5123 tes
1280 5078 1439 5124 concessas
1462 5071 1524 5125 tam
1546 5064 1787 5141 provincialibus
1803 5064 1904 5128 Socie-

406 5155 613 5218 saecularibus
645 5155 775 5228 clericiS,
808 5170 863 5215 seu
897 5155 1094 5232 presbyteris,
1214 5156 1285 5216 tatis
1319 5155 1398 5226 lesu,
1427 5171 1520 5232 quam
1553 5155 1692 5218 locorum
1721 5155 1901 5231 Ordinariis,

405 5247 560 5323 conferre,
591 5259 622 5312 et
651 5264 713 5309 non
746 5248 848 5310 solum
881 5247 1092 5323 regularibus:
1214 5246 1411 5326 dispensandi
1442 5264 1514 5310 cum
1547 5249 1711 5327 neophytis
1731 5249 1903 5326 lndiarum,

404 5343 568 5404 confirmat
592 5342 713 5418 regulas
736 5343 860 5404 traditas
882 5340 1095 5402 desubiectio-
1217 5340 1410 5420 aliarumque
1441 5342 1640 5404 orientalium
1669 5343 1846 5419 regionum,
1871 5343 1902 5405 in

370 5497 373 5504 ,
407 5452 447 5497 ne
462 5434 656 5512 regularium
670 5451 776 5497 curam
791 5435 965 5494 animarum
982 5431 1097 5494 haben·
1213 5433 1360 5495 omnibus
1387 5435 1667 5510 consanguinitatis
1695 5441 1725 5496 et
1745 5435 1902 5498 affinitatis

407 5531 499 5606 tium,
516 5530 569 5609 qui
588 5529 779 5592 cumulatius
793 5528 925 5589 subsunt
940 5525 1095 5604 superiori
1215 5527 1369 5603 gradibus,
1393 5536 1515 5605 praeter
1536 5527 1794 5606 p1·imum;sanat
1811 5529 1841 5590 in
1858 5545 1903 5590 ra·

406 5624 540 5700 regulari
563 5630 594 5685 et
615 5621 775 5686 Ordinarlo
799 5621 865 5682 loci.
891 5619 958 5682 467.
1212 5620 1279 5682 dice
1299 5616 1584 5682 matrimoniorum
1601 5620 1902 5700 hisceimpedimen-

346 5717 498 5781 GXXXff.
524 5716 722 5780 Confirmatis
738 5713 988 5792 dispositionibus
1004 5713 1096 5776 tradi·
1213 5716 1251 5776 tis
1273 5721 1427 5776 contracta
1450 5713 1488 5775 ob
1510 5715 1772 5792 dispensationem
1795 5714 1832 5775 ab
1853 5715 1902 5776 iis·

407 5810 445 5870 lis
465 5827 520 5872 sua
540 5827 589 5888 ep.
615 5809 777 5871 Postremo
805 5822 920 5876 diense,
950 5807 987 5869 de
1013 5806 1094 5868 obla·
1121 5876 1123 5893 Ι
1211 5809 1282 5870 dem
1304 5823 1447 5869 concessa
1470 5817 1536 5885 post
1559 5809 1711 5885 expiratas
1727 5808 1901 5884 facultates;

408 5904 492 5965 tione
520 5904 646 5966 infantis
677 5903 730 5965 f1lii
754 5901 804 5964 vel
832 5900 1003 5979 impuberis
1023 5900 1094 5962 reli·
1120 5897 1139 5982 ι’
1212 5911 1243 5962 et
1264 5901 1302 5963 ab
1322 5901 1467 5962 omnibus
1485 5901 1624 5963 censuris
1639 5911 1669 5964 et
1686 5901 1791 5979 poenis
1807 5902 1904 5963 eccle·

1706 6025 1742 6054 Η
