4708 6978
316 559 503 617 31131333
557 556 616 620 193
654 586 661 606 ·
2118 552 2170 600 iu·
2188 551 2226 599 Ο·
2255 547 2336 596 174⁰

534 695 616 770 dem,
639 693 782 756 omnium
804 690 1004 756 ecclesiarum
1023 697 1156 752 matrem
1170 696 1202 750 et
1216 704 1280 751 ma-

534 787 674 864 gistram,
698 802 816 866 uosque
838 785 919 864 ipsos
939 799 1100 863 supremas
1120 790 1277 862 pastorum

1058 570 1121 615 ibit.
1144 571 1235 616 Pons.
1260 569 1300 613 DE
1322 570 1350 613 P·
1375 570 1403 614 F·
1430 571 1510 615 PARS
1533 570 1553 613 i.

1375 685 1491 750 Verum
1513 695 1708 767 praeceptam
1729 687 1906 751 huiusmodi
1934 687 2081 750 laetitiam
2102 694 2347 794 obu‘pgesrzcrtrisghrffi

1335 788 1364 844 et
1386 781 1540 844 cumulata
1563 782 1671 858 gaudia
1695 790 1799 844 nostra
1821 780 2028 856 abstulerunt,
2051 788 2083 843 et
2101 801 2346 902 {euzffirissc‘ffsi‘ss

532 879 680 960 principis
711 880 780 942 lesu
812 878 927 941 Christi
949 877 1031 940 31333
1060 876 1092 940 in
1115 877 1206 938 terris
1227 893 1280 954 ge·

532 981 652 1048 rentes,
676 973 796 1051 pietatis
817 971 1092 1050 venerationisque
1113 970 1281 1033 observan-

533 1067 572 1128 tia
594 1073 625 1128 et
652 1063 807 1129 alacritate
837 1063 1017 1144 apostolicas
1045 1070 1165 1124 nostras
1187 1063 1218 1124 in
1240 1063 1279 1124 si-

530 1157 598 1220 mili
621 1159 717 1220 iorma
741 1158 842 1220 brevis
864 1157 968 1218 literas
989 1155 1131 1219 unanimi
1147 1149 1277 1217 consen-

529 1251 617 1312 sione
638 1251 784 1330 amplexi,
806 1250 929 1312 easdem
944 1249 1090 1312 sollicitae
1107 1256 1278 1328 promptae-

530 1359 591 1422 que
622 1344 798 1406 executioni
830 1343 1110 1418 demandaveritis3
1144 1342 1277 1404 debitam

530 1438 693 1513 nimirum,
716 1438 802 1500 nulla
823 1436 1003 1515 interposita
1019 1452 1116 1510 mora,
1133 1434 1277 1498 obedien·

531 1532 607 1593 tiam
628 1538 818 1609 praestantes
833 1545 904 1590 ven.
923 1529 1009 1592 iratri
1025 1527 1145 1591 Simoni
1162 1529 1277 1591 Evodio

531 1625 606 1687 olim
627 1623 864 1704 archiepiscopo
896 1624 1089 1698 damasceno,
1113 1639 1218 1701 quem,
1240 1623 1279 1684 ob

530 1717 652 1780 dissidia
675 1727 705 1780 et
733 1717 895 1779 schismata
928 1716 1063 1778 duorum
1094 1715 1279 1796 patriarcha·

531 1827 602 1874 rum
624 1810 800 1874 antiocheni
823 1810 1045 1889 patriarchatus
1069 1810 1203 1871 nationis
1224 1825 1277 1872 ve·

531 1910 611 1966 strae
633 1904 820 1966 electionem
852 1903 981 1965 uulliter
1011 1902 1121 1965 iactam
1144 1902 1278 1964 irritam-

532 2013 591 2076 que
613 1997 731 2072 oborta,
760 1996 967 2058 Patriaroham
997 2011 1141 2075 suprema
1172 2005 1276 2058 nostra

532 2090 694 2169 apostolica
725 2091 907 2154 auctoritate
934 2105 1160 2152 creaveramus.
1189 2089 1277 2151 Prae-

533 2191 614 2244 terea
637 2190 719 2246 tauta
734 2199 806 2246 cum
821 2199 904 2262 3333,
921 2183 1036 2262 quiete,
1052 2183 1278 2263 tranquillitate

531 2284 624 2356 atque
645 2277 823 2340 animorum
837 2278 1015 2340 sinceritate
1030 2278 1121 2341 illum
1136 2284 1276 2339 vestrum

531 2371 637 2433 virum
657 2387 691 2433 33
712 2370 889 2448 legitimum
919 2371 1113 2450 superiorem
1135 2378 1166 2432 et
1186 2380 1278 2448 caput

530 2465 670 2527 venerati
685 2464 797 2541 inistis,
810 2473 920 2527 utnon
935 2463 1037 2526 solum
1048 2464 1168 2542 publica
1184 2465 1276 2526 etiam

530 2565 595 2621 acta
616 2574 709 2638 super
723 2558 900 2622 huiusmodi
915 2558 1014 2634 cultu,
1032 2558 1189 2637 obsequio,
1206 2559 1277 2622 obe-

432 2733 434 2736 ,
530 2651 647 2715 dieutia
668 2661 700 2714 et
721 2653 921 2716 veneratione
943 2650 1094 2727 coniecta,
1115 2651 1168 2712 sed
1191 2667 1277 2730 prae-

530 2745 609 2808 clara
631 2762 755 2824 quoque
776 2752 896 2808 vestrae
918 2745 1052 2807 laetitiae
1080 2745 1277 2808 universalis·

531 2855 592 2917 que
622 2838 745 2917 plausus
774 2839 863 2916 sigua
889 2839 969 2901 edita
998 2837 1115 2900 luerint
1137 2838 1168 2900 in
1191 2839 1275 2901 obse-

531 2934 641 3011 quium
662 2932 935 3010 reverentiamque
966 2931 1103 2994 eiusdem
1126 2932 1275 3010 Apostoli-

530 3043 582 3088 cae
604 3025 697 3087 huius
728 3025 759 3090 S.
783 3024 880 3099 Sedis,
903 3033 1049 3103 quaeest
1079 3027 1223 3088 columna
1244 3037 1276 3087 et

531 3120 767 3182 firmamentum
788 3116 954 3180 catholicae
975 3119 1059 3193 ildei,
1082 3134 1137 3197 pro
1158 3136 1218 3198 qua
1240 3121 1275 3182 ad

530 3212 717 3290 sauguinem
738 3213 895 3289 vitamque
917 3211 1014 3289 ipsam
1029 3211 1275 3290 profundendam

531 3321 586 3368 vos
606 3311 763 3384 promptos
783 3311 966 3382 paratosque
985 3319 1050 3364 csse
1073 3304 1200 3382 professi
1219 3305 1275 3368 iui-

530 3399 595 3460 stis.
629 3399 758 3475 iusuper
787 3404 893 3474 aperte
923 3395 1129 3473 significastis,
1152 3413 1168 3458 a
1189 3397 1275 3460 vobis

532 3492 595 3572 pari
610 3490 784 3555 obedientia
799 3491 1038 3569 reverentiaque
1049 3498 1192 3570 exceptas
1203 3491 1277 3553 iuis-

529 3601 563 3646 se
583 3581 761 3664 aposiolicas
781 3583 854 3644 alias
876 3589 995 3644 nostras
1018 3583 1049 3644 in
1068 3584 1163 3646 simili
1179 3585 1275 3646 lorma

474 3735 481 3750 ,
530 3677 632 3740 brevis
654 3676 768 3751 literas,
784 3690 917 3755 quarum
932 3674 1103 3737 inviolabili
1118 3676 1274 3754 apostolici

530 3769 716 3834 muniminis
737 3769 905 3847 patrocinio
927 3770 1080 3847 synodum
1101 3771 1274 3849 provincia-

530 3865 592 3928 lem
623 3863 756 3927 uatiouis
787 3869 907 3925 restrae
933 3862 1167 3939 Maronitarum,
1189 3862 1276 3929 Liba-

530 3973 662 4020 nensem
683 3955 807 4032 dictam,
829 3955 1135 4018 confirmaveramus.
1153 3959 1276 4021 Addidi-

529 4053 584 4113 stis
605 4051 739 4130 denique
760 4050 958 4128 spondentes,
978 4050 1091 4126 quoda
1107 4051 1205 4127 vobis,
1221 4052 1274 4130 qui

530 4143 667 4208 laudatae
687 4142 879 4222 apostolicae
909 4141 1002 4204 huius
1033 4143 1161 4205 Sanctae
1188 4143 1274 4206 Sedis

529 4235 798 4316 obsequentissimi
819 4233 887 4310 lilii,
907 4234 1083 4315 nostrisque
1103 4237 1275 4315 apostolicis

529 4329 660 4393 oraculis
681 4329 860 4391 obedientes
881 4343 948 4391 esse
968 4328 1157 4406 gloriamini,
1174 4332 1275 4392 omnis

529 4439 614 4499 cura,
636 4422 796 4500 diligentia
823 4429 915 4502 atque
945 4436 1038 4501 opera
1063 4423 1273 4500 adhiberetur,

530 4526 566 4579 ut
585 4523 699 4580 statuta
725 4517 758 4579 in
781 4516 843 4595 ipsa
873 4515 990 4594 syuodo
1022 4516 1171 4579 libanensi
1202 4532 1274 4580 con-

531 4619 616 4674 tenta
637 4610 842 4688 integerrime
860 4616 1058 4672 servaremur
1073 4619 1166 4690 atque
1179 4609 1274 4673 adim-

529 4701 724 4781 piarentur.-

529 4941 648 4990 censuris
667 4945 693 4988 et
711 4943 801 5000 poenis
820 4943 971 4990 absolvendi
991 4949 1072 5003 acque
1091 4947 1173 4994 etiam
1194 4960 1273 5007 super

529 5020 694 5068 quacumque
711 5010 912 5068 irregularitate
925 5011 958 5057 ob
971 5013 1117 5068 praemissa
1135 5017 1273 5073 quomodo

529 5077 594 5122 111331
602 5079 737 5123 contracta
746 5077 922 5134 dispensandi.
933 5082 1033 5136 ltaque,
1041 5080 1131 5126 dilecti
1141 5081 1198 5138 iiiii,
1208 5095 1273 5140 quos

530 5146 641 5200 paterna
659 5143 772 5189 caritate
792 5145 1001 5202 complectimur,
1020 5147 1161 5194 hortamur
1175 5161 1228 5206 voe,
1244 5152 1273 5196 ut

530 5209 711 5268 unusquisque
724 5210 766 5256 sui
780 5210 857 5256 offleii
871 5213 897 5256 31
911 5211 1015 5258 debitae
1029 5225 1093 5271 erga
1103 5227 1181 5262 suum
1192 5217 1274 5263 Patri·

528 5279 637 5324 archam
651 5278 696 5322 bei
710 5281 736 5322 et
750 5278 913 5334 apostoticae
922 5279 1003 5326 huius
1012 5283 1123 5328 Sanctae
1132 5285 1206 5330 sedis
1216 5297 1274 5342 gra-

529 5347 568 5390 113
581 5343 655 5390 robis
674 5345 765 5391 datum
786 5345 950 5392 obedieutiae
971 5357 1072 5394 memor
1086 5350 1119 5396 ad
1138 5352 1274 5398 13333333

529 5415 609 5468 siras,
622 5411 668 5469 qui
682 5413 808 5469 tauquam
822 5413 1023 5460 amantissimus
1037 5419 1139 5464 Patara
1150 5429 1273 5476 supremo

529 5481 665 5537 pastorum
679 5479 796 5537 principe
811 5483 869 5526 lesu
884 5481 988 5528 Christo
1001 5485 1141 5531 constituti
1152 5487 1273 5534 admone

529 5557 588 5592 mus
602 5551 628 5590 et
642 5555 776 5604 rogamus,
789 5558 863 5592 voces
877 5548 961 5594 veluti
975 5561 989 5594 e
1003 5561 1094 5598 somno
1115 5555 1225 5610 excitus,
1239 5557 1272 5601 ad

529 5625 573 5658 cor
586 5613 674 5658 redire
695 5613 809 5669 festinet,
825 5618 914 5672 atque,
931 5617 1005 5662 nulla
1019 5618 1175 5677 interposita
1190 5632 1272 5678 mora,

529 5691 581 5726 uon
595 5681 680 5726 solum
701 5681 815 5727 salutari
835 5683 997 5739 poenitentia
1018 5687 1273 5745 1333113133,3ιιο31131·-

529 5749 600 5793 tasse
613 5749 783 5805 commiserit,
794 5751 900 5807 expiare
911 5752 1025 5809 student,
1035 5754 1079 5798 sed
1093 5755 1182 5802 debita
1191 5757 1272 5804 eiiam

528 5825 588 5860 cum
602 5815 771 5862 veneratione
785 5821 811 5862 31
825 5817 975 5864 obedientia
988 5831 1066 5866 suum
1076 5833 1219 5879 agnoscens
1229 5828 1273 5871 Pa-

529 5882 683 5940 triaroham,
697 5885 780 5930 eidem
795 5897 852 5932 sese
867 5887 998 5940 subiiciat.
1012 5891 1091 5946 atque
1105 5887 1188 5954 1331333
1202 5891 1274 5938 edita

530 5950 656 5998 mandata
676 5955 703 5996 et
723 5956 861 6011 praecepta
883 5955 966 6002 alacri
989 5959 1162 6014 promptoque
1182 5958 1272 6004 auimo

1334 885 1417 941 tanta
1439 880 1603 942 acerbitate
1625 887 1657 942 et
1685 895 1840 955 moerore,
1863 887 1898 942 ut
1920 893 2082 956 nunquam
2102 915 2171 955 crum
2193 908 2346 954 ,gemam

1334 971 1417 1048 31133,
1434 981 1632 1050 33333333331
1648 973 1794 1050 epistolae
1808 989 1823 1032 a
1838 971 2083 1035 fraternitatibus
2103 960 2341 1009 P²¹il²1¹⁰¹¹³¹⁰¹¹l

1333 1066 1447 1127 vestris
1468 1065 1504 1126 ad
1528 1081 1583 1126 uos
1604 1081 1713 1128 meuse
1734 1066 1807 1128 maii
1828 1067 1901 1128 anni
1920 1082 2080 1129 noccxuv.

1333 1157 1473 1236 proxime
1505 1157 1598 1236 elapsi
1630 1159 1726 1220 datae.
1760 1159 1973 1222 Intelleximus
1995 1160 2081 1222 enim

1334 1250 1429 1329 (quod
1452 1266 1515 1313 non
1536 1252 1605 1314 sine
1635 1253 1749 1314 intimo
1781 1252 1882 1314 cordis
1910 1253 2008 1314 nostri
2030 1251 2083 1314 do·

1334 1343 1399 1406 lore
1421 1342 1603 1424 repetimus)
1625 1361 1678 1406 ros
1701 1345 1741 1406 ita
1763 1345 1800 1406 ab
1821 1345 1959 1407 eiusdem
1985 1343 2084 1407 Simo-

1334 1438 1382 1498 nis
1402 1436 1596 1500 patriarchae
1617 1439 1712 1500 restri
1734 1446 1896 1517 tantopere
1917 1438 2084 1501 331113133-

1333 1530 1461 1605 dientia,
1485 1538 1529 1594 tot
1552 1532 1806 1595 luculentissimis
1825 1533 2012 1594 testimoniis
2027 1533 2082 1612 ipsi

1334 1623 1489 1703 praestita,
1501 1624 1671 1687 subtractos
1683 1641 1762 1700 esse,
1776 1633 1811 1687 ut
1822 1625 1978 1688 Vicarium
1989 1625 2082 1686 etiam

1334 1717 1565 1796 patriarchalem
1589 1717 1673 1780 vobis
1695 1719 1865 1797 elegeritis.
1887 1719 1954 1782 lxuo
1970 1721 2083 1798 episto·

1334 1809 1375 1871 las
1397 1810 1490 1872 etiam
1511 1810 1674 1873 circulares
1690 1813 1837 1874 novimus
1852 1813 1887 1874 ad
1902 1819 2017 1874 vestras
2033 1828 2081 1874 re-

1331 1903 1469 1982 spective
1489 1903 1641 1966 dioeceses
1662 1921 1678 1965 a
1699 1905 1785 1967 vobis
1801 1906 1919 1979 missas,
1936 1921 1991 1984 per
2005 1923 2080 1984 quas

1334 1997 1521 2074 praecipitur
1547 1997 1657 2058 restris
1682 1998 1814 2060 subditis
1836 2000 2081 2077 uniuscuiusque

1333 2091 1492 2165 dioecesis,
1509 2098 1543 2152 ut
1566 2106 1667 2169 neque
1683 2089 1795 2154 laudati
1811 2091 2003 2154 Patriarchae
2018 2091 2080 2153 edi-

1333 2195 1379 2246 313
1400 2195 1432 2246 31
1454 2185 1593 2246 mandata
1626 2183 1787 2262 recipiant,
1811 2199 1913 2264 neque
1941 2185 2079 2248 ecclesia-

1332 2277 1414 2339 sticis
1446 2277 1583 2339 censuris
1605 2277 1728 2355 abipso
1760 2275 1990 2356 quomodolibet
2011 2277 2080 2341 latis

1333 2379 1364 2432 31
1386 2371 1511 2433 inllictis
1533 2377 1669 2448 pareant,
1694 2385 1796 2450 neque
1823 2370 1920 2433 ullam
1941 2373 1978 2434 de
2000 2373 2079 2435 eius-

1332 2465 1402 2526 dem
1435 2464 1625 2526 Patriarchae
1656 2465 1808 2541 dignitate
1837 2474 1868 2527 31
1896 2467 2079 2529 33313311313

1332 2557 1484 2620 rationem
1507 2557 1648 2632 habeant,
1670 2559 1723 2619 sed
1746 2565 1780 2619 ut
1803 2559 1932 2620 nomine
1957 2568 2079 2622 tantum

1334 2651 1538 2714 Patriaroham
1570 2651 1742 2729 appellent:
1773 2659 1866 2731 atque
1893 2653 1950 2715 hoc
1971 2654 2078 2729 etiam,

1333 2753 1366 2808 ut
1388 2745 1578 2824 apostoticae
1609 2744 1682 2806 huic
1704 2745 1734 2808 S.
1759 2745 1831 2808 Sedi
1862 2745 1976 2825 aliquid
1999 2747 2080 2808 def-

1332 2845 1418 2901 ratur
1449 2837 1643 2916 obsequium.
1678 2837 1719 2899 Ea
1741 2847 1868 2916 propter
1900 2839 1963 2900 ausi
1986 2840 2079 2902 etiam

1332 2933 1405 2992 estis
1426 2931 1526 3009 palam
1549 2930 1646 2994 iacere
1668 2931 1788 2994 nullam
1809 2933 1843 2995 ad
1867 2932 1968 3011 ipsum
1983 2933 2080 2995 Patri-

1331 3024 1456 3086 archam
1483 3025 1515 3086 in
1548 3025 1658 3087 vestris
1689 3025 1861 3102 respective
1891 3026 2079 3088 dioecesibus

1331 3117 1548 3179 auctoritatem
1560 3123 1806 3196 potestatemque
1820 3125 1969 3196 spectare,
1981 3117 2078 3181 donec

1333 3225 1475 3288 respousa
1502 3218 1534 3272 et
1561 3213 1702 3272 mandata
1723 3211 1761 3273 ab
1788 3214 1842 3274 hac
1874 3208 1905 3272 S.
1930 3212 2019 3287 Sede,
2041 3211 2077 3272 ad

1331 3318 1422 3380 quam
1455 3303 1590 3365 asseritis
1618 3321 1634 3364 a
1660 3303 1966 3384 robisappellatum
1997 3321 2075 3380 esse,

1332 3397 1411 3458 istuc
1435 3395 1628 3458 advenerint.

1371 3488 1432 3552 Nos
1462 3505 1547 3564 saue,
1581 3491 1842 3568 quemadmodum
1868 3499 1899 3554 et
1925 3492 1958 3553 in
1984 3491 2075 3554 semi·

2128 3517 2279 3564 Salutaris
2294 3530 2322 3564 rr-

1330 3583 1452 3660 publico
1473 3582 1655 3644 consistorio
1676 3593 1781 3646 nostro
1802 3599 1874 3647 cum
1894 3586 2076 3648 venerabili·
2095 3573 2261 3626 prehensio.

1333 3675 1388 3738 bus
1409 3676 1555 3738 iratribus
1576 3677 1689 3738 nostris
1705 3677 1736 3740 S.
1754 3678 1790 3740 ll.
1809 3677 1842 3738 Ε.
1861 3679 2075 3742 cardinalibus

1332 3778 1406 3832 tunc
1428 3771 1576 3848 temporis
1597 3770 1712 3847 habito,
1735 3773 1813 3834 etin
1828 3775 2007 3837 memoratis
2022 3791 2076 3837 no-

1329 3866 1400 3927 stris
1422 3865 1454 3926 iu
1476 3864 1573 3925 iorma
1594 3864 1697 3926 brevis
1725 3865 1822 3928 literis
1849 3869 2076 3932 3331333313-

1330 3957 1478 4020 dieutiam
1500 3959 1772 4037 reverentiamque
1787 3960 1904 4039 prolixa
1919 3977 2076 4027 commen·

1330 4052 1453 4114 datione
1474 4053 1666 4129 prosequuti,
1689 4052 1817 4114 eximias
1843 4055 1937 4116 etiam
1958 4055 2074 4133 laudes,

1330 4145 1440 4223 quibus
1472 4144 1602 4207 Romani
1633 4146 1798 4208 Pontifices
1828 4150 2076 4226 praedecessores

1330 4239 1427 4301 nostri
1443 4239 1602 4300 nationem
1615 4249 1751 4302 vestram
1765 4251 1970 4322 exornarunt,
1985 4253 2076 4321 atque

1330 4333 1413 4394 inter
1435 4339 1479 4394 tot
1501 4331 1651 4408 infideles,
1674 4333 1841 4397 haereticos
1861 4344 1893 4398 et
1907 4338 2075 4400 schismati·

1329 4441 1380 4486 cos
1400 4425 1639 4504 circumquaque
1667 4428 1862 4498 considentes
1889 4446 1955 4492 esse
1976 4431 2076 4493 veluti

1330 4535 1430 4580 rosam
1452 4520 1536 4581 inter
1555 4523 1658 4598 spinas
1672 4521 1880 4598 celebrarunt,
1896 4523 2031 4587 recolere
2045 4532 2075 4588 et

1329 4625 1445 4686 augere
1476 4625 1540 4672 non
1572 4611 1744 4688 omisimus,
1767 4615 1809 4674 113
1830 4613 2003 4677 incredibili
2023 4617 2074 4678 do·

1330 4703 1393 4765 lore
1415 4713 1507 4782 atque
1534 4705 1663 4768 horrore
1693 4708 1828 4785 perculsi
1849 4709 1881 4771 in
1902 4711 2075 4789 praeseutia

1514 4865 1567 4873 —-

1327 4951 1420 5008 exequi
1433 4953 1517 4996 curet.
1533 4952 1572 4996 lta
1586 4949 1657 4994 eninr
1667 4951 1694 4995 et
1706 4953 1823 4996 nostram
1833 4953 1913 5009 atque
1924 4952 2004 4999 huius
2014 4957 2075 5000 sau-

1326 5021 1384 5064 3133
1399 5017 1472 5062 Sedis
1486 5017 1603 5074 gratiam
1617 5017 1872 5064 benenevolentiam
1886 5020 1971 5076 magis
1983 5021 2075 5078 magis·

1326 5097 1376 5142 que
1390 5085 1464 5130 vobis
1478 5085 1597 5142 polliceri
1607 5087 1633 5130 31
1643 5085 1793 5130 uberiorem
1804 5096 1820 5132 a
1830 5087 2073 5134 misericordiarum

1326 5153 1402 5208 33133
1416 5154 1442 5197 31
1457 5153 1540 5198 totius
1554 5151 1740 5198 consolationis
1754 5155 1806 5198 Deo
1821 5154 1975 5200 caelestium
1986 5166 2074 5201 mune·

1326 5229 1386 5264 rum
1408 5219 1509 5277 copiam
1531 5219 1604 5266 vobis
1625 5220 1772 5277 promereri
1791 5221 1907 5276 potestis.
1923 5223 2027 5269 Interea
2041 5223 2074 5269 ad

1326 5287 1445 5343 prosperi
1459 5297 1594 5332 successus
1613 5285 1761 5343 auspicium
1776 5287 1857 5342 vobis,
1871 5288 1962 5334 dilecti
1976 5289 2034 5344 11111,
2049 5302 2074 5337 3·

1325 5352 1480 5408 postolicam
1495 5353 1702 5400 benedictionem
1717 5358 1887 5413 peramanter
1896 5357 2071 5414 impertimur.

1327 5419 1453 5466 volumus
1474 5424 1572 5476 autem,
1592 5424 1622 5467 ut
1643 5422 1796 5468 eurumdem
1817 5424 1997 5480 praesentium
2016 5425 2074 5472 lite·

1325 5498 1417 5534 rarum
1438 5489 1622 5547 transumptis,
1641 5501 1688 5534 seu
1707 5490 1842 5546 exemplis,
1865 5501 1944 5537 manu
1960 5491 2073 5538 alicuius

1326 5555 1425 5601 notarii
1444 5555 1542 5612 publici
1564 5556 1729 5613 subscriptis,
1750 5558 1776 5601 ei
1795 5557 1883 5614 sigillo
1904 5569 2031 5616 personae
2045 5559 2073 5604 in

1326 5623 1456 5680 dignitate
1474 5623 1651 5670 ecclesiastica
1667 5625 1828 5670 constitutae
1847 5627 1967 5684 munitis,
1982 5628 2073 5672 eadem

1326 5701 1434 5747 prorsus
1450 5689 1513 5736 fides
1526 5690 1694 5746 adhibeatur,
1709 5703 1776 5748 quae
1792 5691 1963 5739 adhiberetur
1975 5695 2072 5740 eisdem

1326 5758 1519 5815 praesentibus,
1533 5757 1657 5804 silerent
1671 5759 1804 5806 exhibitae
1819 5761 1859 5807 rel
1872 5764 2000 5808 ostensae.

1365 5827 1460 5870 Datum
1482 5829 1589 5882 11311133,
1610 5826 1679 5883 333131
1702 5830 1724 5872 S.
1742 5828 1852 5875 blaciam
1876 5829 2010 5886 Maiorem,
2025 5831 2073 5877 sub

1325 5892 1424 5938 33111313
1441 5891 1649 5947 3133313313313
1667 5893 1787 5940 3333113111
1804 5897 2074 5954 3333333131.,3331111-

1325 5963 1400 6006 catus
1414 5959 1583 6008 3331313333
1597 5971 1632 6008 vr.
