4838 6982
2157 540 2211 594 An.
2224 543 2253 595 d.
2273 545 2330 598 libi

357 554 456 608 Aac.
478 554 547 607 1754
595 553 654 616 572
1100 570 1164 618 ιυυ.
1189 571 1278 617 roivv.
1304 571 1342 614 ne
1365 571 1393 614 r.
1418 571 1447 615 v.
1472 571 1553 616 raris
1576 569 1596 613 i.

575 687 836 752 confraternitatis
858 689 890 752 iia
905 691 1023 754 duobus
1038 691 1112 754 anni
1128 691 1247 765 diebus,
1264 705 1319 769 per
1345 693 1348 795 l
1376 705 1462 752 mum
1474 689 1683 754 Eucharistiae
1694 691 1927 753 Sacramentum
1942 694 2081 760 sumant,
2096 691 2127 789 et

576 781 744 951 flltllt
767 782 1247 954 tltftlftltldflltftt
1269 799 1320 936 ll.
1346 800 1348 887 l
1375 782 2129 956 tillttlftftltlll'lttltltlt

743 922 751 950 ι
974 923 979 935 l
1115 925 1120 934 “
1426 922 1434 950 ι
2019 919 2025 934 ’

576 982 679 1028 casum
700 967 772 1029 solis
792 967 914 1030 dierum
929 968 1104 1032 huiusmodi
1119 967 1253 1046 singulis
1266 982 1319 1028 an·
1346 894 1349 1091 ἶ
1375 969 1569 1048 tiescumque
1589 979 1692 1033 autem
1715 973 1853 1034 eiusdem
1873 968 2127 1048 congregationis

577 1059 624 1119 iiis
646 1060 756 1120 devote
778 1060 986 1137 visitaverint,
1002 1071 1034 1124 et
1055 1062 1095 1123 ibi
1111 1078 1167 1142 pro
1180 1060 1319 1123 christia·
1347 1094 1349 1151 υ
1374 1078 1428 1122 seii
1451 1061 1712 1126 confraternitatis
1740 1063 1910 1143 praefectus
1931 1081 1985 1126 seii
2008 1071 2126 1138 rector,

577 1167 690 1214 norum
704 1151 884 1233 Principum
898 1157 1071 1229 concordia,
1091 1155 1254 1218 haeresum
1269 1169 1319 1215 eir·
1346 1204 1349 1313 1

577 1246 617 1306 tir
639 1246 742 1308 atione
763 1255 793 1310 ct
814 1247 943 1311 Sanctae
957 1249 1060 1312 llatris
1076 1247 1226 1310 Ecclesiae
1242 1246 1321 1308 eral-

577 1259 692 1400 tatPone
723 1339 786 1420 pias
807 1342 842 1404 ad
875 1341 974 1403 Deum
1004 1357 1110 1420 preces
1140 1339 1318 1414 effuderint,
1375 1340 1547 1416 sitaverint,
1571 1357 1686 1422 eosque
1702 1344 1913 1422 spiritualibus
1929 1344 2069 1418 monitis,
2085 1343 2129 1403 si-

577 1430 747 1536 plenariam
763 1433 1320 1538 omnium'peccatorumsuorumiri-
1347 1504 1349 1552 Ι
1377 1432 1470 1492 vead
1493 1434 1675 1496 morborum
1697 1437 1889 1498 incommoda
1910 1437 2063 1515 patienter
2081 1444 2129 1496 to·

576 1525 769 1603 dulgentiam
791 1536 822 1590 et
843 1529 1059 1590 remissionem
1081 1525 1321 1590 misericorditer
1347 1559 1349 1573 ·
1376 1525 1511 1602 leranrla,
1533 1530 1599 1591 sive
1622 1532 1656 1592 ad
1680 1539 1813 1593 mortem
1835 1531 1872 1593 dc
1888 1548 1982 1593 manu
1999 1531 2127 1593 Domini

577 1621 609 1682 in
631 1621 762 1683 Domino
784 1622 991 1684 concedimus.
1020 1621 1090 1683 lusti
1114 1635 1148 1681 er
1176 1618 1320 1680 omnibus
1377 1627 1436 1680 tam
1463 1636 1533 1682 uam
1585 1625 1677 1687 eccati
1708 1626 1746 1685 sti
1769 1625 1898 1688 eiiilium
1920 1625 2055 1687 libenter
2077 1641 2127 1684 ac-

576 1724 608 1775 et
621 1714 754 1792 singulis
770 1714 1038 1789 Christifidelibus,
1050 1637 1229 1792 quipdictam
1242 1713 1319 1774 Gon·
1347 1684 1349 1740 ¹
1376 1637 1802 1792 ceptsalmrtamladiuverinizt
1816 1734 1919 1780 coram
1933 1719 2033 1796 aliqua
2044 1719 2128 1780 Cru-

600 1825 632 1870 re
655 1808 792 1870 ationem
819 1823 875 1870 seu
904 1807 1197 1871 confraternitatem
1224 1807 1321 1882 impo-
1377 1808 1459 1868 citivi
1482 1809 1648 1872 Salvatoris
1669 1811 1770 1873 Nostri
1794 1813 1852 1872 ima
1879 1813 1929 1874 ine
1948 1818 1994 1873 tei·
2011 1811 2126 1873 saltem

577 1823 696 1964 sgtergum
717 1902 946 1979 ingredientur,
969 1905 1018 1966 die
1032 1905 1134 1982 primo
1150 1917 1259 1964 eorum
1275 1901 1320 1962 in·
1376 1903 1548 1964 orationem
1571 1904 1756 1966 dominicam
1778 1912 1809 1966 et
1830 1827 2046 1966 suffocationem
2069 1881 2127 1964 an-

1375 1154 1491 1231 aliique
1520 1157 1690 1218 sacerdotes
1722 1158 1900 1234 cougregati
1924 1152 1959 1218 ad
1982 1157 2127 1218 infirmo-

1377 1263 1444 1308 rum
1458 1264 1563 1310 curam
1578 1250 1724 1327 deputati,
1737 1251 1878 1313 infirmos
1892 1250 2063 1313 confratres
2079 1248 2129 1309 vi-

576 2009 711 2072 gressus,
723 1995 747 2055 si
763 2013 837 2056 vere
851 1999 1047 2075 poenitentes
1061 2003 1103 2071 et,
1116 1995 1258 2068 confessi,
1272 2009 1320 2054 eo·

577 2089 646 2150 deni
679 2089 740 2162 die,
763 2088 813 2149 vel
841 2089 919 2150 festo
942 2090 973 2150 iii
1001 2091 1060 2164 die,
1084 2097 1137 2150 aut
1168 2086 1320 2148 dominica

577 2181 755 2243 immediate
776 2182 952 2259 ingressum
973 2181 1151 2245 huiusmodi
1165 2179 1319 2258 sequenti,

577 2272 813 2336 Sanctissimum
822 2278 1030 2339 Eucharistiae
1042 2277 1274 2340 Sacramentum
1289 2272 1319 2334 in

577 2368 714 2443 ecclesia,
739 2369 873 2448 cuppedia
894 2385 948 2431 seu
971 2371 1104 2432 oratorio
1129 2370 1225 2432 dictae
1250 2379 1320 2428 con-

577 2462 776 2540 gregationis,
809 2469 861 2524 θυι
891 2464 961 2525 θιιιυι
993 2463 1194 2541 sumpserint,
1217 2461 1321 2539 plena·

577 2557 673 2634 riam3
697 2572 839 2618 necnon
862 2563 923 2617 tam
952 2557 1123 2635 descriptis,
1151 2570 1244 2635 quam
1265 2570 1320 2633 pro
1347 2512 1350 2649 Ι

579 2658 718 2729 tempore
747 2649 955 2712 describendis
983 2651 1014 2711 in
1044 2651 1120 2711 dicta
1146 2649 1321 2725 Congrega·
1348 2691 1350 2755 ν

578 2743 663 2805 tione
690 2759 745 2804 seii
771 2741 1031 2805 confraternitate
1059 2742 1263 2804 confratribus
1291 2745 1321 2802 et

577 2835 805 2910 consororibus,
831 2835 862 2895 iir
884 2835 1048 2897 cuiuslibet
1071 2851 1183 2897 eorum
1213 2833 1320 2896 mortis

577 2928 720 3004 articulo,
751 2927 776 2988 si
807 2944 881 2990 vere
911 2943 1035 3008 quoque
1065 2929 1260 3006 poenitentes
1290 2933 1321 2989 et

578 3022 719 3096 confessi,
735 3037 767 3083 ac
782 3037 864 3083 sacia
879 3021 1108 3083 communione
1123 3020 1241 3095 reiecti,
1258 3020 1319 3096 vel,

578 3121 732 3194 quatenus
744 3115 772 3176 id
788 3113 886 3176 iacere
901 3115 1113 3192 nequiverint,
1125 3114 1233 3176 saltem
1249 3130 1322 3176 con·
1348 3086 1350 3159 l

579 3207 644 3269 triti
665 3221 780 3269 nomen
801 3205 870 3269 lesu
892 3223 956 3282 ore,
973 3209 997 3268 si
1012 3209 1183 3288 potuerint,
1200 3213 1248 3273 sin
1265 3211 1321 3272 ini·

578 3317 650 3376 nus,
664 3299 755 3362 corde
769 3301 879 3362 devote
902 3301 1127 3376 invocaverint,
1149 3304 1243 3364 etiam
1259 3303 1322 3381 ple-

578 3401 714 3477 nariam;
736 3407 828 3478 atque
843 3399 949 3460 iisdem
966 3415 1050 3460 nunc
1065 3404 1096 3457 et
1110 3412 1165 3474 pro
1181 3406 1320 3479 tempore

577 3499 780 3562 existentibus
802 3498 898 3562 dictae
916 3497 1164 3574 congregationis
1178 3511 1232 3556 seii
1249 3512 1320 3557 con·
1347 3470 1350 3613 ἰ

577 3593 779 3656 fraternitatis
805 3591 1009 3654 confratribus
1035 3591 1127 3652 etiam
1155 3607 1228 3652 vere
1250 3607 1320 3669 poe·
1347 3630 1350 3695 l

1378 1994 1506 2070 gelisam
1529 1995 1612 2057 iuxta
1635 2004 1773 2058 mentem
1796 1997 1925 2062 Sanctae
1946 1997 2050 2060 Matris
2067 1997 2127 2058 Ec·

1377 2088 1485 2149 clasiae
1505 2089 1542 2150 ab
1564 2089 1634 2168 ipsis
1654 2091 1776 2152 recitari
1791 2091 1981 2165 curaverint,
1997 2106 2058 2168 quo
2074 2090 2128 2152 die

1378 2180 1471 2242 iidem
1493 2182 1611 2244 infirmi
1632 2200 1747 2245 sacram
1762 2184 2024 2246 communionem
2039 2199 2128 2256 sum·

1378 2277 1507 2354 pserint,
1530 2287 1564 2338 ut
1592 2278 1664 2354 ipsis
1696 2278 1923 2355 indulgentiam
1954 2277 2125 2357 plenariam

1377 2371 1491 2447 pariter
1512 2369 1662 2448 applicare
1677 2372 1805 2450 possint,
1822 2370 1966 2432 similiter
1982 2370 2128 2447 indulge-

1377 2479 1456 2526 mus.
1479 2464 1603 2538 Quoties
1626 2480 1699 2526 vero
1722 2463 1815 2526 iidem
1840 2464 2010 2526 confratres
2031 2464 2127 2526 coeti·

1378 2558 1433 2620 biis
1455 2565 1522 2618 tum
1545 2557 1684 2636 publicis,
1703 2566 1770 2620 tum
1786 2558 1924 2636 privatis,
1940 2567 1992 2620 aut
2007 2557 2126 2620 divinis

1376 2649 1495 2725 officiis,
1519 2650 1568 2712 vel
1589 2651 1799 2730 spiritualibus
1825 2649 1994 2730 colloquiis,
2018 2658 2049 2712 et
2071 2665 2125 2711 eit·

1377 2744 1602 2805 liortationibus
1633 2744 1732 2804 ubivis
1765 2741 1920 2816 faciendis,
1944 2751 1996 2804 aut
2017 2742 2126 2804 Missae

1378 2835 1533 2900 Sacrificio
1554 2835 1662 2898 diebus
1693 2835 1807 2896 feriatis
1837 2835 2049 2909 interfuerint,
2073 2836 2124 2897 vel

1376 2929 1598 2991 conscientiam
1619 2945 1705 2990 suam
1727 2929 1977 2990 examinaverint
1995 2945 2126 3007 vespere

1377 3029 1542 3100 antequam
1564 3022 1704 3084 cubitum
1726 3029 1809 3096 eant,
1833 3029 1885 3084 aut
1907 3039 2055 3101 pauperes
2071 3023 2126 3084 ho·

1376 3115 1468 3192 spitio
1499 3115 1706 3193 susceperint,
1730 3114 1779 3176 vel
1810 3115 1950 3178 infirmos
1978 3117 2044 3177 sive
2072 3118 2126 3178 de-

1379 3217 1480 3270 tentos
1501 3209 1534 3270 iri
1556 3224 1678 3270 carcere
1709 3209 1916 3280 visitaverint,
1939 3211 1988 3272 vel
2017 3225 2125 3288 pacem

1378 3303 1461 3364 inter
1482 3305 1622 3368 inimicos
1643 3305 1874 3384 composuerint
1901 3321 1956 3366 seu
1978 3305 2124 3382 componi

1378 3396 1520 3472 fecerint,
1544 3399 1593 3460 vel
1623 3399 1877 3478 procuraverint;
1897 3413 2031 3460 necnon
2047 3413 2125 3476 quo·

1378 3495 1435 3552 ties
1456 3508 1581 3571 corpora
1604 3491 1824 3555 defunctorum
1848 3500 1909 3554 tam
1931 3491 2124 3554 confratrum

1377 3602 1471 3665 quam
1502 3586 1634 3648 aliorum
1656 3589 1691 3648 ad
1722 3585 1955 3648 ecclesiasticam
1985 3587 2127 3663 sepultu-

577 3689 761 3761 nitentibus‚
784 3697 815 3750 et
836 3687 980 3749 confessis
1008 3703 1041 3748 ao
1061 3701 1143 3746 sacra
1172 3687 1320 3748 Commu·
1347 3700 1350 3787 q
1377 3699 1443 3745 rain
1473 3684 1623 3764 prosecuti
1656 3682 1784 3755 fuerint,
1807 3690 1859 3743 θυι
1887 3680 2124 3744 Sanctissimum

577 3785 673 3847 niune
693 3783 825 3856 reiectis,
852 3783 1038 3861 saepedictae
1064 3781 1320 3858 congregationis
1347 3790 1350 3867 ι
1378 3779 1586 3842 Eucharistiae
1608 3777 1844 3840 Sacramentum
1866 3783 1927 3836 tam
1951 3776 1982 3837 iii
2002 3791 2122 3854 proces-

576 3876 910 3942 seuGoniraternitatis
924 3875 1127 3937 ecclesiamin
1143 3875 1321 3937 diebusNa-
1348 3876 1350 3929 l
1376 3875 1526 3948 sionibus,
1549 3887 1640 3950 quam
1663 3887 1736 3932 cuin
1757 3872 1792 3932 ad
1816 3871 1967 3946 infirmos,
1983 3877 2036 3932 θυι
2050 3869 2122 3933 alias

578 3972 645 4034 tulis
677 3977 707 4031 et
737 3969 933 4031 ilscoiisionis
965 3968 1086 4029 Domini
1120 3966 1223 4029 Nostri
1253 3969 1321 4030 lesu
1379 3967 1576 4044 ubicumque,
1600 3972 1631 4027 et
1653 3964 1952 4043 quomodocumque,
1969 3980 2023 4042 pro
2045 3971 2121 4026 tem-

578 4065 704 4140 Ghristi,
727 4079 785 4125 nec
806 4078 868 4124 noii
888 4063 1115 4140 Conceptioiiis,
1133 4060 1319 4138 Nativitatis,
1377 4077 1452 4140 pore
1465 4060 1631 4134 deferetur,
1644 4058 1780 4120 comitati
1795 4059 1928 4134 fuerint3
1945 4058 1995 4119 vel
2010 4061 2048 4136 si,
2064 4060 2122 4121 iin-

577 4155 849 4232 hnnuntiationiS,
881 4155 1105 4218 Purificationis
1137 4165 1167 4218 et
1196 4156 1320 4218 hesum·
1347 4184 1349 4201 υ
1378 4155 1488 4234 pediti,
1521 4169 1683 4232 campanae
1704 4152 1792 4229 sigito
1823 4154 1907 4227 dato,
1937 4153 2032 4215 semel
2056 4170 2121 4214 ora-

577 4252 690 4332 ptlonis
711 4250 850 4312 eiusdem
873 4249 906 4310 B.
926 4248 962 4310 v.
980 4249 1018 4311 ill.
1035 4249 1262 4323 immaculatae,
1286 4257 1321 4311 ut
1379 4250 1496 4311 tionem
1517 4247 1703 4309 dominicam
1724 4253 1754 4306 et
1775 4245 1992 4308 salutationem
2006 4246 2123 4323 angeli-

576 4362 680 4424 supra,
696 4342 893 4404 visitantibus
912 4350 943 4404 et
964 4342 1133 4418 orantibus,
1150 4343 1319 4420 plenariam
1348 4342 1350 4423 l
1377 4359 1441 4405 cam
1466 4342 1613 4416 dixerint,
1636 4349 1688 4402 aut
1710 4341 1803 4401 etiam
1825 4340 1991 4418 quinquies
2012 4342 2122 4401 oratio·

578 4437 685 4499 itidem
707 4435 934 4511 indulgentiam
955 4436 1167 4512 concedimus;
1190 4443 1221 4496 et
1241 4437 1322 4498 nihi·
1379 4452 1450 4499 neni
1472 4443 1503 4496 et
1523 4434 1741 4497 salutationem
1757 4435 1877 4496 easdem
1894 4449 1948 4511 pro
1963 4433 2123 4494 animabus

577 4531 714 4592 lominus
736 4528 843 4590 iisdem
859 4527 1066 4590 confratribus
1080 4529 1132 4607 qui
1148 4529 1320 4604 ecclesiam,
1379 4529 1598 4592 defunctorum
1620 4527 1831 4602 recitaverint,
1849 4534 1901 4588 aut
1922 4526 2049 4588 devium
2069 4525 2124 4587 ali-

576 4623 743 4702 cappellam
764 4638 817 4682 seu
837 4622 1007 4684 oratorium
1023 4623 1272 4699 congregationis
1289 4624 1320 4684 in
1378 4637 1473 4702 quem
1494 4622 1530 4682 θυι
1553 4621 1634 4681 viam
1656 4621 1764 4682 salutis
1779 4621 1973 4696 recluserint,
1990 4630 2021 4683 et
2036 4623 2122 4698 igno-

577 4718 687 4779 iisdem
708 4716 826 4790 diebus,
850 4715 883 4776 in
905 4715 1016 4794 quibus
1033 4716 1117 4777 iuxta
1132 4722 1257 4790 statuta,
1275 4732 1321 4778 re-
1348 4724 1350 4761 ι
1379 4722 1481 4777 rantes
1511 4721 1667 4792 praecepta
1694 4714 1758 4790 liei,
1782 4721 1811 4775 et
1833 4730 1865 4776 ea
1888 4731 1966 4792 quae
1987 4715 2020 4774 ad
2043 4716 2123 4777 salu-

578 4810 665 4888 gulas
681 4825 740 4870 seu
768 4809 1008 4871 consuetudines
1038 4807 1226 4870 confratrum
1250 4825 1321 4870 con·
1348 4770 1351 4841 ¹
1380 4819 1443 4871 tem
1458 4815 1542 4883 sunt,
1556 4807 1729 4882 docuerint,
1742 4815 1794 4869 aut
1809 4809 2027 4886 quodcumque
2040 4809 2121 4870 aliud

578 4913 691 4967 ventus
726 4903 829 4966 haberi
860 4903 978 4976 solent,
1012 4900 1143 4964 confessi
1176 4918 1209 4962 ac
1239 4919 1320 4962 sacra
1349 4900 1351 4921 '
1380 4903 1500 4982 pietatis
1523 4901 1570 4962 val
1594 4901 1726 4962 caritatis
1747 4916 1823 4978 opus
1845 4902 2055 4978 exercuerint,
2079 4909 2123 4962 to-

579 4996 807 5061 Communione
822 4994 927 5057 refecti
942 4994 1053 5056 devote
1069 4995 1275 5069 visitaverint,
1291 5005 1322 5056 et
1380 4997 1436 5058 ties
1458 5011 1512 5073 pro
1542 4994 1680 5072 qiiolibot
1708 4993 1915 5072 praelatorum
1943 5011 2071 5073 operum
2094 5013 2123 5058 e-

578 5100 724 5169 utsupra
751 5088 920 5162 oraverint,
943 5087 1114 5166 plenariam
1142 5089 1255 5166 pariter
1276 5089 1321 5149 iii·
1349 5095 1351 5173 l
1379 5089 1508 5150 vercitio
1528 5096 1647 5165 septem
1669 5102 1767 5148 annos
1795 5095 1826 5148 et
1849 5089 1977 5148 totidem
1997 5091 2124 5166 quadra-

578 5184 772 5262 dulgentiam
802 5181 899 5243 semel
928 5188 1049 5243 tantum
1075 5183 1109 5241 ln
1130 5197 1249 5256 mense,
1272 5181 1322 5243 die
1349 5178 1351 5215 l
1379 5197 1473 5258 genas
1494 5180 1531 5241 de
1554 5180 1701 5242 iniunctis
1723 5179 1777 5254 eis,
1801 5195 1855 5240 seu
1870 5180 1941 5240 alias
1957 5183 2124 5259 quomodo·

578 5280 613 5341 ad
636 5276 880 5354 uniuscuiusque
903 5274 1025 5336 libitum
1041 5275 1196 5352 eligendo,
1213 5275 1320 5336 itidem
1349 5277 1351 5315 ¹
1379 5275 1452 5337 libet
1467 5273 1589 5343 debitis,
1603 5273 1803 5350 poenitentiis
1819 5273 1849 5333 in
1866 5272 1964 5333 forma
1980 5273 2125 5336 ecclesiae

577 5370 774 5434 concedimus
796 5375 826 5430 et
847 5367 1058 5447 impertimur.
1083 5369 1180 5442 Quam
1195 5367 1321 5446 quidem
1349 5400 1351 5453 p
1378 5377 1522 5431 consueta
1546 5367 1730 5428 relaxamus.
1753 5367 1832 5441 Quas
1850 5367 1942 5428 etiam
1965 5382 2073 5428 omnes
2094 5375 2124 5428 et

578 5464 805 5541 indulgentiam
836 5461 1004 5541 plenariam
1036 5461 1132 5522 semel
1159 5462 1191 5523 in
1215 5477 1322 5524 mense
1349 5460 1351 5523 l
1378 5461 1516 5538 singulas
1529 5459 1736 5535 indulgentias
1749 5459 1859 5520 lucrari
1872 5459 2123 5538 poteruiitiidem

578 5573 751 5622 concessam
781 5557 826 5618 bis
858 5557 889 5616 iii
917 5571 1000 5617 anno
1030 5555 1142 5618 lucrari
1172 5563 1322 5634 poterunt
1349 5558 1351 5605 l
1378 5554 1546 5617 confratres
1569 5552 1669 5616 ubivis
1691 5552 1829 5614 locorum
1844 5559 2083 5627 commorantes,
2099 5553 2146 5632 si

578 5652 672 5715 iidem
692 5650 873 5726 confratres,
902 5651 994 5711 etiam
1015 5649 1039 5710 si
1062 5649 1232 5724 ecclesiam,
1255 5665 1321 5728 cap·
1349 5644 1351 5683 l
1378 5646 1455 5727 apud
1488 5647 1648 5709 ecclesiam
1679 5647 1860 5706 corumdem
1894 5644 2043 5718 locorum,
2071 5652 2124 5706 θυι

578 5745 691 5823 pellam
705 5761 761 5806 seu
775 5744 946 5805 oratorium
960 5751 1238 5820 saepememoratae
1250 5759 1323 5804 con·
1349 5736 1351 5763 ¹
1378 5743 1460 5815 alibi,
1485 5749 1518 5802 ut
1540 5746 1698 5817 poterunt,
1715 5753 1804 5816 opera
1820 5737 2030 5815 praestabunt,
2046 5754 2124 5815 quae

579 5839 767 5916 gregationis
788 5853 851 5899 iton
874 5836 1079 5911 visitaverint,
1102 5835 1271 5897 dummodo
1292 5853 1320 5896 θ-
1349 5898 1351 5912 ,
1377 5843 1450 5896 sunt
1477 5833 1624 5895 servanda
1647 5831 1683 5890 θυι
1706 5830 1914 5906 indulgentias
1947 5830 2122 5892 huiusmodi

579 5931 643 5995 liud
674 5931 825 6010 templum
854 5930 992 6003 visitent,
1019 5930 1050 5992 in
1079 5945 1139 6008 quo
1163 5927 1322 5991 Sanctissi·
1349 5917 1617 6004 [consequendas.
1646 5921 1859 5997 indulgentias
1887 5929 1992 5982 autem
2019 5922 2125 5982 static-
