4732 7014
70 629 135 683 lui.
153 623 210 672 litt

869 637 1066 683 nunnblcrvrs
1089 636 1152 682 xlv.

240 765 361 834 tempus
388 757 558 832 retinendi,
589 757 712 834 proviso
740 757 878 832 interim,
901 757 981 834 quod

238 850 400 926 negotium
423 849 600 913 huiusmodi
614 868 630 912 a
645 849 721 912 laico
736 849 981 922 administretur,

238 941 406 1020 impetrare
426 952 584 1020 teneatur;
608 945 750 1022 dictaque
771 943 981 1021 congregatio,

76 1064 90 1104 r:
101 1055 122 1098 aa
134 1055 220 1104 nanus
237 1041 291 1100 aul
303 1036 486 1100 Ordinarius
507 1037 578 1113 loci,
601 1038 759 1116 perpensis
785 1038 981 1114 singulorum

67 1110 165 1158 bulliat,
193 1111 219 1144 ac

62 1179 89 1222 pr
107 1164 220 1212 interposi-

235 1145 363 1193 cesuum
385 1129 635 1205 circumstantiis,
652 1131 810 1192 licentiam
827 1131 984 1210 impertia-

62 1229 93 1264 ua
108 1214 149 1258 lid
169 1220 218 1265 per·
238 1233 299 1297 tur,
323 1231 508 1302 tempusque
533 1225 564 1286 in
587 1240 623 1286 eo
644 1227 680 1288 acl
709 1224 791 1286 idem
819 1223 981 1300 negotium

62 1279 125 1316 vonam
136 1272 217 1320 poenae

65 1322 218 1416 frantiam
235 1315 457 1379 dimittendum
480 1318 679 1396 praescribam
700 1327 730 1380 et
745 1320 768 1379 si
786 1318 914 1380 clericus
930 1333 983 1379 ne-

234 1409 356 1484 gotium
385 1410 570 1488 praeiatum,
594 1410 665 1472 licet
685 1427 701 1470 a
723 1411 810 1486 laico,
844 1417 878 1472 ut
899 1426 984 1489 prae-

233 1501 346 1576 iertur,
370 1506 562 1580 institutum,
585 1505 699 1584 absque
727 1505 850 1567 licentia
880 1505 984 1566 innius·

235 1595 319 1657 modi
341 1599 437 1674 gratis
464 1613 586 1677 semper
607 1598 664 1659 sibi
692 1599 909 1676 impertienda,
931 1607 980 1660 aut

233 1691 311 1754 illud
334 1693 415 1755 ultra
438 1701 560 1778 tempus
573 1693 631 1754 sibi
646 1695 830 1772 permissum
848 1693 985 1755 retinue-

232 1787 286 1861 rit,
303 1787 354 1848 vel
378 1788 471 1849 etiam
489 1787 571 1850 intra
586 1795 708 1866 tempus
723 1788 914 1864 praedictum
931 1802 983 1847 ne-

232 1882 355 1958 gotium
379 1897 487 1960 perse
508 1881 609 1960 ipsum
630 1881 907 1954 administraverit,
929 1896 984 1958 pro

233 1975 430 2051 negotiatore
452 1974 560 2037 illicito
583 1975 699 2048 baberi,
717 1973 868 2052 illumque
885 1974 985 2035 omni·

232 2069 290 2129 bus
314 2075 345 2130 et
373 2069 505 2145 siugulis
534 2068 627 2130 etiam
653 2067 742 2144 spolii
772 2068 877 2146 poenis
899 2084 985 2146 prae·

233 2161 304 2223 latis
336 2161 511 2224 subiectum
540 2177 625 2236 esse,
655 2169 743 2222 motu
769 2169 800 2222 et
828 2161 984 2240 potestatis

233 2255 434 2334 plenitudine
455 2255 543 2318 dictis
565 2264 714 2334 perpetuo
729 2254 875 2316 volumus
889 2265 919 2316 et
934 2257 984 2316 de-

233 2349 374 2412 linimus.

105 2447 215 2503 errantia
273 2444 293 2518 ἓ
318 2443 347 2505 3.
373 2445 413 2505 bc
435 2443 573 2517 demum,
597 2459 633 2504 eo
655 2445 737 2520 quod
752 2441 882 2504 iel-rec.
902 2457 986 2519 prae-

78 2509 119 2562 pto
127 2503 149 2546 at
158 2501 185 2546 eil

77 2571 103 2604 'm
115 2561 193 2617 testea·

78 2619 98 2656 ll!
115 2613 216 2654 transmit-

189 2553 215 2598 ar
234 2537 377 2599 decessor
398 2542 504 2598 noster
525 2537 596 2598 Pius
619 2535 696 2616 Papa
718 2535 767 2597 lli.
793 2552 847 2614 per
865 2552 934 2598 suas
950 2535 985 2596 li-

77 2673 117 2710 ,.„,
129 2672 165 2706 „n
182 2663 215 2704 m.
234 2637 331 2705 teraS,
354 2643 487 2708 quarum
501 2629 631 2692 initium
646 2636 708 2690 est:
726 2628 888 2690 Rontauus
904 2629 984 2689 Port-

78 2720 215 2762 '¹³·³³¹⁰‘0¹·
234 2725 343 2804 tisen:
378 2723 561 2796 declaravit,
598 2721 729 2800 praelata
764 2721 985 2784 constitutione

85 2777 115 2816 :rt
134 2768 216 2823 quasa

76 2821 217 2882 ..spstmer-
233 2831 332 2893 super
351 2816 455 2894 spoliis
476 2813 661 2878 clericorum
682 2815 721 2876 ob
736 2814 876 2878 illicitam
892 2830 984 2892 nego-

78 2880 217 2930 *bnnvgolm-

73 2939 129 2974 :uu
148 2929 216 2985 acqur-
234 2909 401 2979 tlationem
424 2925 439 2968 a
460 2925 492 2970 se
507 2907 598 2980 edita,
615 2908 778 2986 praelatos,
796 2907 938 2970 officiales
953 2925 985 2970 ec

73 2989 105 3026 ult.

232 3002 311 3063 alios
333 3001 515 3076 saeculares,
538 3010 568 3062 et
589 3002 726 3063 cuiusvis
753 3001 869 3062 ordinis
895 3017 987 3078 regn·

232 3095 316 3156 lares
337 3094 474 3168 clericos,
489 3093 625 3172 aliosque
640 3095 864 3172 cuiuscumque
877 3101 984 3169 status,

233 3187 361 3262 gradus,
377 3187 505 3262 ordinis,
521 3183 707 3250 conditionis
727 3195 758 3249 et
771 3187 987 3266 praeeminen-

232 3279 296 3342 tiae
322 3280 354 3342 in
376 3281 454 3342 urbe
474 3286 506 3342 et
524 3281 619 3354 curia,
635 3281 765 3358 eiusque
779 3281 922 3343 districtu
936 3280 986 3341 de-

233 3375 396 3449 cedentes,
425 3375 556 3436 testandi
590 3381 706 3449 tamen,
729 3373 934 3448 codicillandi,
957 3383 987 3435 et

233 3466 309 3528 alias
331 3467 368 3530 de
390 3467 477 3529 bonis
499 3467 562 3529 suis
589 3467 838 3544 quibuscumque
859 3482 986 3544 quomo

234 3561 354 3622 delibet
376 3561 570 3640 disponendi,
594 3561 643 3622 vel
664 3563 700 3622 ad
722 3561 861 3640 ipsorum
887 3561 989 3639 prori-

235 3657 372 3730 miores,
408 3655 629 3718 decedentibus
663 3655 723 3716 illis
754 3655 791 3716 ab
822 3656 985 3730 intestato,

234 3750 469 3812 transmittendi
498 3748 675 3811 facultatem
697 3765 736 3810 ex
756 3749 879 3828 speciali
902 3748 987 3812 Sedis

235 3844 431 3922 spostolicae
452 3841 585 3917 indulto,
603 3843 651 3904 vel
670 3858 800 3904 snorum
814 3843 987 3904 ciliciorum

236 3937 414 4015 privilegiu,
437 3937 487 3998 vel
508 3936 566 3997 alio
589 3937 697 4015 quovis
726 3937 818 3999 titulo
845 3936 986 3998 obtinen-

238 4040 292 4105 tes,
319 4030 497 4092 nullateuus
517 4029 750 4106 comprehendi,
767 4038 797 4090 et
811 4029 892 4107 quod
912 4028 988 4091 Pau-

238 4123 283 4185 lus
317 4123 392 4201 Papa
421 4122 457 4183 v.
488 4122 605 4201 pariter
636 4122 850 4200 praedecessor
881 4132 988 4185 noster

236 4235 306 4280 suas
329 4217 443 4290 literas
466 4231 544 4295 qaae
568 4215 739 4293 incipiunt:
762 4217 800 4278 in
815 4217 986 4277 crncmcrati:

236 4311 365 4374 clericos
386 4311 467 4374 cives
484 4315 513 4371 et
529 4309 751 4384 curiales-sive
767 4309 880 4370 incolas
897 4309 987 4370 buius

238 4411 364 4466 nostrae
385 4402 483 4464 almae
505 4403 601 4477 urbis,
626 4411 699 4464 tunc
726 4418 810 4476 suae,
833 4404 986 4464 eremita

236 4495 347 4576 spolia,
373 4497 471 4574 quoad
502 4497 580 4558 bona
602 4496 633 4556 in
662 4495 767 4557 eadem
801 4495 877 4558 urbe
909 4497 989 4558 eius-

238 4606 298 4668 que
321 4589 463 4652 districtu
484 4590 565 4651 intra
597 4589 703 4650 decem
725 4587 868 4650 milliaria
890 4591 987 4651 consi·

237 4683 363 4757 steutia,
393 4683 487 4744 etiam
515 4699 553 4744 ex
579 4681 748 4742 redditibus
775 4681 988 4744 ecclesiasticis

238 4794 292 4856 pet·
315 4794 366 4840 eos
387 4765 545 4856 acquisita,
570 4777 652 4838 unde
680 4777 814 4838 dubitari
844 4777 986 4852 contigit,

237 4887 275 4934 an
297 4871 487 4947 suilragetur
515 4887 638 4950 quoque
660 4873 696 4932 ad
717 4870 899 4932 evitandum
920 4887 988 4949 spo-

237 4967 317 5029 lium
337 4981 476 5029 camerae
504 4974 627 5027 nostrae
654 4964 836 5044 apostolicae
865 4980 987 5042 compe·

239 5067 307 5121 tens
328 5076 383 5138 pro
406 5059 492 5121 bonis
513 5075 550 5120 er
574 5058 678 5120 illicita
695 5058 905 5133 negotiatione
921 5075 987 5134 pro-

239 5153 454 5234 venientibus:
476 5167 531 5214 nos
546 5151 781 5212 constitutiones
797 5150 840 5211 Pii
856 5157 886 5211 et
902 5149 986 5211 Pauli

241 5247 507 5324 praedecessorum
529 5255 708 5306 nostrorum
732 5243 890 5322 praelatas,
913 5260 987 5321 quo·

240 5341 274 5400 ad
296 5341 373 5402 bone
395 5355 432 5400 er
455 5339 560 5402 illicita
582 5338 792 5414 negotiatione
807 5337 985 5397 huiusmodi

241 5451 256 5492 a
276 5433 394 5494 civibus
415 5441 446 5494 et
467 5431 644 5506 curialibus,
663 5431 730 5492 sive
745 5429 854 5493 incolis
869 5429 986 5491 clericis

241 5526 459 5604 cuiuscumque
482 5523 597 5588 ordinis
619 5541 652 5586 ac
673 5524 844 5599 diguitatis,
860 5523 986 5601 quibus·

242 5637 370 5698 cumque
406 5619 534 5681 indultis
565 5637 597 5680 ac
629 5618 801 5696 privilegiis
836 5617 985 5690 munitis,

243 5723 419 5792 comparata,
450 5721 480 5776 et
508 5715 542 5775 in
569 5713 651 5775 Urbe
683 5714 811 5790 eiusque
842 5709 983 5772 districtu

243 5807 390 5884 praelatis,
407 5815 437 5869 et
460 5808 649 5884 ubicumque
663 5806 838 5880 existentia,
855 5803 985 5866 minime

245 5899 277 5959 ad
298 5901 530 5977 praemissorum
560 5899 705 5961 ellectum
732 5897 904 5974 saliregari,
931 5897 982 5958 sed

247 5993 352 6055 illasio
373 5993 585 6072 provenientia
610 6008 748 6055 camerae
769 6000 892 6053 nostrae
913 6007 982 6069 apo·

1727 609 1764 672 21
1818 603 1871 658 An.
1886 605 1916 658 (l.
1938 603 2005 656 1741

1039 756 1164 820 stolicae
1184 773 1258 820 vero
1281 757 1347 820 iure
1369 755 1457 835 spolii
1477 751 1593 827 deberi,
1610 751 1739 832 perinde
1753 765 1787 811 ac

1039 851 1065 912 si
1087 851 1323 914 constitutiones
1345 849 1388 912 Pii
1411 856 1441 912 et
1468 847 1551 910 Pauli
1578 847 1788 926 praedecesso·

1040 960 1111 1007 rum
1132 945 1311 1008 huiusmodi
1332 943 1368 1004 ad
1390 941 1628 1022 praemissorum
1644 937 1787 1002 omnium

1040 1045 1070 1101 et
1091 1038 1288 1116 singulorum
1310 1037 1453 1100 ellectum
1479 1033 1712 1113 impediendum
1733 1047 1787 1093 no-

1041 1131 1126 1192 mine
1148 1138 1308 1193 emanatas
1329 1131 1470 1204 luissent,
1494 1133 1582 1189 motu
1596 1125 1690 1187 simili
1708 1124 1787 1202 pari-

1042 1230 1089 1285 ter
1110 1225 1302 1288 declaramus
1323 1231 1354 1287 et
1374 1223 1550 1296 statuimus
1567 1220 1722 1297 dictasque
1742 1218 1787 1281 Pii

1041 1327 1071 1381 et
1107 1319 1191 1381 Pauli
1227 1317 1497 1396 praedecessorum
1531 1313 1785 1384 constitutiones,

1041 1414 1139 1490 quoad
1161 1411 1402 1490 praemissorum
1418 1411 1565 1472 ellectum
1579 1404 1786 1479 sortiendum,

1041 1505 1178 1584 plenarie
1203 1505 1386 1580 abrogamus
1407 1511 1438 1564 et
1458 1501 1626 1564 abolemus.

1080 1602 1099 1675 ἓ
1120 1601 1148 1662 l.
1173 1601 1379 1662 Decernentes
1394 1598 1436 1659 sic
1453 1599 1484 1659 in
1500 1596 1673 1674 praemissis
1687 1593 1787 1656 omni·
1808 1605 1949 1706 ¹cranam?1
1961 1605 2020 1652 sun-

1043 1695 1098 1756 bns
1119 1700 1150 1754 et
1170 1691 1302 1768 singulis
1323 1708 1380 1771 per
1400 1705 1611 1770 quoscumque
1627 1689 1741 1752 iudices
1757 1695 1787 1748 et
1806 1664 2021 1760 tssss’isslgaffife‘
2081 1749 2082 1756 χ

1041 1787 1265 1850 commissarios
1287 1787 1395 1864 quavis
1409 1786 1591 1848 auctoritate
1606 1783 1786 1858 iungentes,

1041 1881 1157 1944 sublata
1179 1881 1235 1954 cis,
1258 1888 1289 1940 et
1310 1895 1419 1941 eorum
1437 1879 1562 1942 cuilibet
1577 1877 1685 1956 quavis
1700 1875 1788 1937 aliter

1043 1973 1193 2036 iudicandi
1217 1981 1247 2034 et
1269 1972 1494 2052 interpretandi
1517 1971 1661 2034 facultate
1676 1977 1706 2032 et
1720 1985 1788 2030 auc-

1043 2067 1177 2135 toritate,
1200 2065 1326 2128 iudicari
1348 2075 1379 2127 et
1401 2065 1524 2128 deliniri
1549 2064 1672 2138 debere,
1696 2080 1729 2126 ec
1751 2063 1790 2124 ir-

1043 2161 1138 2222 ritum
1161 2167 1192 2220 et
1218 2161 1311 2221 inane
1336 2159 1485 2239 quidquid
1513 2176 1601 2221 secus
1625 2173 1717 2237 super
1741 2156 1789 2216 bis

1042 2271 1057 2314 a
1079 2253 1200 2332 quovis,
1223 2254 1332 2333 quavis
1359 2253 1553 2328 auctoritate,
1582 2253 1718 2313 scienter
1738 2247 1789 2310 vel

1043 2349 1224 2424 ignoranter
1235 2347 1402 2424 contigerit
1412 2348 1567 2408 attentari.
1581 2346 1725 2422 Quocirca
1738 2359 1788 2404 ve·

1043 2441 1174 2503 uerabili
1187 2440 1275 2502 iratri
1292 2448 1396 2502 nostro
1412 2439 1574 2502 Hannibali
1592 2439 1702 2503 Situ.
1717 2437 1788 2502 Car·
1822 2444 1957 2492 cameram
1974 2455 2019 2500 nro

1043 2534 1136 2596 diuali
1158 2535 1306 2612 Episcopo
1321 2533 1467 2597 Sabinen.
1486 2534 1595 2596 Albani
1611 2539 1789 2611 nuncupato
1808 2503 2021 2609 ἷὲῗέξοὲἷέῧῗὲῗῖ

1041 2627 1209 2691 camerario
1237 2634 1353 2702 nostru,
1377 2635 1407 2688 et
1428 2627 1495 2689 eius
1516 2627 1549 2690 in
1572 2625 1789 2688 camerariatus
1809 2611 1858 2652 ¹¹¹¹·

1042 2722 1140 2783 oibcio
1161 2719 1398 2793 successoribus,
1419 2737 1474 2798 per
1495 2719 1656 2798 apostolica
1678 2718 1790 2794 scripta

1044 2815 1235 2888 mandamus
1258 2822 1410 2892 quatenus
1440 2813 1536 2890 spolia
1558 2813 1621 2890 ipsa
1643 2829 1680 2874 en
1702 2811 1790 2872 bonis

1043 2923 1080 2968 er
1109 2906 1215 2968 illicita
1248 2907 1457 2984 negotiatione
1490 2905 1716 2985 provenientia,
1744 2905 1790 2964 uti

1042 3015 1117 3062 vere
1138 2999 1245 3077 spolia,
1270 3005 1361 3078 prout
1376 2999 1433 3060 alia
1448 2999 1543 3078 ipsius
1558 3014 1695 3062 camerae
1711 2997 1789 3070 iura,

1043 3092 1125 3168 erigi
1147 3100 1178 3153 et
1200 3093 1387 3170 recuperari,
1410 3111 1443 3154 ac
1466 3101 1642 3172 praesentes
1671 3099 1791 3152 nostras

1042 3185 1147 3246 literas
1174 3185 1397 3248 inviolabiliter
1425 3186 1583 3248 observari
1611 3185 1710 3259 ieciat,
1734 3198 1791 3246 nec

1045 3278 1213 3358 permittat,
1242 3296 1396 3342 cameram
1425 3281 1532 3358 ipsam,
1557 3279 1607 3340 vel
1627 3295 1683 3358 pro
1705 3295 1739 3341 ea
1761 3295 1792 3338 a·

1044 3381 1152 3448 gentes
1167 3375 1298 3453 desuper
1312 3376 1403 3436 ruodo
1418 3375 1521 3452 aliquo
1537 3373 1704 3448 molestari,
1722 3389 1791 3450 per-

1044 3467 1161 3529 turbari
1182 3475 1235 3530 aut
1250 3468 1428 3546 inquietari,
1445 3467 1684 3530 contradictores
1700 3484 1790 3545 quos·

1043 3560 1135 3636 libet,
1165 3571 1196 3623 et
1217 3563 1347 3625 rebelles
1372 3579 1428 3641 per
1453 3579 1597 3625 censuras
1622 3570 1653 3624 et
1678 3577 1791 3641 poenas
1885 3561 1887 3564 ’

1043 3654 1279 3731 ecclesiasticas,
1315 3664 1346 3717 et
1381 3656 1585 3734 appellatione
1623 3658 1791 3734 postposita

1043 3751 1276 3826 compescendo,
1300 3767 1357 3812 nec
1378 3766 1440 3812 non
1463 3749 1610 3826 legitimis
1630 3765 1724 3827 super
1745 3749 1791 3810 bis

1044 3842 1190 3904 habendis
1211 3846 1341 3906 servatis
1369 3844 1572 3924 processibus,
1596 3857 1740 3906 censuras
1762 3851 1792 3904 et

1044 3951 1157 4012 poenas
1179 3937 1257 4014 ipsas
1278 3937 1371 4000 etiam
1399 3938 1515 4000 iteratis
1544 3939 1663 4000 vicibus
1685 3953 1791 4014 aggra-

1044 4027 1155 4102 vando,
1173 4029 1316 4094 invocato
1337 4032 1430 4093 etiam
1452 4034 1486 4094 ad
1509 4033 1578 4106 boc,
1595 4033 1620 4094 si
1635 4048 1711 4112 opus
1727 4032 1792 4094 iue-

1044 4123 1095 4198 rit,
1118 4123 1233 4185 auxilio
1255 4124 1370 4188 brachii
1392 4126 1563 4189 saecularis.
1585 4125 1653 4188 Non
1669 4129 1791 4189 obstan·
1831 4132 2024 4179 contremisce
2120 4173 2122 4178 .

1060 4216 1065 4226 .
1224 4217 1242 4240 ¹.
1281 4219 1285 4228 .
1329 4219 1345 4230 ..
1486 4222 1490 4231 .
1800 4190 1925 4244 rogatur.

1044 4215 1126 4278 tibus
1141 4219 1287 4294 praedicit
1303 4219 1347 4279 Pu
1363 4229 1392 4280 et
1408 4219 1491 4282 Pauli
1508 4222 1789 4298 praedecessorum,

1044 4309 1173 4388 aliisque
1195 4310 1378 4387 apostolicis,
1402 4329 1434 4372 ac
1457 4313 1488 4373 in
1504 4314 1747 4391 provincialibus
1762 4322 1791 4377 et

1044 4402 1241 4480 synodalibus
1259 4406 1398 4467 conciliis
1420 4407 1508 4468 editis
1531 4408 1726 4484 generalibus
1741 4408 1791 4470 vel

1043 4497 1226 4574 specialibus
1260 4499 1532 4562 constitutionibus
1567 4509 1596 4562 et
1625 4501 1792 4563 ordinatio-

1044 4590 1147 4664 nibus,
1175 4608 1208 4651 ac
1236 4587 1396 4669 quibusvis
1425 4593 1619 4656 facultatibus
1647 4595 1789 4668 testandi,

1043 4682 1172 4760 aliisque
1192 4685 1375 4761 privilegiis,
1401 4686 1529 4748 indultis
1550 4695 1581 4749 et
1603 4689 1701 4750 literis
1722 4703 1790 4765 apo-

1043 4775 1158 4837 stolicis
1186 4777 1346 4855 quibusvis
1374 4781 1536 4854 concessis,
1568 4781 1740 4859 approbatis
1762 4787 1791 4840 et

1043 4868 1211 4944 innovatis
1229 4871 1321 4932 etiem
1342 4872 1368 4932 si
1389 4872 1426 4934 ‹le
1442 4874 1513 4948 illis,
1531 4890 1704 4952 eorumque
1721 4875 1792 4936 totis

1046 4962 1203 5024 tenoribus
1230 4965 1369 5042 specialis
1391 4975 1421 5028 et
1443 4983 1584 5044 expressa
1611 4969 1730 5029 mentio
1752 4967 1793 5028 la·

1043 5055 1149 5118 cienda
1172 5065 1263 5128 esset,
1287 5057 1412 5118 illorum
1429 5067 1552 5121 tenores
1567 5077 1621 5138 pro
1636 5063 1792 5125 sufficieu-

1045 5155 1091 5208 ter
1112 5151 1263 5226 expressis
1286 5151 1446 5225 babentes,
1470 5152 1531 5214 illis
1553 5155 1584 5214 in
1608 5154 1736 5232 reliquis
1760 5157 1790 5218 in

1042 5257 1098 5302 suo
1114 5242 1223 5302 robore
1239 5245 1506 5321 permanentibus,
1519 5247 1709 5327 caeterisque
1722 5265 1792 5310 con·

1043 5333 1144 5393 trariis
1170 5335 1435 5414 quibuscumque;
1465 5341 1558 5402 etiam
1586 5342 1612 5402 si
1638 5343 1792 5421 aliquibus

1042 5429 1263 5503 communiter,
1287 5429 1337 5492 vei
1359 5431 1483 5494 divisim
1505 5435 1542 5494 ab
1563 5435 1733 5513 Apostolica
1752 5438 1792 5499 sit

1043 5518 1122 5581 Sede
1150 5522 1321 5598 indultum,
1351 5525 1431 5601 quod
1461 5526 1615 5601 interdici,
1643 5531 1790 5607 suspendi

1042 5613 1091 5674 vel
1114 5617 1372 5676 excommunicari
1390 5633 1454 5679 non
1471 5620 1599 5695 possint,
1616 5622 1791 5698 portitores

1041 5706 1218 5784 apostolicas
1247 5722 1311 5768 non
1340 5709 1487 5772 iacientes
1521 5712 1647 5789 plenam
1679 5723 1710 5777 et
1739 5733 1790 5776 ex-

1041 5815 1176 5877 pressam
1199 5803 1235 5862 de
1251 5802 1372 5864 irululto
1389 5805 1565 5868 huiusmodi
1582 5809 1786 5870 mentionem.

1041 5897 1079 5957 Et
1100 5895 1172 5973 quia
1194 5895 1317 5957 diiircile
1333 5895 1411 5958 iuret
1426 5905 1601 5976 praesentes
1619 5909 1737 5963 nostras
1754 5903 1790 5964 li·
1808 5894 2022 6006 suffiffiffi

1041 5999 1118 6052 teras
1140 5989 1175 6051 ad
1196 5989 1318 6068 singula
1339 6007 1479 6070 quaeque
1503 5992 1564 6054 loca
1587 5993 1712 6070 deferri,
1736 6012 1788 6057 vo·
1809 6001 1920 6050 iubetur·
