4798 6978
977 597 1173 647 BENEDICTUS
1193 597 1257 646 xtv.
1298 614 1301 620 ·

345 711 466 776 dentini
479 711 676 794 interpretes,
692 733 818 782 recursu
833 735 928 798 super
939 717 1093 782 infrascri-

344 809 405 886 ptis
433 809 543 886 dubiis,
571 807 729 876 uidelicet:
758 815 874 893 Primo,
896 818 946 881 hn
974 817 1092 881 incolae

345 908 409 964 tarn
431 903 559 968 masculi
587 922 681 985 quarn
709 909 863 974 ioeminae
883 910 954 987 loci,
976 911 1092 992 inquo

345 997 520 1061 Concilium
546 999 768 1067 Tridentinum
788 1005 821 1066 in
848 1013 965 1084 puncto
985 1006 1093 1068 matri-

344 1091 441 1153 monii
464 1099 510 1156 est
540 1096 788 1175 promulgatum,
818 1104 1015 1163 transeuntes
1035 1117 1091 1179 per

345 1182 463 1262 locum,
486 1185 602 1266 inquo
628 1189 747 1252 dictum
768 1190 934 1254 concilium
959 1207 1023 1255 non
1045 1201 1091 1256 est

344 1278 590 1356 promulgatum,
602 1283 774 1346 retinentes
788 1284 871 1347 idem
886 1285 1090 1363 domicilium,

345 1369 448 1433 valide
478 1374 599 1452 possint
620 1374 654 1436 in
675 1376 733 1440 isto
762 1377 828 1440 loco
854 1380 1092 1442 matrimonium

343 1463 414 1526 sine
441 1467 573 1544 parocho
599 1474 631 1531 et
653 1470 782 1533 testibus
807 1476 1016 1536 contraheret
1038 1471 1091 1536 Se-

344 1558 458 1634 cundo,
481 1561 571 1639 Quid,
594 1563 619 1624 si
641 1579 677 1626 eo
706 1565 854 1644 praedicti
881 1566 998 1630 incolae
1027 1576 1088 1630 tam

344 1656 473 1719 maseuli
502 1673 596 1737 quam
626 1659 780 1722 foeminae
808 1660 873 1722 solo
898 1662 1090 1724 animosius

344 1752 476 1827 parocho
497 1758 527 1814 et
555 1753 687 1816 testibus
715 1753 917 1818 contrahendi
937 1769 969 1818 se
990 1760 1090 1818 trans-

342 1843 456 1921 ierant,
468 1845 690 1909 habitationem
704 1863 768 1910 non
783 1851 957 1912 mutantesi
971 1849 1088 1926 Tertio,

342 1937 432 2014 Quid,
454 1937 480 2000 si
501 1938 596 2002 iidem
617 1940 735 2004 incolae
755 1949 819 2005 tam
840 1943 967 2007 masculi
997 1960 1088 2024 quam

343 2031 498 2097 ioeminae
518 2049 555 2097 eo
576 2034 765 2098 transierant
792 2035 1014 2099 habitationem
1036 2037 1089 2101 illo

342 2126 407 2188 solo
429 2128 544 2204 animo,
565 2136 600 2191 ut
621 2129 733 2208 absque
754 2132 887 2209 parocho
908 2137 939 2192 et
961 2129 1089 2194 testibus

342 2222 558 2298 contrahenti,
581 2222 674 2285 iidem
695 2223 872 2288 cardinales
891 2223 928 2285 ad
949 2223 1090 2302 primum·

342 2319 373 2374 et
394 2315 583 2391 secundum,
606 2331 670 2378 non
692 2332 759 2378 esse
784 2316 961 2394 legitimum
982 2319 1089 2380 matri-

341 2407 483 2470 monium
505 2408 588 2472 inter
600 2411 644 2471 sic
658 2426 691 2472 se
706 2409 928 2474 transferentes
941 2427 975 2473 ac
988 2418 1087 2474 trans·

339 2507 452 2564 euntes
472 2517 544 2564 cum
574 2499 698 2582 iraude;
720 2505 755 2566 ad
777 2505 907 2566 tertium
935 2520 1010 2566 vero
1031 2504 1086 2568 du·

341 2592 464 2656 biorum
498 2594 698 2672 huiusmodi,
729 2597 755 2658 si
788 2597 980 2660 domicilium
1011 2613 1086 2662 rere

341 2688 556 2765 transferatur,
584 2689 820 2753 matrimonium
840 2707 907 2754 esse
935 2691 1085 2769 validum,

340 2783 568 2860 responderunt
589 2790 620 2845 et
641 2782 851 2860 resolverunt,
866 2791 960 2864 prout
981 2785 1014 2847 in
1035 2785 1087 2846 de-

340 2882 424 2936 creto
445 2877 576 2955 desuper
596 2877 873 2956 emanatoplenius
894 2879 1082 2942 continetur.

340 2967 420 3030 Cum
434 2976 551 3045 autem,
566 2970 656 3034 sicuti
670 2973 778 3034 eadem
792 2972 943 3050 expositio
957 2973 1085 3036 subiun-

340 3061 444 3138 gebat,
474 3063 574 3125 diotus
605 3064 858 3144 Archiepiseopus
888 3081 1082 3144 responsum,

338 3170 393 3217 sen
415 3155 581 3219 dubiorum
603 3158 829 3237 praedictorum
856 3160 1083 3223 resulutionem

338 3248 529 3325 huiusmodi,
546 3268 602 3330 pro
623 3251 706 3315 illius
727 3252 925 3316 subsistentia
939 3255 1083 3330 tirmiori,

338 3342 519 3421 apostolieae
550 3354 673 3408 nostrae
703 3347 946 3410 confirmationis
973 3348 1084 3411 robore

337 3434 528 3500 communiri
540 3455 738 3520 summopere
749 3439 914 3519 desideret;
926 3457 982 3504 nos
996 3456 1084 3503 eum-

337 3527 408 3591 dem
430 3532 702 3612 hrchiepisoopum
723 3534 906 3612 specialibus
928 3534 1083 3597 iavoribus

337 3631 369 3686 et
391 3625 498 3702 gratiis
519 3627 660 3707 prosequi
683 3627 835 3705 volentes,
852 3629 1082 3708 supplicationi-

337 3717 395 3779 bus
415 3717 498 3782 illius
519 3721 747 3784 nominenobis
766 3738 860 3801 super
878 3723 936 3786 hoc
957 3722 1083 3786 humili-

337 3816 385 3873 ter
407 3814 555 3891 porrectis
576 3814 727 3892 inclinati,
743 3831 925 3896 responsum
946 3833 1001 3879 seu
1026 3817 1081 3879 du-

337 3904 460 3968 biorum
481 3908 708 3985 praedictorum
731 3908 954 3973 resolutionem
975 3911 1083 3974 huius·

337 3999 622 4074 modi,auctoritate
634 4002 807 4081 apostolica,
817 4010 927 4065 tenore
937 4019 1080 4082 praesen·

337 4091 417 4154 tium
439 4093 642 4172 approbamus
657 4103 688 4158 et
708 4097 940 4172 confirmamus,
958 4096 1079 4177 illisque

336 4186 522 4250 inviolabilis
536 4187 715 4266 apostolicae
727 4189 883 4252 firmitatis
897 4190 993 4253 robur
1006 4191 1080 4253 adii·

335 4280 448 4342 cimus:
471 4281 684 4358 decernentes,
706 4283 782 4345 illud
810 4299 865 4346 seu
886 4283 985 4361 illam,
1008 4301 1080 4347 nec-

335 4388 399 4436 non
422 4383 601 4453 praesentes
623 4375 726 4438 literas
747 4376 857 4454 ralida,
879 4378 967 4440 tirma
986 4387 1019 4441 et
1035 4377 1079 4442 ei-

1147 719 1248 783 iicacia
1271 719 1405 782 existere
1425 726 1457 782 et
1477 717 1562 797 fore,
1584 735 1718 798 suosque
1737 717 1891 798 plenarios

1147 823 1178 878 et
1199 815 1336 892 integros
1357 814 1484 877 dilectus
1504 814 1607 878 sortiri
1622 822 1653 877 et
1667 813 1820 888 obtinere,
1835 812 1893 875 sio·

1146 925 1207 988 que
1227 915 1259 970 et
1281 909 1365 972 iuxta
1387 908 1438 971 illa
1460 923 1515 987 per
1536 923 1750 987 quoscumque
1775 906 1891 970 iudicas

1145 1001 1318 1065 ordinarios
1345 1008 1376 1064 et
1403 1000 1575 1079 delegatos,
1605 1001 1698 1064 etiam
1729 1015 1890 1064 causarum

1145 1094 1248 1172 palatii
1269 1094 1426 1175 apostolici
1448 1095 1614 1170 auditores,
1637 1093 1764 1156 iudicari
1788 1099 1819 1154 et
1840 1093 1891 1154 de-

1146 1189 1229 1250 liniri
1250 1189 1373 1264 debere,
1389 1205 1422 1252 ao
1444 1188 1570 1252 irritum
1590 1195 1622 1250 et
1643 1187 1747 1264 inane,
1763 1187 1788 1248 si
1803 1203 1891 1249 secus

1144 1298 1239 1362 super
1262 1282 1310 1344 his
1334 1300 1349 1343 a
1372 1297 1541 1362 quoquam,
1563 1280 1672 1360 quavis
1695 1280 1890 1354 auctoritate,

1143 1376 1278 1438 scienter
1298 1375 1352 1437 rel·
1370 1377 1563 1453 ignoranter,
1579 1373 1747 1452 contigerit
1760 1378 1892 1435 attenta-

1144 1471 1182 1531 ri.
1206 1468 1275 1532 Non
1297 1469 1491 1532 obstantibus
1507 1466 1782 1532 constitutionibus
1796 1472 1828 1527 et
1843 1481 1891 1527 or·

1144 1562 1354 1628 dinationibus
1375 1563 1557 1643 apostolicis,
1575 1561 1747 1640 ceterisque
1770 1565 1889 1622 contra-

1143 1657 1197 1719 riis
1217 1656 1475 1735 quibuseumque.
1893 1645 1903 1662 '

1184 1751 1329 1814 «natum
1350 1751 1477 1826 Romae,
1500 1751 1579 1829 apud
1601 1749 1632 1814 S.
1649 1748 1777 1812 biaciam
1798 1746 1890 1809 Maio·
1965 1789 1968 1796 .

1143 1861 1223 1922 rem,
1245 1846 1302 1909 sub
1317 1845 1433 1909 annulo
1447 1845 1618 1920 Piscatoris,
1635 1843 1684 1906 die
1704 1857 1769 1906 niv.
1792 1855 1889 1918 augu-

1143 1941 1182 2002 sti
1204 1956 1387 2019 uncxnvu,
1403 1941 1600 2019 pontiiioatus
1616 1938 1715 2002 nostri
1730 1952 1812 1999 anno
1827 1952 1888 1995 v.»

1182 2034 1223 2097 Ut
1243 2042 1348 2098 autem
1377 2037 1414 2098 de
1442 2033 1619 2099 huiusmodi
1645 2034 1808 2098 literarum
1837 2049 1890 2094 au·

1142 2129 1288 2191 thoritate
1310 2129 1442 2192 dubitari
1464 2128 1595 2191 minime
1615 2128 1731 2203 valeat,
1754 2142 1811 2188 nos
1832 2126 1887 2188 ite-⁴

1141 2238 1215 2284 rum
1243 2239 1292 2284 eas
1320 2221 1484 2301 apostoliea
1515 2220 1695 2285 auctoritate
1727 2226 1831 2281 nostra
1856 2224 1887 2280 et

1141 2315 1311 2394 praesentis
1341 2317 1455 2379 decreti
1488 2323 1612 2390 tenore,
1635 2313 1668 2376 in
1690 2313 1835 2376 omnibus
1856 2319 1887 2374 et

1141 2425 1196 2487 per
1217 2409 1320 2472 omnia
1341 2410 1544 2489 approbamus
1559 2417 1590 2472 et
1604 2409 1837 2482 confirmamus,
1852 2421 1886 2467 ac

1141 2519 1223 2566 noro
1245 2503 1423 2566 huiusmodi
1438 2502 1665 2583 approbationis
1680 2509 1710 2564 et
1725 2501 1885 2563 coniirma·

1142 2597 1233 2660 tionis
1254 2597 1364 2660 robore
1391 2597 1613 2672 communitas,
1636 2597 1672 2660 ad
1693 2595 1886 2673 praedictum

1139 2689 1412 2769 hrchiepiscopum
1427 2690 1682 2765 transmittimus,
1706 2687 1886 2750 mandantes

1140 2784 1252 2860 eidem,
1268 2785 1349 2847 utin
1366 2783 1581 2847 occurentibus
1595 2783 1712 2846 casibus
1722 2783 1801 2845 circa
1817 2799 1885 2862 per·

1138 2895 1228 2940 sonas
1246 2879 1394 2956 exipsius
1416 2878 1539 2940 civitate
1557 2885 1610 2941 aut
1624 2877 1756 2940 dioecesi
1778 2878 1885 2941 oriun-

1138 2974 1201 3047 das,
1222 2987 1277 3034 seu
1298 2972 1370 3034 alias
1384 2973 1417 3035 in
1433 2973 1530 3036 causis
1551 2972 1688 3034 eiusdem
1709 2973 1832 3048 generis
1847 2973 1882 3036 ad

1138 3066 1222 3128 illius
1243 3065 1392 3130 iudicium
1420 3067 1560 3144 legitime
1585 3066 1708 3140 delatis,
1730 3065 1814 3128 iuxta
1836 3082 1883 3128 ea-

1138 3163 1283 3225 rumdem
1304 3160 1466 3223 literarum
1495 3159 1719 3223 continentiam
1744 3165 1775 3220 et
1796 3167 1884 3222 teno-

1139 3271 1205 3317 rem
1227 3254 1382 3330 decernat,
1406 3255 1519 3317 iudicet
1540 3261 1633 3332 atque
1653 3253 1792 3328 deliniat,
1811 3269 1883 3316 con-

1137 3350 1240 3412 trariis
1260 3349 1510 3428 quibuscumque
1531 3365 1595 3411 non
1617 3347 1820 3411 obstantibus.

1178 3441 1331 3505 Volumus
1358 3449 1479 3516 autem,
1509 3449 1562 3518 ut,
1585 3441 1617 3503 in
1639 3449 1762 3504 nostrae
1788 3440 1881 3503 huius

1136 3535 1363 3615 approbationis
1385 3542 1415 3597 et
1436 3534 1680 3598 confirmationis
1696 3549 1881 3597 monumen-

1138 3630 1396 3706 tum,praesentis
1407 3627 1522 3690 decreti
1534 3628 1631 3692 nostri
1640 3626 1882 3706 exempla,ano

1137 3721 1183 3784 bis
1192 3722 1373 3802 subscripta,
1384 3725 1415 3785 in
1430 3722 1504 3784 actis
1514 3721 1771 3798 congregationis
1782 3737 1878 3783 renn.

1136 3814 1269 3878 iratrum
1295 3823 1474 3878 nostrorum
1497 3817 1527 3878 S.
1552 3815 1588 3877 R.
1613 3815 1648 3876 E.
1671 3815 1880 3878 Cardinalium

1136 3911 1282 3989 praedicti
1304 3910 1434 3974 Concilii
1459 3909 1636 3973 tridentini
1657 3910 1878 3988 interpretum,

1136 4020 1260 4067 necnon
1275 4006 1307 4067 in
1321 4013 1441 4068 secreto
1453 4003 1599 4067 archivio
1615 4011 1720 4066 nostro
1732 4002 1880 4066 llatioano

1135 4105 1339 4177 reponantur,
1362 4098 1469 4177 ibique
1490 4103 1639 4178 perpetuo
1660 4103 1869 4160 asserventur.

1175 4193 1286 4254 Datum
1306 4192 1421 4254 Romae
1441 4193 1521 4270 apud
1537 4191 1567 4256 S.
1584 4190 1710 4253 blariarn
1733 4190 1878 4252 liaiorem

1134 4287 1190 4374 die⁴
1205 4303 1272 4349 xix.
1296 4286 1399 4349 martii
1421 4302 1596 4350 unocuvru.
1613 4285 1811 4364 pontificatus
1824 4299 1878 4345 no

1133 4379 1189 4442 stri
1210 4395 1293 4442 anno
1314 4395 1402 4442 nrrn.

1813 580 1872 644 loe
1920 576 2021 632 suo.
2042 577 2111 632 nee
