4820 6980
988 581 1184 626 euremarus
1205 561 1270 627 xri.
1340 637 1344 646 ι

353 699 464 776 disset,
492 695 668 762 multorum
694 700 806 764 animis
833 702 907 763 baec
939 699 1100 764 insedisset

353 793 470 871 opinio,
500 790 646 856 Siriciurn
677 792 951 856 ecclesiasticarum
979 794 1098 869 legum,

353 902 428 964 quas
457 885 575 963 pridem
603 886 870 963 promulgaverat,
899 902 1037 965 quasque
1066 887 1098 948 in

348 978 473 1039 Paulini
495 979 691 1042 ordinatione
713 979 838 1040 violatas
860 986 1001 1054 noverat,
1027 996 1098 1042 oon·

356 1079 508 1149 temptum
532 1071 709 1148 negligere,
733 1079 785 1134 aut
807 1071 935 1135 tacitum
957 1071 1100 1134 dissimu·
1126 1109 1129 1122 .

355 1162 426 1224 lare.

177 1261 286 1307 siricius
309 1261 335 1306 u
394 1271 530 1318 nxxxrn.
555 1257 612 1320 Sed
628 1264 659 1318 et
674 1257 748 1319 illud
772 1257 1040 1320 animadversione
1055 1257 1100 1318 di-

102 1313 260 1360 Paulinum
287 1313 334 1360 ali·

100 1369 227 1422 quando
255 1369 336 1415 uane—
355 1365 453 1427 gnum
475 1357 532 1426 est,
555 1351 655 1414 Sirieii
683 1351 882 1414 severitatem
904 1365 977 1426 erga
999 1349 1098 1412 Pauli-

101 1421 202 1466 volus.

343 1458 432 1505 num
460 1442 696 1522 haudquaquam
728 1443 959 1506 diuturniorem
986 1442 1097 1517 luisse,

355 1553 456 1614 neque
478 1538 513 1598 ad
535 1537 654 1600 obitum
670 1553 767 1616 usque
788 1538 883 1600 iuisse
904 1536 1095 1616 productam.

354 1629 432 1694 Satis
454 1631 539 1691 enim
562 1630 671 1694 Siricio
693 1631 752 1694 luit
765 1632 860 1694 semel
876 1640 968 1710 atque
985 1633 1098 1693 iterum

354 1724 460 1786 durius
472 1725 628 1803 excepisse
640 1727 909 1804 Paulinum3mox
920 1728 1005 1790 euim
1017 1743 1099 1789 com·

352 1821 452 1896 posito
469 1816 504 1878 ad
520 1817 768 1882 benevolentiam
786 1821 888 1894 vultu,
905 1835 997 1899 quam
1014 1821 1098 1898 prius

353 1911 572 1986 occultaverat,
605 1917 723 1990 paterni
753 1914 849 1976 animi
873 1913 1098 1991 benignitatem

355 2003 478 2066 tandem
491 2004 710 2083 manifestavit,
723 2024 820 2087 eaque
835 2009 999 2071 Paulinum
1015 2025 1097 2070 com·
1125 2006 1128 2087 l

354 2100 462 2180 plexus
482 2111 540 2164 est.
569 2101 804 2178 Tillemontius,
838 2105 870 2166 in
899 2103 966 2165 loco
987 2103 1096 2178 citato,
1125 2091 1128 2201 J

353 2203 418 2258 art.
435 2198 492 2268 20,
509 2205 576 2278 post
592 2197 729 2260 evolutas
744 2198 864 2261 Paulini
887 2198 1040 2276 epistolas,
1057 2197 1099 2258 ai·

354 2295 478 2354 tirmare
499 2307 562 2354 non
579 2292 708 2366 dubitat,
725 2293 887 2369 egregium
901 2293 983 2355 bunc
994 2294 1096 2355 virum

353 2386 520 2464 quotannis
543 2385 579 2446 ad
606 2385 824 2447 celebrandum
852 2387 986 2448 natalem
1014 2387 1097 2448 diem

353 2479 515 2540 beatorum
537 2477 754 2556 Apostolorum
778 2477 858 2540 Petri
881 2487 911 2540 et
934 2479 1016 2541 Pauli
1040 2479 1097 2541 lio

354 2587 436 2633 mam
457 2571 611 2644 accedere,
635 2569 740 2647 ibique
760 2572 865 2633 decem
890 2571 1014 2634 circiter
1035 2572 1097 2634 die·

353 2679 423 2726 rum
444 2664 541 2741 spatio
569 2663 753 2724 commorari
782 2664 989 2725 consuevisse.
1020 2664 1096 2739 Quid

353 2773 427 2818 vero
449 2756 577 2817 interim
600 2755 746 2817 Paulinus
775 2756 889 2818 Romae
917 2765 1033 2833 ageret,
1055 2758 1098 2819 sia

355 2849 404 2911 ille
425 2849 537 2927 aperit:
562 2848 806 2910 antemeridiano
833 2857 973 2928 tempore
1003 2851 1098 2912 eccle-

351 2943 409 3003 sias
437 2942 532 3016 adire,
556 2948 586 3002 et
607 2957 688 3002 sacra
717 2956 865 3018 peragere
889 2941 1031 3005 solemne
1052 2943 1096 3004 illi

352 3044 434 3112 erat3
458 3033 675 3113 pomeridianis
698 3050 773 3097 vero
796 3035 890 3110 boris,
915 3035 947 3096 iu
972 3035 1020 3111 iis,
1043 3036 1098 3115 qui

350 3128 517 3190 salutatum
538 3134 702 3201 venerant,
719 3127 919 3205 excipiendis,
943 3137 1030 3190 erant
1045 3145 1097 3190 au·
1124 3098 1127 3197 i

353 3229 415 3282 tem
436 3218 677 3298 quamplurimi,
699 3220 751 3296 qui
783 3220 943 3282 turmatim
964 3221 1000 3281 ad
1022 3221 1097 3284 Pau·
1125 3204 1127 3283 i

351 3314 407 3375 liui
427 3313 516 3374 aedes
543 3312 741 3387 accedebant,
769 3320 852 3374 totus
872 3314 1095 3392 occupabatur;
1124 3312 1127 3397 l

351 3423 407 3469 nec
422 3406 524 3467 ullum
540 3405 590 3467 vel
606 3407 756 3482 exiguum
779 3404 821 3466 illi
843 3415 1005 3484 supererat
1021 3417 1097 3468 tem·
1124 3402 1127 3485 l

353 3500 433 3579 poris
454 3500 600 3578 spatium,
617 3515 677 3578 quo
693 3499 742 3561 vel
758 3499 918 3578 epistolam
935 3501 1096 3577 scriberet,

351 3593 400 3654 vel
422 3591 572 3672 pagellam
594 3602 803 3671 percurreret,
819 3600 854 3654 ut
876 3598 920 3654 tot
944 3595 1096 3672 tantisque

351 3687 535 3766 implicitum
562 3688 642 3748 curis
667 3687 808 3748 animum
830 3695 1003 3763 recreareta
1034 3703 1097 3748 nox

350 3798 412 3842 una
433 3781 587 3858 quietem,
616 3781 793 3842 breviorem
817 3789 939 3858 tamen,
968 3781 1098 3844 Paulino

350 3875 541 3940 conciliabat.
564 3874 630 3949 Quo
645 3875 784 3951 primum
801 3883 941 3950 tempore
963 3889 1030 3934 mos
1044 3873 1098 3934 ille
1125 3904 1127 3985 q

352 3970 501 4047 inceperit
522 3968 652 4030 Romam
669 3968 831 4030 accedendi
854 3966 917 4045 ipso
939 3965 1097 4044 Apostolo·
1125 3988 1127 4061 q

350 4079 422 4125 rum
444 4062 525 4124 Petri
547 4067 577 4122 et
600 4061 685 4122 Pauli
708 4060 801 4121 natali
824 4060 884 4133 die,
901 4059 984 4120 idem
1006 4059 1099 4121 Tille-

352 4156 490 4216 montius
512 4153 657 4232 inquirit,
681 4153 849 4230 probatque
872 4152 1000 4214 huiusce
1021 4153 1097 4214 sacri
1125 4180 1127 4253 p

350 4248 427 4310 ritus
451 4247 538 4308 initia
560 4247 597 4307 ab
619 4246 683 4325 ipso
705 4244 807 4308 siricii
829 4245 1008 4323 pontificatu
1033 4259 1098 4306 esse

350 4340 526 4419 repetenda.
551 4340 629 4402 ilinc
644 4337 749 4412 inlert,
767 4338 912 4401 Siricium
933 4337 1098 4416 postremis

349 4433 432 4495 vitae
453 4433 542 4496 anuis
562 4433 701 4512 aequiori
722 4447 797 4508 ergo
818 4431 983 4493 Paulinum
1005 4429 1098 4492 luisse

350 4528 466 4602 auimo,
489 4527 620 4605 ideoque
641 4540 714 4587 eum
736 4526 865 4589 Romam
888 4525 1096 4600 accedentem,

349 4643 383 4688 ac
405 4625 520 4686 Romae
541 4631 799 4698 commorantem,
813 4621 909 4685 multa
925 4620 1098 4683 dilectionis
1125 4618 1127 4747 i

350 4739 382 4783 ac
411 4723 647 4784 benevolentiae
678 4721 905 4798 significatione
931 4720 1095 4797 excepisse.

350 4813 454 4888 Serus,
473 4828 530 4876 nec
552 4813 677 4875 Romam
694 4814 848 4886 accedere,
866 4828 923 4874 nec
945 4812 1040 4874 ullam
1057 4813 1097 4873 ibi

350 4923 469 4968 moram
491 4908 615 4968 trabere
631 4907 817 4969 decrevisset
838 4905 994 4979 Paulinus,
1011 4905 1036 4966 si
1052 4906 1096 4966 iu-

350 5000 472 5062 lensum
501 5000 601 5064 Sirieii
630 5001 772 5063 animum
803 4998 910 5062 luisset
937 5004 1095 5076 expertus.

350 5093 407 5154 Ubi
429 5093 574 5155 Paulinus
588 5093 802 5156 suboiiensum
817 5091 963 5154 Siricium
985 5105 1099 5167 cogno-

351 5185 406 5260 vit,
419 5185 456 5247 ab
470 5186 552 5248 Urbe
573 5187 709 5248 recessit.
728 5186 760 5248 Si
775 5200 849 5260 ergo
867 5183 897 5245 iu
914 5181 1030 5244 Urbem
1040 5184 1098 5244 sub
1125 5228 1127 5251 ,

350 5281 459 5340 eodem
480 5277 589 5341 Siricio
612 5295 770 5356 regressus
792 5289 848 5353 est,
872 5279 934 5338 iam
956 5284 1097 5353 pacatum
1125 5256 1127 5306 ὗ

349 5371 471 5451 sibique
493 5370 683 5434 benevolum
705 5372 799 5449 probe
822 5377 960 5432 noverat.
1125 5324 1127 5403 Ι

1125 5418 1127 5454 i

132 5482 331 5535 adminuessa·
390 5481 518 5528 xxxxiv.
544 5465 648 5527 Tertio
664 5465 729 5525 loco
744 5464 938 5527 dissimulare
954 5479 1016 5524 nou
1033 5477 1098 5538 pos·
1125 5496 1127 5563 1

119 5536 208 5582 riclam
226 5540 251 5582 et
265 5538 330 5582 Pau·

119 5575 469 5634 1„„,„,q„„„.„.sumus,
492 5559 615 5621 duriora
638 5557 701 5632 illa,
718 5573 796 5635 quae
816 5572 908 5636 supra
932 5555 1098 5618 retulimus
1125 5588 1127 5637 q

119 5643 152 5687 sit
183 5641 332 5698 discrepan-

120 5696 163 5748 tla,
175 5705 262 5740 eorum
274 5705 331 5741 san-

352 5653 455 5728 verba,
471 5669 487 5712 a
503 5652 631 5714 Paulino
654 5652 687 5712 in
710 5651 868 5725 siricium,
889 5665 953 5711 nou
974 5649 1098 5710 etiama
1125 5642 1128 5725 i

1154 698 1402 775 expostulatione
1418 703 1496 760 esset
1511 698 1692 776 culpandus.
1715 695 1833 760 ilerum
1848 695 1904 757 hac

1154 791 1249 872 etiam
1263 791 1532 853 animadversione
1548 790 1729 869 posthabita,
1745 790 1769 850 si
1785 803 1853 850 rem
1867 787 1904 851 ad

1157 883 1312 960 rigidioris
1323 883 1427 947 iudicii
1441 884 1540 946 lances
1552 883 1723 959 exigamus,
1735 883 1903 944 bocunum

1156 976 1342 1054 colligimus,
1358 975 1493 1055 aliquam
1514 975 1631 1037 scilicet
1654 976 1737 1037 inter
1758 974 1903 1038 siricium

1156 1085 1189 1132 ae
1204 1069 1368 1131 Paulinum
1385 1069 1593 1132 intercessisse
1608 1068 1857 1147 discrepantiam,
1873 1073 1904 1128 et

1156 1162 1334 1226 animorum
1357 1162 1571 1237 offensionem,
1588 1178 1666 1240 quae
1681 1162 1824 1224 neutrius
1834 1177 1903 1222 sau-

1156 1255 1294 1317 ctitatem
1321 1253 1445 1317 evertit.
1477 1254 1518 1316 Ut
1540 1255 1568 1316 id
1591 1254 1699 1330 Pagius
1726 1254 1902 1328 confirmet,

1157 1349 1352 1412 notissimum
1366 1347 1400 1408 in
1416 1349 1485 1411 nita
1498 1347 1612 1410 Stricti
1624 1349 1711 1410 ailert
1723 1348 1903 1426 exemplum

1155 1443 1412 1516 contentionum,
1435 1458 1514 1520 quae
1536 1439 1684 1505 Sanctum
1706 1441 1902 1503 Willelmum

1157 1536 1341 1614 Episcopum
1371 1535 1595 1598 Eboracensem
1617 1543 1648 1597 et
1673 1533 1820 1597 Sanctum
1844 1534 1903 1596 ab·

1156 1630 1259 1692 batem
1286 1629 1479 1692 Bernardum
1506 1630 1541 1691 ad
1574 1629 1709 1690 invicem
1742 1629 1904 1690 commise-

1156 1731 1247 1800 runt3
1272 1739 1330 1801 qua
1353 1723 1390 1784 do
1408 1736 1443 1783 re
1463 1721 1570 1785 lusiori
1589 1736 1735 1785 sermone
1757 1737 1812 1783 nos
1827 1723 1903 1784 item

1154 1816 1277 1894 egimus
1299 1815 1353 1880 lib.
1377 1819 1401 1878 2
1428 1817 1464 1879 de
1487 1815 1742 1880 canonizatione
1769 1813 1902 1877 Senato-

1155 1927 1241 1981 rum,
1266 1925 1333 1986 cap.
1357 1908 1410 1981 41,
1428 1927 1517 1972 neiat.
1539 1912 1593 1982 13,
1618 1910 1671 1987 qui
1692 1909 1822 1986 insuper
1843 1905 1903 1969 sab

1155 2005 1287 2064 na.cm.8
1318 2003 1400 2067 aliud
1428 2004 1607 2081 exemplum
1634 2003 1837 2081 produximus
1866 2000 1903 2061 de

1155 2099 1281 2176 privatis
1296 2099 1548 2161 contentionibus
1563 2099 1647 2159 inter
1663 2097 1811 2161 Sanctam
1826 2099 1902 2160 Leo·

1156 2209 1229 2254 nem
1249 2193 1395 2270 Magnum
1408 2201 1438 2255 et
1452 2193 1606 2256 Hilarium
1627 2193 1811 2271 Episcopum
1828 2192 1903 2252 Are-

1155 2291 1317 2364 latensem,
1330 2296 1364 2350 ut
1378 2289 1502 2350 silentio
1517 2293 1746 2365 praetereamus
1761 2287 1817 2348 alia
1834 2302 1901 2362 gra·

1155 2384 1249 2444 vioris
1271 2381 1423 2443 momenti
1445 2380 1578 2454 dissidia,
1602 2397 1681 2458 quae
1702 2381 1902 2458 insequenti

1156 2491 1223 2553 cap.
1247 2475 1294 2538 42
1316 2473 1454 2535 cinsdean
1483 2474 1586 2550 operis
1611 2475 1824 2536 indicavimus.
1848 2473 1901 2535 Ni-

1155 2570 1199 2630 bil
1228 2577 1333 2630 tamen
1361 2566 1531 2628 illustrium
1565 2567 1705 2628 virorum
1732 2567 1843 2628 virtuti
1869 2584 1903 2628 ac

1155 2661 1300 2739 probitati
1310 2661 1480 2739 quidquam
1496 2659 1568 2720 inde
1578 2659 1708 2721 decedit:
1721 2658 1803 2720 aliud
1814 2674 1901 2720 nam-
1927 2729 1930 2734 ,

1155 2772 1216 2834 que
1236 2760 1282 2814 est
1301 2752 1476 2816 simultates
1497 2752 1702 2826 intercedere,
1725 2751 1807 2816 aliud
1830 2768 1903 2814 con-

1157 2849 1319 2911 troversias
1342 2846 1480 2909 excitari.
1503 2845 1582 2908 lllud
1605 2845 1764 2907 caritatem
1789 2846 1902 2909 inirin-

1155 2942 1211 3020 git,
1224 2958 1256 3002 ac
1273 2942 1305 3002 in
1327 2939 1433 3002 odium
1449 2938 1602 3017 erumpit;
1626 2940 1682 3001 boc
1704 2939 1736 3000 in
1758 2939 1820 3002 sola
1836 2940 1906 3019 ani-¹

1155 3049 1277 3095 morum
1300 3031 1490 3095 dissensione
1515 3037 1667 3107 versatur,
1690 3047 1768 3110 quae
1790 3032 1902 3095 volun·

1156 3133 1231 3188 tates
1246 3141 1309 3199 uon
1325 3124 1477 3198 dissociat,
1489 3140 1561 3186 cum
1582 3125 1707 3201 ingenia
1722 3126 1898 3188 committit.

1193 3233 1309 3279 xxxxv.
1334 3217 1439 3278 Unum
1461 3217 1570 3291 adhuc,
1592 3226 1758 3295 antequam
1788 3219 1900 3280 nostris
1935 3225 2056 3290 ‚Tardum
2073 3226 2133 3290 stu·

1154 3312 1236 3373 bisce
1258 3309 1431 3388 apostolicis
1453 3309 1551 3371 literis
1571 3325 1750 3387 supremam
1770 3325 1900 3372 manum
1919 3279 2133 3394 fiffiffli'smoffl

1884 3420 1901 3464 θ
1919 3387 2132 3486 ἕὲἓίιιξῃεοιῖιιξὲἶ

1155 3405 1360 3483 imponamus,
1379 3411 1520 3481 superest
1541 3403 1793 3478 examinandum,
1805 3404 1881 3464 sitn

1154 3497 1282 3560 Siricius
1310 3497 1465 3558 socordiae
1486 3512 1519 3557 ac
1539 3495 1743 3573 simplicitatis
1768 3496 1900 3558 crimine
1920 3494 1968 3537 aur.

1155 3589 1392 3664 insimulandus,
1409 3591 1489 3666 quod
1505 3589 1538 3650 iu
1554 3589 1736 3665 origenistis
1752 3590 1900 3650 damnau-

1154 3684 1200 3745 dis
1222 3683 1325 3744 miuus
1346 3682 1501 3745 solicitum
1517 3699 1548 3742 se
1566 3682 1752 3760 praebuerit.
1777 3681 1840 3744 iloc
1854 3690 1901 3744 est

1154 3777 1324 3854 praesentis
1346 3777 1574 3848 controversiae
1589 3783 1780 3855 postremum
1798 3785 1898 3855 caput,

1154 3872 1202 3932 cui
1225 3870 1416 3949 expediendo
1438 3877 1541 3930 nostra
1564 3869 1649 3944 baec,
1666 3886 1757 3948 quam
1779 3871 1900 3934 subiici-

1154 3981 1236 4039 mus,
1253 3971 1350 4024 oratio
1366 3963 1574 4042 occupabitur.
1599 3964 1639 4026 Ut
1650 3965 1688 4024 ab
1701 3963 1834 4042 impacto
1849 3965 1902 4026 de·

1153 4059 1247 4120 sidiae
1258 4057 1335 4118 vitio
1350 4055 1496 4119 siricium
1512 4065 1623 4135 purget
1635 4056 1823 4118 clarissimus
1839 4058 1901 4118 nn-

1155 4150 1271 4212 nalium
1287 4167 1409 4229 parens,
1425 4165 1509 4212 anuo
1533 4151 1645 4212 Christi
1663 4166 1781 4212 coovrr.
1805 4151 1902 4212 notis·
1978 4147 1982 4156 “

1154 4245 1266 4304 simam
1288 4242 1404 4321 proiert
1418 4243 1592 4320 parabolam
1614 4244 1785 4319 evangelici
1807 4245 1901 4322 patris

1154 4336 1295 4411 familias,
1313 4337 1366 4415 qui
1382 4339 1498 4398 zizania
1520 4339 1555 4398 ad
1571 4352 1704 4402 messem
1717 4353 1815 4414 usque
1829 4339 1901 4400 sivit

1154 4446 1303 4506 crescere,
1320 4447 1360 4494 ue
1374 4434 1511 4510 alioquin
1532 4435 1651 4500 solicita
1673 4435 1808 4502 nimium
1829 4451 1901 4496 cura

1154 4530 1251 4598 actus,
1274 4527 1349 4588 dum
1371 4527 1488 4588 zizania
1510 4530 1628 4601 evellit,
1653 4523 1752 4608 ipsunt
1776 4543 1900 4608 quoque

1155 4616 1216 4677 illis
1246 4621 1452 4682 commixtum
1490 4628 1658 4690 eradicaret
1690 4628 1897 4690 frumentum.

1154 4719 1338 4782 Laudandus
1352 4739 1426 4784 sane
1440 4724 1602 4802 Baronius,
1619 4727 1672 4805 qui
1688 4735 1722 4788 ut
1745 4727 1900 4802 insignem

1155 4814 1186 4875 in
1208 4823 1328 4876 veteres
1351 4816 1504 4879 Ecclesiae
1525 4828 1626 4897 patres
1647 4821 1744 4881 aninri
1768 4821 1815 4882 sui
1838 4820 1901 4896 pie-

1156 4912 1251 4968 tatem
1283 4924 1316 4969 ac
1343 4909 1500 4986 singulare
1532 4912 1714 4991 obsequium
1752 4923 1897 4976 testatum

1155 4999 1254 5074 iaciat,
1270 5017 1340 5063 cum
1363 5002 1487 5063 illorum
1510 5003 1586 5066 lacta
1601 5003 1821 5068 commendare
1835 5022 1898 5068 nou

1154 5096 1267 5172 possit,
1300 5096 1475 5172 benigniori
1502 5100 1610 5161 saltem
1643 5100 1900 5178 interpretatione

1154 5205 1301 5250 excusare
1315 5192 1485 5254 contendit.
1510 5192 1560 5254 Sic
1575 5209 1649 5269 ergo
1664 5192 1829 5254 Baronius:
1847 5193 1900 5255 Li·

1155 5287 1203 5340 cet
1225 5289 1253 5342 et
1277 5281 1387 5358 aliqua
1408 5283 1522 5345 saltem
1544 5301 1583 5345 eac
1605 5289 1697 5361 parte
1718 5286 1901 5348 encaustic-

1155 5389 1223 5434 nean
1240 5373 1332 5437 illan
1346 5383 1532 5453 praetenera
1546 5377 1618 5438 iare
1632 5378 1801 5454 potuisset,
1818 5378 1900 5455 qnod

1154 5467 1296 5546 eeevnplo
1317 5470 1491 5549 euangelici
1506 5471 1611 5546 patric
1627 5469 1784 5549 lautitias,
1802 5487 1901 5550 usqae

1154 5562 1194 5622 ad
1222 5576 1350 5622 arcessere
1378 5563 1493 5623 siverit
1521 5562 1656 5624 zizania
1685 5577 1839 5635 crescere,
1863 5581 1901 5624 ne

1155 5669 1227 5714 enm
1248 5653 1293 5713 eis
1315 5653 1459 5715 evelleret
1482 5655 1644 5725 triticam,
1668 5661 1837 5732 eaopectons
1853 5656 1902 5716 ni·

119 5749 249 5795 carratam
279 5759 330 5794 ¹¹0⁰
351 5746 460 5808 Siricio
476 5748 508 5809 in
525 5745 691 5808 Paulinum
708 5746 800 5807 luisse
817 5745 948 5823 prolata3
968 5744 1099 5820 ideoque
1126 5770 1128 5815 p
1155 5745 1288 5817 mirram,
1305 5753 1342 5807 ot
1359 5746 1415 5824 qni
1436 5763 1506 5808 aere
1526 5755 1629 5808 esseut
1651 5746 1817 5820 baeretici,
1831 5763 1901 5826 per-

121 5803 204 5847 laedit.

351 5841 375 5900 si
399 5840 505 5901 liceret
525 5843 562 5903 de
577 5840 726 5901 alterutro
747 5839 896 5901 iudicium
916 5838 1009 5912 ierre,
1023 5837 1100 5898 Pau·
1126 5826 1128 5901 l

354 5932 447 6007 linus,
461 5947 525 5994 uon
542 5932 678 6007 Siricius,
691 5932 727 5992 de
744 5932 805 5994 acri
820 5931 871 5993 illa
885 5947 918 5992 ac
934 5929 1099 5992 inofficiosa
1126 5922 1128 5988 l

1154 5837 1263 5915 spicae
1288 5846 1421 5900 matura
1447 5844 1550 5918 seqete
1579 5835 1773 5900 certioribus
1796 5840 1901 5918 signis

1154 5930 1266 6009 fierent
1283 5932 1459 6009 manifesti.
1483 5931 1567 5994 Hane
1590 5932 1684 6008 ipsam
1696 5930 1819 5993 Baronii
1834 5947 1902 5993 sen-

1827 561 1884 623 763
1935 558 1989 612 An.
2003 561 2033 611 O.
2055 560 2124 612 1748
