4708 6978
325 546 515 606 xn.c.1747
565 545 624 613 340
1064 562 1130 609 run.
1153 561 1244 609 nour.
1268 562 1308 608 nu
1329 562 1358 607 a.
1382 560 1411 608 r.
1436 561 1519 608 vans
1539 562 1561 607 1.

544 687 618 750 haec
639 701 713 748 vero
734 684 847 751 oblatio
865 699 923 746 nec
936 697 1009 745 sane
1023 688 1134 761 potest,
1151 697 1208 744 nec
1222 695 1286 742 em·
1342 680 1428 741 cium
1449 680 1625 744 videretur.
1649 680 1674 743 d
1697 678 1727 742 S.
1751 678 1901 757 Gregorio
1922 677 2033 756 edocti,
2053 693 2098 741 ιιι

544 780 621 843 nino
641 779 732 842 debet
753 795 768 839 a
790 776 1042 840 christifidelibus
1063 775 1209 849 recusari,
1233 777 1287 854 qui
1342 773 1439 836 ullam
1459 774 1508 836 his
1529 772 1567 836 de
1587 774 1780 852 sponsalibus
1794 773 1987 851 diligentiam
2001 789 2096 854 prae·

543 880 693 936 tenentur
723 870 803 934 nulli
834 885 960 949 parcere
981 869 1171 946 diligentiae,
1194 869 1287 932 nulli·
1343 868 1512 930 termisisse
1543 868 1734 942 videremur,
1759 867 1941 944 Seldennm,
1963 867 2097 930 Bustor·

542 981 604 1046 qne
624 965 737 1040 studio,
760 971 796 1026 ut
816 963 981 1028 christiana
1002 963 1115 1026 veritas
1137 963 1197 1026 iam
1220 964 1287 1024 viro
1343 962 1433 1038 llum,
1456 963 1593 1026 Leonem
1616 963 1755 1037 Medena,
1778 969 1809 1024 et
1830 961 1905 1024 alios
1925 963 2099 1043 scriptores

543 1067 596 1123 aut
608 1075 720 1137 sponso
734 1057 869 1134 cognita,
887 1057 976 1119 uxori
991 1071 1115 1135 queque
1130 1063 1182 1119 aut
1197 1071 1288 1135 spon·
1343 1057 1548 1120 consulendos
1579 1056 1833 1120 adiudicavimns.
1866 1058 1992 1121 Decreta
2013 1075 2099 1139 quo·

542 1168 593 1215 sae
614 1150 715 1215 lucem
736 1150 853 1224 aderat,
875 1167 908 1213 ac
928 1149 1073 1224 salutem,
1093 1165 1131 1211 eo
1153 1148 1204 1212 vel
1225 1165 1287 1212 ma·
1343 1167 1405 1229 qua
1425 1150 1648 1229 percurrimus,
1671 1166 1750 1229 quae
1764 1151 1837 1214 alias
1852 1151 1883 1214 in
1899 1152 2017 1216 casibus
2033 1153 2098 1216 hu-

543 1245 627 1308 xime
648 1243 730 1325 quod
752 1244 880 1306 Romani
901 1243 1064 1306 Pontifices
1085 1242 1157 1305 licet
1172 1241 1288 1304 iudaeis
1344 1245 1428 1307 lusce
1449 1244 1572 1321 generis
1599 1249 1841 1321 congregatione
1869 1243 1970 1310 Sancti
1993 1246 2099 1311 Cilicii

543 1337 609 1400 vim
630 1337 697 1400 deri
718 1339 815 1416 quoad
843 1335 1029 1413 religionem
1056 1350 1165 1397 severe
1184 1334 1289 1413 prohi·
1344 1344 1540 1400 emanarunt.
1565 1334 1624 1400 Sed
1640 1344 1803 1400 auctorum
1818 1337 1910 1401 lectio
1924 1340 2099 1418 praedicto-

543 1433 646 1507 beant,
668 1431 767 1510 palam
789 1437 893 1492 tamen
920 1428 1108 1506 significant,
1132 1427 1212 1490 nihil
1232 1428 1288 1490 sibi
1344 1445 1427 1506 rum,
1450 1445 1543 1507 quam
1565 1431 1654 1494 nobis
1676 1430 1762 1492 utilis
1782 1431 1921 1494 extitisse
1939 1448 2099 1495 exornan-

543 1524 705 1604 antiqnius
735 1540 813 1600 esse,
835 1522 999 1602 optabilius
1026 1521 1116 1596 nihil,
1139 1538 1233 1600 quam
1254 1529 1289 1583 ιιι
1344 1524 1398 1585 dae
1419 1523 1628 1587 dissertationi
1659 1540 1715 1604 pro
1742 1524 1843 1604 aliqua
1869 1540 1909 1586 ex
1928 1527 2098 1588 academiis

544 1619 636 1682 iidem
667 1616 832 1697 aliquando
853 1633 871 1678 e
893 1615 1027 1680 tenebris
1046 1614 1085 1676 ad
1116 1615 1230 1690 lucent,
1252 1613 1289 1676 ab
1344 1617 1566 1694 ecclesiasticis,
1598 1634 1678 1696 quae
1708 1633 1812 1680 coram
1842 1618 1930 1682 nobis
1960 1620 2100 1698 singulis

544 1729 651 1776 errore
671 1713 706 1776 ad
729 1711 896 1776 veritatem
926 1710 1069 1786 veniant;
1099 1709 1166 1772 ideo
1192 1707 1288 1771 semel
1343 1710 1542 1774 hebdomadis
1575 1711 1678 1774 haberi
1700 1712 1819 1786 solent,
1845 1719 1909 1776 tarn
1931 1713 2020 1792 plane
2046 1715 2101 1777 in-

544 1807 576 1868 in
596 1806 733 1884 singulas
763 1805 968 1868 hebdomadas
989 1803 1025 1865 iis
1046 1803 1169 1881 publice
1196 1819 1289 1865 evan-

544 1900 659 1978 gelium
690 1898 879 1973 annuntiari,
902 1898 1089 1978 eosdemque
1115 1897 1223 1959 iubent
1244 1913 1289 1958 sa-

542 1994 602 2057 cris
623 1993 706 2055 hisce
723 1994 922 2057 concionibus
936 1993 1099 2068 interesse,
1115 2001 1150 2055 ut
1164 1999 1291 2071 apparet

543 2089 578 2150 io
601 2087 731 2149 constit.
758 2092 774 2150 1
802 2087 927 2150 Nicoloc'
950 2087 1006 2152 HI.
1023 2093 1053 2148 et
1068 2085 1198 2149 constit.
1222 2088 1288 2148 106

546 2180 691 2260 Greporii
714 2181 799 2243 XHI.
1171 2176 1174 2184 ’

583 2273 665 2349 §du
679 2272 808 2348 Verum,
821 2289 1010 2352 quamquam
1021 2273 1145 2335 hebraei
1162 2275 1199 2336 de
1214 2287 1288 2335 uxe-

544 2383 614 2430 rnm
635 2382 880 2445 sponsarumque
902 2367 1056 2430 oblatione
1077 2383 1134 2429 nee
1155 2381 1289 2445 conque-

544 2468 664 2536 rantur,
691 2475 748 2522 nec
774 2462 923 2538 conqueri
944 2460 1079 2538 possint;
1111 2469 1289 2540 queruntur

543 2561 659 2629 tamen,
682 2561 717 2616 ιιι
738 2553 875 2632 primum
896 2554 1103 2616 hebraeorum
1124 2553 1233 2631 aliquis
1252 2552 1289 2614 ad

545 2647 637 2710 fidem
659 2646 813 2727 proiectus
834 2654 886 2709 aut
908 2646 1114 2725 prolecturus,
1135 2661 1224 2710 suam
1246 2645 1290 2708 ol-

544 2740 603 2802 lert
616 2739 768 2803 Ecclesiae
781 2757 935 2821 sponsam,
948 2740 1029 2820 quod
1040 2743 1114 2804 haeo
1126 2740 1206 2804 illico
1217 2756 1289 2801 evo-

542 2841 641 2908 catur,
664 2833 857 2914 domumque
877 2834 1174 2898 catechumenorum
1192 2843 1290 2897 trans·

543 2927 653 3003 lertur,
677 2927 729 2991 ubi
751 2928 954 3007 quadraginta
975 2929 1097 2992 dierum
1119 2929 1216 3006 spatio
1236 2929 1290 2990 de-

490 3061 494 3070 ·
541 3022 672 3085 timetur.
698 3021 838 3084 Clamant
858 3021 889 3084 in
905 3039 975 3085 casu
991 3022 1143 3085 eiusmodi
1158 3020 1288 3086 nimiam

542 3115 724 3178 christianos
746 3115 871 3177 incertis
893 3115 1018 3180 vocibus
1046 3115 1160 3178 habere
1181 3116 1286 3191 tidem,

542 3214 574 3270 ιι
588 3208 804 3287 imprudenter
819 3223 921 3286 agere,
938 3210 1118 3289 priusquam
1133 3210 1205 3275 ullis
1220 3226 1289 3289 pro-

1346 1803 1430 1866 utilis
1457 1820 1491 1866 ac
1517 1819 1743 1882 supervacanea
1772 1805 1832 1868 luit
1851 1814 1937 1868 certo
1966 1825 2000 1870 ac
2023 1815 2098 1871 tuto

1345 1895 1539 1961 decernendo
1568 1898 1734 1974 sistemati,
1767 1899 1848 1978 quod
1880 1901 2098 1981 maximopere

1344 1990 1533 2070 optabamus.
1558 1991 1604 2052 Ex
1618 1991 1779 2070 praedietis
1794 1993 1938 2069 decretis,
1954 2009 2098 2072 quorum

1345 2083 1536 2162 principium
1557 2092 1603 2146 est
1624 2085 1662 2146 ab
1675 2099 1756 2146 anno
1772 2101 1951 2161 xoccxxv.,
1968 2086 2040 2149 licet
2059 2086 2100 2148 il·

1345 2177 1397 2239 lud
1420 2177 1627 2254 intelligatur,
1650 2179 1730 2256 quod
1751 2179 1777 2239 si
1797 2195 1927 2258 sponsus
1942 2181 2098 2244 hebraeus

1344 2269 1405 2332 iam
1416 2270 1603 2334 christianus
1613 2286 1742 2348 sponsae
1756 2273 1855 2336 adhuc
1869 2274 1997 2337 iudaeae
2011 2274 2099 2338 obla·

1347 2363 1465 2427 tionem
1486 2363 1571 2440 lecit,
1593 2364 1671 2426 hanc
1694 2365 1776 2427 inter
1797 2370 2034 2431 catechumenos
2056 2369 2097 2432 ad

1344 2457 1546 2534 quadraginta
1567 2457 1632 2520 dies
1646 2458 1806 2523 detentam
1821 2458 1927 2537 luisse;
1944 2461 2032 2524 nullo
2048 2469 2097 2524 ta-

1344 2565 1417 2612 men
1439 2550 1530 2612 modo
1551 2552 1694 2628 cognosci
1715 2553 1826 2630 potuit,
1850 2569 1900 2630 an,
1923 2565 1955 2618 ιι
1969 2572 2029 2633 qua
2045 2573 2097 2616 ra·

1345 2644 1430 2707 tione
1449 2643 1602 2722 sponsalia
1633 2644 1757 2723 probata
1786 2643 1917 2722 luerint,
1940 2647 2095 2727 itemque,

1343 2752 1382 2799 an
1405 2751 1514 2800 eorum
1535 2738 1673 2816 probatio
1693 2738 1788 2804 solius
1809 2743 1929 2818 sponsi,
1952 2742 2003 2805 vel
2023 2743 2098 2820 plu-

1344 2831 1428 2893 rium
1459 2829 1636 2892 testimonio
1668 2830 1875 2911 inniteretur;
1901 2850 1940 2896 an
1962 2833 2095 2898 demum

1344 2923 1503 3002 quodlibet
1523 2931 1651 2986 mutuae
1670 2925 1843 3004 sponsionis
1868 2941 1966 3004 genus
1987 2929 2096 2991 existi-

1344 3024 1464 3080 matum
1495 3016 1591 3080 luerit
1618 3033 1712 3080 verus
1733 3035 1767 3081 ac
1787 3017 1947 3097 legitimus
1967 3037 2095 3101 spensa-

1344 3112 1456 3174 liorum
1479 3116 1666 3174 contractos.

1384 3209 1403 3281 5
1423 3205 1472 3268 dt.
1497 3205 1607 3268 Ductor
1618 3204 1731 3267 Paulus
1742 3206 1896 3271 Mediceus
1911 3209 1945 3271 in
1960 3227 2016 3273 suo
2032 3219 2096 3273 lra-

542 3300 717 3364 bationibus
738 3303 985 3366 demonstratum
1006 3303 1114 3379 luerit,
1136 3303 1288 3382 sponsalia
1342 3306 1427 3362 clato
1450 3301 1488 3362 de
1507 3298 1713 3361 hebraeorum
1734 3299 1846 3364 ritibus
1872 3319 1905 3365 ac
1926 3303 2092 3383 institutis,

542 3395 602 3458 rite
623 3411 656 3456 ac
677 3395 778 3458 valide
799 3403 954 3460 contracta
975 3397 1078 3460 luisse.
1103 3397 1181 3460 llinc
1201 3397 1288 3460 dicti-

542 3495 610 3554 tant
630 3490 754 3564 damna,
770 3489 1023 3569 turbationesque
1037 3491 1112 3554 oriri
1127 3491 1286 3570 plurimas,

542 3597 615 3644 cum
636 3598 699 3645 non
720 3582 817 3646 semel
838 3583 990 3656 evenerit,
1014 3592 1048 3649 ut
1069 3584 1220 3649 hebraeos
1241 3585 1288 3648 in·

543 3677 615 3738 tima
636 3676 675 3738 de
694 3675 783 3754 plebe
804 3675 924 3756 aliquis,
947 3678 1088 3741 mulieris
1117 3686 1169 3745 aut
1192 3679 1289 3756 virgi-

543 3769 592 3832 nis
611 3785 717 3832 amore
742 3769 875 3846 flagrans
895 3780 927 3835 et
948 3772 1053 3835 divitis
1076 3780 1106 3835 et
1128 3772 1289 3846 honestae,

543 3865 706 3942 desperans
738 3880 812 3926 vero
843 3880 910 3926 eam
941 3866 973 3927 in
994 3865 1145 3930 iudaismo
1177 3869 1289 3930 ducere

543 3972 675 4019 uxorem
696 3971 795 4035 pesse,
811 3957 840 4018 id
855 3956 974 4021 consilii
989 3961 1117 4038 ceperit,
1133 3968 1289 4024 contracta

544 4065 657 4129 nempe
677 4051 827 4129 sponsalia
848 4049 933 4127 lalso,
955 4069 989 4116 ac
1011 4061 1129 4117 temere
1150 4055 1289 4119 vendita·

543 4158 589 4217 re,
610 4141 763 4206 illustrem
785 4152 820 4206 ιιι
842 4145 877 4206 ad
900 4143 1071 4214 thalamum
1097 4147 1286 4225 perveniret.

1344 3407 1480 3471 quorum
1502 3392 1568 3471 ipse
1588 3392 1793 3469 peritissimus
1810 3403 1887 3471 erat,
1903 3397 2017 3477 quippe
2037 3401 2095 3478 qui

1344 3501 1362 3547 e
1383 3485 1510 3548 Mosaica
1525 3485 1562 3547 ad
1576 3484 1774 3548 christianam
1796 3486 1899 3565 legem
1914 3491 2092 3567 transierat,

1345 3592 1413 3654 cop.
1429 3578 1486 3651 27,
1504 3577 1543 3641 de
1562 3575 1754 3656 sponsalibus
1768 3581 1831 3658 agit
1845 3589 1876 3644 et
1890 3584 2094 3648 matrimonio

1345 3671 1542 3746 iudaeorum,
1562 3679 1595 3733 et
1616 3670 1657 3746 id,
1674 3679 1710 3734 ιιι
1731 3675 1834 3752 paucis
1855 3675 1965 3752 dicam,
1988 3685 2094 3741 osten·

1344 3765 1400 3840 dit,
1423 3764 1455 3826 in
1479 3765 1538 3827 hoc
1560 3765 1703 3828 instituto
1719 3781 1781 3829 non
1803 3769 1997 3833 admodnma
2012 3772 2095 3834 chri-

1344 3857 1527 3923 stifidelibus
1561 3859 1685 3922 differre
1710 3859 1870 3924 hebraeos.
1903 3862 1982 3926 Nam
2012 3866 2095 3928 hanc

1344 3953 1423 4032 apud
1445 3969 1497 4015 eos
1518 3954 1777 4016 consuetudinem
1802 3970 1869 4018 esse
1890 3963 2032 4033 testatur,
2055 3967 2093 4021 ut

1344 4047 1497 4125 scriptura
1517 4047 1710 4123 conficiatur,
1733 4047 1767 4110 in
1788 4065 1847 4126 qua
1867 4059 2035 4129 parentum
2048 4053 2093 4115 al·

1344 4146 1466 4203 teruter
1488 4139 1584 4202 liliam
1613 4156 1700 4203 suam
1720 4149 1773 4206 aul
1796 4142 1949 4221 puellam,
1970 4154 2023 4209 ant
2045 4146 2093 4208 vi·

583 4234 671 4312 §dt
695 4235 824 4314 Magnus
855 4235 908 4300 ille
938 4239 1152 4316 praedecessor·
1183 4248 1290 4303 noster
1344 4233 1436 4297 duam
1459 4233 1613 4312 promittit
1633 4249 1755 4314 sponso,
1779 4236 1830 4298 hic
1849 4246 1955 4300 autem
1976 4255 2043 4302 eam
2058 4257 2093 4303 se

544 4326 576 4393 S.
594 4329 775 4406 Gregorius.
785 4327 928 4393 laudabili
948 4346 1072 4411 semper
1085 4333 1242 4408 methodo,
1259 4343 1290 4398 et
1345 4327 1515 4390 ductorum
1536 4326 1712 4407 pollicetur.
1736 4329 1872 4407 Tempus
1897 4346 2019 4410 quoque
2039 4333 2094 4395 de-

432 4457 434 4461 v
544 4423 722 4500 incorrupta
744 4423 860 4484 iustitia
882 4423 914 4484 in
929 4424 1140 4489 Hebraeorum
1156 4429 1289 4504 negotiis
1344 4421 1431 4484 cerni
1452 4420 1592 4496 solitum,
1606 4420 1638 4484 in
1655 4437 1718 4500 quo
1740 4423 1865 4502 nuptiae
1880 4424 2090 4488 celebrentur.

544 4531 619 4578 usus
639 4522 696 4577 est.
721 4514 854 4580 Consule
883 4517 952 4580 ctus
974 4518 1066 4596 epist.
1089 4522 1150 4592 25,
1173 4518 1228 4584 lib.
1252 4526 1286 4594 8,
1346 4515 1525 4580 Contractui
1547 4515 1675 4577 demum
1695 4515 1888 4579 subscribere
1910 4526 1978 4580 tum
1998 4535 2092 4599 spen·

544 4607 658 4671 indict.
682 4611 715 4682 1,
737 4605 874 4674 'ultimae
895 4611 987 4685 edit,
1002 4611 1118 4676 Victori
1139 4614 1290 4696 Episcopo
1345 4617 1490 4682 sustam
1512 4610 1573 4671 duo
1595 4617 1754 4687 praeterea
1775 4617 1869 4673 testes
1883 4610 1922 4674 do
1936 4627 2024 4675 more
2040 4616 2095 4677 de-

543 4701 764 4764 Panormitano
791 4702 907 4766 datam:
940 4704 974 4768 Si
1001 4706 1109 4785 igitur
1134 4707 1291 4785 quertino·
1346 4701 1432 4764 beot.
1450 4701 1522 4777 Sed,
1538 4701 1609 4780 qnia
1624 4699 1748 4764 hebraei
1769 4718 1890 4780 eorum,
1906 4705 1961 4786 qui
1975 4707 2094 4770 Christi

544 4795 601 4857 nio
622 4811 732 4857 eorum
758 4797 894 4861 ueritate
919 4799 1076 4878 fulcitur,
1105 4807 1289 4880 oporteret
1345 4795 1438 4858 fidem
1470 4794 1603 4873 amplexi
1630 4802 1716 4870 sunt,
1739 4795 1829 4858 dictis
1856 4814 1891 4860 ac
1912 4800 2093 4863 testimonio

545 4889 741 4972 fraternitas
768 4898 886 4964 uestra,
916 4893 992 4972 lepis
1014 4895 1096 4956 serie
1117 4893 1290 4974 diligenter
1345 4904 1436 4965 aegre
1450 4888 1660 4965 aequiescunt,
1673 4888 1742 4950 ideo
1757 4905 1814 4952 1108
1830 4891 1970 4954 veritatis
1990 4895 2092 4973 appri-

545 4983 699 5060 inspectu,
723 4985 772 5046 itu
798 4986 843 5046 eis
869 4986 1024 5066 quidquid
1051 4985 1110 5050 dac
1131 5003 1165 5048 re
1188 4987 1290 5050 decre·
1345 4997 1395 5042 me
1416 4981 1532 5060 cupidi,
1545 4980 1665 5043 cuidam
1681 4980 1823 5044 familiari
1838 4993 1946 5047 nostro
1961 4985 2092 5066 iurispe-

547 5080 617 5136 tum
639 5083 685 5139 est
712 5077 872 5140 custodire
893 5077 1012 5152 debent,
1031 5097 1069 5142 uc
1088 5095 1227 5153 seruare,
1250 5088 1289 5142 ut
1346 5075 1406 5136 rito
1427 5073 1657 5149 mandavimus,
1680 5081 1713 5137 ut
1734 5086 1915 5140 0011v0lldl0l
1936 5078 1969 5141 in
1990 5096 2092 5143 unum

545 5184 602 5229 nec
623 5169 693 5245 ipset
714 5169 839 5249 aliquid
859 5171 1019 5234 iniustum
1033 5175 1152 5252 fucere,
1169 5189 1224 5236 nec
1241 5173 1290 5237 dli
1345 5167 1469 5230 iudaeos
1490 5167 1626 5255 aliquot,
1649 5183 1784 5246 quorum
1805 5184 1888 5232 unus
1910 5171 2091 5251 iampridem

544 5261 616 5338 pati
636 5262 874 5340 praeiudicium
895 5264 1081 5328 uideuatur.
1105 5265 1165 5330 Sed
1187 5266 1291 5330 admo·
1347 5261 1448 5338 nobis,
1470 5277 1542 5323 cum
1562 5261 1661 5324 adhuc
1682 5263 1826 5326 Anconae
1855 5263 2013 5350 ecclesiam
2035 5282 2093 5344 gu·

546 5364 601 5418 net
620 5355 729 5424 eodem
753 5364 902 5436 tempore,
919 5365 955 5420 ιιι
972 5358 1048 5422 lacta
1064 5358 1230 5437 diligenter
1244 5377 1290 5423 ac·
1347 5355 1559 5429 bernaremus,
1576 5361 1622 5416 est
1636 5353 1731 5435 probe
1752 5356 1897 5432 cognitus
1917 5363 1949 5419 et
1970 5359 2003 5421 in
2026 5375 2092 5422 mo-

545 5457 713 5530 curateque
736 5451 979 5530 perpendantur,
1001 5454 1037 5517 ad
1059 5453 1223 5516 veritatem
1245 5455 1290 5516 ret
1346 5448 1433 5508 salcis
1455 5447 1565 5509 ritibus
1587 5448 1711 5526 egregie
1732 5457 1883 5513 versatus.
1916 5451 1960 5512 Ex
1982 5469 2019 5515 eo
2039 5469 2091 5515 au-

545 5559 562 5604 a
584 5544 700 5608 iudaeis
721 5545 892 5625 propositae
908 5547 1165 5624 cognoscendam
1182 5546 1292 5610 utcol-
1345 5549 1412 5604 tem
1434 5549 1592 5604 conventu
1615 5557 1659 5617 ea,
1683 5557 1762 5621 quae
1782 5552 1970 5622 sequuntur,
1993 5547 2091 5622 evicta

546 5635 656 5713 ligitur
676 5652 714 5698 ex
736 5636 793 5700 alia
820 5639 886 5700 eius
913 5638 1040 5719 epistola
1064 5638 1101 5700 ad
1122 5640 1290 5703 Fantinum
1345 5642 1429 5698 sunt.

546 5730 690 5794 Panormi
712 5729 906 5795 defensorem
925 5734 1060 5808 missam,
1077 5749 1156 5812 quae
1169 5735 1215 5796 55
1231 5740 1288 5806 est,
1385 5732 1405 5806 5
1425 5731 1474 5794 63.
1499 5731 1614 5806 Primo,
1636 5745 1759 5811 semper
1779 5733 1929 5811 sponsalia
1950 5733 2089 5798 contrahi

548 5820 602 5884 lib.
627 5825 660 5896 9,
683 5823 799 5888 indict.
815 5829 848 5899 2,
866 5825 918 5890 ubi
940 5826 1068 5904 legitur,
1090 5841 1129 5888 ne
1150 5810 1241 5905 surte'
1255 5827 1291 5889 irc
1347 5826 1430 5889 inter
1451 5825 1557 5887 virum
1579 5831 1610 5886 ιι
1631 5836 1773 5903 parentes
1794 5827 1944 5904 mulieris,
1968 5835 2021 5892 aul
2044 5829 2090 5892 in·

547 5933 657 5980 eorum
677 5918 745 5980 solo
776 5919 943 5986 volontate
973 5922 1097 5986 versari
1126 5921 1291 6002 praeindi-
1348 5928 1395 5982 ter
1415 5919 1521 5982 virum
1547 5925 1578 5980 et
1600 5918 1741 5990 ,rnulieris
1769 5920 1971 6004 propinquos,
1994 5921 2018 5982 si
2040 5937 2090 6002 pa·
