4708 6978
855 595 1053 641 benedictus
1076 595 1139 640 tlt.

230 718 314 781 tificis
335 734 429 796 super
443 717 606 796 praedictis
627 716 718 791 loliis,
735 715 768 777 in
783 713 894 793 quibus
908 712 970 774 sin-

229 811 372 889 gulorum
400 811 593 874 indultorum
623 813 744 872 tenores
766 816 796 870 et
827 821 970 869 causaea

227 904 388 966 secretario
420 903 588 982 descriptae
627 908 737 978 erunt3
771 897 970 979 quemadmo-

228 1000 299 1060 dum
320 997 430 1076 elapsis
442 997 646 1076 temporibus,
662 1004 754 1074 atque
775 996 897 1056 etiamn
915 1007 970 1054 no·

229 1090 271 1152 bis
295 1090 384 1170 ipsis,
413 1090 489 1151 dum
516 1090 692 1152 huiusmodi
721 1086 876 1150 secretarii
901 1101 970 1147 ntu-

229 1199 301 1246 nere
320 1183 540 1260 tangeremur,
562 1191 720 1246 servatum
748 1181 842 1243 luisse
867 1195 970 1240 narra·

230 1293 338 1338 rimus.

66 1387 163 1490 ,⁵l⁰,{¹¹¹¹,{,
164 1385 211 1484 11³⁵?ss
265 1369 378 1444 Quinto
399 1370 476 1446 loco,
493 1370 639 1448 quoniam
656 1367 844 1448 experiendo
858 1380 970 1442 cogno-

63 1503 153 1557 qia-duna
174 1503 210 1536 re-

59 1557 114 1654 ἔξω
127 1556 210 1602 compa·
229 1555 312 1617 randi
324 1565 410 1618 extra
422 1556 596 1632 dioecesim,
609 1555 819 1632 infrascriptae
835 1552 969 1632 plerum-

229 1463 339 1537 vimus,
356 1465 449 1542 quod,
466 1466 501 1526 ad
517 1464 683 1526 obtinenda
706 1461 824 1524 indulta
836 1473 969 1521 commo-

227 1665 287 1727 que
308 1665 415 1711 causae
436 1649 473 1710 ab
487 1649 641 1728 Episcopis
658 1649 758 1710 allerri
780 1646 898 1708 solent:
923 1645 971 1705 ni-

227 1743 342 1804 mirum
357 1751 409 1805 aut
421 1743 584 1805 necessitas
596 1741 755 1804 assistendi
767 1737 970 1819 personaliter

226 1834 317 1897 alicui
338 1835 384 1897 liti
409 1851 464 1897 seu
486 1835 724 1910 controversiae,
741 1835 774 1894 in
796 1847 855 1912 qua
876 1831 970 1894 eccle-

224 1930 298 2004 siae,
319 1936 373 1990 aut
395 1928 469 1992 cleri
491 1929 552 2006 sui,
578 1928 740 1990 ueletiam
769 1925 909 2004 propriae
930 1924 970 1986 la-

226 2021 340 2094 miliae,
357 2037 406 2082 res
420 2028 540 2098 agatur,
557 2035 696 2099 quaeque
710 2022 743 2081 in
760 2019 896 2081 Romana
911 2017 971 2080 Gu-

225 2115 270 2175 ria
291 2113 466 2176 introducta
487 2115 526 2174 sit
541 2113 593 2175 vel
615 2115 672 2176 alia
695 2115 727 2175 in
749 2113 842 2189 Urbe,
856 2113 889 2174 in
912 2128 969 2190 qun

225 2208 378 2270 resideant
400 2208 515 2269 maiora
534 2209 712 2283 tribunalia,
729 2222 862 2287 quorum
884 2221 918 2266 ea
933 2205 970 2267 de

223 2317 257 2363 re
280 2299 429 2363 iudicium
441 2316 506 2363 esse
529 2301 652 2377 debeat;
675 2309 727 2362 aut
742 2300 908 2379 corporalis
922 2315 971 2361 ae·

224 2393 364 2470 agritudo,
394 2410 453 2472 qua
481 2405 640 2472 correptus
665 2393 759 2454 luerit
788 2394 967 2470 Episcopus,

222 2489 299 2550 dum
319 2493 405 2548 extra
427 2488 603 2562 dioecesim,
619 2485 835 2548 conciliaribus
856 2485 969 2547 mensi·

225 2583 281 2643 bus
310 2591 421 2657 utens,
445 2582 638 2656 morabatur,
659 2581 747 2643 'itaut
768 2581 804 2642 ad
830 2579 969 2641 eamdem

223 2676 389 2738 dioecesim
405 2675 521 2737 reuerti
536 2684 685 2754 nequeot3
709 2683 762 2736 aut
777 2675 903 2736 aduersa
918 2689 969 2732 va-

223 2767 328 2831 letudo
351 2769 383 2830 in
406 2769 467 2846 ipsa
486 2768 616 2830 dioecesi
638 2775 802 2841 contracta,
819 2765 853 2827 ad
875 2780 968 2844 quam

223 2861 436 2940 depellendam
467 2860 578 2923 medici
610 2868 721 2939 putent
760 2859 969 2922 necessarium

223 2954 299 3027 lore,
323 2954 509 3032 Episcopum
530 2969 633 3016 aerem
654 2961 684 3014 et
705 2953 807 3014 solum
828 2951 969 3030 aliquan·

225 3048 319 3124 tisper
333 3053 467 3120 mutare,
484 3054 536 3108 aut
550 3047 685 3124 denique
700 3044 876 3121 malignitas
890 3043 968 3104 aeris

223 3139 254 3199 in
276 3139 409 3200 dioecesi
440 3139 567 3215 vigens,
597 3155 691 3217 quam
718 3137 871 3216 aliquibus
892 3137 967 3200 anni

222 3231 383 3292 mensibus
394 3231 524 3292 devitari
537 3239 692 3309 oporteat:
707 3241 738 3292 et
749 3231 896 3309 quoniam
910 3245 967 3291 neo

222 3323 283 3385 ulla
305 3340 344 3383 es
366 3323 539 3400 praemissis
560 3324 669 3398 causis,
692 3323 805 3401 absque
826 3339 967 3402 expressa

221 3416 353 3478 Romani
393 3417 548 3478 Pontificis
586 3417 825 3495 approbatione,
858 3432 966 3494 quem,-

221 3525 317 3587 quam
338 3510 375 3572 ab
396 3524 493 3570 onere
513 3509 669 3572 residendi
696 3511 835 3571 eximere
855 3517 966 3586 potest,

220 3611 251 3664 et
272 3604 335 3664 nisi
356 3603 448 3665 certis
469 3603 621 3680 expressis
641 3604 891 3676 circumstantiis,
918 3602 967 3662 iis-

221 3713 283 3774 que
305 3697 485 3772 verilicatis,
508 3696 632 3758 dillicile
660 3696 763 3758 estad
790 3696 967 3758 huiusmodi

221 3790 473 3868 approbationem
485 3792 544 3850 rite
559 3798 706 3867 recteque
717 3790 899 3868 procedere;
915 3804 968 3850 ne·
994 3840 997 3857 .

221 3882 388 3944 cessarium
411 3883 498 3944 nobis
513 3883 616 3944 visum
631 3891 677 3943 est
698 3882 906 3960 infrascriptas
920 3898 969 3942 re·
994 3862 997 3909 ¹

223 3975 310 4052 gulas
330 3983 480 4050 statuere,
496 3991 571 4054 quas
593 3977 624 4038 in
646 3975 777 4052 singulis
799 3975 968 4053 respective

1689 567 1748 630 Ν.)
1797 569 1850 622 An.
1865 571 1895 621 0.
1917 567 1984 618 1746

1026 718 1079 786 tas,
1103 719 1172 774 tum
1188 714 1324 784 retusae,
1347 715 1474 789 propter
1494 723 1568 786 quas
1588 702 1767 766 'necessaria

1023 804 1159 868 creditur
1180 806 1213 866 in
1235 804 1300 866 loco
1322 803 1426 865 iudicii
1441 800 1568 864 oratoris
1583 796 1765 876 praesentia3

1023 905 1092 960 tum
1113 899 1207 960 etiam
1219 897 1447 970 declarandum,
1463 911 1501 956 an
1517 891 1675 955 mensibus
1695 905 1767 952 con·

1023 991 1178 1054 ciliaribus
1199 1007 1272 1053 usus
1293 989 1396 1052 luerit.
1422 989 1459 1052 Et
1481 987 1619 1067 quidem,
1641 984 1668 1046 si
1688 998 1766 1046 non·

1024 1084 1098 1147 dum
1121 1084 1184 1146 illis
1203 1101 1276 1146 usus
1303 1084 1354 1158 sit,
1377 1081 1609 1144 rescribendum
1636 1078 1707 1152 erit,
1731 1084 1766 1138 ut

1024 1194 1075 1240 eos
1101 1177 1134 1239 in
1159 1177 1336 1240 huiusmodi
1363 1191 1484 1239 causam
1510 1173 1700 1251 impendant.
1734 1168 1766 1232 Si

1007 1287 1098 1332 ¹vero
1120 1271 1149 1333 id
1176 1269 1307 1348 amplius
1335 1269 1484 1349 Episcopo
1513 1268 1672 1343 integrum
1701 1277 1765 1325 non

1023 1364 1062 1424 sit
1083 1365 1155 1442 (qua
1177 1364 1210 1426 in
1232 1379 1266 1424 re
1294 1377 1352 1425 nec
1372 1361 1460 1424 dolus
1484 1375 1540 1423 nec
1567 1358 1650 1420 lraus
1671 1357 1766 1417 inter·

1025 1458 1160 1533 cesserit,
1190 1465 1220 1519 et
1248 1456 1384 1535 alioquin
1405 1456 1499 1533 ipsius
1520 1451 1666 1516 instantia
1688 1450 1766 1512 iusta

1026 1552 1189 1630 videatur),
1206 1559 1328 1613 tantum
1343 1549 1388 1611 illi
1403 1548 1563 1628 temporis,
1578 1553 1688 1608 elnon
1703 1553 1765 1604 am-

1025 1645 1124 1725 plius‘,
1147 1647 1181 1708 ad
1204 1645 1459 1707 commorandum
1484 1650 1570 1705 extra
1601 1637 1765 1704 dioecesim

1026 1739 1195 1816 tribuatur,
1224 1747 1374 1818 quantum
1404 1737 1573 1802 iudicatum
1597 1735 1690 1798 luerit
1713 1747 1766 1794 ne

1024 1835 1190 1896 cessarium
1217 1849 1283 1894 esse
1310 1835 1346 1896 ad
1368 1847 1475 1896 causae
1506 1830 1693 1904 defensores,
1716 1829 1766 1891 ad-

1025 1936 1145 1989 vocatos
1167 1935 1199 1989 et
1230 1927 1347 1990 iudices
1369 1927 1405 1988 de
1436 1924 1596 1998 omnibus,
1630 1938 1708 2001 quae
1728 1920 1764 1983 ad

1024 2037 1090 2082 rem
1113 2021 1283 2098 pertinent,
1299 2019 1488 2082 sufficienter
1508 2014 1715 2080 instruendos.
1732 2013 1764 2077 Si

1025 2121 1110 2182 enim
1131 2119 1254 2182 licentia
1269 2116 1426 2180 abessendi
1442 2132 1457 2174 a
1471 2112 1602 2176 dioecesi
1617 2127 1716 2190 usque
1730 2111 1765 2172 ad

1025 2214 1150 2277 finalem
1170 2213 1289 2275 exitum
1305 2226 1412 2273 causae
1427 2207 1550 2272 extendi
1563 2206 1700 2279 deberet,
1713 2221 1766 2267 ne·

1025 2324 1075 2370 mo
1098 2324 1160 2368 non
1181 2308 1278 2381 ridet,
1302 2319 1392 2385 quam
1415 2304 1560 2364 diuturna
1582 2298 1766 2378 plerumque

1023 2402 1103 2463 foret
1126 2401 1157 2464 in
1178 2400 1261 2462 hisce
1282 2398 1399 2460 casibus
1417 2396 1639 2473 Episcoporum
1660 2391 1766 2452 absen-

1026 2495 1076 2570 tia,
1094 2502 1124 2556 et
1145 2509 1238 2572 quam
1260 2490 1347 2553 lacile
1367 2489 1495 2551 evenire
1519 2493 1631 2566 posset,
1648 2493 1682 2548 ut
1704 2484 1766 2562 ple·

1024 2603 1136 2667 raeque
1147 2589 1299 2650 dioeceses
1313 2582 1519 2662 complurium
1531 2593 1687 2642 annorum
1700 2593 1765 2658 spa-

1023 2683 1066 2744 tio
1088 2690 1244 2761 pastorum
1266 2678 1438 2758 praesentia
1459 2681 1611 2740 carerent.

1063 2776 1119 2852 Qui
1145 2793 1219 2838 vero
1251 2775 1407 2838 licentiam
1435 2770 1593 2834 abessendi
1619 2766 1790 2847 petierint,
1818 2780 1881 2844 auro
1897 2781 1995 2844 retrone

1023 2870 1142 2931 ratione
1163 2869 1352 2931 infirmitatis
1367 2875 1452 2928 extra
1468 2862 1632 2928 dioecesim
1647 2865 1765 2924 contra·
1784 2833 1997 2933 {lgffflsssstggsffi

1022 2969 1087 3023 ctae
1109 2964 1182 3026 dum
1204 2963 1388 3024 vacationea
1408 2957 1538 3022 concilio
1558 2953 1677 3018 indulta
1699 2961 1767 3016 ute·
1785 2945 1938 2988 mmmm·

1023 3063 1145 3130 rentur,
1168 3063 1338 3116 asserentes
1361 3069 1393 3114 ea
1416 3055 1453 3116 de
1474 3067 1561 3114 causa
1589 3063 1766 3126 regressum

1023 3151 1058 3213 ad
1081 3149 1234 3228 propriam
1256 3147 1418 3209 dioecesim
1439 3145 1497 3207 sibi
1518 3141 1691 3222 probiberi3
1715 3157 1766 3202 en·

1024 3258 1138 3322 ponere
1175 3240 1332 3302 debebunt
1369 3244 1541 3300 contractae
1576 3233 1766 3296 infirmitatis

1024 3336 1214 3415 qualitatem,
1237 3341 1267 3394 et
1288 3347 1380 3410 super
1402 3345 1435 3392 ea
1460 3327 1676 3392 testimonium
1701 3343 1765 3388 me-

1023 3429 1081 3492 dici
1103 3429 1277 3489 iuramento
1299 3426 1457 3487 firmatum
1479 3422 1636 3485 exhibere.
1651 3421 1764 3500 Atque,

1022 3522 1074 3586 ubi
1087 3522 1180 3601 petita
1192 3518 1315 3581 licentia
1327 3519 1399 3596 ipsis
1415 3516 1624 3594 indulgeatur,
1637 3531 1671 3576 ea
1686 3529 1765 3576 sem-

1022 3632 1076 3695 per
1097 3616 1132 3676 ad
1154 3621 1274 3675 certum
1302 3629 1335 3674 ac
1355 3611 1519 3673 delinitum
1550 3617 1671 3686 tempus
1693 3623 1765 3670 con-

1022 3709 1088 3772 cedi
1114 3706 1253 3780 debebit,
1283 3705 1398 3768 adiecta
1426 3720 1550 3782 quoque
1579 3703 1715 3766 clausula
1735 3702 1765 3762 ri

1025 3803 1151 3866 tunt-diu
1173 3800 1348 3880 irtfirntt'tas
1370 3798 1548 3861 duraverit.

1064 3895 1110 3957 nb
1131 3895 1167 3956 iis
1188 3905 1311 3968 autem,
1333 3893 1386 3971 qui
1409 3893 1583 3955 huiusmodi
1608 3893 1764 3954 licentiam
1810 3905 1873 4006 quio
1892 3905 1924 3952 ao
1940 3916 1996 3951 con-

1025 3988 1258 4068 postularerint,
1270 4003 1306 4048 eo
1320 3989 1401 4066 quod
1415 3987 1493 4048 aeris
1504 3987 1676 4051 mutatione
1689 4001 1764 4064 opus
1783 3961 1996 4060 ζῗοῗῧξθῖξᾛοῗ

222 4069 342 4132 casibus
363 4069 400 4130 ab
421 4070 469 4146 iis,
484 4072 519 4132 ad
535 4085 610 4149 quos
632 4078 748 4148 spectat
770 4078 800 4132 et
821 4085 876 4149 pro
891 4079 969 4131 tem·
995 4096 998 4145 t
1023 4083 1080 4143 sibi
1095 4098 1160 4142 esse
1174 4081 1276 4142 dicant
1291 4082 1325 4143 aq
1340 4080 1616 4143 00nvatesggndum
1632 4097 1670 4141 ex
1683 4096 1765 4141 mos.
1784 4079 1830 4124 cest
1844 4081 1981 4125 contracto.

224 4182 297 4244 l⁰¹¹0
317 4165 476 4243 Sllessfflbib
500 4165 654 4226 Obsseflflsi
670 4165 864 4239 mitulus,
877 4173 969 4242 at(1¹¹9
995 4148 998 4255 Ῑ
1023 4177 1080 4250 bis,
1103 4191 1179 4253 quos
1202 4173 1234 4234 in
1256 4174 1318 4234 suis
1349 4174 1483 4236 ecclesiis
1504 4175 1665 4238 residendo
1693 4191 1765 4238 con-

224 4258 439 4336 praecipimus.

26 4385 27 4408 2
57 4371 208 4439 'linque
263 4353 297 4418 Si
318 4353 388 4432 quis
407 4353 505 4430 igitur
520 4354 551 4416 in
567 4361 724 4432 posterum
746 4354 902 4419 licentiam
919 4371 969 4435 pe-

57 4431 209 4578 ἒὲἒιᾱῗέἓξᾷξξ
226 4455 309 4517 tierit
331 4457 510 4519 abscedendi
528 4475 544 4518 a
559 4453 688 4519 dioecesi
704 4455 761 4515 sibi
783 4452 968 4526 concredita,

78 4547 80 4570 ὲ
123 4543 127 4550 “’
162 4543 184 4577 tu

56 4585 74 4622 st.
82 4593 135 4628 musa
145 4585 194 4630 litis.

226 4557 260 4612 ut
282 4551 418 4612 iudiciali
439 4551 682 4623 controversiae,
710 4565 788 4626 quae
808 4546 878 4608 alibi
902 4559 969 4606 vor-

226 4646 318 4719 titur,
342 4661 399 4725 per
425 4663 458 4709 se
486 4648 586 4725 ipsum
620 4646 759 4724 intersit3
793 4646 969 4723 exprimere

225 4739 349 4801 debebit
370 4741 403 4802 in
424 4741 567 4819 precibus
597 4751 661 4803 tum
684 4741 804 4815 locum,
826 4739 892 4800 sive
914 4737 969 4799 Ur·

226 4831 307 4906 bem,
331 4833 445 4912 inqua
472 4834 648 4897 huiusmodi
672 4835 707 4896 lis
728 4835 878 4911 agitatur,
903 4839 967 4894 tum

225 4925 318 4987 etiam
344 4942 384 4988 an
405 4943 440 4987 ca
471 4927 625 5003 pertineat
646 4928 683 4991 ad
714 4929 811 5006 ipsam
842 4923 971 4987 oratoris

227 5015 397 5092 ecclesiam,
414 5033 469 5079 seu
491 5017 609 5079 clerum
625 5018 675 5079 vel
695 5019 796 5097 potius
818 5017 853 5079 ad
877 5016 971 5094 ipsius

227 5107 385 5170 familiam.
415 5111 454 5171 Et
475 5110 599 5188 quidem
621 5111 646 5172 si
668 5110 702 5172 ad
726 5110 873 5172 familiam
901 5124 971 5187 per-

227 5201 332 5277 tineat,
349 5203 464 5281 absque
478 5219 514 5264 eo
534 5205 616 5282 quod
637 5205 819 5265 secretarius
834 5203 971 5280 Congre-

227 5295 357 5369 gationis
386 5296 566 5358 Pontificem
596 5305 648 5358 aut
671 5296 862 5360 cardinalem
885 5311 969 5375 prae-

227 5387 338 5450 lectum
361 5389 463 5467 adeat,
492 5391 725 5453 rescribendum
747 5391 784 5452 ab
805 5391 869 5468 ipso
892 5390 967 5464 erit,

227 5489 259 5544 ut
280 5490 383 5544 orator
404 5485 439 5544 ad
462 5481 618 5559 ellectum,
636 5487 743 5562 dequo
766 5485 799 5545 in
814 5483 967 5562 precibus,

227 5583 331 5637 utatur
352 5575 512 5638 mensibus
533 5593 548 5636 a
570 5576 708 5639 conciliis
731 5577 868 5638 indultis.
883 5575 969 5651 Quod

226 5667 250 5727 si
271 5669 314 5729 eis
336 5669 397 5729 iam
418 5685 492 5730 usus
514 5669 619 5743 luerit,
644 5668 775 5730 ulterior
796 5671 852 5746 ipsi
876 5670 970 5731 licen-

228 5760 266 5820 tia
287 5775 350 5822 non
374 5762 573 5823 concedetur.
598 5760 630 5823 Si
653 5777 727 5824 vero
742 5762 779 5823 de
794 5762 859 5823 eius
875 5762 969 5824 eccle·

228 5853 288 5914 siae
317 5852 369 5916 rel
389 5853 464 5916 cleri
489 5855 581 5918 rebus
602 5863 721 5932 agatur,
745 5856 857 5936 erponi
879 5854 970 5918 debe-

228 5945 305 6010 bunt
332 5953 398 6009 turn
431 5955 528 6010 status
561 5948 622 6010 litis
647 5949 849 6028 eiusdemque
871 5948 970 6027 gravi·

1025 4276 1197 4343 trarerunt,
1218 4269 1457 4346 exprimendum
1479 4271 1537 4331 erit
1559 4271 1590 4331 in
1612 4272 1763 4350 precibus,

1024 4379 1084 4442 quo
1106 4362 1205 4425 morbi
1228 4377 1353 4438 genere,
1370 4369 1400 4424 et
1414 4379 1507 4441 quam
1528 4366 1665 4440 graviter
1685 4366 1766 4428 labo·

1025 4464 1107 4532 rent,
1120 4473 1153 4518 ac
1167 4456 1390 4533 proterendum
1412 4457 1628 4521 testimonium
1643 4461 1764 4534 medici,

1025 4551 1078 4629 qui
1101 4549 1300 4612 iureiurando
1322 4557 1462 4626 testetur,
1480 4552 1555 4615 utile
1576 4571 1610 4614 ac
1631 4569 1768 4616 neccssa-

1026 4645 1109 4706 rium
1130 4646 1243 4707 oratori
1265 4663 1342 4722 esse,
1366 4655 1399 4708 ut
1420 4646 1452 4709 in
1474 4647 1566 4708 aliam
1592 4649 1764 4724 regionem,

1025 4746 1116 4816 atque
1137 4753 1253 4812 aerem,
1266 4755 1321 4818 per
1341 4740 1461 4818 aliquod
1485 4749 1605 4818 tempus
1624 4757 1657 4803 se
1672 4749 1767 4803 trans·

1025 4831 1112 4894 ierat.
1142 4832 1204 4895 Nec
1231 4832 1307 4894 illud
1337 4833 1462 4894 silentio
1489 4834 1765 4911 praetereundum,

1025 4941 1065 4986 an
1086 4925 1199 4987 scilicet
1221 4935 1334 5000 orator,
1358 4934 1523 5004 antequam
1545 4926 1654 4988 morbo
1674 4925 1767 4988 corri-

1026 5027 1168 5097 peretur,
1192 5019 1340 5081 trimestri
1369 5018 1491 5081 licentia
1512 5035 1528 5080 a
1549 5019 1679 5082 concilio
1700 5035 1768 5097 per-

1026 5112 1116 5172 missa
1137 5129 1210 5173 usus
1231 5111 1341 5174 fuerit:
1366 5113 1390 5174 si
1412 5113 1497 5175 enim
1519 5112 1548 5175 id
1571 5114 1710 5176 nondum
1726 5112 1767 5174 le·

1023 5204 1100 5266 cerit
1122 5211 1151 5265 et
1173 5213 1293 5283 tempus
1315 5223 1331 5266 a
1352 5205 1483 5267 concilio
1504 5206 1662 5268 indultum
1683 5205 1766 5269 suffi-

1024 5297 1107 5359 ciens
1134 5297 1190 5374 ipsi
1212 5313 1274 5358 non
1306 5307 1486 5377 reputetur,
1520 5300 1632 5378 poterit
1667 5299 1765 5362 eidem

1025 5389 1162 5465 concedi,
1185 5397 1218 5452 ut
1246 5407 1299 5468 per
1321 5400 1453 5470 quatuor
1483 5408 1621 5467 menaea,
1646 5393 1677 5453 in
1699 5393 1766 5471 qui·
1835 5469 1838 5476 1
1863 5383 1866 5388 ’

1027 5485 1082 5546 bus
1104 5491 1208 5545 tamen
1231 5485 1407 5547 conciliares
1429 5501 1551 5548 menses
1567 5485 1767 5565 comprehen-

1025 5578 1149 5652 dantur,
1174 5593 1189 5636 a
1211 5577 1376 5640 residentia
1398 5578 1505 5641 absens
1520 5587 1707 5659 permaneat:
1724 5587 1765 5655 at,

1023 5671 1048 5732 si
1071 5671 1240 5750 praedictos
1270 5672 1447 5734 conciliares
1475 5689 1614 5748 menses,
1647 5681 1768 5734 remoto

1025 5765 1110 5826 omni
1132 5764 1202 5826 dolo
1223 5772 1255 5825 et
1275 5764 1393 5841 iraude,
1413 5766 1473 5828 iam
1494 5774 1579 5828 extra
1600 5766 1766 5830 dioecesim

1025 5857 1222 5933 transegerit,
1238 5864 1360 5922 tanturn
1378 5860 1524 5938 temporis
1538 5858 1596 5938 ipsi
1610 5859 1768 5938 indulgea-

1026 5957 1088 6024 tur,
1111 5956 1264 6028 quantum
1286 5952 1321 6013 ad
1337 5950 1579 6014 confirmandam
1601 5952 1694 6030 ipsius
1716 5969 1767 6016 va·
