4856 6984
987 518 1183 562 beneolentis
1208 519 1269 564 xlv.

351 645 413 708 mel
434 643 569 706 electum
591 649 622 704 et
643 631 826 720 deputatum
847 653 1009 718 nunquam
1031 653 1099 698 mu-

352 739 421 813 tari,
443 742 497 799 aut
529 734 679 798 etiamad
709 741 832 812 tempus
856 732 968 794 variari
993 731 1097 808 possit,

352 833 408 894 boc
428 830 551 910 speciali
570 829 650 901 dopo
666 828 832 902 illustrare,
849 826 1031 887 auctoritate
1046 840 1100 886 no·

352 926 396 986 bis
417 942 433 985 a
454 925 587 988 Domino
610 921 729 997 tradita,
754 939 787 982 ac
811 919 848 980 de
876 918 1100 996 omnipotentis

351 1018 404 1080 Dei
417 1015 638 1091 misericordia,
650 1024 681 1077 et
697 1015 858 1077 beatorum
869 1012 951 1074 Petri
967 1017 998 1074 et
1013 1011 1097 1072 Pauli

350 1109 580 1189 Apostolorum,
603 1108 670 1170 eius
687 1107 871 1169 auctoritate
894 1105 1012 1179 confisi,
1029 1121 1098 1182 sup·

350 1203 565 1282 plicationibus
597 1217 721 1280 quoque
752 1201 825 1262 dieti
848 1199 950 1272 Caroli
972 1199 1097 1260 Antonii

351 1296 486 1358 ministri
508 1294 676 1371 generalis,
695 1301 726 1355 et
746 1292 849 1355 dilecti
864 1292 959 1353 etiam
975 1291 1029 1351 fxiii
1045 1290 1100 1352 bli-

349 1389 462 1451 cbaelis
491 1387 647 1450 Benedicti
679 1387 769 1450 Oneti
803 1385 945 1465 praedicti
975 1384 1098 1448 Ordinis

349 1481 562 1560 procuratoris·
578 1480 743 1557 generalis,
760 1479 848 1540 nobis
862 1494 956 1556 super
971 1478 1027 1538 boe
1044 1477 1099 1537 bu·

350 1575 466 1636 militer
488 1574 637 1653 porrectis
658 1572 812 1646 inclinati,
833 1579 867 1632 ut
889 1571 1095 1648 quandocum-

349 1685 410 1747 que
429 1668 568 1729 sacerdos
601 1666 710 1744 aliquis
739 1666 805 1726 sive
835 1663 1011 1737 saecularis,
1033 1663 1099 1724 siue

312 1760 315 1779 ''
352 1762 422 1824 dicti
445 1768 499 1821 aut
519 1760 655 1821 cuiusvis
677 1759 803 1820 alterius
825 1757 947 1820 Ordinis
969 1772 1098 1832 congre-

351 1855 483 1932 gationis
517 1863 546 1916 et
579 1855 714 1916 instituti
737 1852 899 1928 regularis,
924 1853 1100 1913 Sacrosanc-

351 1939 417 2010 turn
439 1947 546 2009 Missae
578 1947 767 2011 Sacrificium
798 1962 854 2024 pro
875 1945 976 2006 anima
999 1944 1100 2005 cuius-

348 2057 482 2119 cumque
504 2039 720 2103 Obristifrdelis
749 2041 847 2118 quoad
875 2038 1018 2100 ecciesiae
1040 2037 1097 2097 fro·

351 2143 433 2197 trum
466 2125 685 2212 praefatorum,
709 2149 770 2211 quo
803 2148 876 2192 vero
898 2133 933 2192 ad
956 2130 1098 2192 ecclesias

353 2227 533 2290 monialium
566 2226 742 2288 huiusmodi
775 2242 829 2303 pro
850 2225 1011 2286 animabus
1033 2239 1098 2284 mo

349 2316 1097 2394 nialiumdefunctarum,eurumqueconsangui-

349 2429 480 2476 neorum
502 2422 533 2474 et
555 2413 695 2475 affinium
719 2412 749 2472 in
783 2411 882 2489 primo
905 2418 935 2472 et
962 2410 1097 2472 secundo

348 2508 456 2584 gradu,
479 2515 509 2574 ,et
531 2506 797 2576 monasteriorum,
815 2502 987 2582 respective
1006 2503 1097 2563 bene-

348 2599 497 2662 factorum
530 2600 701 2672 (innodarat,
724 2614 803 2676 quae
830 2598 892 2658 Deo
915 2596 947 2657 in
970 2596 1097 2656 caritate

347 2692 509 2754 coniuncta
532 2692 570 2753 ab
589 2692 643 2753 bac
659 2692 727 2753 luce
742 2690 934 2766 migraverit,
951 2689 987 2750 ad
1002 2689 1097 2750 altare

346 2787 390 2848 sic
411 2801 465 2864 per
486 2785 615 2859 dictum,
638 2801 693 2847 seu
716 2773 771 2864 pro
803 2793 940 2862 tempore
962 2782 1096 2844 existen-

347 2888 423 2956 tem,
437 2880 618 2941 ministrum
630 2879 811 2956 generalem
827 2879 900 2941 (ficti
914 2877 1036 2941 Ordinis
1051 2893 1096 2939 se-

346 2973 408 3036 mel
432 2980 555 3035 tantum
570 2973 705 3034 electum
721 2983 751 3034 et
767 2973 946 3051 deputatum
964 2972 1097 3036 celebra-

347 3069 402 3142 bit,
425 3068 526 3139 anima
549 3067 611 3146 ipsa
633 3071 669 3130 do
693 3068 836 3130 thesauro
869 3067 1020 3128 Ecclesiae
1042 3081 1097 3145 per

346 3165 474 3226 modum
496 3161 635 3239 suffragii
667 3161 898 3237 indulgentiam
929 3176 1095 3238 consequa-

347 3264 409 3332 tur,
427 3255 515 3328 itaut,
528 3253 668 3317 eiusdem
678 3254 801 3318 Oomini
813 3251 916 3316 Nostri
928 3254 996 3318 lesu
1008 3254 1097 3317 Obri-

344 3349 382 3410 sti
405 3366 438 3410 ac
454 3348 656 3410 Beatissimae
675 3347 815 3423 Virginis
837 3348 948 3410 blariae
969 3348 1094 3411 Sancto-

345 3461 479 3524 rumque
501 3445 643 3506 omnium
674 3443 793 3510 meritis
819 3442 878 3504 sibi
899 3441 1095 3517 suffraganti·

346 3540 414 3615 bus‚
430 3556 446 3600 a
462 3539 633 3617 purgatorii
657 3537 763 3617 poenis
779 3537 940 3612 liberetur,
956 3537 1095 3601 concedi-

347 3649 416 3696 mus
437 3640 467 3694 et
488 3632 700 3708 indulgemus.

137 3726 326 3826 C¹³g¹³r¹³rde
386 3727 454 3800 §2
477 3725 512 3786 ln
535 3726 725 3787 contrarium
753 3724 935 3794 facientibus
957 3740 1021 3788 non
1043 3724 1094 3785 ob-

111 3785 327 3882 {diffidit-all
345 3819 497 3880 stantibus
512 3818 770 3896 quibuscumque.
795 3817 1012 3880 Praesentibus
1028 3833 1096 3897 per-

345 3913 446 3990 petuis
468 3911 581 3975 futuris
605 3912 798 3990 temporibus
820 3911 973 3974 valituris.

159 4018 233 4062 Fides
249 4017 326 4064 adbi-

112 4071 327 4180 1briaixgdatransum·

386 4007 404 4082 ἓ
425 4005 453 4068 3.
476 4006 628 4076 Volumus
650 4013 765 4080 autem,
791 4013 823 4067 ut
845 4005 1025 4076 earumdem
1047 4005 1095 4078 lit-

348 4107 486 4162 terarum
509 4098 722 4176 transumptis,
749 4113 803 4159 seu
826 4097 976 4174 exemplis
1001 4098 1093 4160 etiam

346 4192 512 4271 impressis,
529 4207 626 4267 manu
648 4200 677 4253 et
695 4191 799 4267 sigillo
820 4191 1095 4270 procuratoris-ge-

345 4285 459 4347 neralis
480 4300 536 4362 pro
564 4283 702 4363 tempore
731 4285 892 4346 existentis
915 4285 987 4358 dicti
1010 4284 1094 4348 Ordi-

344 4380 392 4440 nis
413 4378 557 4454 munitis,
581 4378 767 4456 inquorum
791 4378 854 4438 tine
876 4378 975 4440 dictus
1003 4378 1094 4438 mini·

341 4481 405 4533 ster
433 4471 587 4548 generalis
618 4470 713 4534 altare
745 4470 911 4548 privilegio
940 4471 1094 4548 praedicto

342 4564 522 4626 decoratum
545 4564 715 4626 inscribere
738 4563 837 4627 ualeat
857 4571 888 4625 et
910 4564 1030 4638 debeat,
1047 4579 1095 4624 ea-

343 4659 414 4720 dem
435 4673 560 4736 prorsus
589 4658 664 4718 fides
685 4657 718 4717 in
741 4657 853 4718 iudicio
875 4663 905 4717 et
934 4664 1020 4719 extra
1044 4656 1093 4716 ad-

343 4751 497 4824 bibeatur,
521 4765 598 4827 quae
620 4749 819 4810 adhiberetur
839 4749 910 4827 ipsis
926 4751 1094 4827 praesenti-

343 4843 410 4917 bus,
433 4843 458 4904 si
481 4842 584 4904 forent
606 4841 760 4903 exhibitae
786 4842 836 4903 vel
862 4851 1011 4912 ostensae.

383 4937 496 4997 Datum
528 4923 654 5008 Romae,
685 4936 764 5012 apud
798 4933 828 4996 S.
853 4934 981 4996 Mariam
1004 4937 1095 5000 Maio-

341 5043 421 5102 rem,
444 5029 502 5090 sub
529 5027 647 5088 annulo
680 5024 850 5102 Piscatoris,
874 5027 924 5089 die
947 5046 987 5090 rr.
1012 5036 1095 5092 octo-

343 5125 405 5186 bris
426 5139 571 5198 rmcom„
594 5123 792 5200 pontificatus
814 5124 913 5184 nostri
934 5140 1017 5186 anno
1033 5141 1090 5189 xn.

1828 500 1885 562 ugr
1936 497 1990 548 ιιι.
2005 499 2035 550 o.
2058 499 2124 550 1751

1462 637 1597 702 dxxxi.

1158 826 1323 904 Episcopis
1346 813 1380 888 io'
1402 826 1506 890 [odiis
1528 823 1779 888 occidentalibus
1802 841 1907 888 conre-

1197 920 1246 982 dit
1267 936 1355 997 posse
1377 916 1525 998 berccfirio.
1546 928 1575 981 et
1591 920 1690 998 officio
1707 925 1825 980 curato
1839 935 1906 980 soe·

1196 1011 1365 1076 coloribus
1388 1012 1527 1083 clericis,
1539 1031 1596 1074 seu
1609 1011 1817 1090 presbyteris,
1837 1030 1907 1075 corr·

1196 1108 1295 1186 (erre,
1318 1111 1348 1167 ct
1376 1122 1439 1166 nort
1464 1107 1567 1168 solum
1593 1104 1812 1185 capacioribus:
1837 1123 1907 1168 con·

1193 1199 1303 1278 firmat
1327 1197 1456 1278 repulus
1489 1199 1632 1261 traditos
1655 1199 1691 1260 dc
1711 1197 1908 1261 stibiectiooc

1196 1292 1401 1372 repulerimus
1433 1307 1548 1354 curem
1580 1293 1769 1354 animorum
1791 1291 1907 1356 boben-

1197 1387 1290 1458 tium,
1313 1387 1367 1463 qui
1384 1385 1581 1446 cumulatior
1591 1383 1730 1447 subsunt
1741 1387 1906 1463 superiori

1197 1479 1343 1560 copulari
1364 1483 1395 1538 et
1419 1477 1596 1540 Ordioorio
1619 1477 1680 1539 loci
1701 1475 1757 1557 (l).

1289 1646 1533 1717 BENEOlGTOS
1557 1646 1774 1716 Ertsoorus

1342 1842 1450 1893 seruus
1472 1841 1628 1892 serrorum
1651 1824 1715 1906 liei,

1295 1949 1764 2018 mmmmmmm

1197 2145 1276 2207 Cum
1298 2158 1400 2218 nuper
1422 2141 1620 2202 charissimus
1637 2141 1668 2202 in
1685 2141 1807 2204 Christo
1824 2140 1906 2202 filius
1944 2147 2078 2243 ·¹'³ii³l¹²¹,‘'l
2095 2149 2138 2210 pe-

1156 2249 1261 2300 noster
1284 2235 1497 2298 ferdinandus
1526 2234 1741 2313 Hispaniarum
1773 2235 1838 2296 Rex
1860 2252 1906 2296 ca·
1925 2211 1964 2256 3¹⁸
1982 2205 2057 2246 “³¹¹⁰
2071 2212 2109 2246 '⁰¹'

1157 2331 1300 2404 tbolicus,
1322 2345 1377 2407 per
1399 2327 1548 2390 dilectum
1569 2329 1669 2390 filium
1687 2336 1829 2390 nostrum
1843 2329 1904 2392 loa·

1156 2427 1295 2487 cbimnm
1327 2420 1359 2483 S.
1384 2423 1419 2484 n.
1444 2423 1479 2483 E.
1512 2421 1730 2499 presbyterum
1761 2421 1905 2483 cardina-

1155 2517 1216 2578 lem
1232 2516 1447 2577 Portocarrero
1470 2520 1696 2590 nuncupatum,
1717 2513 1751 2572 ad
1768 2528 1821 2574 sua
1836 2528 1906 2572 suo-

1156 2624 1289 2686 rumque
1321 2621 1492 2682 regnorum
1524 2605 1648 2680 negotia
1681 2603 1758 2682 apud
1789 2620 1844 2666 nos
1875 2613 1906 2665 et

1156 2700 1360 2779 apostolicam
1382 2697 1494 2762 Sedem
1518 2698 1652 2772 gerenda
1668 2696 1841 2774 specialiter
1855 2698 1905 2760 de-

1155 2799 1308 2873 putatum,
1331 2800 1362 2854 et
1384 2807 1458 2852 voce
1480 2799 1510 2852 et
1531 2791 1644 2868 scripto
1673 2790 1762 2852 nobis
1784 2806 1904 2868 reprae-

1153 2889 1268 2951 sentari
1281 2887 1447 2962 curaverit,
1461 2891 1634 2963 opportuna
1651 2883 1750 2962 aliqua
1762 2883 1905 2963 apostoli·

1153 3000 1204 3045 cae
1231 2980 1426 3043 auctoritatis
1449 2986 1571 3040 nostrae
1602 2978 1796 3056 providentia
1828 2993 1905 3055 opus

1152 3091 1219 3138 esse
1241 3076 1272 3135 in
1294 3072 1389 3136 indiis
1417 3071 1663 3136 Occidentalibos
1695 3070 1792 3145 ipsius
1812 3070 1905 3147 Regis
1924 3074 2139 3174 silbulffldflf

1127 3169 1128 3172 Ἴ
1153 3168 1291 3231 dominio
1305 3166 1463 3240 subiectis,
1476 3179 1570 3242 Silliel'
1581 3165 1649 3240 llOf,
1662 3164 1743 3243 quod
1761 3166 1793 3226 in
1809 3163 1846 3224 iis
1857 3181 1904 3225 ff!-
1923 3183 2069 3227 aninmrum
2093 3195 2138 3228 cu-

1153 3263 1296 3340 gionibus
1317 3258 1489 3338 parochiae,
1513 3258 1682 3332 doctrinae,
1699 3258 1819 3336 aliaque
1834 3273 1901 3320 mu·
1922 3241 2139 3346 ἑῗᾞηῖῗῗέξιῖξᾎὶ

1152 3357 1202 3418 nia
1225 3361 1254 3416 et
1272 3353 1375 3414 effrem
1397 3354 1432 3414 ad
1461 3353 1639 3413 animarum
1672 3367 1779 3412 curam
1811 3353 1903 3430 perti·
1923 3343 2060 3399 ¹³⁰⁵l⁰¹l⁰l⁸·

1153 3449 1271 3522 nentia,
1294 3463 1349 3526 per
1371 3445 1527 3524 regulares
1543 3445 1704 3506 dumtaxat
1720 3444 1904 3510 obtinentur

1152 3549 1183 3605 et
1204 3541 1473 3615 arlrninistrantur,
1496 3540 1529 3600 in
1552 3539 1617 3599 vim
1640 3540 1846 3616 quarumdam
1867 3539 1902 3599 li-

1153 3643 1290 3698 terarum
1305 3634 1541 3712 apostolicarum
1555 3648 1570 3691 a
1587 3631 1768 3694 recolendae
1784 3646 1903 3694 memo-

1153 3731 1215 3790 riae
1237 3729 1468 3808 praedecessore
1494 3733 1601 3788 nostro
1622 3725 1654 3789 S.
1678 3726 1731 3787 Pio
1754 3726 1830 3804 Papa
1852 3727 1902 3789 die

1153 3839 1239 3885 xxxv.
1265 3821 1368 3884 inartii
1390 3821 1463 3881 anni
1487 3834 1610 3882 noxxu.
1629 3819 1796 3893 editarum,
1810 3827 1840 3881 et
1857 3820 1903 3882 in·

1152 3916 1349 3997 cipientium:
1376 3913 1504 3992 Eropum
1524 3911 1628 3984 uobis·
1643 3913 1755 3992 quibus
1770 3912 1901 3974 aliorum

1153 4013 1246 4074 etiam
1264 4010 1475 4071 Romanorum
1491 4005 1677 4068 Pontificum
1693 4006 1904 4085 praedecesso·
1949 4008 2035 4054 cresus
2053 4021 2137 4054 saecu·

1152 4121 1225 4172 rum
1237 4111 1416 4165 nostrorum
1432 4099 1684 4162 confirmationes
1696 4108 1901 4177 accesserunt3
1922 4061 2138 4162 ὲῗῃιῗιιιιῗὲιῗᾞῖἶ

1151 4215 1189 4260 ex
1210 4213 1272 4274 quo
1294 4197 1341 4271 bt,
1365 4202 1399 4256 ut
1422 4193 1587 4256 universus
1618 4191 1719 4254 clerus
1741 4193 1902 4254 saecularis
1922 4172 1991 4277 {iffit
2007 4180 2137 4268 ssg'ngaafflssl

1153 4292 1276 4354 illarum
1298 4289 1446 4368 partium,
1469 4287 1672 4366 quantumvis
1692 4287 1824 4368 amulto
1840 4288 1897 4348 iam
1921 4275 2138 4377 grlqoenousvroa-

1153 4393 1300 4463 tempore,
1323 4389 1355 4444 et
1375 4398 1509 4444 numero
1531 4381 1679 4458 frequens
1701 4386 1731 4442 et
1752 4380 1900 4454 moribus,

1151 4486 1243 4556 atque
1259 4477 1397 4542 doctrina
1411 4475 1595 4553 conspicuus
1611 4489 1675 4536 esse
1691 4475 1900 4551 dignoscatur,

1151 4571 1188 4632 ab
1210 4571 1320 4632 iisdem
1342 4569 1504 4648 parochiis,
1520 4568 1686 4643 doctrinis,
1709 4569 1901 4646 caeterisque

1152 4664 1268 4740 officiis,
1290 4671 1383 4741 atque
1405 4662 1588 4724 conneribus
1604 4662 1779 4724 animarum
1796 4678 1901 4724 curam

1151 4756 1899 4832 concer·nentibus‚omninoexclususremaneat3

1151 4867 1210 4928 qua
1232 4848 1358 4926 quidem
1381 4847 1418 4908 de
1440 4864 1474 4908 re
1495 4863 1593 4926 quum
1622 4847 1815 4908 uenerabiles
1843 4845 1901 4907 fra·
1922 4847 2050 4945 ,fffssssffi‘sslff
2066 4847 2136 4945 ³53¹,ss

1151 4951 1213 5008 tres
1245 4941 1344 5002 nostri
1368 4940 1595 5019 Arcbiepiscopi
1626 4949 1656 5002 et
1684 4941 1826 5018 Episcopi
1848 4955 1902 5019 per
1922 4953 2134 5010 negucatnoueo.

1150 5035 1271 5096 easdem
1292 5033 1451 5096 indiarum
1478 5035 1620 5110 regiones
1641 5035 1815 5106 constituti,
1838 5049 1900 5094 non

1149 5127 1246 5188 semel
1274 5128 1352 5206 apud
1386 5127 1489 5204 ipsum
1521 5127 1752 5188 ferdinandum
1782 5128 1898 5203 Regem

1149 5223 1310 5300 conquesti
1323 5221 1458 5297 fueriot3
1476 5222 1588 5284 idcirco
1605 5222 1679 5300 ipse,
1693 5238 1748 5300 pro
1763 5240 1817 5284 sua
1828 5239 1900 5300 pru-

1150 5317 1264 5389 dentia,
1295 5331 1483 5394 magnopere
1515 5313 1680 5393 expediens
1709 5317 1741 5376 in
1767 5316 1900 5378 Domino

1149 5407 1216 5470 fore
1237 5407 1398 5482 iudicaret,
1422 5414 1456 5469 ut
1478 5408 1620 5486 quamvis
1652 5408 1747 5469 etiam
1777 5423 1900 5480 eorum-

1150 5504 1219 5562 dem
1242 5501 1429 5566 Antistitum
1444 5501 1524 5562 votis
1539 5509 1569 5562 et
1586 5500 1749 5564 saecularis
1764 5500 1839 5572 cleri
1855 5517 1901 5563 ra-

1152 5593 1287 5658 tionibus
1309 5593 1467 5659 obstarent
1489 5593 1759 5671 praedecessorum
1780 5599 1902 5655 nostro-

384 5833 414 5890 (ι)
430 5832 494 5879 vide
508 5837 590 5880 const.
606 5835 631 5879 tx.
648 5837 720 5881 Pont.
736 5837 895 5882 remanare
909 5839 989 5888 arque
1003 5839 1156 5883 asserendis
1165 5857 1191 5868 -
1203 5839 1329 5888 Qccomvb
1343 5839 1379 5883 aa
1389 5837 1622 5890 'confirmandum
1634 5836 1661 5880 et
1675 5834 1720 5880 inf.
1731 5833 1823 5880 Leonis
1837 5836 1901 5880 Xlll.

341 5903 483 5947 Romanos
500 5905 648 5957 Pontifices.
