4798 6978
957 572 1155 628 insaniores
1178 571 1240 625 xiv.

322 697 577 772 communionem
608 695 696 762 Sedis
729 697 920 777 apostolicae
951 698 1067 761 haben-

321 800 368 856 tes
390 793 446 856 tibi
468 776 691 870 assignandum
712 808 769 872 per
783 792 994 854 venerabilem
1010 791 1069 854 fra-

321 894 401 949 trem
416 896 557 948 nostrum
575 885 845 964 archiepiscopum
861 883 1069 964 Heliopolien·

321 995 387 1044 scm
408 979 556 1044 duximus
577 980 808 1054 destinandum,
836 985 870 1040 ut
897 979 991 1042 iidem
1013 979 1068 1041 hr-

321 1218 411 1258 tarum
426 1213 536 1268 nationi,
545 1224 606 1259 cum
620 1216 767 1272 opportuna
777 1225 834 1260 sese
844 1213 947 1258 dederit
957 1213 1066 1268 occasio,

320 1281 525 1336 gratificandum
540 1281 687 1326 voluntatis
700 1281 796 1338 pignus
810 1281 983 1337 apostolicam
993 1281 1068 1325 bene-

320 1347 462 1393 dictionem
477 1347 614 1394 uberrima
627 1359 687 1394 cum
706 1348 860 1393 caelestium
875 1346 1067 1393 charismatum

320 1415 395 1471 copia
415 1414 582 1461 coniunctam
605 1415 661 1470 tibi,
684 1413 842 1460 venerabilis
863 1415 954 1470 frater,
974 1413 1068 1459 eidem-

321 1493 371 1538 que
386 1481 577 1528 Maronitarum
592 1481 694 1529 nationi
710 1485 772 1527 tuae
789 1485 960 1539 peramanter
973 1481 1069 1538 imper-

322 1547 412 1594 bimur.

360 1618 455 1662 Datum
476 1619 584 1674 Romae,
605 1616 674 1674 apud
693 1617 717 1660 S.
738 1617 848 1663 Mariam
870 1616 1004 1671 Maiorem,
1018 1615 1068 1660 sub

320 1683 420 1729 annulo
440 1683 590 1739 Piscatoris,
604 1683 646 1729 die
661 1694 724 1728 xxx.
744 1682 837 1740 aprilis
851 1695 994 1738 nnconvtr,
1008 1695 1069 1740 pon·

321 1749 439 1797 tificatus
452 1751 538 1796 nostri
551 1761 621 1797 anno
635 1761 700 1796 xvu.

325 2024 520 2073 venerabilibus
533 2026 667 2074 matribus
677 2025 884 2075 Amhtepiscopis
897 2026 921 2064 et
934 2023 1068 2073 episcopis

335 2087 540 2134 Patrtarchatus
550 2093 705 2134 antenorem
715 2093 833 2134 nationis
843 2090 1052 2134 Maronitarum,

513 2225 706 2270 aeramentis
720 2227 799 2268 Pars
810 2225 875 2268 XIV.

553 2362 717 2406 Venerantur
730 2361 837 2410 fratrea,

357 2485 360 2492 .
409 2431 525 2472 salutem
537 2431 563 2472 et
575 2430 750 2480 apostolicam
768 2427 979 2470 benedictionem.

362 2562 417 2605 Non
431 2571 571 2617 possumus
585 2571 648 2605 sane
662 2559 729 2606 satis
743 2559 813 2616 aptis
827 2558 914 2604 verbis
928 2557 1068 2614 explicare,

322 2627 485 2673 venerabiles
503 2627 609 2682 fratres,
623 2631 650 2672 et
663 2627 789 2681 dolorem,
808 2637 861 2683 quo
874 2625 961 2671 affecti
976 2636 1068 2670 sumus

321 2695 353 2740 ob
367 2694 509 2740 interitum
527 2695 558 2740 ol.
575 2705 653 2740 mem.
676 2694 798 2749 simonis,
817 2694 880 2740 dum
902 2693 1010 2746 viveret,
1024 2696 1069 2738 Pa-

321 2762 455 2808 trierchae
464 2762 553 2807 ¹vestri
567 2761 722 2808 antiocheni
737 2760 840 2806 meritis
855 2759 978 2806 laudibus
988 2758 1069 2805 nomi·

321 2829 409 2884 nandi,
419 2833 446 2873 et
459 2828 595 2886 ingentem
605 2827 734 2886 pontificii
743 2828 830 2874 cordis
840 2827 925 2874 nostri
935 2827 1067 2873 laetitiam

319 2895 380 2941 inde
400 2900 561 2953 conceptam,
581 2895 649 2953 quod
669 2895 853 2942 fraternitates
873 2897 977 2940 vestrae
993 2897 1068 2940 tanta

318 2973 378 3008 eum
392 2962 543 3009 animorum
557 2962 698 3009 alacritate
712 2966 738 3008 et
752 2961 931 3016 consensione,
941 2964 1068 3018 tantaque

318 3041 377 3075 oum
392 3030 529 3078 celeritate
543 3034 570 3075 et
584 3029 770 3081 sollicitudine.
786 3029 975 3088 nequidquam
990 3028 1069 3074 detri-

319 3097 403 3142 menti
416 3097 519 3142 iuterea
533 3097 661 3152 temporis
676 3096 784 3142 viduata
802 3099 908 3152 pastore
923 3106 972 3141 suo
986 3093 1067 3140 Patri-

318 3163 434 3210 archalis
443 3163 521 3210 Sedes
533 3159 696 3208 antiochena
706 3167 853 3220 pateretur,
863 3162 983 3218 legitime
993 3167 1020 3206 et
1029 3173 1068 3207 oa-

320 3229 412 3276 nenice
425 3231 524 3286 eligere
543 3233 569 3274 et
587 3230 616 3274 in
630 3229 813 3276 patriarcham
836 3235 953 3275 vestrum
973 3228 1069 3274 consti-

319 3300 395 3342 tuere
409 3296 568 3342 studueritis
582 3295 760 3342 venerabilem
777 3295 888 3342 fratrem
903 3295 1011 3341 Tobiam
1026 3298 1068 3340 Pe·

319 3367 391 3409 trum
406 3363 485 3420 cypri
499 3363 739 3420 archiepiscopum.
752 3365 803 3408 Nos
818 3366 909 3408 autem
924 3361 1016 3409 statim
1030 3366 1068 3408 at·

319 3443 369 3488 que
388 3430 505 3476 mustum
524 3431 556 3474 de
570 3429 699 3475 electione
720 3429 874 3474 huiusmodi
895 3430 1019 3475 nuntium
1035 3430 1067 3475 ad

319 3509 365 3543 nos
380 3497 511 3554 perlatum
533 3497 582 3542 fuit
596 3508 643 3556 per
661 3496 870 3543 humanissimas
885 3501 912 3542 et
926 3496 1010 3554 ipsius
1024 3498 1068 3542 ‘ro-

318 3564 377 3610 biae
390 3564 462 3610 Petri
481 3563 559 3609 electi
578 3563 769 3620 constitutique
790 3562 961 3608 Patriarchae
979 3565 1005 3607 et
1019 3562 1069 3608 fra-

297 3631 477 3678 ‘ternitatum
493 3634 643 3677 vestrarum
662 3643 693 3676 ac
706 3630 863 3676 dilectorum
878 3629 993 3676 illiorum
1010 3633 1068 3674 Pro·

319 3709 410 3744 cerum
434 3697 628 3743 Maronitarum
651 3697 761 3751 literas,
784 3707 908 3752 supremo
929 3697 1067 3754 pastorum

318 3765 432 3822 principi
452 3769 511 3810 Iesu
531 3764 645 3819 christo,
666 3763 742 3809 cuius
761 3761 830 3808 vices
849 3763 877 3808 in
896 3762 977 3808 terris
991 3765 1068 3823 plane

318 3833 489 3880 immerentes
501 3831 629 3888 gerimus,
639 3830 805 3876 immortales
815 3841 895 3886 agere
904 3829 1006 3888 gratias
1016 3842 1068 3875 non

318 3900 464 3946 omisimus.
481 3899 558 3946 Nulla
575 3899 661 3955 igitur
680 3898 855 3956 gravissimae
874 3897 1068 3955 diuturnaeque

318 3965 485 4012 infirmitatis
500 3971 606 4012 nostrae
621 3965 725 4012 ratione
739 3964 840 4019 habita,
853 3965 923 4010 lecto
936 3964 1017 4010 etiam
1028 3965 1069 4010 de·

318 4033 480 4088 cumbsntes,
495 4035 627 4078 secretum
648 4043 708 4076 cum
730 4031 925 4077 venerabilibus
940 4031 1070 4078 fratribus

319 4099 418 4145 nostris
433 4102 457 4144 S.
473 4102 502 4144 a.
519 4101 546 4144 lt.
562 4097 745 4144 cardinalibus
765 4097 951 4144 consistorium
971 4098 1068 4154 habere

319 4165 459 4222 voluimus,
474 4169 504 4210 ut
518 4164 729 4222 quamcitissime
742 4169 935 4222 peragerentur
949 4165 981 4210 de
995 4176 1069 4210 more

319 4232 416 4288 omnia,
432 4243 500 4290 quae
520 4232 553 4277 ad
575 4229 728 4277 electionem
750 4231 903 4276 huiusmodi
923 4231 1068 4288 apostolica

319 4299 479 4346 auctoritate
492 4297 688 4355 approbandam
707 4297 975 4355 confirmandamque,
995 4305 1022 4344 et
1035 4299 1069 4344 ad

319 4366 431 4424 pallium
445 4366 477 4412 de
491 4375 600 4422 corpore
615 4369 638 4410 s.
654 4365 726 4410 Petri
741 4365 925 4421 apostolorum
941 4365 1068 4422 principis

319 4436 455 4490 sumptum
470 4431 578 4477 laudato
592 4431 687 4477 tobiae
702 4435 779 4476 Petro
796 4430 965 4477 patriarcnae
979 4435 1068 4478 vestro

320 4497 479 4544 mittendum
504 4499 714 4556 tradendumque
736 4509 839 4556 semper
861 4501 966 4544 servata
986 4499 1067 4544 inere.

320 4567 495 4618 Quamobrem
516 4577 569 4621 vos,
589 4565 752 4612 venerabiles
771 4565 875 4622 fratres,
890 4567 922 4612 de
936 4565 1008 4612 hisce
1022 4578 1069 4624 per

320 4645 367 4679 nos
387 4633 453 4680 actis
473 4633 601 4678 certiores
621 4632 755 4688 facientes,
777 4633 911 4680 vobiscum
933 4644 964 4678 ex
979 4633 1068 4679 animo

319 4701 502 4758 gratulamur;
516 4703 596 4755 atque
610 4699 720 4744 insimul
741 4700 869 4746 bonorum
884 4699 1003 4745 omnium
1018 4700 1069 4745 lar-

320 4766 434 4823 gitorem
449 4769 539 4820 Deum,
549 4765 596 4822 qui
607 4765 652 4812 dat
662 4766 801 4812 affluenter
810 4777 888 4812 omne
896 4767 994 4812 donum
1004 4767 1068 4824 opti·
1084 4783 1090 4792 ·

320 4843 394 4878 mum
409 4835 436 4877 et
452 4833 487 4878 ad
505 4831 643 4880 aeternam
665 4832 816 4878 animarum
835 4833 950 4880 salutern
965 4844 1068 4891 semper

319 4899 497 4957 proditurum,
518 4900 649 4957 supplices
670 4911 819 4955 exoramus,
834 4904 864 4945 ut
885 4899 1068 4947 fraternitates

320 4970 422 5012 vestras
437 4978 504 5012 nora
518 4966 619 5012 virtute
633 4966 728 5012 induat
741 4979 772 5012 ex
786 4967 850 5022 alte,
865 4978 917 5024 quo
926 4965 957 5011 de
967 4967 1068 5013 virtute

319 5032 346 5078 in
361 5033 488 5078 virtutem
502 5033 627 5079 crescatis
640 5033 667 5078 in
683 5033 789 5090 Templo
804 5037 899 5080 Sancto
913 5034 966 5090 Dei,
976 5037 1003 5080 et
1016 5045 1068 5080 ma-

320 5100 361 5158 gis
376 5100 513 5157 magisque
534 5099 663 5156 satagatis
686 5100 804 5156 vigilare,
822 5101 964 5156 custodire,
977 5111 1008 5146 ac
1021 5113 1068 5158 per

320 5168 391 5215 viam
406 5168 591 5215 mandatorum
606 5167 652 5212 Dei
666 5167 761 5213 ducere
772 5168 882 5230 populos
891 5167 1017 5224 pastorali
1027 5179 1069 5212 cu-

320 5247 366 5282 rae
381 5240 484 5283 restrae
504 5235 664 5282 commissos.
687 5235 752 5280 Hinc
765 5233 880 5292 profecto
900 5234 999 5280 factum
1014 5233 1068 5280 fore

320 5301 348 5347 in
362 5302 470 5347 Domino
490 5301 659 5356 confidimns,
679 5305 709 5346 ut
728 5303 903 5346 consentanea
924 5299 1068 5345 virtutibus

319 5367 506 5427 laboribusque
528 5368 623 5416 restris
644 5379 744 5413 merces
765 5367 902 5412 tribuatur
915 5377 931 5412 a
946 5367 1016 5414 iusto
1031 5379 1069 5414 re·

321 5441 492 5481 moderatore
512 5438 569 5480 Deo.
593 5439 697 5480 Interea
716 5434 796 5479 huius
814 5433 869 5479 voti
884 5433 969 5480 nostri
982 5434 1069 5491 auspi·

250 5533 253 5538 -
319 5513 376 5548 cem
399 5505 425 5548 et
445 5502 595 5560 pontificiae
616 5505 723 5548 nostrae
743 5511 808 5557 erga
828 5501 1010 5546 fraternitates
1029 5513 1068 5548 re·

321 5573 390 5616 strae
405 5569 603 5614 benevolentiae
624 5571 719 5614 testem
733 5579 790 5614 esse
805 5567 926 5625 cupimus
947 5570 1068 5622 apostoli·

319 5645 378 5682 cam
392 5635 608 5690 benedictionem,
622 5634 651 5679 in
665 5635 773 5692 populos
791 5645 894 5690 quoque
910 5643 1012 5682 vestrae
1027 5648 1068 5680 cu·

320 5713 366 5748 rae
380 5703 493 5748 creditos
508 5702 726 5756 redundaturarn,
740 5711 819 5758 quam
838 5701 920 5757 vobis,
934 5703 1068 5748 venerabi·

320 5769 359 5816 les
373 5769 478 5826 tratres,
492 5773 662 5828 peramanter
676 5768 853 5827 impertimur.

360 5839 455 5884 Datum
467 5839 574 5890 Romae,
584 5837 654 5893 apud
665 5839 688 5881 S.
699 5835 810 5881 Mariam
820 5835 954 5892 Maiorem,
964 5837 1014 5882 sub
1023 5848 1067 5883 an-

321 5904 384 5949 nulo
404 5903 553 5960 rimator-is,
574 5903 617 5949 die
637 5915 701 5950 xxx.
717 5901 811 5960 aprilis
827 5905 1068 5961 unccnv11.,·ponti-

321 5971 415 6017 heatus
429 5971 514 6016 nostri
528 5981 597 6016 anno
611 5981 675 6016 xvn.

1122 697 1304 776 ehiepiscopi
1332 698 1382 760 vel
1414 695 1555 777 Episcopi
1581 705 1634 760 aut
1660 711 1770 759 eorum
1792 696 1871 758 alter
1911 735 1916 746 ·

1123 791 1199 854 illud
1223 791 1277 853 tihi
1300 791 1357 854 suh
1378 790 1476 852 ferme
1500 790 1691 868 infrascripta
1712 789 1871 866 assignent

1124 884 1174 946 vel
1194 885 1340 962 assignet,
1355 893 1387 946 ct
1402 903 1417 946 a
1433 892 1463 947 te
1478 892 1585 947 nostro
1600 893 1630 946 et
1646 883 1801 946 Romanae
1816 884 1870 946 Ec·

1101 1053 1103 1056 ¹
1124 977 1234 1040 clasiae
1255 978 1383 1040 nomine
1396 979 1455 1041 sub
1469 978 1525 1040 alia
1541 979 1634 1041 etiam
1656 976 1871 1058 praesentibus

1237 1216 1341 1257 Dilectis
1354 1216 1417 1267 filiis
1432 1213 1591 1257 Proceribus
1606 1213 1755 1258 Maronitis,

1314 1349 1506 1392 BENEDIGTUS
1521 1349 1601 1392 ΡΑΡΑ
1616 1348 1677 1390 xlv.

1415 1481 1506 1528 Deiecit
1519 1486 1576 1537 alii,

1213 1555 1366 1596 salutemet
1379 1557 1553 1606 apostolicam
1568 1554 1779 1596 benedictionem.

1162 1687 1244 1736 Quam
1264 1685 1398 1742 praeclare
1412 1685 1443 1730 de
1457 1688 1547 1731 vestra
1567 1685 1741 1740 omnibusque
1755 1683 1869 1740 inclytas

1122 1751 1314 1797 Maronitarum
1329 1751 1445 1798 nationis
1459 1752 1588 1798 catholica
1607 1752 1761 1808 sinceraque
1780 1751 1829 1796 tide
1843 1753 1870 1796 et

1121 1819 1254 1864 constanti
1267 1819 1431 1875 apostolicae
1445 1819 1508 1865 huic
1520 1821 1630 1865 Sanctae
1640 1818 1700 1865 sedi
1709 1818 1868 1864 adhaesione

1122 1886 1271 1943 opinionem
1291 1887 1504 1944 praedecessores
1525 1887 1610 1932 nostri
1632 1886 1744 1932 Romani
1764 1886 1869 1931 Pontid-

1121 1964 1171 2006 ces,
1186 1963 1285 2014 nosque
1299 1953 1349 2010 ipsi
1361 1963 1465 2010 semper
1474 1953 1625 2008 habuimus,
1636 1953 1721 2010 magis
1731 1953 1868 2010 magisque

1121 2019 1346 2066 confirmaverunt
1357 2020 1567 2066 humanissimae
1577 2023 1681 2066 vestrae
1690 2019 1794 2075 literae,
1804 2029 1870 2078 quas

1121 2099 1176 2132 nna
1188 2086 1299 2132 insimul
1312 2097 1372 2132 cum
1386 2087 1472 2132 literis
1484 2087 1675 2133 venerabilium
1687 2088 1801 2133 fratrum
1813 2091 1869 2132 tum

1121 2154 1215 2200 Tobiae
1237 2153 1308 2200 Petri
1328 2154 1521 2212 archiepiscopi
1543 2155 1620 2213 cypri
1641 2153 1667 2200 in
1688 2155 1869 2202 patriercham

1121 2221 1312 2267 Antiochenam
1331 2213 1452 2266 'vestrum
1471 2221 1558 2277 electi,
1573 2225 1629 2268 tum
1644 2226 1810 2268 caeterorum
1826 2232 1870 2268 na-

1122 2286 1201 2332 tionis
1216 2289 1319 2332 vestrae
1334 2286 1490 2332 antistitum
1505 2287 1658 2334 coniunctas
1672 2290 1705 2334 ad
1720 2299 1768 2334 nos
1777 2287 1871 2334 attulit

1123 2352 1279 2400 venerabilis
1293 2355 1358 2398 item
1370 2353 1454 2399 trater
1463 2355 1590 2400 arsanias
1600 2355 1815 2412 archiepiscopus
1826 2359 1871 2400 ile·

1121 2421 1235 2478 liopolis.
1257 2424 1305 2465 i’er
1324 2421 1395 2478 ipsas
1415 2432 1478 2466 sane
1500 2421 1594 2467 literas
1614 2425 1717 2468 vestras
1739 2421 1871 2479 explicare
1942 2443 1946 2463 ι

1121 2487 1263 2534 studuistis
1281 2489 1308 2532 et
1323 2487 1431 2533 iilialem
1447 2491 1562 2534 vestram
1581 2499 1645 2544 erga
1659 2499 1706 2534 nos
1725 2491 1751 2534 et
1766 2492 1870 2546 aposto·

1121 2555 1200 2600 licam
1215 2555 1282 2600 hanc
1297 2557 1418 2600 Sanctam
1434 2555 1526 2600 sedem
1540 2555 1736 2602 observantiam
1751 2567 1870 2602 reverea-

1121 2621 1248 2678 tiamque,
1262 2624 1289 2666 et
1303 2621 1457 2666 electionem
1469 2622 1501 2666 de
1511 2623 1601 2667 eodem
1612 2621 1692 2667 ‘robis
1702 2625 1779 2668 Petro
1789 2623 1816 2667 in
1827 2627 1871 2669 Pa-

1123 2688 1268 2734 triarcham
1284 2688 1403 2734 unanimi
1419 2691 1627 2734 memoratorum
1641 2689 1799 2736 antistitum
1813 2703 1871 2736 con·

1122 2767 1201 2802 sensu
1227 2755 1350 2813 vobisque
1372 2756 1557 2813 plaudentibus
1581 2757 1685 2802 factam.
1711 2760 1761 2804 Nos
1780 2761 1870 2804 autem

1122 2824 1195 2868 vobis
1210 2822 1380 2880 omniumque
1397 2823 1492 2868 studiis
1506 2823 1618 2881 benigne
1632 2827 1788 2882 annuentes,
1803 2825 1871 2871 nihil

1123 2890 1270 2946 omisimus,
1284 2891 1353 2948 quod
1367 2890 1400 2936 ad
1415 2889 1567 2936 huiusmodi
1581 2891 1717 2948 negotium
1727 2894 1871 2951 apostolica

1122 2957 1281 3004 auctoritate
1308 2961 1399 3004 nostra
1424 2958 1603 3014 peragendum
1629 2959 1871 3017 conficiendumque

1122 3024 1316 3081 requirebatur.
1333 3026 1507 3074 Quamobrem
1530 3025 1578 3071 hoc
1592 3037 1675 3070 unum
1697 3031 1827 3083 superest,
1842 3033 1872 3074 ut

1121 3092 1203 3146 vohis,
1217 3090 1308 3136 dilecti
1323 3090 1380 3145 iiiii,
1394 3101 1459 3148 quos
1474 3094 1585 3148 paterna
1605 3092 1791 3150 pontiflciaque
1806 3094 1872 3140 cari·

1123 3162 1178 3204 tate
1199 3157 1409 3214 complectimur,
1423 3158 1457 3203 ab
1471 3158 1652 3214 omnipotenti
1673 3162 1724 3204 ileo
1743 3161 1871 3206 bonorum

1122 3227 1251 3282 largitore
1266 3224 1430 3270 uberrimam
1450 3225 1605 3271 caelestium
1626 3227 1819 3272 charismatum
1834 3239 1873 3274 eo·

1122 3293 1194 3350 piam
1214 3302 1400 3349 apprecemur;
1421 3295 1502 3348 atque
1522 3297 1639 3339 vestram
1662 3295 1798 3352 pietatem,
1815 3297 1874 3340 reli-

1122 3360 1280 3416 gionemque
1302 3358 1405 3404 meritis
1423 3357 1546 3405 laudibus
1565 3361 1735 3408 celebremus.
1752 3363 1872 3418 Interim,

1122 3427 1212 3474 dilecti
1228 3425 1285 3480 tilii,
1300 3425 1373 3471 robis
1391 3424 1564 3482 apostolicam
1585 3427 1800 3484 benedictionem,
1815 3441 1871 3487 per-

1122 3505 1188 3539 enne
1204 3497 1309 3538 nostrae
1325 3503 1389 3550 erga
1403 3503 1448 3538 vos
1462 3492 1619 3550 praecipuae
1629 3495 1826 3542 benevolentiae
1836 3497 1872 3541 di-

1122 3559 1292 3617 lectionisque
1309 3557 1678 3616 testimenium,peramanter
1692 3561 1870 3618 impertimur.

1162 3629 1257 3673 Datum
1278 3630 1385 3682 Romae,
1407 3626 1476 3683 apud
1499 3629 1521 3672 s.
1539 3627 1650 3673 Mariam
1672 3629 1806 3687 Maiorem,
1824 3632 1873 3676 sub

1121 3695 1221 3742 annulo
1234 3694 1384 3748 Piscatoris,
1398 3693 1440 3738 die
1455 3705 1518 3739 xxx.
1530 3694 1623 3750 aprilis
1634 3707 1777 3753 nnccnvu,
1790 3698 1873 3754 ponti·

1124 3761 1218 3807 iicatus
1233 3761 1318 3806 nostri
1331 3770 1400 3805 anno
1415 3772 1479 3805 xvn.

1124 4031 1164 4073 lia
1178 4033 1310 4075 Benedicti
1326 4034 1415 4084 Papae
1429 4035 1468 4076 XI
1473 4035 1497 4076 V.
1514 4035 1638 4086 epuratu-
1652 4037 1687 4078 ad
1698 4035 1836 4088 Principes
1848 4041 1872 4080 et

1162 4099 1230 4140 altos
1250 4101 1324 4141 otras
1337 4107 1381 4142 an.
1398 4108 1471 4152 xm,
1484 4109 1546 4151 pap.
1564 4103 1617 4148 198,
1639 4103 1807 4146 desumimus
1820 4115 1871 4156 ren.

1162 4167 1198 4207 itt.
1215 4175 1269 4216 qua
1284 4166 1485 4217 arabunt-scopo
1501 4167 1643 4218 Heliopolis
1657 4171 1775 4220 abieeato
1786 4172 1872 4214 Patri·

1161 4233 1265 4275 arcbatt
1282 4233 1485 4275 Maronitarum
1503 4238 1649 4282 cornmittit.
1667 4240 1698 4280 ut
1712 4239 1803 4280 redum
1815 4242 1873 4290 pat·

1162 4302 1230 4342 ittam
1251 4302 1343 4342 tradat
1364 4301 1539 4344 Patrtarcbae
1558 4312 1620 4350 suo,
1644 4307 1790 4354 postquam
1810 4307 1873 4364 stoici

1159 4369 1355 4420 professionem
1373 4371 1398 4410 et
1418 4359 1577 4412 contractum
1598 4373 1715 4414 mairem
1736 4373 1873 4416 intronun-

1153 4438 1227 4481 aum,
1245 4445 1364 4486 quorum
1378 4437 1538 4480 documenta
1548 4440 1583 4481 ad
1593 4439 1684 4480 Sedem
1694 4442 1872 4492 apostoticam
1896 4439 1898 4446 '

1163 4503 1218 4552 ipse
1232 4503 1335 4544 mittere
1349 4503 1445 4545 aebeat.

1127 4635 1274 4679 Venerabili
1287 4636 1369 4684 (ratri
1384 4637 1496 4678 arsenio
1511 4637 1711 4691 areaunacopo
1721 4643 1871 4694 Heliopolis.

1315 4767 1508 4812 BENEDICTUS
1523 4769 1601 4812 ΡΑΡΑ
1617 4771 1678 4815 XlV.

1365 4904 1525 4946 Venerabilis
1542 4906 1636 4953 mater,
1684 4907 1685 4912 ’

1211 4971 1364 5012 salutemet
1378 4971 1552 5020 apostoticam
1571 4972 1782 5026 benedictionem.

1163 5103 1218 5150 Qua
1239 5099 1435 5146 fraternitatem
1457 5105 1531 5148 tuam
1553 5105 1698 5160 praeclaris
1718 5106 1822 5152 meritis
1842 5119 1872 5154 ae

1123 5167 1301 5224 pastoralibus
1322 5167 1467 5214 virtutibus
1488 5169 1619 5226 insignem
1640 5176 1666 5216 et
1681 5173 1830 5230 praecipuis
1846 5174 1874 5219 fl·

1122 5232 1193 5278 lialis
1208 5237 1270 5280 tuae
1281 5245 1345 5290 erga
1355 5234 1530 5292 apostolicam
1544 5237 1611 5282 hanc
1621 5240 1768 5284 Murenam
1779 5240 1871 5284 sedem

1121 5299 1286 5346 obedientiae
1307 5301 1482 5358 argumentis,
1497 5313 1528 5347 ac
1549 5304 1707 5360 praesertim
1727 5305 1871 5362 singularis

1124 5370 1185 5412 tuae
1198 5378 1263 5424 erga
1283 5379 1330 5414 nos
1351 5369 1534 5416 observantiae
1555 5373 1689 5430 obsequiis
1708 5375 1871 5422 commenda·

1122 5434 1187 5488 tam,
1198 5433 1332 5492 pontificia
1343 5435 1507 5492 benignitate
1522 5439 1671 5495 excepimus
1685 5451 1744 5487 cunr
1760 5443 1794 5488 ad
1804 5443 1872 5488 hane

1121 5499 1220 5546 almam
1234 5502 1329 5548 Urbem
1345 5506 1463 5549 nostram
1477 5505 1621 5562 accessisti,
1633 5507 1760 5564 parinum
1770 5513 1871 5566 aposto·

1121 5566 1172 5614 lica
1186 5569 1298 5614 caritate
1313 5569 1374 5615 hinc
1388 5571 1421 5616 ad
1435 5572 1563 5628 inclytam
1581 5577 1656 5620 tuam
1670 5575 1806 5621 nationem
1821 5580 1871 5622 Ma·

1122 5635 1271 5681 renitarum
1288 5640 1466 5683 revertentem
1475 5639 1643 5686 comitamur.
1655 5641 1712 5686 ribi
1722 5643 1802 5699 enim,
1814 5655 1868 5689 ven.

1122 5702 1214 5758 frater,
1229 5715 1291 5760 prae
1306 5704 1403 5750 ceteris
1424 5707 1509 5761 magis
1530 5707 1668 5763 explorata
1688 5712 1752 5754 sunt
1773 5710 1869 5765 omnia,

1122 5781 1190 5827 quae
1210 5781 1265 5824 nos,
1280 5774 1309 5817 ut
1328 5771 1445 5828 primum
1467 5773 1637 5822 benedicente
1657 5775 1767 5822 Domino
1787 5777 1871 5834 potui-

1123 5847 1190 5894 mus,
1205 5839 1290 5884 adhuc
1303 5849 1320 5884 a
1333 5839 1493 5894 gravissima
1512 5841 1693 5900 diuturnaque
1712 5843 1871 5890 infirmitate

1122 5905 1214 5950 nostra
1228 5903 1326 5951 lectulo
1346 5906 1540 5962 decumbentes,
1556 5911 1705 5966 peragenda
1718 5911 1870 5958 curarimus

1122 5972 1209 6028 quoad
1223 5972 1418 6029 ablegationem
1436 5980 1511 6020 tuam
1530 5988 1547 6022 a
1560 5988 1617 6024 ven.
1631 5976 1716 6024 fratre
1735 5978 1815 6025 hobia
1829 5982 1872 6026 Pe

1790 545 1850 623 685
1900 559 1954 614 An.
1968 564 1998 616 0.
2020 553 2089 619 1757
