4764 6972
1692 503 1702 530 ·
1733 545 1789 609 157
1838 547 1893 603 An.
1907 549 1938 602 0.
1960 549 2029 602 1744

612 679 646 740 L.
1098 679 1167 754 §h
1192 679 1271 742 Cum
1303 680 1411 744 iisdem
1442 682 1540 744 literis
1567 682 1686 745 reddita
1719 681 1808 744 nobis
1840 693 2041 742 canusinam-

1058 772 1188 836 luerunt
1205 775 1381 877 authentica
1398 785 1601 838 monumenta
1617 791 1723 838 rerum
1739 775 1808 838 istic
1825 746 2042 860 ssflfflffnsssffi

1058 877 1216 944 gestarum
1243 886 1298 947 pro
1327 870 1502 932 huiusmodi
1533 870 1725 932 conficiendo
1752 885 1808 930 ne·
1825 855 2040 964 ξξξξωᾞξῧᾱῖῗῖ

1058 962 1152 1037 gotio,
1176 962 1259 1024 unde
1274 964 1419 1024 novimus
1434 969 1558 1039 gratum
1578 963 1672 1025 luisse
1685 971 1807 1025 vestrae
1825 962 1924 1020 scquvo.

893 562 1090 607 nnnnbtcnus
1112 562 1176 606 ΧΠ.

259 862 472 927 Potrinrchne
494 864 691 929 Antiocheno
708 883 727 928 c
745 865 874 928 Snmmo
892 864 1005 928 Ponti-

295 956 352 1035 hcc
372 957 482 1030 electo,
505 963 578 1020 etc
608 955 837 1020 dissidentibus
863 959 1004 1020 ciusdem

295 1051 442 1112 notionis
466 1051 681 1114 Antistitibns
693 1050 818 1130 agnito,
836 1052 1004 1114 transmit·

297 1142 338 1204 tit
368 1141 533 1215 Pctttcn,
557 1143 684 1222 aliaque
716 1145 871 1206 nvnndoto
897 1149 927 1204 ct
955 1145 1005 1223 to-

294 1234 434 1297 cnltntcs
455 1236 630 1298 committit
653 1237 708 1314 (i).

309 1416 481 1487 Venerabili
503 1420 592 1488 tratri
614 1419 726 1489 Evodio
749 1420 949 1490 Patriarohae

409 1512 599 1580 Antiocheno
622 1513 849 1596 Maronitarum,

424 1697 669 1767 attentatus
686 1700 747 1768 ΡΡ.
762 1700 834 1768 titt.

467 1887 659 1957 venerabilis
678 1889 788 1969 trater,

285 1983 417 2051 satutem
439 1987 471 2050 et
491 1983 690 2065 apostolicam
715 1981 965 2050 benedictionem.

83 2177 236 2284 mrffiqncgt:
291 2171 413 2234 Literas
433 2171 635 2234 fraternitatis
656 2177 728 2234 tuae
742 2171 878 2234 libenter
889 2171 1003 2250 accepi·

83 2289 234 2349 sessionnem
253 2281 339 2340 mus,
365 2265 665 2342 iucundissimisque
691 2265 780 2326 nobis
804 2266 999 2327 acciderunt:

82 2343 233 2390 ‘mmm'
252 2359 369 2420 habent
400 2359 483 2420 enirn
517 2357 706 2421 luculentam
739 2358 1001 2433 significationem

251 2451 426 2528 religionis,
437 2450 642 2524 obedientiae,
660 2449 862 2528 obstrictique
876 2451 1001 2529 Aposto-

250 2544 326 2607 licae
347 2543 420 2606 Sedi
441 2543 709 2622 obsequentissimi
723 2543 819 2605 animi
841 2544 897 2605 tui.
923 2544 1001 2606 Gon-

251 2637 419 2699 hrmarunt
447 2637 576 2716 proinde
602 2642 781 2714 conceptam
802 2651 905 2714 spem,
929 2652 1000 2699 cum

249 2729 283 2790 in
305 2730 362 2790 ista
384 2728 579 2791 Patriarclvali
608 2729 759 2790 cathedra
785 2737 815 2790 te
840 2728 1003 2790 collocavi-

249 2838 332 2898 mus,
355 2823 422 2884 iore
436 2830 471 2884 ut
488 2822 661 2884 restitutam.
682 2821 874 2900 providentia
896 2829 1000 2883 nostra

249 2916 508 2994 tranquillitatem
524 2915 668 2978 ecclesiae
679 2924 797 2976 vestrae
809 2915 872 2992 ipse
884 2913 998 2990 ioveas,

249 3016 280 3069 et
302 3023 478 3086 numquam
500 3007 676 3070 domesticis
701 3007 857 3069 discordiis
880 3015 1001 3085 pertur-

249 3102 315 3163 bari
336 3103 510 3181 permittas.

290 3315 320 3370 tt)
336 3317 375 3360 Ex
387 3317 450 3371 leeg.
466 3316 522 3360 vat.
538 3325 576 3371 cp.
592 3314 625 3360 ad
639 3313 771 3372 principes
788 3317 815 3359 et
828 3315 903 3360 alios.
918 3337 946 3348 -
960 3317 998 3360 iix

249 3381 341 3426 eodem
363 3384 425 3438 Reg.
446 3381 650 3428 transcribimus
667 3381 707 3426 lit.
722 3392 763 3439 ap.
783 3381 879 3440 quibus
894 3381 999 3427 archie-

249 3447 356 3504 piscopo
369 3453 450 3494 Arcas
464 3448 609 3493 committit
622 3447 711 3494 debita
725 3447 810 3494 torma
820 3447 934 3494 Pettium
945 3450 998 3493 tra·

249 3515 311 3560 dere
325 3514 495 3561 Patriarclrae
509 3514 710 3570 Maronitarum,
725 3517 752 3560 et
766 3513 858 3560 laudat
874 3519 997 3561 Proceres

248 3582 280 3628 de
294 3582 329 3627 iis
343 3593 411 3639 quae
425 3581 596 3628 contulerunt
610 3591 657 3636 pro
666 3581 841 3628 instauranda
850 3581 996 3638 concordia,

250 3659 347 3705 eosque
368 3647 465 3694 excitat
485 3653 516 3694 nt
537 3648 673 3693 decretum
694 3651 824 3703 serretur,
842 3648 997 3694 adiudicans

249 3715 451 3772 archispiscopo
464 3715 528 3772 'tyri
541 3713 681 3761 dioecesim
698 3715 921 3772 angeltcnensem.

298 3852 448 3894 umens
460 3852 543 3900 natet
558 3851 630 3894 ditae
643 3851 845 3902 drohnpncopo
860 3852 950 3898 Areae.

441 3983 634 4028 nnnnntc‘rtts
648 3983 728 4026 ΡΑΡΑ
742 3984 804 4028 XIV.

489 4119 649 4164 Venerantur
665 4119 759 4168 trater,

336 4187 453 4229 salntem
466 4188 491 4228 et
503 4185 677 4238 apostoticam
696 4185 906 4227 benedictionem.

287 4319 369 4362 Sacro
378 4315 555 4362 ecclesiastico
562 4313 645 4360 Pallio
655 4315 778 4360 decorare
789 4313 934 4359 statuimus
944 4323 997 4358 mo-

248 4393 278 4427 re
292 4383 427 4428 maiorum
446 4381 567 4427 venerab.
583 4381 694 4426 fratrem
713 4381 846 4426 simonem
861 4381 997 4436 neonium,

249 4449 444 4495 Maronitarum
464 4447 647 4494 patriarcham
663 4450 780 4492 restrum
795 4447 996 4502 anticchenum

247 4526 278 4560 ac
301 4515 499 4562 maternitatem
523 4517 598 4560 tuam
624 4513 767 4570 selegimus
787 4514 820 4559 ad
843 4514 931 4570 ipsum
954 4525 997 4559 no-

248 4585 305 4627 stro
328 4581 435 4627 nomine
455 4580 565 4626 usitatis
587 4580 761 4626 caeremoniis
781 4580 806 4625 ei
829 4581 995 4628 tradendum.

247 4649 326 4694 Prius
342 4651 432 4694 tamen
445 4658 535 4692 coram
550 4649 576 4692 te
590 4647 666 4692 edere
676 4646 822 4692 catholicae
832 4646 893 4692 fidei
904 4646 998 4704 proies·

248 4715 352 4762 monem
366 4715 443 4760 debet
463 4714 538 4759 iuxta
558 4713 699 4758 formulam
719 4713 909 4771 praescriptam
924 4723 940 4758 a
954 4713 995 4758 sel.

247 4792 299 4827 rec.
315 4781 422 4828 Urbano
436 4783 499 4826 v111.
515 4781 649 4826 decessore
670 4783 769 4834 nostro,
785 4784 812 4824 et
825 4779 998 4826 iureiurando

247 4849 318 4906 apud
334 4851 360 4894 te
374 4849 476 4904 pariter
497 4833 617 4904 proiitbri
632 4858 659 4892 se
680 4849 807 4903 perpetuo
827 4849 996 4892 servaturum

248 4925 391 4972 supremae
399 4917 533 4960 Romnum
542 4913 600 4958 sedi
608 4912 823 4958 obediontiamac
832 4913 995 4958 fidelitatem.

249 4985 335 5028 Tuum
350 4983 386 5028 sit
400 4981 525 5038 imposito
539 4981 591 5026 isto
609 4979 759 5025 ministerio
778 4979 830 5026 rite
844 4979 996 5038 diligenter·

247 5060 299 5105 que
308 5049 439 5105 perfungi,
450 5048 542 5104 reique
552 5049 641 5104 gestae
650 5047 835 5092 authenticum
847 5057 998 5093 monumen·

249 5119 307 5161 tum
321 5116 356 5162 ad
371 5127 419 5161 nos
433 5113 623 5160 transmittere.
642 5113 751 5158 Interim
768 5113 940 5170 apostolicam
957 5114 998 5160 be·

249 5182 436 5238 nedictionem,
454 5193 511 5226 ven.
533 5181 624 5235 trater,
645 5179 694 5224 tihi
715 5183 885 5236 peramanter
903 5179 998 5237 imper·

249 5249 342 5296 timue.

288 5319 385 5363 Datum
406 5318 513 5371 Rornae,
534 5314 603 5372 apud
626 5315 648 5358 S.
664 5314 775 5360 Mariam
797 5314 931 5371 Maiorem,
949 5315 997 5361 sub

248 5385 349 5430 annulo
362 5382 512 5438 Piscatoris,
527 5381 568 5427 die
586 5392 621 5426 ιι.
640 5380 749 5437 augusti
767 5391 921 5438 unccxnrv„
937 5393 997 5438 pon·

251 5450 368 5497 tittcatus
382 5448 469 5496 nostri
482 5459 551 5494 anno
564 5458 600 5494 ιι.

503 5650 743 5664 ἡ

1057 1054 1199 1115 omnium
1223 1055 1368 1116 ordinum
1398 1055 1528 1129 nationi,
1556 1063 1584 1118 te
1606 1074 1622 1117 a
1647 1055 1735 1118 nobis
1756 1071 1808 1135 pa-

1057 1147 1212 1209 triarcnati
1235 1148 1410 1210 ministerio
1432 1150 1592 1224 donatum,
1616 1151 1696 1228 quod
1719 1165 1808 1212 vere-

1058 1241 1158 1302 cunde
1179 1242 1348 1318 susceperis
1363 1248 1394 1303 ct
1411 1240 1519 1303 sedulo
1540 1242 1700 1304 obiturum
1714 1258 1808 1320 spon·

1058 1331 1121 1394 des.
1145 1333 1363 1412 Comperimus
1384 1335 1496 1408 simul,
1520 1335 1670 1413 quidquid
1692 1337 1805 1398 nostris

1058 1425 1093 1486 ad
1116 1441 1172 1486 vos
1198 1424 1296 1488 literis
1318 1427 1352 1488 in
1373 1425 1472 1489 torma
1494 1427 1601 1489 Brevis
1628 1429 1807 1492 contineba-

1059 1522 1128 1591 tur,
1158 1527 1265 1580 sancte
1297 1529 1498 1597 accurateque
1530 1535 1584 1580 vos
1610 1529 1804 1597 servaturos,

1058 1601 1125 1672 non
1144 1613 1213 1673 sine
1234 1611 1372 1674 obstricti
1394 1611 1592 1690 devinctique
1607 1612 1694 1674 nobis
1709 1615 1806 1676 animi
1843 1619 1847 1629 '

1056 1703 1297 1778 significatione,
1319 1705 1400 1784 quod
1423 1721 1497 1766 vere
1521 1714 1649 1784 paterna
1669 1706 1805 1770 solicitu-

1057 1797 1129 1858 dine
1149 1797 1323 1860 schismatis
1351 1798 1526 1875 periculum
1548 1799 1639 1861 istinc
1660 1815 1806 1862 amovere

1056 1890 1244 1952 studuimus.
1268 1890 1475 1965 Quamobrem
1490 1885 1734 1954 adiudicavimus
1749 1894 1804 1955 du-

1058 1983 1168 2062 plicem
1183 2000 1247 2045 non
1262 1983 1405 2061 legitime
1419 1984 1528 2046 iactam
1542 1984 1733 2046 patriarchae
1744 1985 1805 2048 ele-

1056 2078 1204 2152 ctionem,
1227 2092 1404 2155 novamque
1426 2077 1607 2139 auctoritate
1633 2085 1736 2138 nostra
1758 2094 1807 2140 ca-

1058 2171 1168 2232 nonice
1199 2170 1428 2232 substituimus.
1461 2171 1523 2245 Qua
1551 2169 1678 2247 quidem
1711 2170 1805 2233 inre

1056 2262 1240 2339 agnovimus
1260 2263 1421 2340 multaque
1444 2261 1533 2324 laude
1554 2263 1734 2340 prosequuti
1754 2280 1805 2325 su·

1057 2370 1127 2416 mus
1141 2355 1303 2434 utriusque
1316 2371 1478 2434 perperam
1491 2355 1526 2415 ad
1542 2371 1610 2416 eam
1625 2356 1804 2434 primariam

1056 2447 1240 2522 dignitatem
1252 2447 1341 2509 electi
1363 2449 1565 2523 docilitatem,
1581 2451 1634 2527 qui
1649 2465 1684 2510 ea
1697 2466 1731 2510 se
1745 2458 1805 2511 sta·

1056 2539 1111 2601 tim
1127 2540 1317 2615 abdicarunt,
1334 2555 1384 2616 ne,
1402 2542 1587 2617 cunctando,
1605 2544 1708 2604 minus
1724 2543 1805 2622 ipso-

1056 2649 1127 2695 rum
1149 2632 1322 2695 obedientia
1337 2632 1574 2711 splendesceret.
1600 2635 1728 2710 Egimus
1749 2636 1803 2698 ita·

1055 2743 1116 2804 que
1142 2734 1269 2788 aeterno
1291 2726 1443 2788 Ecclesiae
1471 2727 1584 2804 pastori
1610 2727 1803 2790 immortales

1056 2821 1178 2897 gratias,
1194 2822 1288 2898 quod,
1305 2828 1426 2882 vestrae
1448 2821 1549 2897 gentis
1569 2822 1730 2898 misertus,
1747 2839 1803 2884 no-

1054 2921 1115 2974 stra
1137 2929 1213 2975 voce
1228 2914 1393 2991 imperavit
1415 2915 1518 2975 ventis
1532 2922 1562 2975 et
1578 2915 1667 2989 mari,
1680 2923 1711 2976 et
1726 2914 1802 2978 iacta

1054 3007 1149 3068 tuerit
1162 3005 1366 3083 tranquillitas
1382 3021 1506 3081 magna,
1520 3007 1572 3068 ubi
1587 3007 1802 3070 inhorrescere

1054 3106 1219 3178 coeperant
1241 3100 1387 3174 ingentes
1409 3100 1532 3161 tinctus.

1166 3315 1271 3361 nonem
1285 3315 1349 3366 filtts
1364 3314 1522 3356 morentur
1535 3315 1685 3362 Maronitis.

1243 3420 1436 3464 Bnnnmcntts
1451 3421 1531 3462 ΡΑΡΑ
1544 3421 1606 3464 XIV.
1682 3412 1686 3420 ¹

1345 3514 1436 3556 Detectt
1450 3515 1506 3565 niti,

1138 3586 1254 3627 salntem
1267 3586 1292 3624 et
1305 3585 1480 3634 apostoticam
1499 3584 1710 3627 benedictionem.

1090 3715 1139 3761 Diu
1153 3727 1201 3760 nos
1215 3714 1333 3760 solicitos
1348 3714 1440 3760 habuit
1450 3717 1600 3760 vestrorum
1611 3715 1800 3772 Episcoporum

1051 3782 1190 3829 dissidium
1206 3783 1233 3827 in
1248 3782 1369 3839 eligendo
1390 3781 1545 3828 patriarcha
1566 3793 1621 3827 suc.
1637 3782 1801 3828 verebamur

1051 3850 1122 3895 enim
1144 3861 1176 3894 ne
1199 3849 1228 3894 in
1249 3849 1375 3894 damnum
1399 3848 1516 3894 sincerae
1541 3848 1679 3905 religionis
1703 3848 1798 3894 abiret.

1051 3916 1224 3966 Quamobrem
1239 3916 1272 3960 ad
1286 3915 1354 3960 illud
1367 3915 1593 3971 comprimendum
1603 3915 1675 3960 illico
1685 3915 1800 3962 accurri·

1051 3992 1119 4038 mus,
1140 3982 1253 4038 datoque
1273 3985 1377 4027 vestrae
1398 3981 1473 4038 genti
1495 3981 1616 4038 legitimo
1635 3981 1799 4037 Patrisrcha,

1051 4049 1202 4094 curavimus
1212 4052 1288 4094 extra
1296 4047 1437 4093 discrimen
1448 4059 1544 4104 ponere
1554 4048 1685 4094 Ecclesiae
1696 4050 1800 4093 restrae

1050 4115 1281 4173 tranquillitatem.
1296 4119 1350 4166 Qua
1361 4115 1467 4173 quidem
1478 4115 1506 4160 in
1517 4126 1545 4160 re
1556 4116 1671 4161 multum
1682 4127 1727 4162 vos
1738 4127 1801 4173 quo-

1051 4195 1101 4240 que
1115 4181 1244 4240 profuisse
1265 4183 1448 4239 comperimus.
1471 4185 1536 4228 Nam
1551 4184 1577 4227 st
1597 4184 1684 4228 vester
1703 4182 1731 4227 in
1747 4193 1800 4227 om·

1052 4247 1125 4293 nium
1144 4249 1225 4294 oculis
1245 4251 1337 4306 patens
1357 4249 1475 4296 funestae
1493 4247 1665 4294 dissensionis
1685 4259 1799 4305 moeror,

1051 4319 1078 4361 et
1092 4315 1161 4372 apud
1176 4316 1279 4362 eosdem
1295 4315 1434 4360 antistites
1446 4315 1550 4360 consilii
1561 4315 1708 4360 auctoritas
1718 4314 1800 4372 pluri·

1052 4393 1124 4427 mum
1144 4384 1288 4439 potuerunt
1303 4383 1336 4427 ad
1355 4391 1447 4427 eorum
1462 4382 1501 4428 ita
1515 4382 1671 4428 molliendos
1686 4382 1800 4437 animos,

1052 4453 1148 4494 utnon
1169 4449 1245 4494 modo
1266 4452 1398 4506 prompte,
1415 4451 1444 4494 ut
1463 4451 1596 4506 parerat,
1620 4449 1665 4493 sed
1686 4447 1801 4494 libenter

1051 4515 1239 4573 acquieverint,
1254 4527 1284 4562 ac
1298 4527 1387 4562 secum
1397 4515 1449 4572 ipsi
1459 4515 1590 4572 gratulati
1600 4515 1707 4570 suerint,
1718 4525 1800 4560 rems·

1052 4582 1125 4626 dium
1140 4593 1187 4627 nos
1201 4581 1326 4628 attulisse
1340 4581 1511 4627 invalescenti
1526 4581 1672 4628 schismati.
1685 4582 1801 4632 Quando·

1052 4648 1158 4705 quidem
1174 4648 1258 4704 igitur
1271 4647 1422 4694 adhibitum
1432 4659 1448 4693 a
1458 4648 1531 4693 vobis
1542 4647 1669 4693 eximium
1680 4647 1799 4693 studium

1052 4715 1183 4772 pacandae
1198 4715 1370 4761 dissensionis
1385 4715 1538 4760 testimonio
1552 4715 1626 4760 nobis
1641 4715 1690 4760 ruit
1703 4715 1800 4761 insitas

1051 4781 1149 4827 animis
1163 4781 1259 4827 restris
1273 4782 1419 4828 catholicae
1431 4778 1691 4838 religionis,·paterni
1700 4781 1800 4827 amoris

1052 4848 1136 4894 nostri
1158 4860 1214 4894 esse
1235 4849 1359 4894 duximus
1378 4859 1423 4894 vos
1440 4859 1615 4904 commonere,
1630 4844 1656 4893 id
1673 4848 1746 4894 nobis
1761 4860 1802 4894 vc·

1052 4915 1191 4961 trementer
1205 4915 1344 4972 placuisse,
1358 4915 1468 4971 eiusque
1483 4925 1613 4960 memores
1623 4915 1687 4970 tore,
1698 4915 1743 4960 ubi
1753 4915 1800 4960 ali-

1052 4981 1114 5038 quid
1130 4981 1280 5039 pontificiae
1294 4981 1467 5038 benignitatis
1481 4982 1598 5028 derivari
1611 4983 1639 5027 in
1654 4994 1699 5028 vos
1712 4984 1799 5039 queat.

1052 5050 1177 5106 Superest
1197 5049 1274 5093 modo
1292 5051 1323 5094 ut
1341 5048 1374 5094 ad
1393 5059 1471 5094 omne
1492 5050 1597 5106 penitus
1617 5049 1798 5095 amoliendum

1052 5115 1193 5160 turbarum
1214 5115 1356 5160 discrimen
1377 5115 1445 5162 detis
1468 5127 1582 5172 operam,
1599 5127 1631 5161 ne
1650 5127 1706 5160 ven.
1723 5113 1800 5161 tratri

1052 5180 1155 5237 Ignatio
1169 5179 1369 5238 archiepiscopo
1380 5181 1443 5237 ‘tyri
1453 5181 1509 5226 ulla
1520 5180 1567 5226 tint
1577 5191 1652 5226 mora
1662 5181 1801 5237 ullumque

1052 5247 1195 5292 obiiciatur
1214 5247 1449 5304 impedimentum,
1471 5248 1612 5305 quominus
1634 5251 1725 5305 pacate
1748 5258 1802 5293 ιιιο-

1052 5314 1195 5360 derandam
1216 5313 1344 5370 suscipiat
1361 5313 1501 5360 dioecesim
1518 5314 1720 5370 Ageltonensem
1738 5324 1799 5359 cum

1052 5380 1124 5426 omni
1139 5380 1187 5425 sub
1199 5379 1299 5424 ditione
1314 5379 1365 5426 sibi
1375 5381 1408 5425 ab
1420 5379 1562 5438 episcopati
1573 5383 1660 5425 vestro
1670 5383 1801 5425 conventu

1052 5448 1173 5505 legitime
1190 5447 1361 5503 assignatam.
1378 5447 1449 5497 Quod
1468 5447 1586 5492 eiusdem
1601 5449 1744 5492 conventus
1758 5447 1800 5492 de·

1052 5517 1155 5560 cretum
1170 5525 1279 5571 prorsus
1293 5524 1309 5559 a
1324 5513 1399 5559 nobis
1417 5514 1558 5570 probatum
1578 5513 1628 5558 tuit
1642 5524 1672 5559 ac
1687 5525 1801 5560 summo·

1053 5593 1115 5638 pere
1135 5579 1354 5626 commendatum.
1378 5579 1436 5624 itrit
1454 5579 1481 5624 id
1502 5579 1578 5624 nobis
1598 5579 1798 5638 gratissimum,

1053 5647 1198 5703 damusque
1208 5645 1303 5703 pignus
1313 5645 1484 5702 apostolicam
1494 5643 1711 5702 benedictionem,
1719 5657 1799 5703 quam

1053 5713 1134 5768 robis,
1149 5711 1239 5758 dilecti
1254 5711 1312 5765 tilii,
1327 5712 1496 5768 peramanter
1510 5711 1686 5768 impertimur.

1094 5781 1189 5824 batum
1200 5780 1307 5831 Romae,
1317 5777 1386 5834 apud
1397 5779 1420 5822 S.
1431 5775 1542 5822 Mariam
1553 5777 1687 5836 Maiorpm,
1698 5778 1747 5824 snb
1758 5789 1804 5824 an·

1054 5845 1118 5891 nuic
1131 5844 1279 5898 Piscatoris,
1294 5843 1336 5889 die
1354 5855 1389 5889 xv.
1405 5843 1515 5900 augusti
1530 5853 1683 5901 nannenten,
1697 5844 1805 5902 pontiti·

1054 5913 1129 5959 catus
1143 5911 1228 5957 nostri
1241 5921 1310 5957 anno
1325 5921 1359 5956 vv.
