4856 6984
113 519 171 572 An.
188 523 219 574 C.
242 521 311 576 1752

149 761 226 805 lusia
247 769 323 804 causa

102 815 206 876 veteres
226 813 325 870 suppri-

101 866 324 930 manducatae

100 920 324 1032 tastamenti

101 1028 202 1087 turtur·
227 1037 323 1102 urgens

101 1083 324 1180 tentaremus·

976 535 1172 586 tunsoratus
1197 539 1260 586 xlv,

343 660 400 724 boo
415 657 515 732 nobis,
529 657 648 720 meritis
663 659 805 738 quamvis
816 657 996 736 imparibus,
1008 674 1092 720 ccm-

343 757 480 831 mittere,
500 763 531 818 et
552 755 701 816 debilitati
718 763 841 818 nostrae
857 771 1007 832 magnum
1023 772 1092 834 apo·

342 850 466 914 stolicae
486 850 647 913 servitutis
669 850 779 926 iugum
801 851 963 928 imponere
979 850 1088 924 voluit,

343 953 378 1007 ut
399 951 556 1022 tamquam
580 944 617 1004 de
638 958 761 1004 summo
783 944 900 1006 vertice
917 943 1032 1004 montis
1053 944 1089 1006 ad

343 1038 434 1100 buius
449 1037 559 1099 mundi
575 1036 698 1097 infirma
714 1037 909 1100 reflectentes
925 1037 1088 1109 intuitum,

342 1130 414 1208 quid
431 1144 485 1208 pro
499 1129 676 1191 huiusmodi
693 1130 827 1190 Ecclesia
842 1129 1037 1204 illustranda,
1054 1132 1088 1193 ud

343 1222 413 1286 hdei
434 1222 622 1284 orthodoxae
644 1223 912 1301 propagationem,
928 1223 1090 1300 divinique

341 1317 443 1380 cultus
464 1322 671 1392 augmentum
696 1315 846 1390 conterat,
869 1315 1005 1394 quidque
1027 1316 1090 1378 ani-

341 1426 464 1474 marum
480 1407 737 1472 christifidelium
753 1408 843 1470 salini
859 1408 1090 1486 quomodolibet

341 1503 518 1578 conveniat,
541 1502 686 1565 attentius
717 1502 891 1580 prospicere
913 1518 976 1564 non
999 1503 1090 1565 cmit-

343 1605 453 1672 tamus,
478 1595 660 1658 demandata
686 1603 839 1668 tenentes,
870 1603 901 1658 et
930 1604 1089 1674 propterea

341 1688 437 1750 carreis
468 1688 679 1762 dissidiorum,
709 1703 788 1766 quae
820 1687 966 1749 inimicus
998 1687 1090 1748 bomo

340 1782 492 1860 suggerit,
515 1798 571 1861 per
591 1781 818 1860 suppressionis
840 1788 871 1844 et
893 1780 1090 1843 extinctionis

340 1874 551 1952 ecclesiarum,
568 1875 663 1936 etiam
678 1873 939 1952 patriarchalium,
956 1872 1089 1935 lentium

340 2103 412 2150 canis
426 2103 469 2151 die
484 2115 546 2150 xxx.
563 2104 662 2152 mensis
674 2103 740 2150 maii
753 2115 823 2152 anno
833 2116 958 2150 arnccnrn.
970 2103 1090 2162 proxime

340 2171 429 2228 elapso
449 2172 550 2218 editam
564 2179 577 2222 s
592 2175 618 2216 ιο
637 2172 802 2218 declaratum
824 2174 1010 2229 statutumque
1031 2171 1089 2216 tuit.

341 2241 421 2284 Porro
435 2238 548 2284 Romani
569 2239 708 2287 Pontifices
729 2239 943 2296 praedecessores
958 2238 1043 2284 nostri
1058 2238 1091 2284 ad

340 2303 450 2351 dissidia
463 2307 491 2350 et
504 2305 595 2351 litium
610 2305 700 2363 iurgia
714 2317 766 2352 nou
775 2306 832 2351 sine
842 2306 917 2362 gravi
930 2305 1091 2350 christifide-

340 2371 408 2418 lium
422 2369 565 2418 olleusioue
579 2384 593 2417 e
608 2373 695 2420 medio
715 2373 813 2431 ubique
832 2373 953 2432 gentium
974 2373 1092 2419 tollenda

340 2450 444 2497 semper
465 2439 562 2485 intenti
585 2439 781 2497 sapientissime
802 2441 1000 2486 constituerunt
1022 2441 1090 2496 iura,

340 2517 408 2563 quae
422 2517 503 2564 super
517 2507 683 2563 parochiales
697 2507 863 2564 regularium
878 2507 998 2553 virorum
1015 2508 1092 2553 eccle

340 2571 405 2628 sias,
417 2575 444 2618 et
459 2583 539 2630 snper
553 2574 691 2630 regulares
701 2584 827 2630 personas
836 2584 929 2619 curam
939 2574 1091 2620 animarum

339 2639 518 2686 saecmarinm
543 2640 682 2686 bominum
703 2640 731 2686 iu
750 2640 815 2698 ipsis
837 2641 1004 2696 regularium
1025 2641 1092 2686 viro·

341 2715 401 2750 rum
412 2703 529 2750 ecclesiis
539 2707 699 2761 exercentes,
711 2705 855 2752 ordinariis
866 2706 1000 2764 cpiscopts
1010 2707 1093 2752 omni-

341 2783 374 2818 no
387 2774 548 2829 competunt.
572 2775 642 2823 Quae
657 2772 762 2829 quidem
783 2773 844 2818 iura
858 2784 905 2818 nos
927 2784 1030 2830 quoque
1046 2783 1092 2830 per

340 2840 460 2884 nostram
480 2836 708 2893 constitutionem,
730 2847 798 2894 quae
818 2838 861 2882 die
879 2849 915 2884 vr.
935 2838 1034 2884 mensis
1049 2847 1092 2883 no

341 2904 454 2951 vembris
475 2915 544 2950 anuo
563 2915 715 2950 unccxnvn.
732 2903 760 2950 in
774 2904 861 2950 lucem
876 2905 974 2962 prodiit
989 2910 1015 2950 et
1030 2905 1092 2950 inci-

340 2971 391 3028 pit:
406 2974 579 3017 btrmcnrtts:
593 2982 644 3016 non
660 2971 746 3016 solum
768 2969 938 3028 apertissime
952 2971 1093 3018 declaravi-

341 3047 400 3084 mus
410 3037 659 3095 explieavnnusqua
668 3048 761 3083 verum
773 3038 855 3084 etium
865 3038 1013 3084 antedictas
1020 3049 1093 3095 prae-

339 3105 507 3151 decessorum
521 3107 675 3152 nostrorum
689 3105 895 3152 constitutiones
909 3105 1053 3150 retulimus
1065 3107 1092 3151 et

340 3171 505 3228 amplissime
519 3172 747 3228 confirmavimus3
762 3172 872 3229 insuper
886 3172 1055 3229 exposuimus
1066 3175 1092 3217 et

340 3237 486 3284 decidimus
500 3239 695 3284 controversias
709 3249 808 3293 omues,
824 3249 891 3295 quae
907 3249 986 3296 super
996 3237 1093 3284 exerci-

341 3303 379 3352 tio
397 3305 553 3362 episcopalis
574 3305 744 3352 auctoritatis
766 3307 852 3363 quoad
873 3305 1040 3362 parochiales
1054 3317 1092 3350 ec·

340 3371 435 3418 clesias
455 3371 623 3428 regularium
642 3371 771 3428 virorum,
789 3374 969 3430 parochosque
989 3373 1092 3430 regula·

340 3449 384 3484 res
397 3438 466 3484 alias
480 3442 587 3486 exortae
601 3439 714 3485 fueraut.
732 3443 783 3485 Nos
798 3441 889 3496 itaque
904 3439 1021 3486 laudatis
1036 3442 1091 3485 tam

341 3505 573 3562 praedecessorum
587 3508 741 3552 nostrorum
756 3517 836 3564 quam
853 3506 954 3552 nostris
967 3506 1094 3552 constitu·

342 3572 459 3619 tionibus
473 3572 712 3631 conciliaribusque
727 3573 842 3620 decretis
858 3573 1037 3629 inhaerentes,
1052 3574 1094 3619 de·

341 3638 482 3695 cernimus,
498 3639 644 3686 statuimus
654 3643 680 3686 et
691 3640 857 3696 mandamus,
867 3643 898 3686 ut
910 3641 1001 3686 nullus
1011 3641 1093 3686 omni-

342 3718 375 3752 no
391 3707 513 3752 sacerdos
532 3707 588 3752 sive
609 3707 755 3753 saecularis
775 3708 829 3753 sive
844 3707 976 3764 regularis
991 3708 1018 3752 in
1033 3707 1094 3753 civi·

342 3775 398 3820 tate
412 3775 439 3818 et
453 3772 566 3818 dioecesi
580 3773 697 3820 Goritiae
718 3773 800 3830 possit
820 3774 996 3820 confessiones
1010 3773 1094 3819 homi-

342 3849 406 3884 uum
421 3839 599 3886 saecularium
614 3838 694 3886 etiam
715 3841 884 3886 sacerdotum
898 3841 1026 3897 excipere,
1041 3839 1094 3886 nisi

341 3906 472 3961 parochus
485 3905 605 3964 legitime
619 3907 789 3963 constitutus,
803 3910 830 3953 et
844 3908 877 3953 ab
891 3907 1093 3966 archiepiscopo

342 3971 459 4018 Goritiae
472 3984 520 4030 pro
541 3977 661 4030 tempore
682 3973 812 4020 existente
829 3972 954 4020 canonice
968 3975 1094 4032 approba-

341 4040 395 4096 tus,
409 4041 451 4086 vel
465 4040 518 4086 nisi
538 4041 571 4086 ab
585 4040 642 4098 ipso
659 4041 775 4088 debitam
790 4042 823 4087 ad
838 4041 1004 4099 excipiendas
1022 4042 1094 4088 chri·

342 4105 497 4154 stilidelium
512 4107 687 4154 confessiones
702 4107 856 4154 facultatem
870 4111 1027 4155 consecutus
1041 4109 1093 4155 fue·

342 4173 385 4218 rit.
402 4177 468 4219 Item
489 4174 665 4230 decernimus,
680 4175 826 4221 statuimus
841 4180 867 4220 et
878 4177 1044 4230 mandamus,
1054 4179 1093 4233 ut,

342 4240 416 4286 salvo
430 4251 535 4297 semper
556 4240 616 4286 iure
637 4243 811 4298 patronorum
832 4242 887 4287 sive
906 4242 1094 4288 ecclesiastico-

343 4318 403 4352 rum
419 4306 474 4352 sive
488 4307 620 4353 laicorum
635 4309 777 4364 (quatenus
791 4308 856 4366 ipsis
869 4309 901 4354 de
915 4309 974 4354 iure
993 4319 1095 4363 compe·

343 4375 383 4419 tat
398 4374 595 4430 praesentandi,
610 4374 796 4420 nominandive
816 4375 961 4433 quemlibet
976 4377 1094 4421 sacerdo-

343 4443 397 4485 tem
412 4441 454 4485 vel
468 4441 631 4486 saecularem
646 4440 688 4486 vel
703 4442 855 4498 regularem
874 4443 907 4488 ad
921 4443 1093 4488 exercendam

343 4505 495 4553 ammarum
510 4518 613 4564 cunm,
623 4511 672 4554 aut
685 4519 746 4553 cum
756 4510 883 4565 perpetuo
893 4509 993 4566 titulo),
1003 4509 1093 4555 nunus

343 4572 451 4618 omnino
472 4574 594 4620 sacerdos
615 4576 801 4631 praesentatus
821 4575 863 4621 vel
884 4575 1037 4621 nominatus
1051 4587 1094 4621 cu-

343 4651 402 4686 ram
412 4641 565 4686 animarum
575 4641 710 4698 suscipere
721 4645 748 4687 et
757 4653 879 4688 exercere
887 4643 979 4700 possit,
987 4642 1094 4688 etiamsi

343 4707 468 4764 parochia
489 4707 567 4754 unita
581 4707 616 4754 sit
631 4712 657 4754 et
672 4709 850 4767 incorporata,
865 4709 907 4756 uti
921 4708 1027 4764 dicitur,
1043 4719 1095 4754 mo

344 4775 470 4832 nasterio,
480 4777 506 4820 et
516 4776 646 4832 parochus
661 4776 717 4834 ipse
732 4777 768 4822 sit
782 4777 934 4833 monachus,
946 4777 998 4822 uisi
1007 4777 1040 4822 ab
1050 4781 1095 4820 Ar-

342 4842 508 4900 chiepiscopo
528 4844 698 4900 approbatus,
713 4843 849 4901 eidemque
868 4843 926 4902 ipsa
941 4843 1093 4890 animarum

343 4921 409 4956 cura
423 4909 456 4955 ab
470 4910 528 4967 ipso
550 4922 653 4968 quoque
674 4911 875 4968 archiepiscopo
896 4912 1055 4957 demandata
1069 4913 1095 4956 et

343 4977 486 5023 commissa
506 4977 595 5024 tuerit.
616 4979 733 5036 Denique
753 4979 928 5034 decernimus,
949 4979 1095 5025 statuimus

343 5048 369 5089 et
384 5045 551 5100 mandamus,
566 5047 596 5090 ut
618 5056 722 5102 semper
742 5046 837 5091 stabile
859 5046 963 5092 salvum
978 5048 1005 5090 et
1023 5045 1095 5090 illae-

344 5122 404 5157 sum
427 5111 471 5168 sit,
485 5112 562 5158 iuxta
582 5111 737 5169 praemissa,
753 5113 794 5158 ius
809 5113 1004 5170 archiepiscopi
1024 5113 1097 5158 Geri-

345 5179 398 5225 tiae
418 5190 498 5236 super
518 5179 584 5236 ipsis
605 5179 723 5226 ecclesiis
744 5179 953 5237 parochialibus,
975 5179 1095 5236 quamvis

345 5245 437 5291 unitae
453 5245 507 5292 sint
520 5243 690 5290 monasteriis
699 5254 864 5301 quocumque
874 5255 970 5301 genere
981 5243 1095 5299 unionis,

345 5323 425 5370 super
439 5312 504 5370 ipsis
518 5324 621 5371 quoque
636 5311 758 5369 parochis
772 5311 824 5356 etsi
840 5311 1009 5368 regularibus
1025 5311 1095 5358 iniis

345 5381 468 5426 omuibus
489 5391 557 5437 quae
578 5389 670 5424 curam
691 5379 843 5424 animarum
864 5381 1033 5434 concernunt,
1049 5389 1097 5424 nec

346 5456 398 5491 non
413 5457 493 5502 super
513 5445 636 5494 omnibus
658 5444 718 5491 aliis
740 5445 959 5502 quibuscumque,
975 5446 1021 5502 qui
1034 5445 1097 5490 licet

347 5511 426 5558 titulo
446 5512 592 5570 parochiali
613 5514 742 5568 carentes,
756 5512 785 5557 in
807 5515 1039 5558 sacramentorum
1053 5513 1096 5558 ad·

348 5580 544 5626 ministratione
559 5591 586 5626 sa
601 5579 736 5636 ingerunt.
751 5581 898 5638 Eapropter
910 5589 957 5636 per
967 5580 1045 5625 hasce
1055 5589 1098 5625 uo

347 5649 417 5693 atras
431 5646 459 5692 iu
473 5646 558 5692 torma
568 5646 655 5692 brevis
665 5646 760 5692 literas
771 5646 917 5704 apostolica
926 5647 1097 5700 auctoritate,

348 5715 375 5758 et
385 5713 416 5758 de
426 5713 591 5770 plenitudine
601 5715 709 5760 nostrae
718 5713 867 5771 potestatis,
876 5713 1000 5760 omnibus
1009 5717 1037 5760 et
1047 5714 1098 5760 sin-

347 5780 418 5836 gulis
433 5781 643 5839 quibuscumque
657 5781 805 5838 privilegiis
819 5783 845 5826 et
862 5781 1098 5828 consuetudinibus

348 5847 431 5892 etiam
445 5847 703 5894 immemorabilibus
717 5847 746 5892 iu
760 5849 925 5894 contrarium
943 5847 1099 5906 praemisso-

347 5925 409 5960 rum
423 5915 620 5972 quomodolibet
641 5915 798 5962 iacientibus
814 5916 971 5972 derogantes
986 5919 1013 5962 et
1026 5916 1099 5962 dero-

1145 665 1175 719 et
1197 657 1357 735 originum
1380 657 1576 722 dissidiorum
1602 657 1780 722 huiusmodi
1803 657 1896 720 mini-

1146 753 1288 828 sterium,
1312 752 1436 830 penitus
1457 752 1638 826 eliminatis,
1661 753 1825 832 apostolica
1842 770 1895 814 au·

1147 845 1299 920 ctoritate,
1322 861 1382 923 qua
1404 843 1568 922 fungimur
1590 845 1622 911 iu
1650 847 1706 910 hac
1729 855 1825 925 parte,
1848 861 1896 907 ea·

1146 956 1213 1002 rom
1243 939 1309 1001 loco
1331 954 1425 1000 novas
1455 938 1596 1002 ecclesias
1628 938 1893 1017 metropolitanas,

1147 1049 1200 1112 pro
1222 1032 1433 1096 dominiorum
1456 1033 1646 1107 diversitate,
1663 1049 1703 1094 ne
1718 1031 1822 1094 lideles
1839 1033 1894 1111 ipsi

1147 1129 1220 1190 inibi
1254 1130 1402 1204 degentes
1433 1127 1465 1188 in
1498 1126 1650 1189 recidivae
1685 1127 1895 1190 contentionis

1145 1223 1307 1301 scopulum
1326 1221 1516 1298 relabantur,
1534 1221 1695 1298 erigimus,
1711 1221 1832 1302 aliaque
1846 1220 1897 1282 de·

1145 1332 1237 1394 super
1258 1315 1462 1394 disponimus,
1485 1324 1578 1394 prout
1609 1314 1806 1378 rationabiles
1828 1331 1898 1376 cau-

1145 1425 1196 1470 sae
1217 1417 1248 1470 et
1270 1408 1317 1484 pia
1338 1407 1522 1470 sublimium
1551 1407 1728 1487 principum
1749 1415 1819 1470 vota
1845 1423 1897 1469 ex-

1147 1507 1288 1578 poscunt,
1313 1511 1564 1580 temporumque,
1588 1501 1728 1563 locorum
1747 1507 1779 1561 et
1793 1515 1896 1578 perso·

1147 1609 1258 1654 narum
1290 1593 1490 1670 qualitatibus
1512 1603 1543 1656 et
1571 1593 1810 1656 circumstantiis
1832 1609 1896 1654 ma·

1148 1693 1214 1747 tura
1237 1684 1458 1748 deliberatione
1479 1687 1626 1764 pensatis,
1644 1685 1678 1746 ad
1694 1685 1897 1764 Omnipoten-

1148 1779 1185 1839 tis
1207 1779 1271 1854 Dei,
1305 1778 1434 1857 eiusque
1466 1778 1705 1856 gloriosissimae
1737 1778 1897 1855 genitricis

1147 1869 1286 1948 Virginis
1298 1870 1411 1934 llariae
1427 1871 1549 1934 laudem
1566 1879 1596 1934 et
1612 1872 1755 1950 gloriam,
1768 1888 1801 1934 ac
1816 1868 1897 1935 elus-

1145 2105 1238 2160 gatum
1252 2113 1309 2150 esse
1323 2105 1350 2148 et
1364 2103 1419 2148 iore
1433 2102 1578 2159 cupientes,
1594 2103 1760 2150 declaramus
1770 2114 1861 2150 omnes
1871 2107 1898 2150 et

1145 2171 1265 2227 singulos
1280 2180 1458 2228 quoscumque
1467 2169 1585 2216 cuiusvis
1596 2169 1745 2226 dignitatis,
1755 2171 1898 2217 auctorita-

1146 2237 1189 2293 tis,
1200 2239 1226 2282 et
1237 2236 1462 2294 praeeminentiae
1472 2237 1613 2293 praelatos,
1623 2236 1832 2293 archidiaconos,
1843 2237 1898 2283 sive

1146 2304 1294 2350 saeculares
1309 2302 1364 2348 sive
1379 2304 1526 2359 regulares,
1537 2305 1564 2349 et
1578 2314 1669 2348 omnes
1680 2305 1706 2348 et
1716 2315 1897 2362 quascumque

1145 2370 1309 2428 parochiales
1325 2369 1449 2415 ecelesias
1464 2369 1585 2426 quamvis
1600 2369 1779 2427 monasteriis,
1789 2383 1898 2417 conven-

1146 2436 1224 2494 tibus,
1238 2436 1380 2493 coenoblis,
1395 2436 1501 2492 eremis,
1515 2435 1701 2493 hospitalibus
1713 2437 1897 2494 hospitiique

1146 2502 1241 2559 mibus,
1262 2503 1379 2561 locisque
1400 2502 1460 2560 piis,
1482 2507 1509 2548 et
1530 2513 1695 2560 quocumque
1716 2503 1770 2568 alio
1791 2504 1896 2550 nomine

1146 2569 1305 2628 nuncupatis
1319 2569 1436 2616 cuiusvis
1451 2569 1565 2626 ordinis,
1573 2569 1702 2626 lumitati,
1715 2571 1898 2628 congregatio

1148 2637 1197 2693 nis,
1208 2637 1379 2692 societatum,
1394 2640 1420 2682 et
1436 2635 1517 2682 etiam
1528 2637 1668 2684 societatis
1677 2641 1745 2692 lesu,
1756 2639 1899 2684 confrater-

1147 2705 1247 2760 nitatis,
1263 2703 1411 2750 sodalitatis
1425 2715 1456 2750 ac
1469 2703 1609 2761 religionis
1630 2705 1827 2761 quomodolibet
1841 2707 1900 2752 uni-

1147 2775 1186 2817 tas
1194 2774 1221 2817 et
1232 2772 1422 2828 incorporatus,
1432 2772 1480 2817 sub
1491 2772 1541 2816 hac
1550 2771 1718 2817 ordinatione
1729 2774 1820 2818 nostra
1831 2784 1898 2818 com-

1147 2839 1282 2896 prehendi,
1296 2842 1324 2884 et
1344 2839 1556 2895 comprehensos,
1571 2840 1598 2884 et
1619 2839 1822 2896 comprehensas
1840 2851 1897 2885 esse

1146 2906 1199 2952 lore
1213 2908 1241 2952 et
1254 2905 1369 2962 intelligi
1383 2905 1478 2952 debere
1493 2907 1520 2951 et
1535 2905 1635 2951 haberi.
1654 2908 1828 2952 ueceruentes
1843 2917 1898 2954 eas·

1145 2974 1204 3018 dern
1219 2975 1371 3030 praesentes
1385 2972 1480 3019 literas
1495 2973 1521 3017 et
1536 2973 1563 3018 iu
1579 2971 1616 3018 eis
1626 2975 1750 3019 contenta
1761 2984 1899 3030 quaecum·

1146 3053 1196 3098 que
1217 3051 1321 3098 semper
1343 3041 1430 3094 tirma,
1452 3039 1540 3086 vabda
1555 3041 1581 3085 et
1603 3039 1717 3086 efficacia
1738 3041 1853 3086 existere
1872 3045 1899 3087 et

1145 3109 1208 3163 fore,
1223 3119 1337 3165 suosque
1356 3105 1490 3164 plenarios
1505 3110 1532 3151 et
1546 3106 1665 3164 integros
1681 3107 1789 3152 effectus
1804 3109 1898 3155 sortiri

1146 3178 1172 3220 et
1187 3174 1314 3229 obtinere,
1329 3177 1356 3218 et
1369 3173 1402 3219 ab
1417 3173 1540 3219 omuibus
1555 3174 1587 3218 ad
1603 3184 1668 3230 quos
1684 3176 1794 3230 spectat,
1810 3177 1837 3220 et
1851 3187 1899 3232 pro

1147 3244 1265 3298 tempore
1279 3241 1498 3298 quandocumque
1508 3239 1645 3296 spectabit,
1656 3239 1848 3288 inviolabiliter
1857 3242 1898 3286 ob

1146 3307 1248 3353 servari
1262 3307 1365 3359 debere,
1381 3307 1469 3364 sicque
1484 3309 1511 3352 et
1526 3317 1577 3352 nou
1598 3307 1679 3352 aliter
1701 3307 1728 3352 in
1744 3307 1899 3364 praemissis

1147 3385 1193 3430 per
1216 3383 1396 3431 quoscumque
1420 3371 1518 3418 iudices
1542 3373 1692 3420 ordinarios
1714 3375 1742 3419 et
1764 3375 1899 3432 delegatos

1146 3439 1228 3486 etiam
1251 3450 1395 3485 causarum
1419 3439 1513 3496 palatii
1537 3440 1675 3497 apostolici
1698 3441 1851 3498 auditores,
1872 3447 1899 3489 et

1147 3509 1257 3552 Sanctae
1272 3509 1406 3552 Romanae
1425 3505 1556 3552 Ecclesiae
1577 3507 1737 3564 cardinales,
1752 3511 1778 3555 et
1794 3513 1899 3568 Aposte

1146 3573 1212 3620 licae
1233 3573 1307 3619 Sedis
1332 3573 1444 3619 Nuntios
1465 3575 1492 3618 et
1513 3573 1619 3630 quosvis
1642 3573 1709 3620 alios
1733 3587 1898 3634 quacumque

1146 3640 1357 3699 praeeminentia
1380 3642 1406 3686 et
1429 3642 1561 3697 potestate
1584 3641 1724 3698 iungentes
1746 3646 1773 3688 et
1797 3643 1901 3690 iunctu-

1147 3720 1201 3765 ros,
1223 3707 1329 3753 sublata
1350 3707 1388 3753 eis
1410 3711 1436 3752 et
1458 3718 1551 3753 eorum
1573 3707 1683 3754 cuilibet
1704 3711 1797 3766 quavis
1818 3711 1899 3758 aliter·

1147 3774 1282 3820 iudicandi
1296 3775 1322 3819 et
1337 3773 1531 3830 interpretandi
1545 3774 1672 3821 facultate
1686 3779 1712 3822 et
1727 3777 1897 3835 auctoritate,

1147 3841 1261 3887 iudicari
1283 3843 1310 3886 el
1331 3840 1436 3886 deliniri
1457 3841 1565 3896 debere,
1589 3852 1620 3887 ac
1641 3841 1750 3888 irritum
1771 3845 1799 3889 et
1821 3844 1900 3890 inane

1147 3907 1274 3965 quidquid
1289 3919 1364 3953 secus
1379 3919 1458 3964 super
1473 3907 1515 3963 his
1529 3919 1546 3953 a
1560 3919 1692 3966 quoquam
1706 3909 1800 3967 quavis
1812 3913 1900 3957 aucto·

1147 3973 1235 4030 ritate,
1244 3973 1358 4021 scienter
1372 3975 1414 4019 vel
1428 3973 1591 4030 ignoranter,
1602 3975 1745 4032 contigerit
1758 3977 1896 4024 attentari.

1147 4045 1202 4087 Non
1216 4041 1392 4094 obstantibus,
1407 4045 1539 4098 quatenus
1553 4053 1619 4098 opus
1634 4042 1678 4098 sit,
1693 4043 1786 4089 nostra
1800 4047 1826 4089 et
1840 4057 1899 4091 can-

1147 4107 1272 4153 cellariae
1293 4109 1400 4153 nostrae
1413 4107 1574 4164 apostolicae
1595 4108 1690 4166 regula
1704 4109 1735 4154 de
1749 4111 1808 4156 iure
1822 4122 1899 4168 quae·

1148 4173 1199 4220 sito
1213 4185 1264 4219 non
1280 4174 1406 4230 tollendo,
1423 4177 1451 4218 et
1469 4173 1606 4231 quibusvis
1625 4173 1686 4220 aliis
1701 4176 1853 4232 apostolicis
1868 4189 1898 4224 ac

1148 4240 1176 4284 in
1190 4240 1386 4286 universalibus
1403 4240 1662 4298 provincialibusque
1681 4245 1708 4286 et
1727 4243 1898 4298 synodalibus

1148 4307 1271 4353 conciliis
1285 4307 1364 4354 editis
1383 4307 1552 4363 generalibus
1571 4307 1614 4352 vel
1633 4308 1792 4364 specialibus
1805 4311 1900 4356 consti-

1149 4373 1296 4420 tutionibus
1311 4375 1337 4420 et
1350 4373 1571 4430 ordinationibus,
1581 4375 1746 4432 caeterisque
1756 4377 1899 4424 contrariis

1148 4439 1363 4498 quibuscumque.
1388 4442 1510 4485 ceterum
1529 4441 1652 4486 volumus
1671 4444 1698 4487 et
1713 4441 1898 4501 praecipimus,

1149 4511 1178 4553 ut
1192 4507 1220 4552 in
1234 4505 1291 4564 ipso
1312 4505 1540 4563 archiepiscopatu
1554 4517 1570 4552 a
1585 4507 1666 4563 nobis,
1678 4513 1800 4566 utsupra
1813 4508 1899 4556 innui-

1150 4583 1217 4630 mus,
1231 4575 1320 4619 erecto
1336 4575 1362 4618 et
1376 4573 1511 4628 instituto,
1529 4573 1619 4620 omnia
1633 4585 1649 4620 a
1665 4575 1779 4621 Concilio
1793 4577 1899 4622 Triden-

1149 4639 1204 4686 tino
1224 4641 1389 4698 praescripta
1411 4645 1501 4687 exacte
1521 4635 1675 4700 serventur,
1695 4643 1899 4691 constitutiones

1149 4717 1239 4753 omues
1254 4707 1309 4752 sive
1323 4719 1339 4753 a
1353 4708 1481 4754 Romanis
1501 4709 1672 4756 Pontificibus
1694 4712 1900 4769 praedecessori·

1150 4775 1198 4820 bus
1218 4774 1326 4831 nostris,
1342 4773 1397 4820 sive
1411 4785 1427 4820 a
1441 4775 1517 4821 nobis
1537 4776 1602 4834 ipsis
1619 4779 1812 4836 promulgatae,
1827 4790 1899 4826 accu-

1149 4845 1207 4888 rate
1221 4843 1407 4888 custodiantur
1421 4842 1578 4900 debitaeque
1589 4843 1738 4891 executioni
1747 4846 1852 4903 dentur,
1863 4849 1901 4893 at»

1149 4921 1200 4966 que
1213 4915 1244 4954 ut
1257 4909 1475 4967 archiepiscopus
1490 4921 1537 4966 pro
1550 4914 1668 4968 tempore
1678 4911 1793 4958 existens
1803 4913 1900 4959 habeat

1149 4979 1176 5022 et
1197 4976 1280 5021 libere
1301 4979 1423 5022 exerceat
1445 4987 1536 5022 omnes
1557 4979 1584 5021 et
1605 4977 1725 5034 singulas
1746 4979 1900 5035 facultates,

1150 5053 1216 5099 quas
1230 5045 1258 5087 et
1272 5043 1341 5088 sacri
1356 5054 1467 5089 canones
1485 5043 1619 5100 ltpiscopis
1635 5045 1758 5092 tribuunt
1773 5049 1799 5092 et
1813 5059 1901 5092 conce·

1150 5110 1224 5166 dunt,
1239 5113 1266 5154 et
1279 5109 1390 5156 laudata
1404 5110 1560 5156 tridentina
1574 5112 1695 5168 synodus
1705 5113 1852 5160 ordinariis
1865 5114 1902 5160 lo·

1152 5187 1244 5224 corum
1267 5181 1403 5234 tamqnam
1425 5177 1554 5234 delegatis
1570 5179 1723 5235 apostolicis
1737 5178 1899 5237 impertitur.

1150 5245 1277 5290 volumus
1292 5247 1382 5290 autem
1402 5247 1432 5290 ut
1447 5245 1600 5290 earumdem
1615 5246 1796 5302 praesentium
1811 5248 1901 5294 litera-

1150 5322 1210 5357 rum
1232 5312 1407 5369 transumptis
1429 5324 1475 5358 seu
1495 5313 1629 5370 exemplis,
1651 5313 1732 5360 etiam
1753 5314 1900 5372 impressis,

1151 5390 1232 5425 mann
1246 5377 1359 5425 alieuius
1374 5379 1473 5424 notarii
1486 5379 1585 5437 publici
1597 5379 1762 5437 subscriptis,
1774 5387 1800 5427 et
1810 5382 1901 5439 sigillo

1150 5457 1277 5504 personae
1291 5446 1319 5492 in
1334 5445 1513 5492 ecclesiastica
1526 5447 1657 5504 dignitate
1672 5448 1833 5495 constitutae
1846 5460 1902 5496 mu-

1151 5513 1224 5567 nitis,
1239 5514 1331 5559 eadem
1350 5525 1459 5570 prorsus
1481 5513 1545 5559 tides
1563 5513 1591 5559 in
1611 5514 1709 5562 iudicio
1729 5519 1755 5562 et
1770 5518 1845 5563 extra
1860 5518 1903 5563 ad·

1152 5581 1284 5638 hibentur,
1304 5580 1457 5638 quaeipsis
1478 5580 1661 5638 praesentibus
1681 5583 1863 5640 adhiberetur,
1878 5585 1902 5630 si

1151 5646 1237 5694 forent
1252 5647 1386 5693 exhibitae
1400 5649 1443 5693 vel
1457 5650 1586 5695 ostensae.

1191 5717 1287 5761 Datum
1308 5718 1415 5771 Romae,
1437 5717 1507 5773 apud
1528 5719 1551 5760 S.
1572 5716 1684 5763 Manain
1703 5717 1839 5774 Maiorem,
1854 5719 1903 5764 sub

1151 5781 1250 5828 annulo
1270 5782 1420 5840 Hecatonis,
1436 5783 1478 5828 die
1492 5795 1528 5828 rx.
1545 5784 1637 5830 martii
1653 5795 1785 5842 mcccciv,
1799 5785 1903 5842 pontiti-

1152 5853 1227 5895 catus
1241 5850 1327 5896 nostri
1341 5860 1411 5895 anuo
1425 5861 1479 5896 xrv.

1817 521 1875 582 [195
1926 523 1978 572 lta.
1994 521 2024 572 O,
2046 521 2113 573 1752
