4820 6980
318 535 372 588 Aa.
387 537 417 590 0.
440 537 509 590 1748

323 3474 527 3530 origenistarum
585 3487 716 3534 cxxxvi.
741 3471 805 3533 Etsi
828 3486 903 3531 vero
924 3477 1093 3530 memorata
1106 3469 1229 3530 Beronii
1246 3485 1295 3530 re-

314 3537 412 3573 orrores
422 3528 527 3574 Sinicius

314 3581 423 3637 ignorat.

558 535 615 599 7bi

539 672 669 734 tentiam
690 677 840 747 sequutus
861 668 986 731 ridetur
1006 667 1115 728 Petrus
1135 665 1285 729 coustant

539 764 572 825 in
597 764 687 824 toties
702 771 869 824 memorata
891 761 1087 835 collectione,
1109 773 1180 838 paq.
1202 756 1281 826 706,

538 858 591 918 ubi
601 855 782 934 Hieronymi
797 869 961 918 censuram
977 859 1081 916 contra
1098 850 1198 915 Siricii
1213 849 1285 912 sim·

539 949 707 1026 plicitatem
737 947 931 1024 expendens,
959 946 1063 1010 innuit
1090 944 1283 1024 praecipuam

538 1041 723 1105 christianae
747 1039 954 1119 simplicitatis
981 1041 1086 1100 dotem
1108 1039 1186 1098 hauc
1208 1051 1285 1110 esse,

541 1132 625 1194 tardo
647 1149 753 1209 gressu
776 1133 931 1208 incedere,
943 1141 987 1207 et,
1003 1130 1174 1208 composito
1188 1129 1222 1188 ad
1240 1128 1286 1188 in·

540 1227 732 1304 dulgentiam
761 1227 884 1299 animo,
908 1240 971 1299 eos,
994 1224 1048 1302 qui
1070 1222 1285 1300 desipuerunt,

540 1323 694 1400 patienter
707 1329 881 1400 expectare,
897 1327 933 1382 ut
948 1317 1066 1380 iacilius
1089 1315 1284 1393 resipiscant:

541 1417 707 1478 laterclum
728 1415 827 1476 etiam
841 1411 993 1474 nourribil
1016 1405 1286 1472 dissimulandam

540 1515 656 1580 censet,
680 1511 728 1578 ut,
754 1512 916 1569 errantem
937 1497 1217 1583 praevenientibus
1239 1498 1287 1560 de-

540 1601 682 1663 mulceas
711 1602 832 1681 officiis,
856 1616 927 1661 eum
951 1599 993 1661 ad
1014 1596 1185 1659 ceritatem
1214 1591 1288 1656 alli·

541 1710 609 1755 cere
627 1699 732 1772 queat.
750 1694 855 1772 Neque
872 1689 1196 1755 desuntsaluberrima
1213 1685 1288 1750 San-

541 1795 662 1850 ctorum
676 1786 828 1849 Ecclesiae
841 1785 965 1848 Petrum
978 1783 1106 1856 monita,
1120 1796 1198 1859 quae
1209 1779 1289 1841 eius·

542 1881 625 1942 modi
648 1879 842 1941 tolerantiam
863 1877 1021 1940 suadeant.
1046 1877 1189 1937 Prostant
1210 1871 1289 1950 apud

542 1973 659 2034 Lucam
685 1973 712 2035 d’
729 1972 897 2034 boherium
920 1971 954 2032 in
977 1977 1059 2032 tomo
1080 1968 1103 2030 2
1124 1972 1154 2029 et
1176 1968 1198 2028 5
1221 1963 1289 2042 Spi-

543 2064 650 2143 0110011
682 2063 828 2143 epistolae
862 2064 1075 2126 Romanorum
1106 2061 1290 2124 Pontificum

544 2157 713 2220 simmachi
727 2165 759 2218 et
774 2157 948 2221 innocentii
973 2157 1021 2228 ll.,
1043 2156 1095 2234 qui
1118 2155 1153 2216 ad
1175 2155 1290 2215 maiora

544 2250 624 2314 mala
647 2251 767 2313 vitanda
784 2257 876 2328 atque
899 2249 933 2312 ad
950 2263 1119 2327 pravorum
1141 2263 1242 2310 mores
1258 2246 1289 2308 in

545 2343 706 2406 meliorem
729 2343 852 2421 frugem
874 2343 1074 2416 revocandos,
1088 2341 1181 2402 licere
1202 2339 1290 2400 aiant

545 2436 721 2514 aliquando,
741 2437 911 2517 posthabita
933 2435 1040 2514 legum
1061 2436 1238 2508 severitate,
1254 2435 1290 2496 ad

544 2531 728 2596 christianae
740 2527 906 2610 patientiae
917 2537 947 2592 et
963 2530 1156 2606 benignioris
1170 2529 1291 2608 dispen-

543 2627 670 2688 sationis
692 2625 814 2702 regulas
835 2624 1017 2702 coningere,
1033 2631 1068 2684 ut
1084 2630 1243 2684 errantem
1258 2637 1290 2682 ac

544 2717 672 2781 devium
693 2717 820 2782 fratrem
842 2719 960 2781 facilius
987 2717 1103 2778 lucrari
1128 2715 1288 2794 possimus.

545 2811 788 2890 Saepenumero,
805 2813 898 2875 veiha
920 2821 993 2875 sunt
1012 2810 1136 2887 Eulogii
1151 2809 1291 2887 Episcopi

544 2904 745 2968 Alexandrini
767 2907 846 2983 apud
868 2905 1026 2980 Photium,
1042 2904 1154 2982 aliqua
1178 2909 1292 2981 tempe-

545 3003 638 3064 raria
661 3004 838 3064 oeconomia
853 3004 895 3066 ad
910 3001 1000 3065 breue
1017 3006 1138 3078 tempus
1152 2996 1288 3076 prodiit,

545 3095 676 3174 aliquod
691 3095 870 3162 indebitum
887 3096 1027 3159 tolerans
1042 3103 1072 3158 ct
1088 3096 1290 3173 amplectens,

545 3198 583 3254 ut
606 3191 798 3254 continuum
820 3197 850 3253 et
873 3191 1099 3252 inconcussum
1115 3187 1294 3266 00100010-

547 3289 596 3344 tas
626 3283 794 3361 occiperet,
817 3289 846 3342 01
873 3284 913 3344 ad
935 3280 1148 3344 dissolvendos
1169 3295 1290 3350 eorum,

545 3376 601 3454 qui
621 3378 755 3439 ceritati
777 3375 1035 3444 insidiabantur,
1060 3375 1216 3437 insultus.

545 3568 671 3646 sponsio
683 3573 727 3628 tot
742 3563 868 3626 monitis
882 3582 915 3626 ac
928 3562 1114 3624 testimoniis
1129 3562 1292 3636 illustrata,

545 3660 747 3739 improbanda
769 3658 900 3732 nonsit,
921 3658 957 3720 ab
979 3673 1012 3718 ea
1035 3664 1138 3718 tamen
1161 3655 1295 3716 abstine-

546 3769 627 3828 mus,
650 3769 722 3815 cum
751 3751 808 3812 alia
837 3753 1095 3830 opportuniores
1116 3766 1171 3828 pro
1194 3748 1293 3812 Siricii

546 3863 633 3909 causa
656 3846 769 3908 tuenda
792 3845 887 3920 longe
909 3844 1038 3906 validior
1065 3843 1153 3904 nobis
1174 3849 1294 3919 praesto

545 3939 595 4000 sit.
619 3938 770 4001 Baronius
792 3930 939 4000 Siricir'rm
955 3937 1088 3997 haeresis
1110 3935 1294 4012 0010001010-

545 4048 617 4094 rum
638 4031 796 4094 conscium
823 4029 986 4108 supponit;
1010 4030 1081 4092 hinc
1106 4030 1293 4108 prudentem

471 4133 475 4146 ·
546 4126 720 4189 tarditatem
748 4131 900 4186 causatur.
932 4124 971 4185 At
993 4123 1082 4185 nobis
1107 4121 1294 4198 0010001010-

545 4235 616 4281 rum
649 4233 786 4292 eraclae,
814 4215 925 4279 Siricio
954 4217 1137 4294 superstite,
1165 4217 1294 4279 omnino

546 4311 706 4375 delituisse
732 4311 897 4386 ridentum
926 4309 1075 4389 quamdiu
1101 4309 1187 4370 enim
1216 4309 1294 4372 vixit

547 4405 685 4479 siricius,
709 4403 833 4484 pessimi
848 4403 1055 4478 simulatores,
1072 4403 1180 4464 ovium
1202 4403 1296 4465 vesti-

547 4499 660 4560 mentis
682 4497 827 4570 contecti,
848 4495 987 4575 lupinam
1001 4496 1230 4573 improbitatem
1245 4512 1294 4558 oc-

546 4590 727 4664 culuerunt,
740 4605 819 4668 quae
836 4591 959 4651 tandem
970 4589 1028 4651 suh
1042 4590 1201 4653 Anastasio
1215 4591 1294 4652 Pon-

546 4684 640 4760 tifice,
664 4683 764 4746 Siricii
786 4699 972 4756 successore,
994 4681 1112 4748 detecta
1134 4691 1180 4746 est
1202 4693 1294 4764 atque

546 4777 697 4840 damnata.
722 4776 835 4840 Nullus
856 4776 953 4853 igitur
969 4777 1174 4842 excusationis
1197 4779 1292 4854 locun,

547 4871 599 4935 ubi
611 4887 709 4945 error,
722 4871 774 4948 qui
790 4872 930 4933 nondum
946 4871 1095 4947 innotuit,
1112 4889 1295 4949 quamcum-

546 4982 607 5046 que
630 4965 661 5026 in
691 4963 801 5026 Siricio
830 4964 1037 5041 improvidam
1062 4965 1292 5043 simplicitatem

545 5056 693 5121 excludit.
724 5058 757 5120 lu
780 5073 848 5119 rem
869 5057 949 5119 hanc
972 5064 1063 5120 testes
1095 5059 1294 5136 producimus

546 5153 648 5231 ipsum
663 5150 901 5228 Hieronymum,
913 5149 966 5228 qui
981 5165 1103 5212 causam
1119 5151 1292 5228 inquirens,

545 5261 603 5307 cur
623 5244 935 5320 origenistarumque
955 5242 1100 5304 omnium
1123 5242 1188 5306 loco
1209 5243 1293 5306 Rull-

547 5356 618 5413 000,
641 5337 930 5400 communicatorias
951 5333 1053 5398 literas
1074 5353 1090 5396 a
1110 5337 1219 5400 Siricio
1241 5355 1293 5417 00-

545 5430 721 5505 stulaverit,
745 5431 823 5492 hanc
846 5446 941 5492 unam
963 5428 1106 5508 producit
1129 5432 1295 5509 10001010-

546 5526 579 5588 10
603 5521 667 5584 12⁷
688 5525 729 5588 ud
744 5525 956 5602 Principiam,
974 5525 1009 5585 in
1027 5540 1108 5586 noua
1129 5527 1294 5588 Veronensi

545 5619 696 5688 editione,
720 5625 801 5680 tamo
824 5620 854 5689 1,
876 5635 948 5698 pap.
970 5615 1046 5686 952,
1070 5635 1159 5680 aum.
1181 5621 1235 5691 10,
1258 5627 1293 5681 ut

546 5713 698 5777 nimirum
720 5713 838 5776 haeresi
860 5714 1002 5776 nondum
1018 5713 1174 5790 evulgata,
1191 5714 1293 5776 catho-

545 5807 621 5869 licae
642 5807 870 5870 communionis
893 5807 985 5885 pallio
1007 5806 1132 5879 obtecti,
1155 5807 1295 5868 securius

546 5917 584 5963 ex
606 5901 688 5964 Urbe
702 5901 910 5963 discederent:
929 5901 1098 5964 Constantes
1115 5899 1290 5970 Haeretici,

1063 547 1126 592 [UH.
1151 545 1241 590 ΡΟΝΤ.
1265 543 1305 587 DE
1328 543 1355 586 Ρ.
1381 541 1409 586 F.
1435 543 1516 590 PARS
1539 545 1560 588 l.

1341 660 1443 739 inquit
1465 660 1593 725 Sanctus
1614 664 1737 738 Ductor,
1761 664 1796 726 de
1820 680 1922 742 parea
1942 661 2086 726 scintilla

1339 756 1485 818 munima
1501 756 1650 819 incendio
1663 757 1876 843 coronarint
1887 757 2087 834 suppositam

1341 848 1463 910 dudum
1484 849 1647 930 dammam
1670 851 1736 912 iam
1758 851 1798 913 ad
1818 850 1964 912 culmina
1986 864 2090 926 perue-

1341 941 1438 1015 01000·
1454 960 1509 1004 000
1520 958 1607 1021 00000
1620 942 1730 1013 latere,
1744 942 1825 1020 quod
1836 942 1956 1005 multos
1970 944 2089 1019 decepe-

1342 1037 2011 1115 000001001010001000100010010011000
2026 1035 2088 1112 epi-

1340 1128 1451 1198 stolas,
1469 1138 1506 1192 at
1522 1132 1793 1192 communicantes
1815 1129 1963 1192 ccclesiae
1978 1129 2090 1190 disces·

1341 1223 1419 1283 sisse
1439 1224 1637 1286 viderentur.
1662 1223 1733 1286 Noa
1751 1224 1893 1286 aralium
1916 1227 2038 1300 ternpus
2055 1220 2089 1282 ia

1343 1317 1454 1386 medio,
1471 1318 1611 1380 succedit
1635 1318 1671 1380 iu
1691 1319 1916 1396 pontificatum
1938 1317 1990 1376 eir
2010 1313 2089 1375 insi·

1342 1410 1414 1488 pais
1437 1412 1643 1480 Anastasius,
1660 1427 1751 1490 quem
1774 1411 1832 1474 dia
1855 1409 1954 1471 Homo
1977 1407 2090 1470 babere

1342 1519 1405 1564 aon
1427 1506 1559 1572 meruit,
1573 1522 1611 1566 ne
1628 1505 1719 1568 Orbis
1742 1511 1840 1583 caput
1862 1502 1921 1566 sab
1937 1503 1999 1564 tali
2016 1501 2089 1579 apt-

1342 1615 1432 1676 scopo
1468 1603 1701 1672 trnucaretur,·
1730 1600 1792 1660 imo
1822 1598 1942 1660 idcirco
1974 1603 2090 1674 raptus

1344 1697 1438 1769 atque
1461 1692 1645 1754 translatus
1667 1699 1724 1761 est,
1741 1710 1779 1754 ne
1793 1693 1884 1754 00001
1908 1693 2090 1754 101001000-

1345 1784 1481 1846 tentiam
1503 1783 1651 1860 precibus
1665 1787 1735 1847 suis
1755 1785 1880 1862 flectere
1901 1791 2087 1846 conaretur.

1345 1877 1397 1938 His
1419 1877 1522 1938 verbis
1544 1877 1743 1940 enucleandis
1764 1879 1905 1940 intentus
1921 1876 2091 1940 Cardinalis

1344 1967 1904 2041 110ῐί0100100110101100001011000,
1921 1985 1991 2048 pap.
2008 1968 2089 2038 725,

1344 2062 1405 2124 duo
1426 2079 1553 2125 securus
1572 2063 1719 2125 affirmat:
1743 2063 1875 2124 alterum
1894 2077 2018 2140 nempe,
2030 2062 2093 2124 Ha·

1346 2155 1446 2218 dnum
1468 2155 1564 2217 Homa
1586 2156 1706 2230 abiisse,
1725 2172 1764 2218 ne
1786 2155 1915 2218 detectis
1936 2156 2093 2217 erroribus

1345 2265 1360 2308 a
1385 2248 1492 2312 Siricio
1508 2250 1692 2327 puniretur3
1714 2249 1846 2311 alterum
1868 2266 1955 2323 vero,
1969 2263 2093 2310 errores

1347 2341 1414 2402 illos
1436 2341 1537 2405 Sirioii
1559 2350 1657 2404 aetate
1678 2344 1807 2404 omnino
1829 2343 1997 2420 impervios
2018 2342 2094 2404 deli-

1348 2435 1451 2496 tuisse.
1470 2435 1603 2498 Praestat
1619 2437 1720 2513 ipsam
1735 2435 1895 2497 Norisium
1911 2435 2093 2513 loquentem

1346 2529 1466 2590 audire:
1492 2530 1612 2605 ltaque,
1637 2536 1714 2589 teste
1730 2529 1931 2606 Hieronymo,
1956 2527 2094 2606 Rufinus

1350 2618 1447 2683 Homo
1469 2621 1631 2692 discessit,
1655 2621 1780 2684 ueritus
1801 2638 1865 2682 000
1886 2636 1973 2698 00000
1993 2620 2094 2682 latere

1346 2713 1475 2776 diutius
1500 2714 1690 2792 Oripeniani
1709 2714 1884 2776 Voluntiais
1906 2729 2039 2780 errores,
2057 2728 2095 2772 ac

1345 2806 1521 2884 proindea
1552 2807 1670 2870 Siricis
1690 2806 1754 2870 sibi
1777 2806 1923 2877 timebat,
1953 2806 2094 2884 quamsi

1346 2900 1526 2978 propitium
1547 2909 1714 2977 sperasset,
1730 2907 1857 2978 poterat
1879 2907 1973 2963 tutus
1994 2907 2096 2962 caete-

1349 3009 1459 3055 rorum
1475 2990 1626 3056 clamores
1640 2993 1752 3056 surdis
1766 2994 1905 3060 auribus
1920 3001 2094 3056 contemne·

1349 3103 1392 3147 re.
1417 3087 1468 3148 En
1484 3085 1551 3148 iliis
1566 3085 1686 3149 uerbis:
1709 3086 1771 3149 Nec
1793 3103 1878 3166 posse
1900 3088 2006 3164 latere,
2023 3107 2094 3154 rort-

1346 3190 1413 3248 stat
1436 3201 1485 3246 ecs
1510 3200 1634 3246 errores
1655 3183 1797 3246 nandium
1826 3181 2018 3260 publicatos,
2041 3185 2094 3246 sed

1349 3285 1477 3341 tanturn
1493 3275 1677 3340 clanculam
1699 3285 1847 3340 assertos.
1875 3277 1958 3353 Quid
1973 3279 2094 3341 mirum

1348 3374 1376 3435 si
1401 3371 1558 3436 Siricium
1581 3373 1743 3435 latuerit?

2118 527 2169 580 An.
2183 530 2214 582 0.
2239 531 2314 585 1748
2394 579 2395 584 ,

1389 3484 1532 3531 cxxxvii.
1558 3467 1712 3544 Egregius
1740 3469 1815 3530 item
1839 3478 1886 3530 est
1907 3467 1991 3531 locus
2017 3470 2095 3532 alter
2127 3481 2319 3526 suuinasrasu

2114 3535 2236 3580 Pontillre
2246 3537 2320 3588 Orige-

1349 3583 1388 3626 en
1410 3565 1544 3642 epistola
1567 3565 1632 3624 130
1659 3565 1700 3626 00
1723 3565 1953 3629 Demetriadem
1978 3567 2012 3628 in
2035 3567 2091 3628 cit.
2114 3588 2242 3633 nusiacum
2262 3585 2320 3632 erto-

1349 3665 1422 3720 tom.
1450 3665 1480 3730 1,
1507 3659 1660 3721 editionis
1693 3661 1885 3733 Veronensis,
1915 3679 1987 3743 pap.
2012 3664 2057 3724 93

1350 3769 1439 3815 rrum.
1464 3755 1519 3822 10,
1543 3753 1594 3814 ubi
1618 3753 1749 3816 Sanctus
1774 3755 1885 3818 lioctor
1906 3757 2094 3834 origenista·

1350 3861 1419 3908 rum
1443 3861 1563 3906 errores
1585 3845 1642 3906 sub
1663 3846 1820 3908 Anastasio
1841 3848 1990 3912 Pontidce
2011 3853 2094 3914 dete

1349 3946 1414 3999 ctos
1448 3945 1477 4000 et
1505 3938 1689 4016 proscriptos
1724 3938 1865 4002 allirmat.
1900 3943 1983 4004 Dum
2015 3951 2094 4007 esset

1350 4033 1500 4111 par-cula,
1531 4033 1571 4094 ita
1600 4031 1826 4094 Demetriadem
1856 4034 2035 4114 alloquitur,
2064 4044 2094 4098 et

1349 4134 1480 4192 sanetae
1502 4147 1539 4190 ac
1568 4125 1675 4192 beatae
1700 4129 1871 4190 memoriae
1899 4131 2095 4193 Anastasius

1351 4225 1527 4303 Episcopus
1557 4219 1733 4282 Humanam
1755 4231 1874 4302 reperet
1908 4221 2093 4292 Ecclesiam,

1351 4320 1386 4382 de
1410 4317 1552 4380 Orientis
1571 4315 1724 4393 partibus
1746 4315 1982 4378 baereticorum
2003 4334 2095 4380 00000

1352 4418 1519 4489 tempestas
1540 4408 1782 4486 simplicitatem
1802 4411 1892 4489 fidei,
1915 4427 1994 4487 qnae
2017 4414 2096 4488 Apo-

1349 4504 1426 4568 stoli
1448 4521 1518 4566 ooce
1540 4504 1677 4566 laudata
1699 4507 1756 4571 001,
1778 4502 1918 4581 polluere
1932 4509 1963 4564 01
1978 4503 2065 4583 labes
2085 4539 2096 4549 -

1351 4608 1439 4662 ctare
1461 4606 1576 4660 conata
1592 4601 1650 4658 est.
1677 4597 1734 4659 Sed
1755 4598 1809 4658 vir
1823 4597 2004 4658 ditissimae
2018 4613 2096 4675 pau-

1350 4692 1498 4774 pertatis,
1515 4699 1544 4752 et
1561 4691 1754 4769 apostolicae
1774 4690 2007 4760 solicitudinis,
2031 4699 2097 4753 sta-

1352 4788 1410 4849 tim
1433 4786 1568 4847 aonium
1589 4785 1731 4862 perculit
1756 4791 1903 4860 caputet
1925 4785 2097 4848 sibila-ntia

1351 4879 1471 4958 bpdrae
1494 4894 1550 4939 ora
1580 4879 1783 4955 compescuit.
1810 4877 1887 4939 Hinc
1913 4878 2097 4942 iuremerito

1350 4969 1688 5043 inter-tiiorenunms,
1717 4983 1788 5047 pap.
1814 4967 1904 5032 1003
1929 4973 2097 5049 praefatae

1348 5063 1607 5130 enereitationis,
1622 5061 1775 5122 haeresim
1790 5062 2035 5138 origenistarum
2051 5063 2097 5126 Si-

1349 5157 1417 5218 ricii
1439 5166 1580 5233 tempore
1600 5151 1741 5215 nondum
1757 5171 1775 5216 e
1790 5153 1912 5216 latebris
1932 5155 2096 5234 prodiisse;

1350 5257 1418 5311 tum
1439 5264 1514 5308 vero
1536 5255 1626 5324 caput
1648 5247 1816 5320 exeruisse,
1833 5263 1905 5308 cum
1923 5248 2098 5310 hnasmsius

1348 5343 1503 5404 Humanae
1519 5348 1659 5418 praeerat
1676 5339 1844 5402 Ecclesiae:
1863 5341 2011 5404 Nondum
2027 5340 2099 5402 bae-

1349 5437 1428 5498 resis
1451 5437 1617 5514 001οῙ0010
1632 5442 1713 5503 erat,
1731 5435 1787 5495 boc
1802 5435 1886 5496 enim
1903 5443 2033 5497 tantam
2048 5453 2098 5496 ac·

1349 5530 1462 5592 cidisse
1487 5527 1546 5590 sub
1576 5528 1766 5598 Anastasio,
1797 5527 1973 5590 adductum
1996 5529 2098 5606 ipsias

1350 5621 1535 5697 Hieronymi
1558 5623 1778 5701 [rapmentum
1800 5621 2011 5682 dearoustrat.

2058 3665 2092 3729 6,
2115 3651 2155 3687 ros
2170 3642 2318 3698 irrumpam.

1389 5729 1545 5777 cxxxviii.
1570 5714 1633 5777 Nee
1655 5715 1741 5776 lacile
1764 5723 1883 5792 poterat
1911 5715 2098 5792 Origenista·
2130 5714 2310 5770 aurneinan-

2117 5773 2177 5814 star.
2199 5766 2309 5812 sollieitu-

1349 5825 1419 5869 rnm
1443 5809 1576 5870 haeresis
1605 5808 1640 5871 ad
1663 5807 1794 5869 aliorum
1826 5809 1968 5870 notitiam
1990 5821 2309 5886 persecutionionis

1348 5901 1436 5975 nire,
1460 5915 1532 5962 cum
1562 5900 1695 5963 Hutinus
1734 5901 1860 5979 eiusque
1887 5900 1975 5975 socii,
1999 5916 2098 5977 genus

2117 5875 2280 5921 innotesceret.
