4708 6978
338 585 436 641 Ani&
458 588 526 640 1746
574 588 633 650 aba
1071 609 1134 652 rrtn.
1159 607 1249 652 roua:
1275 606 1313 650 nu
1336 607 1364 650 r.
1389 607 1417 650 r.
1444 608 1524 650 anns
1547 608 1566 650 t.

2132 587 2187 640 An.
2204 589 2237 640 C.
2262 589 2331 640 atto

325 734 470 834 abihail
485 745 539 834 esrae
600 745 662 790 xxx.
687 727 881 791 Provisiones
903 728 1001 791 lacere
1023 728 1213 792 nullomodo
1235 743 1302 806 pos·
1359 742 1431 788 rum
1453 743 1532 806 quae
1553 729 1640 803 emit,
1657 744 1734 806 quae
1756 729 1930 803 distribuit3
1954 735 1985 790 et
2006 745 2103 808 quan·

326 839 430 886 aranon.
556 821 596 883 sit
617 821 683 883 sine
717 822 840 900 praevio
866 822 1042 886 Discretorii
1070 823 1214 885 mandato
1241 829 1302 886 tam
1330 848 1332 879 ι
1359 821 1454 884 titatis
1476 827 1507 883 et
1528 823 1682 900 qualitatis
1703 824 1961 896 sanctuariorum,
1978 825 2102 902 quaein

561 914 637 976 circa
660 915 880 993 quantitatem,
903 933 996 994 quam
1019 917 1097 980 circa
1122 917 1302 995 qualitatem
1329 890 1332 1011 l
1359 915 1495 996 qualibet
1515 933 1601 995 capsa
1617 915 1651 980 ad
1667 917 1923 984 christianitatem
1947 921 2103 983 transmit-

557 1023 663 1070 rerum
696 1011 975 1089 providendorum
1004 1013 1164 1090 possitque
1184 1013 1303 1074 1113333-
1329 1022 1332 1126 q
1360 1014 1450 1074 tenda
1472 1014 1605 1092 reponit.
1630 1015 1782 1094 Tempore
1808 1035 1893 1094 vero,
1916 1037 1978 1098 quo
1999 1037 2101 1098 capsae

559 1101 674 1163 terium
695 1103 771 1165 duos
792 1103 940 1182 deputare
969 1106 1141 1182 religiosos,
1165 1106 1217 1182 qui
1240 1123 1302 1166 eas·
1329 1131 1331 1163 ι
1358 1115 1592 1186 componuntur
1609 1116 1641 1170 et
1662 1109 1834 1187 replentur,
1850 1121 2026 1192 praesentes
2040 1115 2103 1177 sint

557 1193 627 1256 dem
650 1211 698 1257 res
714 1201 855 1277 tempore
870 1199 1111 1278 consignationis
1132 1199 1257 1262 videant
1271 1207 1302 1262 et
1329 1174 1332 1316 l
1358 1199 1419 1263 duo
1441 1199 1577 1276 religiosi
1599 1215 1614 1260 a
1636 1201 1820 1268 Discretorio
1842 1205 1997 1280 destinati,
2020 1223 2103 1270 unus

556 1291 749 1354 examinent.
957 1287 960 1294 ’
1359 1295 1450 1358 113133
1464 1300 1494 1355 31
1509 1292 1586 1356 alter
1602 1295 1699 1372 gallus
1714 1299 1765 1360 vel
1776 1314 1953 1374 germanus,
1969 1300 2104 1378 quillis-

594 1402 672 1448 xurr.
690 1389 798 1452 Eidem
812 1388 997 1452 Discretorio
1011 1404 1201 1468 unoquoque
1215 1405 1302 1452 men·
1329 1319 1332 1464 1
1358 1389 1527 1452 oretorium
1556 1391 1722 1454 certiorare
1744 1399 1910 1456 teneantur
1937 1411 2040 1472 capsas
2060 1401 2103 1456 ta-

555 1483 762 1546 serationem
795 1485 924 1546 reddere
952 1493 1095 1547 teneatur
1122 1493 1303 1564 procurator
1329 1471 1332 1583 Ι
1357 1481 1402 1542 133
1424 1499 1489 1546 3333
1511 1484 1616 1562 quales
1638 1504 1653 1546 a
1675 1495 1873 1563 procuratore
1895 1487 2101 1550 declarantur.

560 1593 629 1639 cum
664 1576 822 1639 individua
854 1580 1053 1656 expressione
1087 1578 1242 1655 qualitatis
1273 1585 1303 1639 et
1359 1575 1391 1640 Si
1412 1593 1487 1640 vero
1510 1595 1558 1657 pp.
1576 1579 1698 1644 discreti
1712 1582 1928 1660 compositioni
1943 1599 2102 1660 capsarum

558 1671 737 1750 quantitatis
755 1687 863 1735 rerum
884 1679 1071 1750 emptarum,
1087 1688 1221 1734 necnon
1236 1688 1301 1734 mo·
1358 1675 1499 1737 assistere
1524 1675 1639 1750 velint,
1663 1674 1798 1737 liberum
1824 1675 1863 1738 sit
1891 1677 2004 1755 cuique
2024 1676 2103 1755 ipso-

556 1766 1299 1844 netarum,quasrecepitetsolvit‚zecohinorum
1357 1787 1442 1833 rum.
2350 1839 2351 1842 ,

556 1859 1300 1936 videlicet,ungarorumdiboninarum,eleetos,
1329 1928 1331 1951 Ι
1397 1881 1480 1926 xxvi.
1505 1866 1691 1930 Conceditur
1712 1867 1790 1945 patri
1805 1866 2103 1944 Procuratorigene-
2139 1875 2351 1944 ‚procuratoris

556 1953 735 2032 explicando
757 1955 893 2032 pretium
907 1969 963 2032 pro
979 1955 1050 2033 ipsis
1072 1964 1210 2034 captum;
1234 1973 1301 2018 cau·
1358 1959 1413 2022 ruli
1436 1961 1550 2021 Terrae
1572 1960 1716 2035 Sanctae,
1740 1968 1775 2022 ut
1796 1962 1966 2038 prudenter
1991 1961 2102 2038 invigi-
2122 1934 2274 1990 ‘'¹⁸'¹³¹¹‘¹³'
2350 1971 2351 1980 ’

555 2063 703 2127 sam,qua
719 2047 751 2109 in
767 2047 838 2108 alias
854 2057 994 2110 monetas
1016 2057 1221 2111 commutatae
1236 2049 1302 2111 lue·
1358 2054 1400 2116 let
1427 2071 1521 2132 super
1552 2054 1703 2116 ministris
1731 2054 1903 2116 officiorum
1935 2055 2101 2130 sacristiae,

556 2142 638 2218 rint3
662 2149 692 2204 et
714 2143 916 2218 specilicando
947 2153 1052 2206 utrum
1081 2144 1208 2206 solverit
1233 2160 1303 2222 pre·
1329 2176 1330 2185 .
1358 2146 1568 2222 cellariorum,
1591 2147 1739 2226 coquinae
1761 2155 1791 2210 et
1811 2148 2047 2227 procurationis,
2063 2165 2104 2210 ne

557 2235 636 2296 tium
658 2234 791 2312 plastris,
814 2241 848 2298 nt
870 2235 967 2311 aiunt,
984 2238 1158 2300 aboohelbis
1179 2238 1230 2300 vel
1246 2239 1300 2300 iso·
1358 2240 1526 2318 quidquam
1540 2248 1645 2304 contra
1661 2249 1797 2303 sanctam
1812 2247 2024 2320 paupertatem
2035 2257 2104 2320 per-

556 2328 642 2405 latis;
666 2335 696 2390 et
711 2345 782 2390 suos
796 2339 957 2408 computos
971 2331 1123 2393 veridicos
1139 2348 1204 2393 esse
1218 2347 1302 2394 com·
1358 2331 1448 2394 datur
1469 2332 1520 2394 vel
1531 2333 1736 2409 distrahatur3
1759 2341 1790 2395 et
1811 2341 1966 2412 quatenus
1981 2336 2031 2396 vel
2045 2335 2103 2396 mi-

359 1389 392 1430 lte
408 1384 538 1432 reddenda

325 1438 536 1498 rationeacceptt.

555 2423 695 2501 probabit
721 2440 776 2502 per
805 2425 1033 2498 attestationes,
1055 2440 1110 2486 seu
1142 2433 1301 2504 receputas

555 2533 772 2595 personarum,
795 2517 907 2596 quibus
929 2518 1074 2595 pecunias
1088 2519 1231 2596 solverit3
1254 2536 1300 2583 ca-

555 2611 669 2685 vendo,
691 2617 726 2672 ut
749 2611 780 2672 in
801 2611 889 2673 dictis
911 2612 1167 2688 attestationibus,
1183 2629 1238 2674 seu
1253 2629 1301 2676 re-

556 2705 685 2782 ceputis,
708 2703 900 2782 exprimatur
921 2712 1117 2767 monetarum
1133 2705 1248 2784 species
1270 2715 1300 2768 et

555 2797 740 2876 piastrarum
763 2797 904 2877 qualitas.
1328 2837 1330 2927 ι

364 2897 433 2943 ruam
452 2901 478 2944 et
492 2897 535 2945 atti
596 2907 685 2952 xxnx.
710 2892 744 2953 ln
766 2891 912 2953 omnibus
933 2893 1137 2955 conventibus
1148 2899 1178 2954 et
1199 2893 1301 2972 hospi·

325 2955 471 2998 conventus.
556 2985 606 3047 tiis
629 2985 665 3047 ad
686 2983 855 3046 custodiam
872 2985 985 3047 Terrae
1000 2985 1127 3049 Sanctae
1141 2987 1302 3063 pertinen·
1327 2949 1330 3109 Ι

557 3077 648 3152 tibus,
673 3085 800 3155 excepto
829 3085 986 3141 conventu
1010 3078 1097 3142 SSriai
1123 3079 1299 3155 Salvatoris,

554 3171 651 3255 semel
673 3171 703 3232 in
728 3186 836 3232 mense
858 3171 995 3250 computi
1024 3174 1194 3236 reddantur
1215 3190 1301 3252 prae·
1327 3124 1330 3209 ἱ

554 3264 695 3326 sentibus
727 3262 881 3338 religiosis
913 3265 990 3326 inibi
1019 3267 1299 3342 commorantibm,

554 3356 734 3434 explicando
755 3357 870 3436 pariter
898 3359 1079 3420 varietatem
1101 3367 1300 3422 monetarum

555 3455 585 3510 et
617 3447 797 3526 qualitatem
828 3451 1030 3528 piastrarum,
1061 3468 1139 3530 quae
1170 3452 1300 3520 fuerunt

554 3557 720 3619 expensae:
745 3543 841 3605 iidem
872 3546 1008 3624 computi
1030 3546 1066 3607 ab
1087 3548 1231 3611 omnibus
1252 3567 1299 3612 re-

554 3635 671 3714 ligiosis
702 3640 874 3716 respective
896 3639 1060 3717 subscripti
1090 3645 1301 3706 transmittan-

553 3738 605 3792 tur
626 3747 654 3809 p.
677 3731 872 3795 Procuratori
894 3734 1043 3811 generali,
1066 3737 1119 3815 qui
1141 3739 1300 3801 tenebitur

555 3841 606 3887 eos
638 3827 821 3890 Discretorio
853 3838 1049 3907 praesentare
1077 3847 1132 3908 pro
1159 3832 1300 3895 ulteriori

551 3921 695 3984 examine
717 3930 747 3984 et
769 3923 996 4001 approbatione.
1021 3925 1051 3989 Si
1075 3926 1142 4004 quis
1158 3941 1231 3987 vero
1253 3941 1300 3987 re-

553 4013 678 4090 ligiosus
700 4017 856 4078 motivum
885 4017 1011 4078 haberet
1031 4018 1080 4080 vel
1111 4019 1223 4081 habere
1245 4035 1301 4098 pu-

554 4116 632 4171 taret
659 4109 755 4171 dictos
786 4119 948 4189 computos
981 4125 1044 4171 non
1076 4111 1299 4187 subscribendi,

554 4219 618 4266 non
632 4201 733 4279 litiget
744 4219 846 4282 neque
861 4207 1026 4267 contendat
1041 4206 1155 4281 verbis,
1167 4205 1218 4269 sed
1235 4223 1301 4268 mo·

554 4295 639 4358 deste
659 4313 693 4359 ao
714 4296 857 4373 religiose
872 4314 924 4359 sua
941 4297 1056 4360 motiva
1072 4315 1127 4376 per
1142 4299 1298 4378 epistolam

553 4389 739 4451 Discretorio
761 4392 984 4453 communicet.

595 4499 678 4544 xxxv.
703 4482 734 4546 Si
762 4499 816 4560 per
848 4500 877 4563 p.
901 4483 1130 4559 Guardianum,
1164 4485 1214 4546 vel
1246 4501 1301 4564 per

554 4576 786 4652 Discretorium,
810 4577 1025 4641 Procuratores
1048 4579 1096 4640 vel
1118 4578 1299 4640 3111311313-

523 4727 526 4732 .
555 4669 599 4730 les
610 4677 825 4733 conventuum
838 4679 869 4733 et
883 4672 1090 4751 hospitiorum
1102 4673 1213 4734 Terrae
1225 4672 1300 4734 San-

555 4771 621 4825 ctae
643 4765 753 4826 moniti
783 4763 913 4838 luerint,
936 4771 972 4826 ut
1000 4781 1028 4843 p.
1053 4765 1229 4828 Guardiano
1251 4766 1299 4828 vel

555 4858 739 4920 Discretorio
761 4859 876 4920 directe
892 4867 924 4919 et
940 4859 1118 4920 immediate
1140 4867 1301 4938 computos

554 4952 759 5031 respectivos,
789 4958 1005 5028 computorum
1037 4951 1149 5026 libros,
1173 4952 1222 5014 vel
1244 4953 1300 5014 alia

553 5045 665 5106 similia
689 5044 914 5116 transmittant,
939 5051 1106 5107 teneantur
1128 5045 1211 5107 illico
1232 5045 1302 5106 obc-

554 5139 619 5200 dire
641 5144 671 5200 et
694 5137 906 5199 transmittere
927 5137 1076 5216 quidquid
1092 5138 1129 5198 ab
1151 5139 1195 5199 eis
1210 5153 1302 5216 quae-

553 5232 648 5292 situm
671 5229 775 5291 luerit.
798 5229 856 5304 Qui
879 5246 942 5292 non
971 5231 1250 5308 obtemperaverit,
1274 5231 1299 5291 si

555 5323 718 5400 religiosus
751 5324 808 5398 sit,
840 5322 945 5386 statim
977 5323 1011 5384 ad
1043 5323 1301 5386 christianitatem

331 4477 473 4522 Dummodo
483 4489 534 4526 non

322 4531 398 4630 {alilirter
416 4542 536 4579 monean-

557 5419 803 5492 transmittatur3
820 5416 845 5477 si
860 5417 1016 5492 secularis,
1030 5417 1066 5478 ab
1081 5417 1179 5492 officio
1194 5425 1224 5478 et
1239 5433 1303 5478 ser·

554 5511 631 5572 vitio
653 5511 766 5572 Terrae
788 5510 917 5574 Sanctae
938 5518 1129 5572 amoveatur.

324 5601 537 5711 amssivoffsmissaffi
595 5619 667 5665 xxv.
690 5604 724 5665 ln
754 5605 912 5681 emptione
940 5605 1190 5666 sanctuariorum
1219 5604 1302 5664 varia

324 5708 488 5755 atoariorum.
555 5697 693 5776 ipsorum
717 5699 812 5773 pretia
833 5697 966 5775 explicet
989 5706 1178 5775 procurator,
1202 5705 1304 5759 notet·

555 5806 616 5867 que
628 5789 707 5867 quod
721 5790 806 5851 iuxta
821 5796 958 5850 taxatum
972 5790 1032 5851 iam
1047 5791 1194 5869 pretium,
1209 5791 1303 5868 quod·

556 5897 617 5959 que
637 5882 722 5945 iuxta
744 5881 873 5944 interius
900 5883 1057 5944 ordinario
1085 5883 1206 5945 emerit.
1240 5882 1303 5944 llis-

556 5975 687 6037 cretorio
709 5975 802 6037 etiam
821 5975 975 6038 rationem
990 5976 1096 6038 reddat
1116 5978 1302 6041 sanctuario-

1358 2442 1417 2489 nus
1440 2427 1562 2488 fidelem
1586 2425 1634 2489 vel
1656 2434 1811 2490 attentum
1840 2427 1975 2504 aliquem
1996 2427 2103 2506 depro-

1357 2519 1512 2595 henderit,
1530 2521 1567 2582 de
1588 2519 1645 2582 hoo
1659 2537 1688 2598 p.
1705 2519 1917 2582 Guardianum
1938 2521 2102 2583 certiorem
2129 2597 2130 2600 Ἴ

1359 2612 1474 2687 reddat,
1498 2619 1532 2676 ut
1558 2613 1731 2675 remedium
1755 2612 1879 2690 abipso
1904 2611 2093 2676 adhiheatur.

1398 2721 1493 2766 xcvn.
1519 2703 1627 2766 Eidem
1650 2712 1753 2768 tamen
1776 2705 1965 2783 procuratori
1988 2714 2017 2768 et
2038 2706 2103 2768 aliis
2136 2724 2194 2784 pon
2213 2723 2297 2776 potest
2307 2733 2351 2765 a».

1357 2799 1564 2878 procuratoris
1580 2799 1732 2862 ministris
1753 2799 1941 2878 praecipitur
1956 2806 1990 2860 ut
2004 2799 2102 2862 claves
2122 2774 2338 2874 lffiffissfstssfm'

1357 2893 1514 2955 variarum
1536 2893 1709 2969 respective
1724 2892 1919 2956 officinarum
1936 2893 2102 2971 deponant3

1357 2993 1389 3047 et
1410 2986 1442 3048 in
1465 2992 1624 3064 posterum
1647 2986 1737 3049 unica
1754 3002 1809 3063 pro
1826 2985 1963 3064 qualibet
1983 2986 2103 3048 officina

1357 3078 1450 3140 clavis
1470 3095 1536 3140 csse
1557 3080 1677 3155 debeat,
1688 3089 1708 3139 ‘a
1730 3079 1854 3158 proprio
1876 3079 2046 3156 respective
2060 3079 2104 3140 31-

1358 3171 1446 3234 liciali
1469 3173 1620 3248 tenenda,
1643 3173 1697 3252 qui
1719 3179 1823 3234 tamen
1851 3172 1988 3235 ollicialis
2010 3171 2103 3235 offici-

1357 3280 1431 3327 nam
1460 3265 1596 3344 aperire,
1623 3273 1653 3326 et
1668 3281 1699 3343 p.
1724 3273 1955 3344 procuratorem
1978 3266 2010 3326 in
2036 3283 2102 3327 eam

1357 3357 1555 3420 introducere
1570 3358 1738 3432 tenebitur,
1751 3358 2006 3438 quotiescumque
2020 3360 2103 3421 idem

1356 3458 1537 3530 procurator
1558 3450 1699 3512 eamdem
1722 3452 1846 3512 visitare
1868 3452 2013 3515 voluerit.
2350 3517 2351 3526 ,

1396 3560 1506 3606 xxvna.
1531 3541 1600 3606 Non
1624 3544 1712 3606 liceat
1734 3561 1763 3622 p.
1786 3544 1980 3608 Procuratori
1997 3547 2030 3606 ad
2053 3563 2103 3610 co·
2149 3567 2334 3628 uoapotosraa

1358 3638 1442 3698 mitia
1465 3637 1619 3712 generalia
1634 3653 1689 3714 pro
1708 3639 1862 3700 reddenda
1884 3656 1957 3701 suae
1971 3640 2102 3703 admini·
2121 3625 2351 3719 fssmsssffluffilssjx

1356 3731 1513 3792 strationis
1529 3733 1648 3794 ratione
1668 3751 1700 3795 se
1722 3733 1900 3810 transferre,
1926 3735 1984 3797 sub
2004 3751 2102 3812 poena
2122 3739 2156 3772 re.
2350 3729 2351 3744 ¹

1357 3829 1531 3907 apostasiae.
1556 3826 1619 3889 Neo
1641 3845 1655 3888 a
1678 3826 1820 3890 llinistro
1846 3828 1987 3890 Generali
2009 3828 2103 3905 possit

1356 3938 1449 4000 super
1469 3922 1527 3984 hoc
1549 3921 1731 4000 dispensari,
1754 3923 1806 3984 sed
1828 3937 1899 3982 suos
1920 3920 1999 3982 clare
2013 3928 2045 3982 et
2059 3921 2104 3982 di·

1356 4015 1467 4078 stincte
1489 4031 1592 4078 coram
1619 4017 1804 4078 Discretorio
1833 4019 1947 4080 Terrae
1976 4017 2104 4081 Sanctae

1356 4110 1518 4186 generales
1548 4111 1654 4172 reddat
1686 4118 1862 4188 computos:
1898 4111 2040 4189 ipsosque
2068 4111 2104 4172 ab

1357 4205 1466 4266 eodem
1489 4204 1674 4266 Discretorio
1696 4203 1877 4284 approbatos
1898 4212 1928 4266 et
1950 4204 1987 4266 ab
2004 4205 2105 4266 omni-

1358 4297 1414 4360 bus
1446 4297 1585 4360 discretis
1613 4298 1820 4376 subscriptos,
1848 4297 2019 4376 sigillisque
2043 4305 2103 4359 tarn

1357 4409 1387 4472 p.
1416 4391 1582 4454 Guardiani
1611 4408 1704 4470 quam
1733 4391 1940 4470 procuratoris
1967 4391 2104 4452 munitos

1358 4501 1387 4564 p.
1411 4483 1586 4548 Guardiano
1607 4485 1786 4562 consignet,
1810 4485 1863 4562 qul
1884 4499 1935 4546 eos
1964 4483 2103 4562 capitulo

1358 4577 1495 4655 generali
1517 4583 1711 4655 praesentare
1735 4579 1902 4640 tenebitur.

1398 4687 1483 4734 xxxx.
1509 4673 1732 4750 Eleemosynae
1754 4689 1871 4746 omnes,
1895 4688 1973 4750 quae
1987 4673 2022 4734 ad
2037 4689 2104 4734 san·
2162 4683 2322 4778 stannoque
2350 4683 2351 4752 l

1358 4772 1404 4827 cta
1426 4765 1489 4827 loca
1513 4765 1768 4841 transvehuntur,
1792 4766 1825 4826 in
1847 4781 1914 4827 area
1929 4766 1986 4827 sub
2007 4766 2104 4828 tribus
2123 4747 2183 4782 ‘⁰¹¹¹
2201 4741 2318 4782 ⁰⁰⁸¹⁰⁰³⁴
2350 4771 2351 4832 l

1358 4858 1493 4921 clavibus
1514 4867 1729 4932 asserventur;
1752 4875 1885 4937 quarum
1910 4875 1971 4920 una
1992 4861 2032 4920 sit
2053 4876 2104 4938 pe·
2350 4879 2351 4948 l

1358 4968 1413 5014 nos
1434 4967 1464 5030 p.
1488 4951 1700 5014 Guardianum
1722 4951 1773 5012 vel
1802 4952 2028 5028 praesidentem
2049 4969 2104 5032 pro
2350 4949 2351 5038 l

1359 5053 1510 5122 tempore,
1533 5043 1627 5104 altera
1648 5059 1744 5122 penes
1765 5059 1794 5120 p.
1819 5043 1990 5119 llicarium,
2014 5047 2104 5106 tertia
2350 5049 2351 5062 ¹

1358 5138 1493 5216 denique
1515 5153 1531 5198 a
1552 5152 1582 5215 p.
1600 5145 1800 5214 procuratore
1821 5138 2007 5200 detineatur.
2018 5139 2102 5214 Quod

1358 5230 1518 5293 decretum
1534 5247 1563 5308 p.
1581 5230 1773 5292 Guardianus
1788 5231 1963 5294 executioni
1979 5232 2105 5293 deman-

1358 5324 1423 5386 dari
1446 5332 1545 5398 curet,
1568 5323 1626 5385 sub
1647 5339 1744 5400 poena
1774 5324 1983 5402 suspensionis
2004 5324 2041 5385 ab
2062 5325 2105 5385 31-

1359 5417 1427 5478 ficio
1449 5417 1481 5477 in
1504 5433 1574 5478 casu
1596 5416 1843 5478 inobservantlae
1858 5433 1913 5496 per
1934 5418 2035 5495 ipsum
2056 5419 2104 5480 in-

1358 5511 1519 5572 currendo.
2350 5565 2351 5588 ζ

1399 5620 1426 5663 x.
1452 5603 1659 5666 commissarii
1681 5602 1794 5665 Terrae
1810 5602 1939 5667 Sanctae
1959 5603 2103 5666 determi·
2123 5604 2325 5706 tssglpsegfsqtiislissffl
2350 5623 2351 5696 3

1360 5704 1430 5758 nate
1453 5698 1487 5758 ad
1510 5698 1594 5759 hunc
1622 5697 1784 5759 velillum
1813 5697 1914 5759 locum
1943 5699 2103 5762 Custodiae
2243 5691 2253 5704 ”
2280 5693 2284 5702 ’

1358 5788 1574 5868 supellectilia,
1597 5791 1648 5851 vel
1674 5807 1755 5851 sacra
1779 5789 1829 5852 vel
1857 5790 1992 5869 prolana,
2016 5790 2103 5852 nullo

1359 5884 1450 5944 modo
1473 5882 1693 5958 transmittam,
1715 5884 1766 5946 sed
1789 5891 1899 5946 cuncta
1921 5884 2104 5946 Discretorio

1359 5975 1549 6054 dirigantur;
1573 5977 1795 6039 Discretorium
1810 5983 1916 6040 autem
1930 5976 2103 6040 secundum
