4798 6978
358 545 411 598 An.
426 547 457 598 d.
478 545 547 600 itte
595 543 656 608 658

1100 567 1162 612 rua.
1187 566 1279 612 nour.
1303 565 1343 610 nn
1365 566 1394 610 n·
1417 565 1446 612 u.
1471 565 1553 612 naus
1575 567 1596 610 ι.
2151 552 2242 608 Auo.
2260 560 2314 616 titt

578 685 604 746 si
626 685 778 762 puerperii
801 684 987 759 observatio,
1014 685 1118 748 latinis
1139 685 1322 750 mulieribus
1376 691 1407 748 et
1435 685 1631 750 solicitudine
1662 687 1786 766 urgeri,
1810 693 1897 750 utet
1928 703 2000 758 vos,
2024 702 2121 748 renn.

578 779 700 842 consilii
727 781 818 842 modo
840 781 1003 858 proposita,
1034 781 1149 857 graecis
1173 795 1229 858 pro
1254 780 1322 856 lege
1375 776 1497 854 iratres,
1520 780 1623 843 dilecti
1645 771 1713 856 tilii,
1736 781 1768 844 in
1788 781 1890 843 sancti
1911 781 2029 844 unione
2050 796 2124 843 con·

579 875 762 953 praescripta
793 865 984 937 inveniatur.
1019 875 1160 952 Cumque
1186 880 1321 950 praeter·
1376 879 1493 936 stantes
1520 876 1739 954 perseveretis,
1762 875 1865 937 etalii
1894 878 2071 938 aberrantes
2093 881 2124 936 et

579 983 612 1030 ea
636 968 741 1031 Graeci
770 983 835 1030 non
867 967 972 1031 aldem
996 967 1130 1042 ratione,
1159 983 1219 1046 qua
1247 965 1320 1028 olim
1377 969 1413 1032 ad
1435 971 1573 1032 eamdem
1596 968 1774 1032 societatem
1795 977 1827 1032 et
1848 969 1883 1030 ad
1911 967 2018 1031 salutis
2040 967 2123 1030 viam

579 1061 719 1134 Hebraei,
741 1061 898 1140 puerperii
920 1063 1017 1150 ritum
1044 1060 1246 1141 adimpleant3
1270 1073 1323 1122 ne·
1378 1063 1542 1142 aliquando
1556 1079 1611 1142 per
1626 1063 1679 1126 liei
1695 1063 1825 1142 gratiam
1847 1071 2047 1127 revocentur.
2065 1061 2124 1125 Vc-

579 1173 640 1235 que
667 1156 752 1219 enim
784 1155 932 1218 sacerdoti
959 1155 1180 1234 obligationem
1206 1155 1324 1217 ludaico
1377 1164 1479 1220 strum
1500 1159 1560 1222 erit
1581 1159 1615 1221 in
1641 1166 1799 1237 posteram
1823 1159 1959 1222 correcta
1984 1159 2042 1219 bac
2063 1157 2126 1218 Eu-

579 1266 666 1314 more
686 1250 837 1328 alierunt;
859 1249 935 1330 quin
951 1250 1052 1327 potius
1066 1249 1211 1313 eumdem
1226 1247 1324 1310 ritum
1377 1252 1511 1330 obologii
1532 1253 1667 1315 editione
1689 1252 1793 1327 uti,ac
1813 1251 1981 1328 diligenter
2002 1265 2125 1323 curare,

578 1345 838 1409 sanctificaverint
859 1363 914 1426 per
935 1345 1084 1424 appositas
1114 1360 1234 1424 preces,
1256 1342 1324 1422 qui·
1379 1353 1424 1422 ut,
1440 1347 1465 1409 si
1487 1361 1567 1410 nora
1582 1346 1681 1425 aliqua
1698 1347 1836 1410 eiusdem
1851 1345 1945 1408 editio
1960 1345 2024 1417 liat,
2038 1359 2075 1405 ea
2090 1343 2125 1404 ad

580 1441 636 1504 bus
656 1441 737 1504 llous
768 1449 923 1518 rogatur,¹
936 1449 970 1504 ut
991 1439 1117 1504 mulieri
1138 1445 1276 1518 peccata,
1298 1438 1323 1499 si
1379 1457 1522 1504 normam
1543 1441 1646 1515 buius,
1670 1455 1747 1519 uuae
1769 1438 1882 1519 prodiit
1902 1455 1951 1500 an.
1970 1453 2125 1500 nnccurv.

580 1550 658 1613 quae
678 1535 856 1612 patraverit,
880 1534 1036 1598 dimittere
1057 1533 1214 1611 dignetur,
1238 1531 1325 1593 iuro·
1378 1534 1487 1612 etypis
1502 1533 1760 1610 congregationis
1774 1535 1811 1594 de
1826 1531 2024 1612 propaganda
2037 1529 2125 1605 Fide,

580 1635 645 1690 cato
666 1629 698 1690 in
720 1627 804 1691 bunc
826 1618 1035 1707 ipsumiinem
1056 1627 1201 1705 Deiparae
1222 1624 1324 1702 virgi·
1378 1627 1522 1690 omuibus
1544 1627 1686 1689 numeris
1709 1627 1869 1704 exigatur,
1893 1641 1954 1704 quo
1975 1623 2127 1687 interclu-

581 1716 628 1782 nis
650 1720 834 1799 patrocinio:
867 1721 979 1784 idcirco
1000 1719 1032 1782 iu
1060 1720 1195 1784 sessione
1221 1717 1324 1782 habita
1377 1739 1429 1784 sus
1449 1722 1489 1783 sit
1511 1719 1610 1782 aditus
1621 1720 1780 1783 erroribus
1801 1719 1957 1794 omnibus,
1973 1726 2003 1780 et
2019 1717 2128 1779 absur-

581 1815 664 1877 inter
684 1830 748 1889 eos,
771 1815 824 1893 qui
847 1833 862 1876 a
884 1813 983 1891 nobis,
1009 1820 1044 1876 ut
1066 1814 1156 1877 initio
1177 1813 1323 1886 diximus,
1378 1815 1435 1891 dis,
1458 1829 1536 1893 quae
1556 1813 1767 1892 superioribus
1783 1811 2029 1891 temporibusin
2052 1810 2128 1872 alias

582 1907 762 1986 liucbologii
783 1907 969 1971 correctioni
995 1907 1159 1988 praepositi
1189 1906 1323 1982 ineram,
1379 1908 1524 1987 quasdam
1545 1907 1696 1970 editiones
1718 1907 1923 1987 irrepserunt,
1937 1921 2049 1983 easque
2065 1902 2129 1965 ioe-

581 2001 631 2064 die
658 2018 728 2064 vrri.
761 2001 890 2066 ianuarii
923 2017 1109 2066 nuccxcvu.
1144 1999 1324 2083 conclusum
1378 2000 1591 2064 darunt‘lloc
1614 2000 1749 2078 denique
1771 2015 1786 2060 a
1808 2000 1894 2062 robis
1915 1998 2067 2077 petimus,
2092 2003 2128 2059 ut

583 2096 651 2170 luit,
675 2096 754 2159 nibil
774 2095 830 2158 bac
851 2096 884 2158 in
905 2104 993 2176 parte
1021 2094 1183 2170 innovari3
1206 2109 1325 2172 nosque
1380 2111 1446 2171 nos,
1470 2096 1503 2156 in
1525 2095 1618 2157 ardut
1633 2093 1784 2156 Ecclesiae
1806 2093 1969 2155 universae
1985 2107 2129 2170 procura-

580 2190 711 2252 subinde
733 2190 908 2252 buinsmodi
935 2189 1160 2252 resolutionem
1180 2187 1327 2266 approba·
1380 2189 1465 2251 tione
1480 2188 1663 2262 laborantes,
1673 2187 1850 2248 orationum
1867 2192 2041 2250 vestrarum
2056 2185 2129 2246 sub-

582 2285 694 2346 vimus.
728 2283 865 2345 Pronum
893 2290 939 2344 est
967 2283 1069 2354 enim,
1100 2297 1190 2360 snpra
1223 2279 1326 2342 relatis
1378 2283 1454 2344 sidio
1476 2281 1606 2356 iuvetis;
1640 2281 1789 2360 vobisque
1809 2279 2004 2358 apostolicam
2031 2280 2130 2341 bene·

582 2393 707 2455 graecae
736 2377 884 2439 orationis
915 2375 1018 2438 uerbis
1048 2384 1169 2437 rectum
1199 2388 1325 2435 sensum
1379 2375 1547 2437 dictionem
1569 2383 1764 2452 peramanter
1786 2373 1995 2450 impertimur.

581 2477 696 2550 aptare,
712 2468 840 2533 dicendo
858 2470 1021 2548 nimirum,
1038 2471 1133 2533 ileum
1155 2469 1196 2532 ibi
1211 2467 1324 2545 rogari,
1418 2469 1531 2530 Datum
1556 2467 1686 2542 Romae,
1715 2468 1793 2545 apud
1823 2465 1855 2530 S.
1879 2466 2006 2528 Mariam
2033 2465 2129 2528 blaio

582 2572 617 2628 ut
638 2573 669 2628 et
690 2565 829 2630 mulieris
849 2565 984 2627 animam
1007 2565 1044 2626 ab
1059 2564 1144 2626 omni
1167 2562 1253 2640 culpi
1275 2576 1327 2638 pe·
1381 2578 1459 2637 rem,
1481 2561 1679 2624 subannulo
1699 2560 1875 2634 Piscatoris,
1902 2560 1952 2622 die
1973 2577 1995 2622 1.
2021 2560 2128 2623 martii

582 2660 667 2722 nitus
688 2661 853 2734 emundet,
876 2666 907 2721 et
928 2674 1038 2738 corpus
1062 2657 1154 2720 etiam
1185 2656 1269 2736 illius
1291 2654 1325 2716 li·
1379 2663 1544 2732 unocurt,
1561 2653 1671 2733 pontii.
1688 2654 1786 2716 nostri
1801 2668 1883 2715 anno
1898 2669 1961 2714 xrr.

582 2752 669 2815 beret
690 2752 727 2814 ab
751 2751 837 2814 omni
869 2751 1084 2833 immunditia,
1106 2767 1171 2814 non
1199 2749 1325 2828 quidem

582 2845 687 2922 legali,
708 2845 759 2908 sed
783 2845 932 2920 naturali,
959 2853 1112 2923 quatenus
1135 2841 1326 2922 spiritualem

582 2937 813 3001 immunditiam
841 2938 1131 3016 signitica13quum
1159 2938 1252 3000 etiam
1275 2951 1327 2996 en-

584 3041 670 3096 terna
692 3031 827 3110 eorporis
848 3030 1017 3094 mundities
1032 3048 1099 3111 pars
1119 3031 1159 3094 sit
1180 3032 1281 3094 cultus
1297 3036 1328 3091 et

583 3125 793 3188 uenerationis
823 3123 944 3188 debitae
964 3141 1037 3202 erga
1065 3126 1205 3188 eeclesias
1235 3132 1328 3202 atque

1626 2908 1878 2920 unu—m

1680 3127 1828 3192 CLXXV.

357 3949 390 3994 ad
401 3951 515 4005 Graecos,
524 3929 570 4006 cul

359 4012 424 4048 nouo
445 4008 570 4050 correcto·

357 4066 408 4112 une
418 4056 518 4103 daebal.
531 4055 570 4104 ull

357 4108 486 4156 iubentur.

585 3236 633 3281 res
654 3235 769 3295 sacras;
802 3226 989 3299 quapropter
1015 3217 1169 3297 prioribus
1200 3216 1328 3278 saeculis

584 3314 726 3376 ecclesias
748 3329 811 3375 non
842 3313 1099 3390 ingrediebantur
1125 3311 1246 3385 ddeles,
1269 3309 1328 3371 nisi

585 3407 670 3486 prius
692 3405 858 3484 diligenter
879 3407 935 3469 loti
956 3406 1106 3481 luissent,
1130 3405 1176 3468 uti
1198 3411 1330 3467 testatur

586 3502 618 3566 S.
641 3503 767 3564 loannes
783 3488 1037 3580 Cbry'sostomus3
1061 3517 1163 3580 neque
1184 3499 1329 3579 privatim

585 3610 741 3660 sacrorum
763 3594 1004 3672 Euangeliorum
1021 3595 1155 3658 codicem
1177 3594 1331 3670 attingere

586 3689 751 3762 audebant,
774 3689 849 3768 quin
872 3695 960 3750 antea
982 3704 1092 3750 manus
1112 3687 1269 3750 lavissent.

390 3788 517 3836 soacinen
531 3799 570 3852 co,
628 3783 646 3858 ἓ
670 3783 717 3845 tt.
742 3783 820 3845 llaec
842 3781 928 3842 robis
948 3783 1129 3859 exponenda
1141 3781 1331 3860 censuimus,

357 3841 569 3944 ῗιῗῖοιῗῖἕῗῖἶέἆῖι
589 3893 684 3940 reno.
709 3877 831 3950 iratres,
854 3876 956 3939 dilecti
978 3876 1046 3950 tilii,
1070 3891 1124 3954 per
1145 3876 1198 3936 bas
1213 3884 1332 3936 nostras

588 3973 757 4051 encyclicas
779 3971 894 4045 literas,
911 3977 992 4033 utet
1013 3985 1116 4031 causas
1139 3966 1330 4044 intelligatis,

588 4065 627 4127 ob
647 4081 722 4144 quas
743 4064 914 4144 apostolica
936 4062 1029 4126 Sedes
1050 4062 1232 4125 laboriosam
1255 4061 1332 4122 banc

588 4159 779 4236 prouinciam
806 4157 985 4219 iamdudum
1014 4153 1240 4234 suscipiendam
1269 4153 1333 4214 exi-

587 4251 743 4324 stimarit,
766 4259 800 4313 ut
822 4241 1004 4326 Eucbologii
1026 4248 1120 4310 vestri
1148 4245 1332 4308 correctioni

588 4360 699 4408 manus
720 4353 903 4422 apponeret;
925 4351 957 4404 et
972 4342 1058 4404 robis
1072 4347 1266 4420 compertum
1279 4340 1330 4413 sit,

588 4456 646 4518 qua
668 4437 841 4514 diligentia,
864 4452 925 4515 quo
945 4435 1059 4508 studio,
1075 4444 1106 4496 ei
1127 4449 1221 4513 urtam
1236 4449 1332 4511 aeque

588 4530 796 4612 prudentique
816 4531 937 4594 ratione
958 4537 1134 4607 susceptum
1148 4544 1225 4606 opus
1246 4542 1332 4605 pera-

588 4636 674 4689 ctum
695 4624 802 4687 luerit.
832 4625 946 4688 intacta
981 4623 1085 4684 relicta
1112 4631 1187 4684 sunt
1214 4623 1330 4697 omnia,

589 4735 802 4799 quaecumque
829 4723 949 4796 reperta
977 4725 1049 4780 sunt
1072 4716 1103 4777 in
1126 4717 1163 4778 iis
1188 4716 1332 4779 eucbolo·

590 4814 659 4892 giis,
681 4829 759 4893 quae
780 4818 810 4874 et
832 4813 1017 4890 antiquitate
1032 4820 1063 4873 et
1077 4812 1333 4874 auctoritatecae-

590 4909 665 4970 teris
680 4915 849 4986 praestant:
874 4906 952 4968 nibil
967 4907 1144 4984 ademptum
1161 4915 1212 4966 aut
1227 4921 1332 4967 euren-

590 4999 694 5063 datum
707 5006 764 5074 est,
777 4999 834 5061 nisi
846 5000 925 5077 quod
942 4998 973 5060 in
986 5000 1173 5060 recentiores
1187 4997 1331 5077 quasdam

1384 3315 1500 3393 Deficit
1522 3331 1602 3392 queo
1622 3316 1668 3378 sit
1689 3315 1873 3378 auctoritas
1898 3313 2132 3378 Proto-Arabi-

1422 3409 1605 3472 mandritae
1617 3408 1760 3470 lietberti
1771 3409 1902 3472 Ordinis
1913 3409 1943 3472 S.
1956 3409 2127 3474 castitia.

1424 3502 1459 3564 in
1480 3500 1705 3564 bitbuunicict
1727 3499 1860 3566 Polonid
1883 3502 1917 3563 in
1939 3502 2131 3565 Arclimun·

1424 3585 1541 3665 duitas,
1564 3601 1595 3656 et
1617 3595 1650 3657 in
1673 3591 1787 3673 quibus
1809 3593 1843 3656 ltt‘
1856 3594 1982 3657 subesse
1996 3593 2130 3658 debeant

1425 3689 1689 3765 Metropolitum,
1723 3693 1754 3749 et
1783 3689 1848 3749 sice
1879 3688 1940 3765 ipsi
1970 3689 2036 3748 sice
2067 3688 2130 3750 ulii

1424 3782 1573 3845 monocbi
1587 3782 1629 3844 ed
1643 3798 1714 3843 euni
1735 3781 1898 3860 appellere
1910 3783 2052 3859 possint,·
2074 3797 2132 3859 pu-

1426 3877 1521 3948 riter,
1538 3891 1617 3954 pace
1634 3875 1677 3936 sit
1698 3875 1882 3937 auctoritas
1900 3873 2130 3953 Episcoporum

1426 3970 1462 4031 in
1481 3967 1650 4030 mouecltos
1671 3969 1725 4046 uni
1748 3984 1860 4030 eurem
1875 3971 2061 4032 animorum
2075 3985 2131 4030 ec·
2170 4003 2174 4010 ·

1425 4067 1542 4134 creent,
1566 4063 1613 4124 uel
1642 4063 1825 4125 inserviunt
1853 4063 1991 4124 ecclesiis
2024 4061 2132 4124 cutbe-

1427 4154 1590 4228 uratum,-
1607 4156 1734 4218 teadeat
1746 4153 2009 4217 contendentibus
2019 4161 2131 4232 petro·

1426 4257 1542 4312 netum
1564 4251 1600 4310 in
1620 4247 1889 4311 Arcntmanurtas
1910 4246 2055 4316 eiusdem,
2074 4251 2131 4315 Or-

1427 4344 1524 4415 dinis,
1539 4342 1667 4420 ulieoue
1679 4341 1765 4404 circe
1778 4343 1863 4420 ipses
1875 4338 2066 4418 petentibus,
2082 4341 2131 4400 in-

1427 4437 1506 4499 dicit
1529 4444 1567 4498 ot
1590 4437 1667 4497 iero
1688 4435 1819 4512 proprie
1836 4449 1891 4513 per
1907 4435 2073 4500 Nanctum
2090 4432 2131 4494 A·

1425 4531 1616 4610 postolirum
1640 4527 1671 4590 S.
1691 4527 1762 4590 Sedi
1784 4526 2132 4605 commensurabilem

1424 4623 1618 4686 sententium
1640 4636 1733 4683 suurn
1754 4620 1899 4700 proferre
1919 4621 2030 4696 possit.

1555 4787 1799 4860 senioretus
1816 4789 1875 4858 ΡΡ,
1891 4788 1962 4876 lilii.

1519 4914 1556 4982 ad
1582 4915 1712 4982 loturam
1745 4912 1788 4979 rei
1816 4912 1995 4979 memoriam.

590 5094 739 5156 editiones
761 5093 990 5154 nonnullorum
1017 5093 1174 5155 oscitantia
1196 5101 1249 5156 aut
1272 5109 1332 5154 ma·
1428 5094 1527 5174 Super
1549 5095 1695 5157 iamiliam
1724 5093 1845 5156 Domini
1871 5091 2010 5154 coelestis
2035 5090 2131 5153 Patris
2162 5095 2324 5144 ponticonem

2149 5148 2323 5204 dendoipuruaa

591 5187 655 5251 litia
670 5188 828 5265 irrepsisse
842 5187 998 5265 apparuit;
1015 5187 1116 5250 omnia
1133 5193 1252 5249 retenta
1269 5185 1334 5248 iue-
1387 5190 1581 5252 ordinatione
1603 5189 1776 5264 constituti,
1798 5187 1833 5249 ad
1856 5203 1965 5249 omnes
1992 5185 2131 5248 nationes
2148 5217 2174 5251 ,a
2188 5201 2324 5258 arsaniae·

591 5288 666 5344 runt
696 5298 909 5362 quaecumque
934 5283 1060 5345 demum
1093 5281 1219 5344 retineri
1246 5295 1334 5358 posse
1388 5297 1419 5346 et
1440 5292 1566 5360 penum,
1589 5300 1667 5362 quae
1694 5283 1841 5346 calbolict
1862 5281 2006 5344 societate
2034 5278 2132 5342 conti·
2148 5259 2202 5317 ⁸¹¹²·

591 5377 656 5438 risa
676 5387 760 5451 suni,
774 5385 804 5438 et
820 5377 951 5452 benigna
974 5373 1100 5453 qnaeris
1120 5373 1334 5452 interpretatio
1390 5384 1518 5451 nentur,
1533 5378 1739 5439 solicitudinis
1754 5387 1979 5440 nostrae'curas
1994 5375 2131 5438 extendi-

591 5474 724 5535 adbibita
746 5480 809 5545 est,
833 5487 874 5532 ne
894 5472 972 5532 ritus
994 5477 1096 5530 vester
1123 5468 1223 5546 aliqua
1246 5469 1279 5529 in
1301 5483 1335 5528 re
1391 5485 1475 5546 mus3
1499 5485 1639 5548 quaeque
1661 5471 1694 5530 ad
1719 5471 1879 5547 religionis
1900 5487 1933 5531 ac
1956 5470 2026 5532 iidei
2048 5467 2131 5546 puri-

592 5565 763 5628 labelaclati
785 5564 955 5633 videretur.
983 5564 1027 5626 Er
1049 5566 1162 5644 quibus
1190 5562 1336 5626 omnibus
1391 5571 1485 5626 tatem
1506 5573 1537 5625 et
1558 5564 1777 5626 ecclesiasticae
1805 5564 1984 5643 disciplinae
2006 5563 2134 5640 integr-i·

591 5685 690 5750 quum
712 5669 864 5730 sinceram
881 5674 1017 5728 nostram
1033 5673 1064 5726 et
1078 5663 1269 5744 apostolieae
1283 5658 1337 5724 Se·
1392 5667 1487 5721 tatem
1511 5659 1625 5737 ubique
1651 5660 1833 5721 servandam
1862 5675 1917 5736 pro
1945 5656 2066 5720 diversi
2087 5672 2137 5717 re·

592 5765 638 5825 dis
660 5763 692 5823 in
720 5777 775 5821 ros
802 5761 961 5822 caritatem
991 5766 1131 5820 testatam
1160 5756 1245 5818 robis
1270 5771 1336 5818 esse
1391 5754 1521 5831 glanum
1542 5752 1774 5831 opportunitate
1795 5752 1892 5828 magis
1914 5751 2049 5829 prolicua
2071 5749 2134 5811 iore

592 5871 656 5918 non
677 5854 864 5928 dubitamus,
881 5853 1058 5915 tumeliam
1080 5850 1154 5912 illud
1170 5867 1224 5911 vos
1247 5847 1338 5910 intel·
1391 5846 1606 5924 prospicimus,
1631 5861 1666 5907 ea
1687 5845 1833 5924 peculiari
1854 5845 1957 5906 studio
1971 5843 2077 5904 lovere
2090 5841 2133 5915 et,

592 5949 727 6012 lecturos
748 5948 943 6020 confidimus,
965 5944 1139 6009 incredibili
1160 5960 1216 6006 nos
1236 5941 1338 6006 studio
1391 5946 1545 6020 quantum
1568 5939 1703 6002 innubis
1718 5947 1776 6014 est,
1791 5953 1956 6016 augereao
1973 5950 2134 6016 promove·
