4838 6982
123 597 173 650 Aru
189 601 219 650 C.
243 599 311 650 1753

131 1487 212 1532 Aliter
225 1489 321 1536 iudica·

108 1541 125 1584 ri
141 1542 301 1596 prohibetur.

113 2797 254 2842 contrariis
264 2808 316 2842 am·

100 2850 213 2904 piissime
240 2851 315 2895 dero-

99 2907 181 2956 gaiur.

976 619 1173 664 unnenrcrus
1194 618 1258 663 xrv.
1496 598 1499 610 '
1688 602 1689 611 ’
1809 593 1864 656 llll
1920 589 1973 643 ΑΠ’
1989 594 2018 644 ⁰·
2041 593 2108 645 1753

341 735 389 797 nis
411 735 443 796 in
467 735 643 812 integrum,
667 735 774 798 adduci
795 751 902 815 posse3
925 738 977 799 sed
1007 753 1086 800 sem-

341 845 395 906 per
416 835 447 891 et
468 836 619 907 perpetuo
644 829 766 903 firmas,
798 829 911 890 validas
933 837 963 890 et
988 829 1087 892 cilica-

339 938 388 984 ces
410 924 543 984 existere
557 931 588 984 et
603 921 680 997 iore,
701 937 834 1001 suosque
862 922 1016 1001 plenarios
1043 921 1086 982 ei·

339 1015 436 1078 iectus
456 1016 561 1077 sortiri
583 1022 613 1077 et
634 1015 787 1091 obtinere,
807 1033 840 1078 ac
862 1014 934 1092 illis,
950 1032 1085 1094 quorum

339 1109 477 1170 iarorem
496 1116 703 1184 concernunt,
720 1108 898 1187 plenissime
912 1109 1084 1186 suffragari,

338 1210 430 1281 atque
460 1204 554 1265 etiam
575 1203 614 1264 ab
639 1203 796 1278 omnibus,
819 1203 853 1264 ad
876 1219 952 1280 quos
984 1218 1086 1282 respe-

338 1295 420 1357 ctive
452 1297 588 1374 pertinet
609 1305 640 1359 et
662 1297 830 1376 pertinebit
857 1296 890 1358 in
912 1305 1083 1375 posterum,

338 1388 560 1452 iuviolabiliter
581 1391 748 1465 observari,
770 1390 917 1453 volumus
937 1397 969 1452 et
983 1392 1086 1453 decer·

339 1483 455 1545 nimus.
479 1483 600 1562 Sicque,
615 1493 647 1546 et
670 1500 733 1546 non
748 1483 848 1558 aliter,
864 1484 897 1545 in
913 1485 1086 1561 praemissis

339 1575 466 1637 iudicari
487 1584 518 1638 et
545 1578 662 1640 censeri
690 1593 745 1656 per
769 1592 981 1655 quoscumque
1005 1579 1085 1640 ordi-

339 1668 440 1729 narios
459 1675 490 1730 et
504 1669 660 1744 delegatos
674 1668 801 1745 iudices,
818 1669 911 1731 etiam
924 1687 1085 1732 causarum

338 1762 439 1840 palatii
460 1764 616 1843 apostolici
638 1764 803 1839 auditores,
820 1782 854 1828 ac
868 1761 899 1825 S.
912 1766 948 1826 it.
961 1765 996 1826 E.
1015 1763 1084 1827 Car-

338 1858 465 1933 dinales,
481 1874 655 1936 eorumque
670 1858 945 1935 congregationes,
961 1874 1083 1922 necnon

337 1951 528 2030 spostolicae
549 1949 634 2014 Sedis
655 1950 784 2028 Legatos
810 1968 865 2014 seu
886 1950 1031 2026 Nuntios,
1054 1968 1083 2010 a·

337 2044 455 2124 iiosque
477 2044 630 2123 quoslibet
651 2060 847 2123 quacumque
869 2046 1083 2123 praeeminen-

338 2139 378 2201 tia
405 2149 435 2201 et
464 2143 613 2216 potestate
643 2135 810 2213 iungentes
840 2146 872 2198 et
899 2137 1081 2215 iuncturus3

335 2231 454 2295 sublata
476 2231 519 2293 eis
541 2239 572 2292 et
600 2245 708 2292 corum
737 2230 865 2293 cuilibet
890 2229 979 2292 aliter
1006 2230 1083 2292 iudi-

335 2325 423 2387 candi
446 2335 476 2388 ct
498 2323 723 2402 interpretandi
752 2322 913 2400 facultate,
936 2324 1083 2385 ucetiam

335 2420 461 2502 irritum
484 2426 514 2479 ct
536 2418 629 2480 inane
650 2416 866 2492 decernentes,
882 2416 1030 2496 quidquid
1046 2417 1083 2478 ab

335 2528 444 2576 eorum
475 2510 614 2591 quolibet
635 2510 667 2572 in
690 2501 881 2572 contrarium
904 2509 1031 2571 iudicari
1053 2518 1083 2572 et

334 2605 470 2678 decerni,
492 2621 548 2665 seu
569 2603 704 2665 scienter
727 2602 774 2664 vel
792 2603 971 2679 ignoranter
985 2611 1083 2666 atten-

336 2697 392 2760 tari
409 2697 585 2773 contigerit.

375 2791 442 2866 §ln
474 2789 542 2850 Non
571 2790 761 2851 obstantibus
789 2789 951 2868 praedictis
980 2787 1083 2853 Sancti

335 2883 379 2945 Pii
413 2882 449 2946 V.
482 2882 611 2960 aliisque
645 2883 858 2944 Romanorum
897 2883 1082 2947 Pontificum

334 2974 603 3053 praedecessorum
633 2982 811 3035 nostrorum
841 2975 874 3034 iu
900 2977 1080 3037 eorumdem

333 3067 613 3141 consumationem,
636 3066 732 3129 etiarn
754 3068 785 3128 in
806 3065 903 3128 torma
928 3069 1079 3146 specifica,

334 3160 422 3223 editis
438 3159 547 3235 literis,
559 3167 726 3239 nostraque
742 3167 773 3221 et
785 3159 990 3223 cancellariae
1002 3163 1082 3238 Apo·

332 3253 455 3317 stolicae
479 3253 584 3329 regula
605 3255 643 3316 de
664 3269 728 3316 non
749 3253 888 3314 tollendo
905 3254 974 3316 iure
988 3271 1081 3333 quae·

331 3347 402 3423 sito,
425 3347 553 3425 aliisque
572 3347 745 3425 apostolicis
766 3363 821 3408 seu
844 3346 875 3408 in
896 3347 1081 3409 universali·

333 3443 401 3516 bus,
423 3441 664 3519 provincialibus
685 3447 738 3504 aut
758 3440 956 3518 synodalibus
972 3441 1081 3504 conci·

333 3536 380 3598 liis
401 3533 491 3596 editis
512 3533 710 3610 generalibus
730 3542 783 3596 aut
804 3533 987 3612 specialibus
1009 3525 1100 3596 con-‘

331 3629 547 3690 stitutionibus
579 3635 609 3689 et
641 3627 905 3705 ordinationibus3
929 3643 987 3689 nec
1015 3643 1079 3689 uon

331 3743 602 3806 quarumcumque
623 3725 823 3788 ecclesiarum
843 3739 900 3784 seu
913 3725 1077 3798 crdinum,

332 3817 1079 3898 congregationumetlnstitutorum,ctiamspe·

330 3914 450 3976 cialiter
470 3915 760 3990 exprimendarum,
783 3911 984 3989 quantumvis
998 3911 1080 3972 iura·

255 4055 256 4060 3
331 4017 450 4084 mento,
473 4009 707 4071 confirmatione
735 4006 909 4084 apostolica,
933 4008 984 4069 vel
1005 4019 1078 4086 qua-

331 4103 376 4164 vis
397 4102 453 4163 alia
475 4101 623 4163 sumitate
643 4101 803 4177 roboratis,
824 4102 945 4164 statutis
960 4109 991 4163 ct
1006 4116 1079 4164 con·

328 4195 557 4268 suetudiuibus,
574 4194 666 4256 etiam
689 4195 1002 4270 immemorabiiibus;
1019 4195 1079 4273 pri-

329 4289 452 4366 vilegiis
474 4305 609 4368 quoque,
626 4289 875 4367 exemptionibus
889 4298 920 4352 et
935 4288 1075 4365 indultis,

329 4385 423 4446 etiam
445 4383 477 4445 iu
499 4399 626 4461 corpore
642 4383 718 4444 iuris
733 4383 854 4456 clausis,
870 4391 922 4445 aut
937 4383 994 4443 sub
1008 4383 1076 4459 qui-

329 4478 434 4540 busvis
455 4477 564 4539 formis
585 4485 616 4538 et
636 4477 805 4538 verborum
828 4476 1000 4551 tenoribus,
1022 4493 1076 4538 seu

329 4568 474 4632 clausulis
495 4577 526 4632 et
544 4569 685 4643 decretis,
702 4571 796 4632 etiam
811 4570 1076 4646 derogatoriarum

329 4663 543 4739 derogatoriis,
566 4671 597 4725 et
618 4663 814 4726 irritantibus
835 4664 867 4724 in
891 4679 1006 4740 genere
1026 4664 1077 4725 vel

330 4757 361 4816 in
383 4757 495 4834 specie,
518 4755 611 4818 etiam
640 4765 728 4820 motu
749 4759 874 4836 proprio
897 4767 927 4820 et
948 4758 986 4820 de
1007 4775 1076 4837 apo-

327 4849 450 4910 stolicae
465 4849 624 4928 potestatis
638 4849 844 4927 plenitudine,
860 4868 914 4913 seu
929 4854 1076 4914 consisto-

328 4941 458 5016 rialiter,
481 4951 533 5003 aut
555 4941 591 5003 ad
622 4958 734 5019 regum
756 4943 951 5023 aliorumque
971 4962 1077 5023 supre-

289 5089 292 5094 .
328 5053 452 5099 morum
474 5037 650 5116 principum
671 5039 861 5114 instantiam,
878 5041 928 5101 vel
944 5041 1076 5122 peculia-

327 5133 410 5194 rium
432 5147 704 5210 quorumcumque
732 5133 918 5194 meritorum
945 5134 1073 5210 intuitu,

327 5223 426 5284 aliove
441 5223 543 5298 titulo,
560 5225 652 5285 etiam
667 5240 810 5299 oneroso,
827 5225 1075 5305 quibuscumque

327 5314 477 5392 personis,
507 5315 654 5392 collegiis,
679 5317 764 5390 locis,
793 5315 959 5380 Ordinibus
981 5319 1074 5380 etiam

327 5408 521 5483 militaribus,
542 5409 852 5485 congregationibus,
873 5411 1074 5474 societatibus

327 5509 356 5562 et
375 5501 540 5577 institutis,
557 5503 648 5563 etiam
665 5499 824 5565 Societatis
838 5504 918 5580 lesu,
934 5505 984 5566 rel
999 5503 1074 5568 San-

326 5595 365 5656 cti
388 5594 510 5656 lcannis
541 5595 822 5672 Hierosolymitaui,
847 5597 976 5675 aliisque
1007 5599 1074 5676 qui-

326 5688 470 5763 buslibet,
485 5688 519 5749 in
540 5689 732 5751 contrarium
746 5690 986 5767 praemissurum
1002 5708 1073 5752 con-

325 5781 415 5843 cessis
437 5799 471 5843 ac
491 5781 606 5860 pluries
627 5778 828 5856 c'onlirmatis,
848 5784 1020 5863 approbatis
1042 5794 1073 5848 et

326 5874 490 5936 innovatis.
514 5875 630 5949 Quibus
652 5877 796 5939 omnibus
815 5885 846 5940 et
861 5877 1005 5956 singulis,
1022 5895 1072 5940 eo·

325 5982 396 6029 rum
418 5974 553 6044 tenores,
576 5967 701 6045 formas,
723 5986 826 6033 causas
847 5978 878 6034 et
899 5971 1071 6034 occasiones

1142 737 1354 814 praesentibus
1375 753 1431 815 pro
1453 735 1614 815 expressis,
1639 733 1762 796 insertis
1777 737 1807 794 et
1821 747 1888 810 spe·

1142 829 1266 891 cilicatis
1287 830 1448 905 habentes,
1469 831 1535 909 pari
1557 838 1644 891 motu
1659 835 1690 889 el
1705 826 1888 905 apostolicae

1141 923 1331 986 auctoritatis
1359 923 1563 1002 plenitudine,
1585 920 1887 1000 adpraemissorum

1141 1015 1297 1092 ellectum,
1320 1017 1499 1095 plenissime
1521 1018 1716 1092 derogamus,
1730 1030 1827 1093 eaque
1841 1029 1888 1075 re-

1141 1109 1286 1186 spective,
1309 1119 1463 1189 quatenus
1492 1110 1702 1189 praesentibus
1724 1106 1887 1170 adversan-

1142 1207 1204 1275 tur,
1227 1201 1264 1263 de
1295 1203 1396 1262 medio
1429 1203 1567 1266 tollimus
1593 1213 1623 1266 et
1653 1205 1811 1266 abolemus
1832 1218 1887 1280 per

1141 1303 1326 1372 praesentes.
1344 1295 1481 1370 Quarum
1497 1298 1699 1375 transumptis
1712 1315 1767 1360 scu
1782 1311 1886 1357 exem·
1933 1303 2118 1400 rrassngumnto-

1140 1385 1198 1464 piis
1219 1388 1312 1449 etiam
1334 1388 1501 1468 impressis,
1523 1406 1618 1452 uranu
1640 1391 1751 1452 notarii
1773 1387 1887 1468 publici
1906 1365 1961 1402 '⁰¹¹¹
2013 1366 2045 1400 ‘³⁸'

1139 1479 1329 1559 subscriptis,
1348 1493 1378 1544 et
1399 1483 1503 1559 sigilio
1524 1499 1672 1562 personae
1693 1485 1725 1544 in
1748 1482 1886 1546 ecclesia·

1139 1575 1214 1637 stica
1229 1577 1378 1653 dignitate
1393 1578 1577 1640 constitutae
1592 1578 1734 1651 munitis,
1747 1575 1886 1638 camdem

1141 1665 1234 1730 fidem
1262 1669 1377 1748 ubique
1407 1669 1545 1731 locorum
1568 1671 1598 1731 et
1621 1670 1763 1745 gentium
1785 1671 1818 1730 in
1841 1669 1886 1729 iu·

1139 1759 1216 1822 dicio
1239 1770 1269 1823 et
1291 1771 1376 1823 extra
1393 1763 1497 1824 baberi
1512 1762 1669 1836 volumus,
1681 1778 1759 1842 elnae
1771 1762 1886 1824 eisdem

1140 1857 1352 1932 praesentibus
1372 1856 1552 1930 haberetur,
1573 1856 1598 1916 si
1619 1856 1813 1934 originaliter
1835 1872 1887 1916 ex-

1139 1949 1332 2013 biberentur.

1178 2044 1247 2117 §5-
1272 2044 1356 2106 Nulli
1388 2061 1462 2121 ergo
1492 2046 1621 2107 omnino
1650 2045 1816 2107 bominum
1850 2043 1885 2105 li-

1139 2147 1203 2198 ceat
1225 2139 1366 2215 paginam
1389 2138 1467 2201 banc
1485 2145 1663 2200 nostrarum
1678 2138 1884 2201 confirmatio·

1139 2231 1199 2304 nis,
1222 2230 1479 2306 declarationum,
1504 2233 1701 2294 decretorum
1723 2239 1753 2292 et
1776 2230 1885 2292 voluu-

1140 2324 1208 2385 taiis
1225 2323 1408 2400 intringere,
1426 2325 1474 2386 vel
1497 2325 1525 2385 ei
1547 2342 1622 2386 ausu
1637 2326 1799 2386 temerario
1814 2341 1886 2387 cou-

1139 2415 1243 2478 traire.
1268 2416 1298 2480 Si
1321 2417 1389 2494 quis
1412 2426 1517 2478 autem
1542 2418 1599 2478 boc
1623 2425 1775 2478 attentare
1800 2432 1885 2494 prue-

1138 2509 1883 2589 sumpserit,indignationemOmnipotentisllei,

1138 2617 1170 2662 ac
1192 2602 1352 2664 beatorum
1374 2603 1455 2663 Petri
1480 2612 1510 2664 et
1539 2603 1643 2678 Pauli,
1666 2603 1884 2681 Apostolorum

1138 2695 1216 2768 eius,
1233 2712 1265 2757 se
1287 2697 1412 2756 noverit
1432 2696 1642 2758 incursurum.

1177 2787 1286 2848 Datum
1305 2788 1336 2848 iu
1353 2789 1430 2850 Arce
1439 2777 1616 2866 candulphi
1628 2788 1778 2851 Albanen.
1803 2789 1884 2850 dice·

1137 2880 1213 2942 cesis
1235 2896 1318 2940 anuo
1335 2880 1555 2942 incarnationis
1566 2881 1742 2942 Dominicae
1758 2881 1885 2942 millesi-

1138 2989 1188 3033 mo
1203 2974 1481 3051 septingentesimo
1503 2974 1762 3052 quinquagesimo
1779 2975 1882 3048 tertio,

1137 3065 1246 3144 quillto
1260 3066 1327 3128 idus
1339 3065 1418 3141 iulii,
1428 3065 1625 3144 pontificatus
1640 3067 1738 3129 nostri
1749 3084 1799 3129 an.
1809 3083 1879 3129 xut.

1472 3443 1543 3506 CLl.

1138 3629 1249 3692 Certus
1270 3629 1440 3708 firmusque
1463 3633 1592 3713 regulus
1615 3634 1719 3696 trudit
1734 3635 1770 3696 de
1785 3632 1882 3697 libro-

1177 3741 1249 3786 rum
1271 3728 1418 3788 cacumine
1433 3735 1463 3788 et
1477 3729 1735 3790 cortdcrnnctt'cne
1750 3726 1788 3790 ab
1808 3729 1883 3789 Urti-

1174 3819 1292 3879 uerscti
1314 3818 1352 3880 tt.
1377 3821 1590 3897 lain-uisitionc
1612 3827 1642 3881 et
1666 3821 1785 3882 iudicis
1802 3821 1880 3884 con-

1175 3911 1361 3990 gregatione
1382 3921 1533 3990 perpetuo
1554 3914 1739 3976 seruandus.

1267 4081 1509 4152 sectaturus
1533 4082 1749 4153 episcopus

1322 4276 1430 4327 sertus
1453 4276 1607 4328 serrorum
1631 4259 1694 4338 liei,

1259 4383 1294 4449 ed
1318 4389 1489 4467 perpetuant
1513 4385 1556 4452 rei
1580 4385 1758 4454 memoriam.

1173 4574 1308 4638 Sollicita
1330 4594 1363 4638 ac
1390 4578 1513 4653 provida
1542 4577 1751 4640 Romanorum
1775 4579 1880 4641 Penii·
1925 4591 1991 4660 cura
2009 4591 2111 4646 praeue-

1134 4670 1227 4732 licum
1242 4671 1510 4748 praedecessorum
1527 4681 1706 4734 nostrorum
1718 4673 1878 4750 vigilantia
1898 4647 2111 4753 ffifffifflninpsss'ss‘.

1132 4763 1163 4824 iu
1187 4780 1253 4825 eam
1276 4780 1398 4842 semper
1423 4782 1528 4827 cruam
1557 4766 1711 4840 incubuit,
1735 4773 1768 4828 ut
1792 4765 1879 4828 cbri—
1898 4751 2042 4851 {issbfissffi
2064 4763 2109 4797 ¹¹⁰·

1131 4857 1278 4918 stiiideles
1299 4859 1336 4920 ab
1350 4875 1460 4920 eorum
1483 4859 1635 4920 librorum
1647 4859 1779 4921 lectione
1794 4877 1879 4920 aver-

1133 4957 1224 5024 teret,
1247 4967 1285 5011 ex
1306 4951 1418 5029 quibus
1440 4953 1556 5014 incauti
1571 4969 1603 5013 ac
1618 4951 1772 5030 simplices
1786 4953 1880 5014 detri-

1132 5045 1231 5105 menti
1252 5045 1408 5123 quidpiam
1433 5062 1541 5123 capere
1559 5053 1696 5125 possent,
1718 5045 1878 5124 imbuique

1132 5138 1330 5214 opinionibus
1350 5154 1384 5200 ac
1406 5137 1564 5213 doctrinis,
1581 5155 1657 5218 quae
1682 5139 1731 5200 vei
1754 5155 1877 5202 morum

1132 5229 1302 5305 integritati
1321 5230 1372 5291 rel
1387 5230 1552 5292 catholicae
1573 5232 1734 5307 religionis
1755 5233 1877 5307 dogma·

1132 5321 1211 5382 tibus
1232 5323 1443 5385 adversantur.
1468 5323 1545 5384 Nam
1567 5325 1615 5402 (ut
1631 5324 1876 5387 vetustissimum

1131 5417 1291 5478 mittamus
1311 5417 1413 5480 Sancti
1431 5417 1541 5480 Gelasii
1557 5418 1578 5479 l.
1595 5417 1772 5492 Decretum,
1787 5433 1878 5497 quae·

1130 5525 1191 5585 que
1213 5508 1273 5570 iam
1303 5511 1423 5586 pridem
1446 5525 1459 5568 3
1482 5509 1631 5586 Gregorio
1660 5510 1725 5583 lx,
1749 5510 1877 5588 aliisque

1129 5600 1330 5663 Pontificibus
1365 5604 1420 5664 bac
1459 5601 1496 5662 de
1527 5617 1561 5662 re
1590 5610 1703 5663 statuta
1735 5601 1876 5678 luerunt)

1130 5693 1275 5769 ignorare
1297 5695 1457 5757 neminem
1489 5695 1688 5769 arbitramur,
1711 5711 1790 5772 quae
1811 5694 1876 5757 lue-

1129 5787 1193 5848 rint
1220 5804 1235 5847 a
1266 5788 1546 5864 praedecessoribus
1578 5788 1694 5849 nostris
1721 5788 1774 5850 Pio
1802 5787 1874 5864 itt,
1934 5865 1935 5868 Ἴ

1129 5875 1241 5940 Sancto
1263 5879 1314 5940 Pio
1337 5879 1373 5941 V.
1402 5888 1432 5942 et
1461 5881 1622 5942 Clemente
1644 5880 1720 5944 Vlll.
1744 5881 1873 5960 diligen-

1128 5973 1247 6034 tissime
1268 5973 1424 6050 praestita,
1448 5979 1483 6037 ut
1503 5973 1747 6038 saluberrimum
1768 5991 1873 6054 opusa
