4798 6978
318 529 371 588 An.
385 540 416 590 0·
438 539 506 591 1⁷5⁷
555 539 615 601 682
1055 559 1120 604 run.
1144 559 1235 604 nonu.
1261 559 1299 606 na
1322 561 1350 604 a.
1375 561 1403 606 r.
1429 561 1511 606 rans
1534 563 1554 606 r.
2114 549 2167 598 aa.
2182 549 2213 599 0·
2239 545 2314 596 1757

535 683 642 754 potens
674 685 798 740 auctore
826 678 957 740 Domino
982 662 1147 742 salubriter
1171 691 1281 755 regere
1338 677 1394 756 piti
1424 679 1631 760 obsequentes
1652 690 1684 745 et
1713 681 1891 761 Capitulum
1918 683 1973 746 tibi
2006 691 2082 744 mm·

536 776 566 830 et
581 767 712 832 feliciter
723 771 910 849 gubernare,
922 771 1094 834 direximus
1108 771 1212 834 oeulos
1228 787 1281 832 no
1339 788 1432 850 qnam
1453 773 1536 836 Patri
1558 781 1588 836 et
1609 775 1727 837 Pastori
1753 776 1928 838 animarum
1954 792 2083 839 suarum

534 871 615 926 strae
631 865 754 926 mentis.
779 866 979 928 intendentes
995 865 1093 943 igitur
1108 876 1168 929 tam
1185 865 1282 928 dictae
1339 865 1500 928 humiliter
1522 867 1732 944 intendentes,
1748 869 1915 932 exhibeant
1938 870 1991 932 tibi
2014 870 2084 930 obe-

537 955 687 1018 Ecclesiae
718 957 929 1022 Antiochenae
963 959 1098 1024 nationis
1129 959 1282 1038 praefatae
1338 958 1487 1022 dientiam
1509 969 1540 1024 et
1561 964 1771 1026 reverentiam
1799 961 1916 1024 debitas
1936 969 1967 1026 et
1989 962 2083 1026 devo-

534 1065 626 1128 quam
649 1049 714 1112 eins
736 1052 827 1128 Gragi
851 1053 1010 1115 flaminica
1025 1053 1191 1116 salubriter
1213 1069 1281 1130 pro·

535 1142 655 1213 videre,
679 1149 710 1208 te
732 1163 747 1206 a
768 1144 929 1222 quibusvis
950 1145 1160 1225 suspensionis
1181 1154 1213 1207 et
1234 1146 1282 1208 in·

536 1237 1281 1317 terdictialiisqueecclesiasticissententiiscen-

533 1331 614 1392 suris
635 1338 666 1393 et
688 1333 795 1411 poenis
816 1351 831 1394 a
854 1334 921 1396 iure
936 1333 986 1396 vel
1007 1335 1043 1396 ab
1066 1335 1193 1397 homine
1207 1352 1280 1414 qua·

534 1425 581 1486 vis
602 1425 760 1490 occasione
774 1426 825 1488 vel
839 1444 926 1491 causa
943 1427 1022 1504 latis,
1038 1429 1063 1491 si
1079 1430 1191 1508 quibus
1205 1446 1280 1509 quo·

536 1519 703 1582 modolibet
732 1523 898 1586 innodatus
931 1523 1046 1598 existis,
1073 1526 1108 1586 ad
1134 1524 1277 1588 ellectum

533 1615 745 1692 praesentium
767 1615 925 1680 dumtaxat
946 1620 1212 1697 consequendam,
1229 1620 1281 1680 ha-

534 1723 604 1768 ram
627 1709 708 1771 serie
735 1711 930 1774 absolventes
954 1721 985 1775 et
1011 1712 1186 1775 absolutum
1213 1711 1279 1774 fore

532 1809 705 1878 censentes,
729 1820 763 1865 ac
789 1805 1028 1883 postulationem
1052 1807 1148 1884 ipsam
1171 1809 1208 1870 de
1228 1822 1278 1869 eo

533 1896 677 1958 rumdam
698 1895 831 1961 fratrum
852 1907 1032 1962 nostrorum
1060 1900 1188 1963 consilio
1209 1915 1279 1979 apo·

532 1988 637 2052 stolioa
652 1993 833 2054 auctoritate
847 1993 1060 2070 admittentes,
1078 1993 1160 2058 inita
1176 1996 1279 2057 decre-

452 2140 456 2146 .
533 2091 601 2146 turn
623 2084 655 2144 in
677 2084 928 2162 congregatione
949 2089 1130 2152 eorumdem
1146 2089 1277 2152 fratrum

533 2186 713 2239 nostrornm
735 2179 875 2241 eiusdem
897 2181 928 2244 S.
953 2182 988 2244 n.
1006 2183 1041 2246 E.
1066 2183 1276 2246 cardinalium

532 2271 666 2347 negotiis
681 2273 719 2334 de
734 2271 929 2351 Propaganda
943 2275 1018 2338 Fide
1033 2277 1277 2356 praepositorum

532 2371 711 2426 emanatum
725 2374 757 2428 et
771 2383 786 2426 a
802 2367 889 2428 nobis
903 2370 1117 2446 approbatum,
1134 2377 1165 2432 te
1180 2387 1195 2430 a
1210 2372 1278 2432 vin-

532 2454 601 2517 culo
623 2473 685 2535 quo
706 2459 804 2521 dictae
827 2461 979 2526 Ecclesiae
1000 2463 1095 2543 Cypri
1109 2465 1159 2528 cui
1175 2480 1279 2543 praees

533 2551 662 2626 teneris,
679 2553 716 2613 de
730 2553 824 2616 simili
845 2556 1020 2620 concilicet
1042 2562 1200 2636 potestatis
1214 2561 1278 2639 ple·

533 2644 677 2708 nitudine
690 2647 897 2726 absolventes,
911 2651 944 2712 ad
957 2651 1100 2715 eamdem
1111 2654 1276 2718 Ecclesiam

532 2737 759 2801 Antiochenam
785 2743 921 2805 nationis
950 2745 1123 2824 praedictae
1148 2749 1185 2810 de
1206 2765 1278 2810 can·

532 2830 601 2892 silio
616 2839 647 2893 et
661 2834 819 2910 potestatis
834 2835 1030 2914 plenitudine
1044 2840 1168 2919 paribus
1182 2849 1278 2902 trans-

533 2923 674 3002 ierimus,
691 2933 783 3005 teque
799 2928 843 2990 illi
864 2930 897 2991 in
919 2931 1123 2997 Patriarcham
1139 2935 1277 2998 eiusdem

533 3019 667 3081 nationis
700 3023 893 3098 praeficimus
923 3033 954 3086 et
975 3026 1143 3105 Pastorem,
1170 3044 1277 3090 caram

531 3112 674 3189 regimen
689 3123 720 3177 et
735 3116 1035 3182 administrationem
1056 3120 1153 3184 dictae
1176 3122 1278 3186 Eccle-

531 3204 595 3267 siae
615 3206 825 3272 Antiochenae
839 3212 976 3275 nationis
997 3215 1150 3292 praelatae
1172 3217 1226 3280 tibi
1243 3219 1277 3280 in

531 3299 742 3378 spiritualibus
757 3309 788 3365 et
799 3307 1021 3384 temporalibus
1043 3309 1181 3387 plenarie
1196 3325 1278 3372 com·

532 3393 684 3457 mittendo
706 3394 899 3478 liberamque
920 3399 974 3462 tibi
990 3403 1152 3466 addictam
1177 3403 1277 3468 Eccle-

530 3487 605 3548 siam
628 3489 853 3554 Antiochenam
875 3493 1015 3556 eiusdem
1030 3497 1164 3559 nationis
1180 3506 1277 3560 trans-

530 3585 626 3646 eundi
649 3585 805 3647 licentiam
826 3587 1002 3652 tribuendo.
1027 3591 1062 3653 ln
1084 3591 1137 3654 illo
1159 3595 1212 3671 qui
1227 3593 1278 3657 dat

531 3679 644 3754 gratias
655 3685 686 3740 et
697 3677 828 3756 largitur
838 3685 971 3761 praemia
982 3684 1184 3764 confidentes,
1196 3689 1277 3765 quod

531 3772 686 3848 dirigente
707 3773 839 3836 Domino
864 3784 950 3840 aetus
973 3788 1041 3841 tuos
1067 3780 1199 3858 praefata
1222 3781 1277 3844 Ec·

531 3864 621 3928 clesia
649 3867 844 3930 Antiochena
869 3871 1002 3934 nationis
1028 3873 1199 3952 praedictae
1219 3875 1277 3937 sub

532 3967 585 4020 tuo
605 3958 686 4022 felici
708 3963 863 4039 regimine
885 3976 1011 4042 regetur
1033 3967 1153 4029 utiliter
1163 3977 1194 4030 et
1208 3985 1277 4048 pro-

531 4068 621 4132 spere
642 4053 805 4132 dirigetur,
828 4075 861 4120 ac
883 4065 967 4135 grata
989 4059 1022 4122 in
1045 4060 1160 4123 eisdem
1188 4061 1277 4139 spiri-

532 4146 667 4210 tualibus
691 4147 736 4212 et'
753 4153 974 4230 temporalibus
1004 4155 1149 4232 suscipiet
1178 4156 1277 4217 incre·

436 4256 439 4270 ·
530 4252 649 4318 menta,
667 4251 700 4306 tu
714 4243 811 4320 igitur
829 4245 863 4308 ad
880 4248 1019 4310 eamdem
1042 4249 1278 4326 patriarchalem

531 4336 699 4400 Ecclesiam
714 4339 939 4402 Antiochenam
956 4341 1091 4404 nationis
1106 4343 1277 4420 praedictae

531 4449 602 4493 curn
625 4433 721 4510 gratia
743 4439 867 4494 nostrae
888 4433 1110 4498 benedictionis
1131 4436 1277 4500 accedens

530 4541 638 4588 curam
664 4536 695 4590 et
725 4527 1025 4592 administrationem
1056 4531 1203 4610 praelatas
1233 4533 1278 4596 sic

532 4635 677 4681 exercere
703 4620 826 4684 studeas
852 4623 972 4685 solicite
998 4624 1130 4688 fideliter
1152 4635 1182 4689 et
1205 4641 1275 4705 pru-

492 4709 496 4717 '
531 4714 653 4790 denter,
670 4714 750 4792 qnod
774 4714 907 4778 Ecclesia
930 4717 992 4796 ipsa
1013 4718 1203 4782 Antiocheno
1225 4736 1278 4782 na·

1338 1058 1382 1113 tas
1404 1052 1455 1128 ita,
1473 1055 1553 1133 quod
1576 1063 1684 1117 mutua
1709 1057 1794 1118 inter
1815 1064 1845 1118 te
1866 1064 1897 1118 et
1919 1056 1999 1134 ipsos
2020 1056 2082 1118 suf-

1337 1143 1497 1222 fraganeos
1519 1147 1616 1223 gratia
1639 1156 1741 1224 gratos
1759 1150 1929 1212 sortiantur
1942 1148 2081 1225 effectus,

1337 1247 1368 1302 et
1379 1254 1434 1301 nos
1445 1255 1554 1302 eorum
1566 1242 1764 1305 devotionem
1775 1242 1927 1320 possimus
1943 1248 2081 1321 propter-

1337 1348 1370 1394 ea
1387 1333 1419 1394 in
1434 1334 1565 1398 llomino
1586 1337 1698 1398 merito
1719 1338 1949 1412 commendare,
1972 1353 2006 1400 ac
2024 1336 2084 1398 cle-

1337 1443 1390 1488 rus
1410 1435 1441 1488 te
1462 1444 1517 1506 pro
1543 1435 1646 1491 nostra
1668 1437 1699 1493 et
1727 1430 1866 1492 eiusdem
1887 1429 1967 1493 sedis
1994 1445 2082 1493 reve

1336 1521 1435 1583 rentia
1467 1521 1602 1600 benigne
1633 1525 1820 1603 recipientes
1850 1533 1881 1586 et
1912 1525 2082 1587 honorifice

1337 1623 1556 1692 pertractantes
1578 1626 1630 1680 tua
1650 1618 1784 1680 salubria
1806 1619 1923 1680 monita
1943 1625 1976 1679 ct
1998 1633 2083 1678 man-

1335 1707 1402 1770 data
1424 1710 1592 1788 suscipiant
1614 1711 1776 1774 humiliter
1797 1722 1829 1775 et
1850 1712 2014 1774 efficaciter
2031 1711 2082 1774 ad·

1336 1803 1466 1882 implere
1487 1813 1669 1882 procurent,
1698 1804 1831 1885 populus
1852 1822 1927 1867 vero
1953 1812 1984 1867 te
2004 1811 2082 1868 tam·

1335 1913 1428 1975 quam
1449 1898 1574 1961 Patrem
1593 1907 1625 1960 et
1646 1899 1803 1962 Pastorem
1825 1900 2000 1962 animarum
2014 1917 2082 1962 sua·

1335 2006 1406 2053 rum
1428 1992 1539 2054 devote
1558 1992 1761 2070 suscipientes
1783 2000 1813 2054 et
1835 1993 1935 2055 debita
1956 1993 2082 2056 honori-

1336 2085 1458 2148 ficentia
1480 2094 1701 2164 prosequentes
1726 2087 1788 2148 tuis
1807 2087 1934 2149 monitis
1949 2094 1980 2149 et
1996 2102 2083 2149 man-

1335 2179 1412 2242 datis
1442 2177 1615 2242 salubribus
1645 2179 1810 2241 humiliter
1839 2180 2014 2257 intendant,
2041 2181 2081 2244 ita

1335 2271 1417 2353 quod
1439 2281 1472 2335 tu
1496 2273 1527 2335 in
1549 2273 1593 2335 eis
1614 2273 1788 2336 devotionis
1816 2273 1896 2336 filios
1915 2283 1947 2337 et
1969 2275 2026 2353 ipsi
2048 2276 2081 2337 in

1337 2375 1365 2428 te
1388 2381 1441 2444 per
1462 2383 1654 2445 consequens
1676 2375 1795 2446 patrem
1823 2368 2012 2430 benevolum
2034 2370 2082 2430 in·

1335 2461 1459 2523 venisse
1480 2459 1646 2537 gaudeatis.
1671 2461 1800 2524 Vassalli
1813 2468 1919 2524 autem
1935 2470 1964 2524 te
1978 2462 2081 2524 debito

1335 2555 1453 2616 honore
1474 2564 1698 2634 prosequentes
1727 2555 1783 2618 tibi
1805 2555 1988 2618 fidelitatem
2010 2555 2080 2616 soli·

1336 2655 1397 2709 tam
1419 2653 1449 2710 et
1469 2656 1617 2710 consueta
1637 2648 1763 2710 servitia
1784 2657 1814 2711 et
1829 2651 1897 2712 iura
1919 2649 1974 2712 tibi
1989 2650 2081 2712 abeis

1333 2739 1433 2803 debita
1447 2740 1573 2818 integre
1585 2741 1734 2804 exhibere
1748 2751 1927 2821 procurent,
1943 2743 2080 2822 alioquin

1333 2836 1523 2896 sententiam
1542 2836 1609 2897 sive
1630 2851 1764 2914 poenam
1779 2851 1871 2916 quam
1887 2838 1948 2898 rite
1970 2836 2080 2899 tuleris

1335 2927 1367 2988 in
1389 2926 1532 3002 rebelles,
1555 2935 1651 2990 ramm
1673 2927 1854 2992 habebimus
1875 2937 1907 2992 et
1934 2929 2081 2992 iaciemus

1333 3029 1458 3084 anctore
1489 3021 1623 3084 Domino
1651 3024 1811 3102 usquead
1839 3022 2079 3086 satisfactionem

1333 3113 1520 3190 condignam
1546 3113 1769 3178 inviolabiliter
1789 3117 1957 3178 observari.
1985 3114 2080 3177 Voln-

1333 3224 1403 3270 mus
1414 3216 1531 3284 autem,
1544 3208 1624 3287 quod
1641 3216 1686 3284 tn,
1704 3218 1871 3290 antequam
1886 3209 2033 3287 regimini
2048 3218 2080 3272 et

1334 3302 1594 3365 administrationi
1616 3302 1714 3365 dictae
1739 3303 1949 3382 patriarchalis
1977 3303 2079 3367 Eccle

1332 3395 1394 3458 siae
1414 3395 1626 3458 Antiochenae
1648 3396 1781 3459 nationis
1803 3397 1975 3476 praedictae
1996 3406 2025 3460 te
2046 3398 2078 3460 in

1333 3490 1436 3568 aliquo
1458 3489 1641 3565 immisceas,
1664 3491 1698 3552 in
1721 3491 1862 3554 manibus
1883 3491 2013 3554 alicuius
2033 3507 2081 3555 ca-

1334 3583 1439 3646 tholici
1460 3582 1617 3645 Antistitis
1638 3585 1812 3662 gratiamet
1826 3586 2079 3648 communionem

1333 3677 1420 3741 Sedis
1442 3677 1632 3756 Apostolicae
1653 3678 1795 3740 habentis
1819 3695 1853 3742 ac
1875 3680 1907 3742 in
1931 3680 1991 3742 illis
2013 3697 2079 3758 par·

1333 3773 1416 3836 tibus
1427 3774 1581 3850 degentis,
1594 3773 1664 3836 fidei
1680 3773 1845 3836 catholicae
1861 3772 2079 3852 professionem
2120 3779 2126 3785 '

1332 3883 1348 3926 a
1369 3868 1440 3929 sede
1462 3865 1595 3946 praelata
1620 3865 1840 3930 Orientalibus
1863 3869 2079 3947 praescriptam

1334 3959 1419 4022 iuxta
1441 3975 1536 4022 unam
1555 3975 1700 4038 expresse
1721 3961 1878 4036 emittere,
1900 3971 1931 4023 et
1953 3961 2080 4024 fidelita-

1334 4053 1372 4114 tis
1393 4051 1512 4114 debitae
1543 4053 1669 4116 solitum
1696 4055 1908 4116 iuramentum
1931 4055 2016 4117 farta
2037 4055 2081 4116 al-

1334 4153 1433 4208 teram
1454 4146 1567 4208 formas
1589 4147 1801 4224 praesentibus
1822 4148 1980 4212 adnotatas
1995 4164 2080 4227 prae-

1332 4245 1414 4300 stare
1434 4240 1565 4301 omnino
1588 4240 1732 4314 tenearis,
1748 4256 1781 4301 ac
1798 4239 1994 4318 professionis
2008 4241 2080 4304 fidei

1333 4348 1426 4411 quam
1437 4333 1577 4396 emiseris
1588 4341 1620 4394 et
1630 4333 1797 4395 iuramenti
1809 4333 1987 4397 huiusmodi
1999 4337 2078 4414 quod

1333 4425 1536 4503 praestaveris
1561 4426 1677 4488 formas
1708 4426 1809 4488 eidem
1839 4427 2080 4504 congregationi

1334 4522 1372 4583 de
1394 4517 1591 4598 Propaganda
1611 4521 1684 4583 Fide
1706 4519 1744 4582 de
1770 4521 1865 4582 verbo
1885 4521 1920 4582 ad
1942 4523 2075 4585 verbnm

1334 4629 1388 4692 per
1410 4622 1476 4676 toas
1497 4618 1639 4690 patentes
1667 4613 1783 4676 litteras
1806 4621 1859 4676 tuo
1884 4614 1989 4691 sigillo
2011 4631 2079 4676 mu-

1334 4709 1413 4770 nitas
1434 4723 1488 4787 per
1510 4707 1671 4785 proprium
1692 4705 1850 4770 Nunnium
1872 4709 2080 4786 quantocitius

532 4807 624 4868 tionis
655 4808 825 4886 praedictae
853 4811 1055 4886 gubernatori
1091 4814 1219 4892 provido
1246 4823 1276 4876 et
1334 4803 1666 4882 deslissasellsoelll'ffi·
1691 4801 2078 4884 V0¹U11¹¹1⁸³⁰i⁰mtll¹¹⁰d
2181 4885 2186 4894 ,

531 4901 689 4965 fructuoso
710 4903 959 4966 ¹administratori
985 4905 1116 4982 gaudeat
1136 4923 1169 4969 se
1195 4923 1277 4970 com·
1334 4913 1368 4968 tu
1390 4907 1499 4968 domus
1520 4906 1731 4986 patriarchalis
1753 4907 1940 4986 reparationi
1961 4925 2017 4987 pro
2033 4908 2077 4968 vi·

531 4996 667 5071 missam,
694 5008 790 5077 tuque
816 5007 937 5076 praeter
967 5010 1110 5064 aeternae
1143 5004 1277 5066 retribu-
1334 4999 1418 5061 ribus
1440 5001 1611 5075 incumbas,
1634 5001 1854 5064 conscientiam
1877 5009 1960 5064 tuam
1986 5018 2079 5080 super

531 5091 624 5154 tionis
651 5093 847 5170 prooemium
876 5101 1000 5158 nostrae
1026 5102 1057 5157 et
1079 5095 1177 5158 dictae
1198 5097 1276 5162 sedis
1333 5097 1381 5159 his
1401 5095 1569 5158 onerando.
1604 5097 1715 5158 Forma
1744 5105 1847 5160 autem
1881 5094 2079 5174 professionis

531 5186 780 5248 benedictionem
801 5195 832 5250 et
854 5189 984 5265 gratiam
1009 5189 1121 5252 exinde
1152 5191 1276 5254 uberius
1334 5191 1402 5252 fidei
1425 5206 1518 5269 quam
1540 5189 1677 5265 emittes,
1700 5191 1774 5253 haec
1796 5200 1851 5254 est.
1876 5225 1913 5238 -
1936 5189 2003 5274 Ego
2027 5193 2078 5256 lb·

531 5280 677 5357 consequi
700 5283 858 5344 merearis.
881 5284 1026 5358 Quocirca
1048 5283 1163 5347 eisdem
1185 5299 1277 5346 vene·
1333 5283 1403 5350 bias
1426 5285 1548 5349 Gasani
1570 5283 1689 5346 electas
1716 5286 1951 5362 patriarchalia
1975 5285 2078 5350 Eccle-

531 5374 678 5437 rabilibus
708 5375 853 5439 fratribus
884 5379 998 5440 nostris
1033 5378 1277 5458 Archiepisoopis
1332 5381 1401 5442 siae
1422 5378 1638 5441 Antiochenae
1666 5378 1808 5442 nationis
1837 5381 2077 5444 Maronitarum

531 5476 562 5531 et
584 5467 741 5548 Episcopus
766 5471 969 5548 suffraganeis
996 5489 1030 5535 ac
1057 5471 1175 5535 dilectis
1207 5473 1277 5536 liliis
1332 5475 1426 5552 firma
1447 5473 1515 5552 fide.
1534 5517 1542 5532 .
1561 5517 1595 5533 ..
1621 5471 1808 5552 Evangelia.

532 5553 874 5642 CapituloetVassallis
895 5565 1048 5629 Ecclesiae
1067 5565 1278 5630 Antiochenae
1374 5567 1485 5630 ilatum
1512 5567 1642 5642 Romae,
1669 5568 1748 5646 apud
1775 5567 1808 5630 S.
1836 5567 1963 5630 blaciam
1988 5569 2077 5632 ldaio

531 5659 666 5721 nationis
694 5659 865 5737 praedictae
885 5676 918 5720 ac
940 5658 1024 5722 clero
1049 5669 1081 5722 et
1103 5660 1215 5740 populo
1236 5661 1277 5723 ci·
1334 5675 1592 5737 rem,1rnccavu.
1611 5676 1640 5720 v.
1661 5659 1807 5724 kalendas
1822 5661 1938 5741 aprilis,
1955 5663 2077 5741 pontifi-

531 5753 634 5814 vitetis
660 5759 692 5814 et
722 5753 867 5815 dioecesis
896 5752 1106 5816 Antiochenae
1139 5755 1275 5816 eiusdem
1332 5766 1417 5817 catus
1439 5755 1540 5817 nostri
1559 5768 1641 5816 anno
1663 5769 1742 5815 nvn.

531 5845 666 5908 nationis
687 5861 743 5924 per
763 5847 926 5925 apostolica
948 5850 1059 5927 scripta
1083 5849 1274 5923 mandantes,

531 5947 567 6002 ut
587 5939 775 6017 suffraganei
797 5941 851 6003 tibi
883 5949 1041 6020 tamquam
1070 5942 1207 6004 membra
1229 5958 1276 6004 ca·
