4798 6978
364 537 415 588 An.
429 539 460 590 0.
483 535 549 587 trae
598 536 659 598 6118

578 670 719 749 superius
740 669 907 732 indicatum
921 667 992 743 luit,
1008 667 1122 745 absque
1143 665 1320 728 intentione

578 758 1317 840 ipsiussacramenticonficiendietministrandl.

376 866 479 912 sacrum
494 866 560 930 curt·
618 856 705 930 ete.
730 855 868 920 Secunda
896 870 964 933 pars
987 853 1070 914 tertii
1096 852 1204 915 bloniti
1227 851 1320 930 perti·

348 919 560 1036 {ffl‘flr‘fussssssff
578 957 632 1011 net
652 951 687 1012 ad
709 955 849 1010 sanctum
872 947 1029 1023 Gbrisma3
1053 947 1133 1025 quod
1155 947 1281 1024 quidem
1303 962 1318 1006 a

577 1045 698 1107 Graecis
729 1043 892 1106 conficitur
922 1057 985 1104 non
1012 1041 1079 1104 oleo
1101 1042 1260 1103 dumtaxat
1288 1045 1319 1100 et

578 1138 723 1214 balsamo,
745 1136 795 1198 sed
825 1135 967 1198 admixtis
995 1137 1088 1198 etlam
1109 1135 1177 1196 aliis
1201 1149 1318 1195 aroma-

577 1232 668 1294 tibus.
691 1231 726 1294 ln
746 1232 803 1293 hac
824 1238 927 1293 autem
956 1230 1064 1294 bioniti
1085 1237 1170 1307 parte
1198 1227 1319 1290 unicui-

565 1341 635 1403 que
658 1325 763 1386 videre
779 1323 861 1399 licet,
874 1325 953 1386 baud
974 1323 1100 1402 quidem
1121 1321 1316 1386 interdictam

576 1433 641 1480 esse
663 1417 838 1481 buiusmodi
860 1423 1033 1480 aromatum
1065 1416 1316 1495 permixtionem,

575 1511 626 1574 sed
659 1511 734 1574 illud
757 1513 915 1574 dumtaxat
948 1512 1117 1574 tenendum
1139 1509 1260 1584 doceri,
1286 1508 1317 1572 in

575 1605 643 1667 oleo
658 1612 689 1668 et
704 1605 837 1668 balsamo
858 1605 1026 1666 consistere
1040 1605 1201 1665 materiam
1222 1619 1317 1665 sacra·

576 1699 686 1774 menti,
708 1699 853 1778 adeoque,
870 1699 894 1759 si
909 1697 1030 1778 aliquod
1053 1697 1172 1759 deficiat
1193 1713 1230 1758 ex
1252 1695 1318 1757 aliis

575 1793 759 1856 aromatibus
787 1792 946 1854 admisceri
973 1791 1087 1866 solitis,
1110 1789 1187 1851 nibil
1213 1790 1318 1852 deesse

576 1891 656 1966 quod
679 1885 885 1948 necessarium
912 1886 950 1946 sit
971 1885 1006 1946 ad
1028 1899 1148 1946 sacrum
1178 1882 1317 1945 Gbrisma

575 1979 815 2042 conficiendum.

354 2083 559 2146 apuqeosnuna
616 2074 634 2148 ἓ
655 2073 704 2136 511.
728 2074 815 2152 Apud
839 2072 967 2135 Graecos
989 2071 1067 2133 nibil
1095 2069 1316 2149 praescriptum

346 2138 691 2246 milliarensem
711 2169 749 2229 de
770 2167 967 2244 impositione
995 2179 1145 2227 ntanuum
1169 2163 1200 2225 in
1225 2163 1319 2226 admi·

346 2243 558 2344 Εξιξζξῂξξῑξζζζ
576 2261 734 2323 nistrando
755 2259 935 2324 Cbrismatls
955 2264 1154 2322 sacramento.
1178 2257 1317 2319 Morinos

284 2361 287 2368 ’
345 2360 422 2396 “²¹¹¹-
436 2351 542 2396 mantne
576 2355 606 2416 in
629 2370 684 2417 suo
707 2361 836 2416 tractatu
858 2354 894 2414 de
917 2353 1173 2432 confirmatione,
1196 2350 1312 2428 11114,

576 2448 616 2510 ita
637 2447 755 2510 scribit:
780 2453 817 2508 nt
840 2445 953 2509 Latini
981 2445 1238 2508 constantissime
1259 2445 1315 2507 im-

574 2541 760 2618 positionem
788 2557 944 2604 mannam
966 2539 1115 2603 noctiani
1143 2539 1316 2601 cottianae·

576 2635 738 2706 11111111
765 2634 877 2698 Graeci
899 2651 962 2696 nan
990 2633 1098 2695 minna
1130 2637 1316 2694 constanter

574 2727 715 2790 alteram
747 2725 785 2790 ab
817 2728 919 2790 altero
951 2730 1157 2806 separarent,
1191 2725 1315 2804 soloque

577 2818 758 2882 carismate
779 2821 814 2882 in
835 2821 1120 2884 administratione
1146 2821 1315 2882 11111111-

574 2915 731 2977 crementi
753 2915 921 2988 111111111,·
942 2929 1099 2978 mannam
1114 2914 1196 2975 enim
1219 2915 1315 2990 impo-

572 3008 703 3070 sitionis
725 3025 787 3071 nan
801 3010 1015 3072 meminerant
1030 3025 1085 3070 nec
1097 3007 1237 3070 recentia
1251 3007 1315 3070 En·

574 3099 714 3182 obolopia
731 3117 785 3163 nec
801 3102 949 3180 antiqno.
968 3102 1029 3164 Hoc
1045 3101 1126 3163 idem
1138 3107 1315 3164 constanter

573 3195 680 3256 asserit
710 3193 838 3257 Goarius
861 3195 896 3257 in
919 3193 1113 3275 nacloloplo
1137 3210 1210 3276 pap.
1232 3194 1311 3266 299,

574 3290 744 3350 11111128.
769 3287 979 3350 Renaudotius
1001 3287 1036 3350 in
1064 3303 1153 3366 opere
1183 3288 1218 3350 de
1240 3287 1314 3349 Per-

572 3381 742 3458 pctnitate,
759 3387 833 3444 tom.
848 3383 883 3454 5,
899 3379 953 3444 lib.
966 3381 1000 3453 2,
1017 3395 1084 3458 cop.
1102 3379 1153 3454 12,
1173 3387 1314 3459 testatur,

573 3492 588 3534 a
609 3474 750 3553 pluribus
772 3485 855 3537 retro
885 3476 1031 3552 saeculis,
1054 3475 1177 3538 nullum
1204 3477 1236 3538 in
1259 3476 1314 3538 Ec·

572 3567 662 3630 elesii
683 3567 794 3631 Graeci
809 3569 937 3647 reperiri
959 3569 1126 3645 vestigium
1147 3569 1316 3649 impositio·

572 3661 620 3723 nis
631 3676 781 3723 manuum
795 3661 825 3723 in
837 3661 1224 3726 conterentlosacramento
1236 3665 1314 3727 Con·

573 3755 774 3832 firmationis3
804 3769 939 3833 suaeque
969 3757 1146 3819 assertionis
1176 3766 1314 3821 auctores

573 3847 673 3911 laudat
695 3848 1021 3912 recentioresGraecos
1034 3850 1118 3911 sacri
1138 3850 1314 3914 eruditione

572 3949 771 4020 praestantes,
794 3940 973 4004 Simeonem
998 3943 1312 4019 Thessalonicensem,

571 4036 745 4099 Gabrielem
766 4036 1023 4116 Philadelpbium,
1046 4033 1198 4112 Sirinum,
1227 4037 1314 4098 alios·

571 4145 641 4210 qne.
664 4131 829 4193 bladeruus
848 4130 978 4210 scriptor
1000 4131 1139 4196 Chardon
1160 4129 1315 4192 11111111-

572 4229 625 4292 rici
641 4229 934 4304 Sacramentornm,
951 4229 1005 4292 tto.
1023 4231 1051 4304 1,
1070 4232 1168 4308 capti
1186 4231 1222 4292 cle
1236 4233 1314 4294 Gon-

571 4322 772 4402 firmatione,
805 4323 965 4386 contendit
995 4324 1137 4402 quidem,
1162 4324 1313 4403 prioribus

571 4415 700 4478 saeculis
721 4417 754 4477 in
776 4415 908 4479 Ecclesia
928 4417 1040 4479 Graece
1058 4416 1226 4479 adhibitam
1241 4417 1315 4479 luis·

571 4523 603 4568 se
629 4523 780 4571 manuum
812 4509 1044 4588 impositionem
1070 4510 1103 4571 in
1126 4510 1313 4573 conterendo

571 4600 752 4665 Gbrismatis
783 4609 991 4678 sacramento,
1015 4605 1066 4666 sed
1095 4610 1199 4665 lamen
1232 4604 1313 4666 ultro

570 4692 722 4770 concedit,
745 4693 851 4756 multis
873 4694 909 4755 ab
930 4695 1002 4757 binc
1022 4695 1162 4772 saeculis,
1188 4696 1312 4759 nullum

572 4785 653 4848 illius
678 4803 839 4865 superesse
866 4789 1044 4866 vestigium.
1075 4790 1214 4868 [lenique
1238 4790 1311 4853 dile-

571 4886 637 4941 ctus
658 4879 739 4941 silius
762 4879 868 4959 losepb
889 4879 1082 4958 Augustinus
1104 4881 1169 4944 Orsi
1191 4881 1311 4945 Ordinis

571 4971 690 5048 Praed.‚
713 4989 797 5035 nunc
826 4973 973 5052 temporis
994 4973 1096 5052 palatii
1124 4976 1221 5037 nostri
1242 4991 1311 5053 apo·

570 5065 667 5127 stolici
691 5066 844 5143 Magister,
862 5068 895 5128 in
916 5067 1126 5130 dissertatione
1148 5068 1312 5130 1111111111-

572 5159 752 5236 tbeologici,
766 5175 856 5238 quam
871 5161 946 5223 olim
969 5165 1063 5229 edidit
1078 5167 1113 5230 de
1130 5167 1311 5232 Cltrismcte

573 5255 835 5335 Confirmotorio,
865 5259 1077 5337 compluribus
1097 5264 1311 5326 monumentis

569 5347 689 5410 erudite
708 5350 858 5426 congestis
874 5351 1075 5428 demonstrat,
1090 5355 1252 5417 materiam
1266 5373 1311 5417 sa·

571 5444 718 5505 crementi
741 5445 988 5506 confirmationis
1002 5446 1080 5526 apud
1096 5447 1224 5510 Graecos
1246 5465 1309 5512 non

570 5551 636 5598 esse
657 5552 809 5600 manuum
840 5538 1083 5617 impositionem,
1113 5542 1163 5604 sed
1190 5559 1311 5606 sacrum

374 5640 448 5688 noras
466 5646 551 5686 xamen
572 5640 780 5708 unguentum.
805 5631 867 5694 Nec
889 5633 957 5696 ideo
978 5633 1037 5696 dici
1059 5644 1168 5713 potest,
1185 5635 1214 5697 id
1230 5639 1308 5717 quod

342 5699 552 5794 {{‘,1?¹⁸G³,⁰2'3{f³a¹0¹3
570 5739 586 5783 a
608 5725 702 5786 nullis
718 5735 833 5788 temere
847 5727 1029 5790 allirmatum
1044 5728 1114 5804 luit,
1130 5746 1193 5794 non
1208 5733 1310 5795 adesse

341 5801 553 5902 {fficg'fflffiff'
570 5817 602 5878 in
626 5817 757 5881 Ecclesia
771 5821 883 5884 Graeci
896 5831 1124 5885 sacramentum
1140 5825 1311 5888 Confirma-

570 5915 673 5988 tionis,
686 5922 843 5993 propterea
865 5917 944 5994 quod
966 5917 1000 5978 in
1021 5916 1053 5977 eal
1076 5917 1231 5995 impositio
1247 5935 1310 5982 ma·

1095 549 1158 594 lttll·
1184 549 1272 593 PONT·
1298 549 1337 592 DE
1359 549 1386 592 P·
1412 549 1440 594 F·
1465 548 1546 593 PARS
1569 550 1588 594 Ι.

1375 681 1475 728 nuum
1487 665 1617 729 deficiat.
1632 667 1777 748 Alioquin
1789 670 1818 732 id
1828 681 2022 750 sequeretur,
2035 677 2119 755 quod

1375 773 1467 820 nemo
1488 759 1544 820 sibi
1566 761 1763 838 persuaserit,
1785 769 1833 824 tot
1853 765 2043 830 saeculorum
2067 769 2120 832 de·

1373 866 1477 926 cursu,
1495 850 1527 912 in
1544 859 1606 914 tam
1628 853 1727 932 ampli
1747 855 1907 920 christiani
1921 859 2003 922 orbis
2017 871 2119 939 parte,

1373 949 1465 1022 atque
1477 945 1508 1006 in
1522 944 1666 1021 Ecclesil,
1680 963 1743 1010 non
1756 949 1860 1012 minus
1871 951 2008 1014 doctrine
2023 971 2119 1034 quam

1373 1037 1533 1103 sanctitate
1554 1039 1679 1113 illustri,
1695 1039 1843 1105 deiecisse
1864 1043 2120 1109 confirmationis

1372 1137 1615 1195 sacramentum:
1639 1140 1674 1196 ut
1694 1134 1809 1213 optime
1830 1139 1864 1200 ad
1891 1153 1958 1200 rem
1979 1149 2121 1202 nostram

1373 1222 1474 1299 pergit
1495 1221 1623 1286 Goarius
1638 1225 1702 1288 loco
1724 1228 1780 1290 cit.
1805 1245 1824 1290 1
1838 1231 1962 1292 atvero
1978 1237 2120 1296 1111111-

1373 1313 1455 1392 plam
1475 1319 1505 1378 et
1518 1319 1692 1396 spatiosam,
1708 1325 1771 1384 tam
1792 1323 1946 1386 eruditam
1957 1331 2121 1405 etaposto-

1373 1405 1501 1470 licarum
1517 1411 1852 1494 ecclesiasticarumque
1862 1420 2061 1482 sanctionum
2075 1424 2122 1480 te-

1374 1517 1481 1564 nacem
1502 1503 1661 1569 christiani
1682 1508 1764 1570 orbis
1785 1511 1960 1588 portionem
1976 1515 2050 1576 adeo
2065 1528 2121 1574 ex·

1373 1595 1524 1672 quisitum
1537 1609 1766 1663 sacramentum
1781 1606 1945 1683 respuisse,
1962 1607 2121 1685 neglexis-

1373 1702 1416 1762 se,
1439 1689 1490 1752 vel
1505 1690 1672 1768 ignorasse,
1685 1695 1784 1774 pauci,
1798 1711 1848 1760 me
1859 1697 1985 1776 quidem
2000 1700 2118 1777 iudice,

1373 1779 1475 1844 dicere
1494 1783 1700 1850 attentabunt.
1718 1805 1736 1848 ›

1412 1875 1431 1950 ἓ
1451 1874 1500 1938 st.
1523 1876 1621 1955 eaput
1643 1879 1699 1941 boc
1719 1881 1852 1944 iniustae
1865 1893 1958 1963 atque
1973 1886 2119 1965 inoppor·
2151 1893 2325 1995 lhwlop-aus

1374 1974 1466 2030 tunae
1477 1971 1675 2035 dissensionis
1686 1974 1769 2038 inter
1777 1977 1916 2040 Latinam
1929 1988 1960 2042 et
1969 1980 2120 2044 Graecam
2138 1949 2215 2046 {²3⁰2
2233 1961 2325 2056 circii}

1374 2060 1541 2124 Ecclesiam
1561 2065 1716 2143 originem
1737 2072 1828 2132 traxit
1848 2087 1863 2132 a
1885 2072 2117 2148 controversiis,
2138 2013 2323 2162 ἶῖξῖξέξᾱζᾛζ

1372 2169 1451 2230 quae
1471 2155 1554 2218 inter
1575 2165 1725 2222 nostrates
1752 2163 1910 2242 theologos
1938 2167 2046 2244 agitari
2068 2183 2118 2227 so·
2138 2161 2323 2264 1131191θά1

1372 2245 1449 2308 lent.
1478 2250 1639 2330 Disputant
1660 2253 1702 2329 bi,
1726 2261 1833 2320 utrum
1862 2224 2321 2338 1111111111111-1311111111111

1373 2350 1514 2404 mentum
1536 2345 1783 2410 confirmationis
1798 2351 2044 2418 ministraverint
2060 2371 2118 2435 per
2138 2325 2249 2368 manna.

1371 2449 1522 2500 manuum
1554 2438 1805 2520 impositionem,
1837 2461 1876 2508 an
1906 2447 1999 2510 etiam
2029 2465 2118 2512 sacro

1373 2529 1543 2592 Cbrismate
1564 2533 1716 2610 adbibito;
1739 2543 1770 2597 et
1784 2538 1920 2616 quidem,
1937 2549 1972 2604 ut
1989 2542 2116 2619 ossolet,

1371 2623 1517 2686 nonnulli
1536 2624 1690 2690 affirmant
1704 2627 1785 2707 quod
1799 2631 1850 2693 alii
1866 2644 1990 2712 negant.
2014 2637 2118 2700 Disce·

1371 2721 1475 2792 ptatur
1494 2719 1589 2782 etiam
1611 2722 1693 2784 inter
1720 2739 1789 2799 eos,
1812 2745 1849 2790 an
1870 2727 1933 2789 sola
1962 2745 2117 2793 manuum

1372 2809 1526 2890 impositio
1557 2815 1596 2876 sit
1627 2819 1753 2880 materia
1784 2821 1875 2884 buius
1913 2825 2115 2903 sacramenti;

1371 2911 1531 2973 nonnullis
1554 2914 1741 2990 tenentibus,
1759 2914 1791 2976 in
1812 2917 1847 2977 ei
1862 2917 2020 2980 dumtaxat
2041 2936 2117 2983 can·

1369 3005 1477 3068 sistere
1497 3007 1679 3070 sacramenti
1701 3010 1874 3087 materiam,
1887 3012 1963 3074 dum
1984 3014 2035 3075 alii
2050 3032 2115 3078 ma-

1370 3097 1440 3160 lunt
1461 3099 1493 3160 in
1515 3115 1599 3162 sacro
1614 3100 1786 3166 chrismate
1802 3108 1936 3166 statuere
1952 3108 2117 3172 materiam

1369 3199 1522 3254 remotam
1553 3195 1752 3271 sacramenti,
1779 3197 1952 3274 proximam
1982 3202 2114 3264 veroin

1370 3283 1451 3346 illius
1472 3284 1685 3364 applicatione,
1708 3304 1786 3366 quae
1800 3289 1834 3350 iit
1848 3307 1918 3354 cum
1940 3292 2029 3371 signo
2043 3311 2116 3357 cru·

1368 3378 1410 3439 cis
1433 3379 1467 3440 ad
1489 3379 1695 3442 confirmandi
1715 3380 1851 3446 frontem
1872 3384 2007 3450 iuxtaid
2029 3391 2115 3468 quod

1368 3469 1483 3548 legitur
1503 3471 1537 3534 in
1552 3473 1675 3534 decreto
1696 3489 1751 3552 pro
1766 3475 1977 3542 armenorum
1998 3480 2115 3545 instru-

1367 3565 1469 3628 ctione
1489 3565 1526 3627 ab
1548 3566 1688 3642 Eugenio
1709 3566 1759 3631 11.
1780 3569 1927 3634 Pontidce
1946 3573 2041 3636 edito:
2060 3575 2113 3638 Se·

1370 3657 1509 3720 cnndnm
1540 3664 1777 3723 sacramentnm
1807 3669 1855 3724 est
1885 3665 2112 3746 Confirmatio,

1369 3751 1463 3812 cuins
1477 3752 1613 3814 materia
1632 3759 1679 3814 ast
1696 3753 1855 3828 chrisma,
1877 3761 2056 3839 consectam
2071 3777 2113 3824 erc

1369 3845 1445 3915 oleo,
1461 3843 1541 3921 qnod
1556 3845 1694 3906 nitorem
1707 3846 1870 3928 significat
1885 3851 2111 3926 concientiae,

1369 3941 1399 3997 11
1421 3935 1568 4010 balsamo,
1583 3937 1664 4016 qnod
1686 3939 1809 4002 odorem
1829 3944 1992 4025 significat
2013 3943 2114 4012 bonae

1369 4031 1485 4109 famae,
1494 4043 1550 4107 per
1561 4029 1752 4109 Episcopum
1764 4031 1935 4100 1111111111.
1947 4038 2005 4102 Ubi
2016 4041 2112 4102 etiam

1368 4125 1509 4189 Pontilex
1530 4126 1659 4205 loquens
1673 4127 1710 4190 de
1727 4143 1878 4193 manuum
1900 4133 2110 4211 impositione,

1368 4237 1447 4299 quae
1467 4220 1504 4282 ab
1524 4221 1677 4299 Apostolis
1697 4223 1756 4284 hoc
1775 4234 2001 4290 sacramentum
2017 4229 2111 4291 mini·

1367 4314 1499 4378 strandis
1513 4314 1616 4390 tiebat,
1631 4315 1673 4378 ita
1686 4315 1800 4379 subdit:
1818 4318 1883 4380 loco
1897 4327 2005 4383 antem
2017 4322 2111 4384 illins

1368 4422 1483 4469 manns
1515 4407 1730 4485 impositionis
1767 4411 1868 4474 datar
1900 4413 1935 4475 in
1966 4413 2110 4479 Ecclesia

1370 4499 1587 4580 Confirmatio.
1621 4501 1681 4564 lilii
1712 4503 1848 4582 denique
1877 4505 2110 4585 impositionem

1367 4599 1560 4654 manuumet
1575 4594 1713 4657 Cbrisma
1735 4596 1829 4659 simul
1850 4597 1986 4676 iungunt
2006 4601 2110 4665 dicen-

1368 4693 1424 4760 tes,
1448 4692 1509 4748 tam
1531 4686 1616 4749 illam
1637 4703 1730 4766 quam
1753 4689 1833 4752 istud
1855 4693 2015 4754 materiam
2044 4711 2110 4758 esse

1366 4779 1545 4840 sacramenti
1559 4779 1823 4843 confirmationis:
1840 4784 1997 4847 sedetiam
2012 4803 2109 4866 aeque

1366 4888 1399 4934 ac
1421 4871 1502 4934 istud
1524 4873 1683 4935 materiam
1704 4874 1945 4954 inadaequatam,
1975 4880 2108 4958 quoties·

1366 4979 1499 5044 cumque
1529 4967 1657 5028 seorsim
1681 4969 1933 5048 considerentur;
1955 4973 1981 5034 si
2003 4982 2107 5036 autem

1366 5059 1459 5122 simul
1481 5061 1663 5137 iungantur,
1680 5069 1767 5138 tunc,
1783 5065 1883 5140 aiunt,
1895 5065 1928 5127 in
1944 5067 2052 5128 iisdem
2067 5067 2107 5129 ita

1366 5156 1539 5218 coniunctis
1570 5159 1730 5219 materiam
1762 5159 1890 5222 totalem
1924 5161 2107 5222 sacramenti

1365 5249 1542 5311 consistere.
1566 5250 1733 5315 Caeterum
1754 5251 1848 5330 ipsam
1878 5267 2028 5314 manuum
2050 5253 2107 5314 im·

1364 5341 1548 5422 positionem
1570 5343 1620 5404 alii
1642 5351 1751 5422 putant
1771 5361 1838 5406 eam
1859 5347 2108 5425 esseprotensio-

1365 5451 1439 5496 nem
1461 5451 1622 5512 manuum,
1646 5453 1737 5516 quam
1758 5438 1829 5500 lacit
1851 5439 2014 5520 Episcopus
2039 5455 2106 5502 ver-

1364 5547 1415 5593 sus
1438 5533 1663 5596 confirmandos
1683 5537 1741 5597 sub
1761 5535 1885 5597 initium
1900 5551 2000 5598 sacrae
2014 5535 2106 5596 actio-

1366 5625 1425 5701 nis,
1448 5624 1521 5687 dum
1546 5628 1663 5704 priores
1684 5628 1793 5691 recitat
1813 5645 1932 5708 precem
1954 5630 2005 5692 alii
2024 5627 2105 5692 eamss

1364 5718 1435 5781 dem
1456 5727 1627 5797 agnoscunt
1647 5723 1679 5784 in
1702 5723 1766 5800 ipso
1788 5725 1926 5802 ungendi
1948 5733 2028 5800 actu,
2044 5741 2105 5805 quo

1365 5815 1531 5895 Episcopus
1550 5815 1798 5892 signatlroutem
1820 5817 1903 5879 illius
1924 5833 2018 5897 quem
2033 5834 2105 5880 cou-

1364 5911 1478 5984 firmat,
1491 5925 1562 5971 cum
1574 5917 1707 5989 nequeat
1718 5910 1847 5974 alicuius
1862 5912 1946 5974 lrons
1962 5929 2104 5996 unguen·
