4828 6990
314 541 368 598 An.
383 546 413 600 C.
434 548 503 604 1748
552 547 611 610 370

533 685 701 765 Episcopus
723 685 830 750 Missae
851 685 986 763 intersit,
1011 688 1063 750 sed
1085 694 1171 748 extra
1192 701 1280 748 suam

533 778 697 840 dioecesim
718 788 878 856 versetur,
901 788 994 860 prout
1024 780 1198 843 desumitur
1218 778 1282 841 llu-

533 872 624 935 bricis
646 871 772 936 Missalis
793 875 846 936 tit.
872 875 907 936 de
929 872 1143 937 benedictione
1164 873 1200 934 in
1220 872 1281 951 fine

534 964 663 1038 Missae,
687 975 717 1030 et
739 965 914 1049 annpelio
938 968 1050 1032 Sancti
1073 967 1213 1030 loannis.

341 1069 516 1125 concluditur,
575 1062 656 1125 Cum
678 1061 738 1123 iam
760 1069 956 1141 perspectum
978 1063 1034 1134 sit,
1058 1078 1119 1142 quo
1141 1070 1281 1139 tempore

303 1132 359 1222 1ᾳέιῖ
368 1127 517 1234 ῑῧῗεζῗῖἒὲἷ
534 1163 566 1217 et
580 1153 647 1217 loco
660 1155 792 1234 simplex
808 1155 954 1219 Sacerdos
969 1156 1081 1236 populo
1101 1155 1195 1235 possit
1210 1155 1281 1216 inre

303 1229 516 1332 ἓξῖξοῗῃξζθξξξῗ·
534 1264 592 1310 sno
601 1247 795 1324 benedicere,
809 1251 979 1318 necessario
990 1245 1281 1329 consequitur,nul-

535 1342 596 1404 lam
619 1341 710 1405 aliam
737 1343 986 1407 benedictionem
1010 1360 1104 1422 super
1131 1331 1286 1421 populum

534 1436 572 1499 ab
593 1436 657 1514 ipso
673 1437 825 1517 impertiri
840 1438 945 1514 licere,
962 1439 1021 1501 nisi
1041 1438 1113 1500 iore
1129 1437 1280 1517 delcqato.

535 1531 634 1594 liuius
656 1537 785 1593 naturae
800 1539 847 1594 est
868 1531 1053 1607 benedictio,
1066 1531 1103 1594 de
1124 1547 1183 1610 qua
1198 1545 1282 1592 nnnc

535 1625 668 1702 agimus,
681 1641 759 1705 quae
776 1642 831 1705 per
845 1626 1073 1704 delegationem
1087 1624 1281 1706 apostolicam

535 1735 608 1782 cum
636 1719 728 1782 unice
748 1721 946 1796 concedatur,
976 1729 1119 1784 nostrum
1147 1726 1193 1780 est
1216 1733 1283 1780 om·

536 1812 614 1875 nino
624 1814 721 1877 ritum
737 1815 954 1891 praescribere,
971 1829 1065 1892 quern
1080 1813 1212 1875 interius
1227 1826 1282 1889 pro

447 1905 448 1908 ’
536 1921 646 1968 norma
668 1907 700 1968 in
723 1915 878 1986 posterum
902 1907 1051 1970 servanda
1069 1907 1281 1980 subiiciemus,

444 2017 449 2030 ·
539 2014 601 2076 quo
621 2015 695 2060 sane
717 2001 762 2062 uti
784 2000 930 2064 volumus
951 2019 985 2063 ae
1005 2001 1202 2066 decernimus
1231 2014 1282 2060 eos

536 2091 665 2156 Ordines
687 2094 867 2172 Regulares,
883 2095 949 2158 sive
971 2096 1193 2169 mendicantes,
1216 2092 1283 2154 sive

306 2187 519 2290 aegiiffliiiiissl
538 2201 601 2250 uon
624 2187 847 2264 mendicantes,
871 2190 1066 2264 monasticos,
1090 2188 1139 2250 vel
1160 2187 1283 2250 clerico·

306 2294 450 2352 amiciunt,
464 2295 519 2343 ture
536 2295 611 2342 rum
625 2280 829 2358 regularium,
845 2281 958 2361 quibus
973 2298 1029 2344 nos
1049 2283 1120 2362 ipsi,
1132 2280 1182 2343 vel
1198 2297 1282 2359 prae-

306 2347 431 2404 ΜΒΝ·
538 2373 711 2436 decessores
734 2375 843 2450 nostri,
861 2377 911 2439 uel
936 2375 1034 2439 lutari
1054 2376 1185 2438 Romani
1205 2375 1282 2438 Pon·

538 2465 652 2542 tiiices,
675 2467 853 2531 facultatem
881 2470 1065 2534 tribuendae
1090 2467 1211 2548 populis
1232 2467 1284 2530 be·

539 2560 726 2624 nedictionis
739 2563 957 2642 permiserint.
971 2625 973 2629 ,

339 2667 439 2729 norma,
455 2677 521 2725 quaa
578 2655 790 2719 Admoneatur
804 2657 908 2737 itaque
922 2659 1054 2739 populus
1069 2659 1106 2721 de
1118 2644 1284 2735 indulgen-

308 2720 497 2776 ¹³¹⁸⁰⁸⁰¹¹¹³¹²¹¹⁵
538 2749 579 2811 tia
601 2765 617 2810 a
639 2749 717 2813 Sede
741 2751 913 2830 Apostolica
934 2769 1087 2828 concessa,
1104 2753 1141 2816 tle
1162 2765 1282 2830 praece-

539 2843 598 2922 ptis
619 2844 764 2922 operibus
792 2861 847 2924 pro
869 2862 904 2909 ea
926 2846 1154 2920 lucrifacienda,
1169 2846 1207 2908 de
1222 2845 1282 2921 die,

538 2952 599 3015 quo
621 2937 772 3001 visitanda
787 2945 833 3001 est
848 2939 987 3015 ecclesia,
1003 2939 1041 3002 de
1056 2944 1129 3001 nora
1150 2937 1283 3017 denique

539 3047 598 3109 qua
618 3030 709 3095 datur
736 3032 892 3110 pontificia
917 3032 1106 3110 benedicti03
1129 3039 1160 3094 et
1180 3030 1284 3094 admo-

540 3125 618 3188 nitio
640 3124 714 3187 baec
734 3126 801 3188 sieri
823 3129 927 3205 possit,
960 3134 1114 3205 quatenus
1135 3142 1211 3204 opus
1232 3126 1283 3200 sit,

539 3218 634 3280 etiam
654 3217 771 3281 schedis
793 3219 960 3298 impressis,
983 3228 1014 3282 et
1035 3221 1189 3283 consuetis
1211 3219 1285 3281 locis

539 3311 639 3390 palam
661 3311 772 3374 affixis:
797 3313 870 3376 licet
890 3315 1009 3376 etenim
1030 3313 1060 3377 itl
1082 3315 1284 3392 apraedeces·

539 3419 617 3476 sore,
628 3414 735 3468 nostro
758 3407 918 3470 Clemente
939 3407 1015 3486 Papa
1031 3407 1107 3471 lllll.
1122 3406 1217 3470 luerit
1232 3421 1284 3468 ve-

538 3497 634 3561 titum
655 3497 801 3564 iratribus
823 3501 932 3563 Beatae
955 3501 1065 3564 Mariae
1087 3503 1125 3565 de
1145 3501 1285 3564 Mercede

539 3592 771 3672 Redemptionis
787 3595 986 3673 Captivorum
1001 3603 1032 3657 et
1047 3595 1193 3659 iratribus
1209 3596 1284 3659 San-

539 3687 692 3748 ctissimae
720 3687 879 3750 Trinitatis
910 3688 1140 3768 Redemptionis
1172 3691 1285 3768 pariter

541 3779 752 3857 Captivorum,
768 3781 802 3842 in
821 3781 1100 3844 communicatione
1121 3781 1285 3859 indulgen·

540 3873 653 3936 tiarum
676 3881 706 3935 et
727 3875 920 3952 orationum
944 3876 990 3937 uti
1012 3875 1143 3939 babetur
1163 3876 1196 3938 in
1219 3877 1285 3938 eius

538 3965 774 4042 constitutione,
795 3984 873 4046 quae
894 3969 1000 4048 incipit
1025 3969 1104 4032 Cam
1118 3969 1159 4032 od
1176 3967 1284 4031 uberes

534 4062 558 4136 ’ἓ
578 4061 610 4135 5,
635 4068 666 4122 et
682 4062 713 4122 in
729 4060 786 4122 alia
808 4061 1040 4125 Constitutione
1056 4063 1149 4124 Decet
1172 4061 1284 4125 Roma-

540 4171 618 4216 nnm
640 4153 825 4233 Pontificem
846 4155 865 4230 S
886 4159 927 4229 6,·
948 4156 1052 4218 visum
1070 4165 1174 4218 tamen
1197 4156 1285 4219 nobis

540 4255 596 4322 est,
620 4247 650 4310 id
672 4263 737 4310 esse
758 4248 922 4327 hypothesi
947 4250 1177 4329 inapplicabile3
1200 4266 1283 4325 cum,

539 4341 667 4402 caeteris
688 4343 913 4419 praetermissis
938 4343 1090 4420 praedicta
1111 4344 1285 4406 communi-

539 4434 617 4496 catio
638 4441 759 4497 certum
781 4451 879 4512 genus
900 4452 1114 4515 personarum,
1137 4437 1286 4516 quosdam

541 4525 702 4602 videlicet,
727 4537 761 4589 ut
788 4528 978 4607 plurimum,
1010 4528 1191 4606 confratres,
1222 4546 1285 4592 non

527 4628 648 4682 autem
668 4620 820 4699 populum
841 4623 1040 4698 universnm,
1064 4632 1099 4686 ut
1119 4623 1287 4699 indulgen·

542 4712 583 4774 tia
604 4719 635 4774 et
658 4712 847 4790 benedictio,
871 4715 1040 4794 dequibus
1068 4716 1182 4793 agitur,
1205 4731 1288 4778 com·

543 4805 706 4884 plectatur.

583 4900 747 4979 Postquam
777 4903 899 4965 statutis
926 4903 976 4966 die
998 4913 1029 4967 et
1054 4904 1128 4966 liora
1156 4903 1288 4984 populus

543 4994 580 5057 ad
601 4996 761 5058 eeclesiam
782 4999 983 5075 convenerit,
1007 4999 1065 5060 alta
1086 5015 1161 5062 voce
1174 4999 1289 5076 legan-

545 5097 595 5151 tur
617 5091 799 5170 apostolicae
821 5092 1005 5169 literae‚seu
1021 5093 1153 5168 decreta,
1176 5093 1288 5172 quibus

543 5182 737 5262 indulgentia
759 5187 949 5261 conceditur,
963 5203 1022 5248 una
1044 5204 1117 5249 cum
1138 5195 1287 5268 potestate

543 5280 791 5343 benedictionem
813 5280 1006 5358 apostolicam
1022 5301 1116 5363 super
1138 5281 1288 5361 populum

544 5379 734 5455 etlundendi,
756 5387 793 5440 ut
814 5379 851 5441 de
872 5377 1065 5456 delegatione
1090 5378 1289 5440 audientibus

311 4916 526 5069 ξιιιιιιιιιιιιιῑ

544 5481 677 5554 constet3
700 5482 731 5536 et
751 5474 906 5539 concessio
921 5489 960 5535 eu
981 5473 1077 5537 latino
1097 5487 1242 5534 sermone
1256 5474 1288 5536 in

543 5570 707 5647 uulgarem
729 5567 992 5632 accommodatum
1014 5570 1050 5630 ad
1073 5571 1176 5650 populi
1198 5569 1289 5632 intel-

544 5664 706 5742 ligentiam
728 5679 874 5726 conversa
892 5664 1133 5742 pronuncietnr:
1157 5664 1289 5744 populus

544 5759 579 5818 ad
594 5772 722 5818 suorum
737 5756 890 5819 scelerum
906 5759 1141 5821 detestationem
1156 5758 1208 5836 pio
1222 5758 1291 5820 bre-

545 5849 638 5928 vique
658 5864 802 5913 sermone
820 5850 988 5913 excitetur:
1005 5861 1071 5931 post
1093 5869 1170 5932 quae
1186 5851 1290 5915 Sacer-

545 5943 609 6019 dos,
626 5942 722 6005 nullis
732 5943 1038 6008 circumadstantibus
1050 5945 1212 6022 ministris,
1228 5945 1290 6006 sto-v

1050 566 1114 612 tun.
1139 563 1229 611 PONT·
1255 564 1294 608 DE
1315 565 1344 610 P.
1369 565 1397 609 E.
1423 563 1504 609 PARS
1527 563 1548 608 t

1336 684 1364 746 la
1384 692 1416 747 et
1436 683 1660 764 superpelliceo
1685 682 1815 746 indutus
1845 683 1892 761 (ut
1914 684 1946 745 in
1967 683 2081 746 Riiuali

1305 827 1306 830 ,
1336 777 1474 840 Romano
1495 777 1730 856 praescribitur,
1753 791 1823 840 cum
1845 776 1948 853 agitur
1972 777 2082 840 debe

1337 871 1582 947 nedictionibus,
1606 887 1685 950 quae
1705 878 1791 934 extra
1816 871 1937 934 Missam
1959 871 2084 950 presby·

1338 967 1411 1028 teris
1426 964 1667 1063 permittuntur)
1688 971 1760 1027 ante
1773 963 1868 1028 altare
1884 965 2081 1042 genuflexus,

1336 1059 1539 1139 sequentibus
1559 1058 1664 1121 uerbis
1685 1059 1740 1122 Dei
1761 1074 1851 1140 opem
1873 1058 2034 1138 imploret:

1378 1247 1414 1318 lt.
1440 1247 1652 1311 natatoriam
1669 1254 1815 1311 nostram
1831 1247 1867 1310 in
1882 1247 2009 1310 nominc
2023 1247 2082 1310 Do·-

1338 1358 1431 1404 moni.

1376 1443 1415 1518 ip.
1442 1436 1504 1511 Oai
1525 1437 1604 1518 fecit
1625 1436 1758 1507 coelum,
1781 1443 1812 1498 et
1835 1443 1966 1502 terram.

1379 1529 1415 1600 i.
1440 1529 1570 1593 Solonem
1592 1532 1645 1610 tac
1659 1529 1815 1607 papalum
1832 1535 1925 1592 tnom
1938 1531 2080 1593 Domine.

1376 1631 1419 1704 a).
1443 1625 1485 1686 Et
1508 1622 1635 1686 benedic
1657 1623 1853 1687 haereditati
1876 1629 1962 1688 tace.

1370 1717 1415 1788 ‚la
1442 1717 1597 1780 Dominus
1618 1714 1787 1779 vobiscum.

1377 1818 1416 1891 pt.
1442 1811 1484 1874 Et
1507 1827 1578 1873 onon
1599 1809 1724 1890 spirito
1747 1817 1815 1873 too.
1861 1868 1863 1872 .

1379 1988 1503 2062 Deinde
1525 2005 1624 2074 stans,
1654 2005 1840 2078 sequentem
1876 1999 1985 2062 recitat
2012 1999 2084 2064 Ora·

1339 2095 1466 2157 tionem.

1641 2298 1775 2344 OEEMUS

1381 2471 1584 2550 Omnipotens
1609 2470 1646 2532 ct
1660 2471 1842 2534 misericors
1863 2470 1957 2546 Dens,
1976 2473 2016 2536 do
2031 2488 2084 2534 no-

1340 2567 1387 2630 bis
1408 2564 1575 2629 ancilium
1603 2566 1640 2628 de
1665 2569 1787 2638 sancto,
1818 2569 1849 2626 et
1872 2570 1946 2630 nota
1973 2565 2085 2644 popott

1339 2658 1438 2722 baina
1460 2659 1496 2721 in
1518 2657 1705 2721 bumilitate
1720 2657 1824 2720 cordis
1839 2659 1964 2722 ironiam
1977 2675 2085 2739 pecca·

1341 2762 1447 2816 torum
1468 2752 1636 2830 poscentis,
1662 2759 1813 2830 tuamque
1835 2749 2084 2814 benedictionem

1338 2845 1571 2924 praestolantis
1583 2851 1614 2906 et
1635 2845 1788 2926 qratiam,
1803 2845 1972 2908 clementer
1985 2863 2085 2909 enan·

1340 2939 1392 3012 di,·
1414 2939 1580 3002 dcnteram
1603 2942 1694 3000 taam
1718 2953 1907 3016 supeream
1929 2936 2085 3020 beniqnas

1339 3032 1481 3105 catenae,
1506 3049 1544 3094 oc
1563 3031 1798 3108 plenitudinem
1820 3031 1948 3094 diuinae
1963 3031 2085 3095 bencdi-

1340 3127 1457 3189 ctionis
1471 3125 1614 3207 effunde.-
1636 3143 1698 3204 qna
1713 3125 1802 3189 bonis
1818 3124 1963 3188 omnibns
1975 3142 2085 3189 camn-

1341 3221 1400 3293 lat,
1416 3221 1608 3303 felicitatem
1621 3225 1651 3280 et
1662 3219 1763 3283 eitam
1778 3224 2021 3299 consequuntur
2034 3237 2086 3283 ae·

1341 3321 1477 3378 ternam.
1490 3313 1549 3374 Per
1561 3313 1728 3376 Christum
1741 3311 1912 3376 Dominum
1925 3319 2082 3380 nostram.

1378 3417 1417 3490 rt.
1442 3405 1553 3473 Amen.

1381 3599 1450 3660 Post
1471 3612 1565 3675 quam
1581 3596 1618 3658 ad
1632 3611 1730 3658 cornu
1742 3593 1888 3674 epistolae
1902 3594 2033 3671 accedat,
2050 3603 2086 3658 ut

1340 3693 1374 3753 in
1400 3691 1473 3752 actis
1506 3687 1657 3751 Ecclesiae
1679 3687 1914 3750 Mediolanensis
1937 3695 2024 3764 port.
2048 3687 2082 3762 4,

1341 3784 1500 3850 benedicet
1522 3783 1557 3846 in
1579 3779 1709 3843 ecclesia
1730 3782 1771 3845 od
1792 3781 1910 3853 altare,
1932 3786 2024 3844 stans
2050 3779 2086 3844 in

1341 3893 1440 3940 corno
1462 3876 1629 3954 epistolae:
1651 3883 1682 3937 et
1696 3881 1780 3935 stans
1801 3875 1834 3936 in
1856 3889 1953 3937 cornu
1975 3875 2086 3955 episto-

1341 3973 1398 4046 lae,
1411 3985 1474 4033 non
1489 3969 1581 4044 trina,
1599 3969 1657 4031 ltoc
1671 3975 1717 4030 est
1734 3969 1846 4047 triplici
1862 3969 1950 4044 signo
1965 3969 2084 4044 Crucis,

1340 4065 1475 4128 seduna
1507 4061 1739 4136 benedictione,
1762 4062 1854 4124 unico
1883 4061 2026 4124 videlicet
2046 4063 2085 4123 si-

1342 4175 1403 4236 gno
1425 4156 1542 4230 Crucis,
1565 4155 1737 4230 benedicat,
1753 4153 1914 4234 proterens
1929 4155 1988 4217 alta
2011 4170 2086 4218 voce

1341 4254 1414 4315 baec
1435 4252 1540 4315 uerba.

1342 4441 1516 4504 Benedicat
1540 4440 1593 4500 Vos
1612 4437 1815 4518 Omnipotens
1834 4435 1963 4509 Densffl
1975 4435 2084 4510 Pater,

1361 4541 1391 4598 et
1405 4532 1522 4606 Filias,
1536 4541 1566 4596 ct
1580 4533 1723 4610 Spiritus
1737 4531 1885 4596 Sanctae.
1902 4538 1941 4614 n).
1955 4533 2064 4594 Amen.

2112 545 2166 598 Aa.
2179 545 2210 598 C.
2235 544 2316 595 1748
2410 577 2411 604 ι

1383 4723 1475 4787 Trina
1492 4721 1642 4800 siquidem
1660 4721 1833 4784 benedictio
1848 4722 1994 4800 Episcopo
2006 4735 2087 4783 com·
2143 4723 2222 4770 urina
2242 4723 2320 4770 bene·
2410 4707 2411 4780 l

2105 4777 2184 4824 dictio
2206 4788 2259 4824 non
2282 4779 2319 4823 est
2410 4783 2411 4798 ι

1343 4820 1431 4899 petit,
1455 4834 1518 4880 non
1541 4817 1711 4880 Sacerdoti:
1735 4829 1870 4894 cumque
1884 4813 2032 4877 nonnulli
2054 4814 2086 4876 in
2105 4831 2198 4879 asnaa.

1344 4914 1407 4975 tine
1438 4911 1546 4974 Missae
1574 4912 1690 4973 trinam
1718 4925 1867 4987 usurpare
1898 4908 2085 4988 coepissent,

1343 5007 1533 5070 consuetudo
1547 5003 1716 5068 Clementis
1731 5002 1807 5066 lllll.
1822 5003 2003 5065 auctoritate
2017 5001 2089 5064 sub-

1344 5101 1401 5164 lata
1423 5109 1486 5174 est,
1509 5098 1769 5178 quemadmodum
1800 5095 1934 5159 ostendit
1955 5097 2089 5159 Meratus

1343 5195 1399 5257 hac
1421 5194 1543 5255 mortali
1565 5193 1626 5254 vita
1647 5209 1748 5272 nuper
1776 5190 1938 5254 defunctus
1962 5194 2036 5250 torte.
2061 5188 2087 5262 i,

1343 5304 1415 5368 pap.
1439 5288 1515 5350 243.
1539 5286 1570 5349 ld
1593 5303 1649 5348 nos
1670 5287 1762 5348 etiam
1773 5283 1963 5347 advertimus
1985 5284 2022 5344 in
2036 5299 2091 5344 no-

1344 5390 1411 5444 stro
1431 5382 1587 5443 Tractata
1602 5379 1638 5441 dc
1653 5379 1811 5458 sacrificio
1828 5377 2087 5448 lineamenti,

1345 5474 1421 5536 locis
1443 5490 1544 5551 snpra
1566 5473 1733 5536 indicatis.
1763 5473 1797 5534 ln
1819 5472 1941 5534 rubrica
1966 5487 2089 5550 quoque

1344 5569 1470 5632 Missalis
1492 5569 1564 5630 baec
1586 5567 1754 5630 habentur:
1778 5567 1816 5629 ln
1838 5566 1935 5630 Missa
1956 5561 2095 5627 solemni

1345 5659 1505 5725 celebrans
1521 5660 1627 5723 eadem
1642 5676 1712 5720 core
1727 5665 1757 5720 et
1770 5660 1871 5731 modo,
1887 5675 1949 5737 qna
1964 5659 2001 5719 in
2015 5657 2090 5724 Mia-

1344 5755 1389 5817 sis
1409 5756 1560 5833 priuatis,
1583 5754 1676 5815 semel
1708 5759 1838 5815 tontum
1860 5752 2016 5816 benedicit
2037 5768 2090 5830 pe·

1346 5849 1432 5926 pelo.
1455 5849 1583 5926 Insuper
1608 5847 1839 5918 caeremoniale
1869 5847 2090 5924 Episcoporum

1346 5941 1461 6004 trinam
1481 5940 1728 6003 benedictionem
1744 5940 1816 6020 ipsis
1833 5939 1935 6002 solum
1949 5940 2090 6001 tribuen-
