4828 6990
930 529 1126 578 uunnbtctbs
1149 530 1211 574 xlv.

299 661 490 736 remedium,
514 659 594 738 quod
617 658 655 720 de
676 657 847 734 longinquo
874 652 1044 731 petendum

299 761 362 829 est,
395 769 458 815 non
494 753 565 814 satis
599 751 782 829 tempestive
813 747 980 809 adveniat:
1013 754 1045 806 31

299 848 440 927 quamvis
472 847 566 909 etiam
598 843 810 924 quorumlibet
845 841 1044 916 negotiorum

299 941 523 1020 expeditiones,
536 955 615 1018 quae
628 940 660 1000 in
676 939 776 1000 3113313
787 934 1044 999 Poenitentiariae

300 1035 489 1112 apostolicae
522 1035 620 1108 liunt,
653 1032 690 1094 ab
718 1031 803 1093 omni
833 1029 882 1091 vel
914 1027 1043 1090 minima

299 1128 450 1208 pecuniae
478 1128 632 1191 solutione
658 1122 878 1187 inviolabiliter
902 1121 966 1184 sint
989 1120 1045 1181 im-

300 1239 429 1298 munes;
459 1238 524 1285 non
552 1221 698 1283 omnibus
726 1226 831 1280 tamen
859 1214 1044 1277 monialibus

302 1315 388 1378 facile
409 1323 455 1377 est
477 1316 632 1389 invenire,
654 1314 708 1392 qui
730 1325 839 1374 earum
859 1309 983 1384 negotia
1012 1307 1044 1369 in

301 1409 383 1472 Urbe
404 1425 569 1488 procurare
589 1408 666 1471 velit
686 1415 718 1470 et
738 1406 842 1484 possit.

111 1525 138 1576 d.
153 1515 185 1556 ⁰0
199 1513 280 1569 quau-
340 1504 402 1565 lam
424 1519 498 1565 vero
509 1510 662 1580 postrema
677 1509 818 1578 superest
832 1497 980 1578 quaestio,
998 1497 1043 1558 ni·

84 1568 282 1680 3235„ssssssssssss
302 1597 418 1658 mirum
439 1596 476 1658 de
498 1595 697 1674 qualitatibus
724 1593 901 1656 confessarii
923 1600 1045 1652 extror-

84 1685 145 1721 1111
300 1689 427 1764 dinarii,
450 1689 502 1766 qui
530 1687 657 1765 331333
684 1687 828 1748 universa
859 1684 1043 1747 monialium

299 1782 533 1856 communitate,
550 1779 669 1858 331333
685 1779 785 1858 aliqua
802 1779 939 1852 moniali,
952 1792 1043 1856 3333-

301 1877 417 1938 11331133
439 1875 580 1954 deputari
601 1873 717 1935 debeat.
749 1873 843 1933 Porro
865 1871 1044 1933 3311333-

299 1986 392 2049 quam
414 1977 553 2046 tempore
575 1967 750 2030 dubitatum
779 1966 848 2041 1311,
871 1982 909 2027 33
932 1966 964 2027 13
986 1965 1044 2026 bu-

300 2063 430 2125 iusmodi
457 2060 613 2123 sacerdote
640 2062 747 2122 aetatis
774 2061 953 2134 maturitas,
976 2075 1042 2120 mu-

298 2174 369 2221 rum
398 2159 571 2236 integritas,
602 2156 783 2235 prudentiae
808 2158 914 2217 13333
940 2154 1042 2232 requi-

299 2261 402 2330 ratur;
426 2249 500 2332 quas
532 2250 658 2328 quidem
685 2251 771 2312 dotes
794 2249 825 2310 in
855 2265 908 2323 eo,
931 2249 985 2326 qui
1006 2249 1040 2308 ad

299 2345 476 2408 huiusmodi
498 2359 613 2405 munus
639 2343 833 2414 adhibeatur,
858 2341 1042 2402 necessarias

298 2457 374 2517 esse,
397 2453 506 2500 omues
528 2437 674 2498 latentur.
692 2432 778 2496 Sicut
794 2435 886 2495 etiam
910 2433 1040 2495 minime

297 2534 470 2607 dubitatur,
504 2531 581 2608 quin
609 2530 690 2591 idem
723 2527 760 2589 ab
790 2527 951 2591 Ordinario
983 2527 1041 2587 1331

296 2626 468 2706 specialiter
490 2640 546 2703 333
566 2621 751 2684 monialibus
772 2620 954 2699 approbatus
976 2634 1041 2680 esse

298 2719 420 2796 debeat,
454 2732 551 2795 quum
577 2714 756 2777 huiusmodi
786 2713 973 2790 approbatio,
1002 2725 1039 2771 33

296 2808 800 2889 apostolicarumconstitutionum
817 2805 895 2880 lege,
912 2804 1040 2866 omnino

298 2906 473 2982 requiratur
488 2919 551 2964 non
574 2902 676 2963 solum
695 2901 727 2962 in
743 2899 893 2960 omnibus
915 2907 975 2959 133
993 2913 1041 2958 or-

296 2997 432 3070 dinariis,
454 3011 546 3072 quam
568 2993 818 3055 entraordinariis
838 2990 1039 3064 cunlessariis,

296 3089 348 3168 qui
370 3087 568 3162 3331311133,
590 3088 685 3148 31133
707 3085 901 3160 regularibus
922 3083 1041 3144 subiec-

298 3182 345 3257 tis,
368 3180 405 3242 ab
426 3195 533 3240 earum
559 3179 729 3257 respective
757 3175 968 3254 superioribus
990 3177 1039 3235 de-

298 3265 461 3351 prrt'antur3
483 3275 535 3334 sed
557 3273 650 3333 etiam
672 3272 704 3332 in
721 3271 767 3345 iis,
785 3270 837 3348 qui
854 3286 869 3329 3
885 3267 1039 3331 cardinali

299 3368 404 3429 maiori
426 3364 669 3428 Poeuitentiario
695 3365 924 3436 conceduntur,
947 3361 1040 3423 etiam

297 3459 466 3539 Apostolioa
480 3459 556 3522 Sede
568 3468 708 3531 vacante,
722 3473 783 3534 quo
796 3457 946 3517 nimirum
964 3463 1038 3515 tem-

297 3571 371 3632 pore
391 3553 593 3632 amplioribus
615 3553 640 3612 13
660 3552 755 3629 331131
776 3549 981 3621 facultatibus,
1006 3557 1040 3609 31

300 3647 402 3709 ridere
431 3653 476 3708 est
504 3647 536 3708 in
564 3652 667 3707 nostra
696 3644 919 3706 constitutione
948 3656 1041 3720 super

298 3739 381 3800 illius
401 3737 596 3800 facultatibus
618 3737 710 3810 edita,
733 3741 877 3814 quae-est
899 3734 1039 3798 11111113

297 3837 394 3899 1333
414 3835 436 3897 l.
454 3835 582 3898 Bullarii
599 3834 708 3909 nostri,
726 3834 778 3895 ubi
799 3834 988 3912 paragrapho
1002 3832 1041 3892 bt

296 3933 396 3994 eidem
418 3931 612 4004 conceditur,
628 3937 662 3992 ut
678 3937 805 3991 vacante
827 3925 1041 3995 8333113313-

298 4025 381 4090 libus
403 4029 614 4108 confessarios
642 4035 737 4090 33133
766 4026 909 4087 ordinem
934 4025 1040 4086 vulcat

297 4122 460 4200 deputare,
475 4123 503 4183 si
518 4139 567 4184 333
582 4138 621 4183 333
637 4121 747 4199 ulique
759 4115 949 4183 rationabili
966 4133 1042 4178 cuu-

296 4232 333 4278 33
352 4219 520 4295 331133131,
542 4233 725 4295 prosarum
747 4213 964 4285 1111131333
985 4227 1041 4288 up-

295 4308 445 4387 probutos
459 4309 499 4374 ub
517 4311 692 4374 Ordiuurt'o
714 4309 755 4372 ud
777 4307 956 4372 audiendus
977 4323 1041 4366 ruo·

15 4461 16 4466 ,
83 4415 279 4522 [1313ιᾶ31333ξὶἓᾶ
297 4402 438 4466 31311333
475 4406 686 4486 333133313333
725 4403 892 4484 eligendos.
932 4402 1042 4477 Quam·

15 4523 17 4570 t
82 4532 105 4564 aa
124 4533 151 4564 20
173 4523 277 4576 oraine,
297 4497 405 4558 obrem
427 4499 462 4560 ad
486 4499 514 4558 id
537 4500 697 4561 dumtaxat
718 4500 838 4560 redacta
860 4503 1043 4558 331333133-

83 4573 144 4618 ruius
164 4581 199 4619 est
220 4585 278 4620 mo-

15 4637 16 4664 t
85 4628 173 4674 „mm
185 4629 278 4685 Μ,
297 4591 409 4667 versia,
422 4591 588 4654 3333111331
602 4608 619 4654 e
634 4593 717 4654 oleru
738 4591 897 4665 saeculari,
914 4605 952 4650 an
968 4604 1042 4648 vero

84 4687 124 4726 ²1¹2
297 4685 478 4760 eregulari,
495 4685 657 4762 eligendus
671 4686 710 4746 311
724 4683 903 4746 huiusmodi
925 4681 1044 4745 contes-

296 4779 411 4854 sarius3
428 4787 497 4839 tum
512 4779 595 4840 inter
609 4779 778 4854 regulares,
794 4793 833 4838 an
848 4776 961 4838 assumi
975 4791 1042 4854 pos-

296 4872 335 4934 sit
356 4887 395 4933 en
416 4871 555 4950 quolibet
575 4872 691 4938 ¹ordine
717 4871 790 4932 alias
819 4870 981 4949 permisso,
1004 4885 1042 4930 an

297 4981 371 5026 3333
392 4981 516 5044 semper
544 4965 684 5045 deputari
712 4965 819 5026 debeat
841 4981 879 5025 en
901 4963 966 5042 1333
994 4979 1043 5024 or·

296 5059 369 5121 diue
390 5059 516 5138 praelati
539 5057 702 5135 regularis,
715 5057 749 5119 ad
772 5072 865 5136 quem
887 5063 1040 5118 monaste-

295 5152 335 5213 rii
357 5153 499 5229 regimen
516 5159 641 5231 spectat:

88 5317 94 5322 ,
110 5253 209 5316 unroco
222 5264 279 5299 con·
337 5245 418 5308 Sane
434 5262 488 5324 333
499 5245 685 5307 monialibus
701 5243 850 5323 Episcopo
865 5243 1044 5306 immediate

87 5308 212 5353 'mum'
296 5339 441 5401 subiectis
464 5339 570 5415 regula
593 5343 647 5414 est,
674 5346 708 5401 ut
729 5337 903 5400 ordinarius
935 5352 1042 5400 earum

298 5431 452 5495 confessor
473 5432 513 5493 sit
534 5431 673 5494 sacerdus
701 5431 874 5493 saecularis.
898 5431 1042 5493 11313333-

297 5525 455 5588 dinarium
482 5541 556 5587 3333
589 5541 626 5586 ex
652 5523 817 5589 Ordinibus
848 5524 1042 5602 regularibus

296 5619 473 5698 saepissime
495 5619 620 5694 assumi,
634 5617 714 5697 apud
735 5619 898 5698 plerosque
919 5619 1042 5696 Episco-

297 5729 350 5792 333
372 5730 430 5775 333
452 5719 613 5790 33333133
634 5728 698 5774 3333
720 5719 855 5790 constat;
878 5711 1042 5774 deficiente

297 5805 398 5868 133333
421 5805 634 5885 persingulas
656 5805 808 5868 dioeceses
837 5805 1041 5868 saecularium

298 5900 548 5978 presbyterorum
574 5900 609 5961 ad
635 5900 665 5962 id
691 5900 831 5961 muneris
857 5898 1041 5960 idoneorum
1069 5973 1071 5977 Α

1766 509 1823 574 387
1875 507 1971 560 133.
1993 509 2062 560 3343

1100 651 1194 727 33313.
1217 649 1385 726 Regulares
1400 657 1503 713 autem
1519 648 1642 730 praelati
1658 646 1843 735 monialibus

1099 744 1156 805 sibi
1178 743 1322 805 subiectis
1344 743 1565 806 confessarium
1579 743 1771 804 ordinarium
1793 743 1844 804 de·

1099 838 1225 915 signant
1245 853 1263 898 e
1285 854 1340 898 suc
1361 837 1501 916 ipsorum
1529 837 1654 912 ordine3
1676 834 1843 896 3313333311-

1100 933 1224 994 333133
1244 939 1349 993 33133
1371 932 1463 993 31133
1486 947 1524 992 33
1545 930 1603 992 3113
1625 931 1733 992 ordine
1753 945 1843 1006 regu-

1102 1026 1155 1087 lari
1187 1023 1335 1102 deputare
1361 1033 1500 1101 possunt,
1531 1024 1614 1086 13313
1646 1025 1842 1086 decretuma

1100 1121 1268 1196 saepedicta
1297 1119 1546 1196 congregatione
1568 1117 1696 1181 Concilii
1722 1118 1841 1179 editum

1101 1213 1150 1275 3113
1171 1229 1256 1275 31333.
1275 1211 1459 1292 septembris
1485 1214 1564 1276 cuui
1586 1227 1726 1285 nuncu,
1748 1228 1780 1272 ao
1795 1227 1843 1272 re·
1883 1225 2075 1282 3333133333-

1100 1306 1196 1370 latum
1219 1308 1249 1368 in
1274 1306 1367 1371 Libro
1388 1308 1409 1368 3
1431 1309 1629 1370 decretorum
1650 1321 1721 1386 333.
1741 1303 1804 1366 149
1823 1325 1843 1368 3
1862 1283 2076 1380 ἓέἧῗζξςξῐῖἶζξῖῑ

1101 1407 1199 1478 tergo,
1223 1401 1275 1462 ubi
1297 1401 1340 1463 sic
1362 1402 1492 1478 legitur:
1517 1401 1616 1464 Sucro
1638 1408 1696 1463 313.
1718 1417 1841 1478 333333-
1862 1387 2074 1486 {ffldi'gssl'giffi

1100 1493 1161 1564 dit,
1189 1493 1374 1572 Superiores
1401 1497 1564 1575 repuleras
1597 1497 1700 1558 133331
1732 1494 1843 1575 offerre
1861 1493 2012 1593 ,⁰31¹ssssng
2022 1505 2075 1542 ³³⁰·

1099 1589 1331 1663 confessarium
1362 1589 1665 1651 extraordinarium
1702 1589 1841 1650 ciusdem
1977 1583 1982 1592 '

1100 1679 1242 1751 33311313,Ι
1263 1681 1402 1743 ulterius
1423 1699 1494 1743 vero
1520 1683 1643 1744 ordinis
1665 1698 1750 1760 posse
1771 1683 1842 1760 qui·

1099 1774 1177 1845 31331,
1208 1775 1261 1835 sed
1293 1791 1355 1835 333
1386 1776 1499 1838 torreri
1530 1774 1695 1854 Nunquam
1725 1781 1841 1850 tamen,

1099 1871 1179 1950 quod
1196 1871 1446 1944 meminerimus,
1459 1869 1560 1931 ullum
1575 1871 1764 1931 sacerdotem
1779 1884 1843 1928 333-

1097 1965 1248 2040 3313333,
1279 1972 1331 2027 331
1355 1964 1468 2026 diversi
1497 1963 1619 2026 Ordinis
1644 1962 1839 2038 regularem,

1099 2059 1232 2121 vidimus
1247 2075 1262 2118 a
1279 2057 1412 2132 regulari
1435 2055 1569 2133 33331313
1585 2055 1769 2116 monialibus
1784 2055 1841 2116 sibi

1096 2153 1241 2214 subiectis
1264 2151 1544 2214 extraordinarium
1561 2149 1768 2212 consessorem
1790 2150 1841 2210 de-

1096 2245 1208 2324 putari.
1232 2246 1372 2324 Denique
1401 2260 1498 2322 quum
1528 2242 1692 2320 aliquando
1713 2243 1842 2304 evenire

1096 2341 1202 2417 possit,
1227 2347 1271 2412 ut,
1297 2340 1330 2401 in
1358 2354 1426 2399 casu
1445 2336 1655 2414 negligentiae
1675 2337 1842 2413 superioris

1098 2431 1259 2508 regularis,
1283 2432 1317 2492 ad
1342 2431 1539 2509 Episcopum,
1556 2438 1590 2491 ut
1611 2443 1702 2507 supra
1725 2430 1841 2491 dictum

1096 2533 1152 2599 est,
1176 2525 1328 2602 pertineat
1357 2523 1514 2601 deputatio
1536 2521 1712 2584 confessarii
1742 2530 1841 2583 33133-

1096 2618 1244 2678 ordinarii
1266 2617 1358 2678 31133
1374 2631 1430 2696 333
1446 2615 1632 2677 monialibus
1649 2615 1841 2690 regularium

1096 2711 1241 2787 regimini
1264 2711 1420 2790 subiectis,
1439 2710 1522 2771 nulla
1545 2710 1610 2787 ipse
1631 2709 1699 2785 lege
1716 2718 1843 2770 tenetur

1095 2805 1129 2864 ad
1153 2802 1329 2864 huiusmodi
1352 2803 1573 2865 confessarium
1602 2802 1783 2878 eligendum
1805 2819 1842 2863 en

1096 2913 1131 2958 eo
1162 2897 1288 2970 ordine,
1321 2898 1408 2959 cuius
1439 2906 1485 2958 est
1516 2897 1696 2957 monasterii
1726 2896 1841 2974 praela·

1096 2998 1160 3065 tus3
1183 2993 1234 3051 sed
1259 2991 1307 3050 tali
1333 3007 1402 3052 3333
1432 2990 1564 3050 liberum
1591 3000 1636 3050 est
1662 2989 1706 3049 illi
1733 3005 1840 3068 quem-

1096 3083 1170 3144 libet
1202 3083 1349 3144 idoneum
1383 3083 1599 3160 presbyterum
1634 3082 1839 3158 saecularem,

1094 3183 1147 3237 aut
1169 3177 1295 3237 alterius
1317 3177 1432 3237 ordinis
1456 3174 1642 3252 regularem,
1659 3175 1693 3236 ad
1713 3176 1843 3236 audien·

1096 3273 1146 3330 das
1173 3285 1280 3330 33333
1309 3269 1492 3330 333131133
1520 3267 1726 3329 333133313333
1747 3267 1840 3346 depu-

1097 3370 1170 3424 1333.

1136 3456 1175 3519 dt
1196 3471 1295 3534 quum
1316 3455 1840 3534 3333313311133333131333131333
1895 3465 2072 3512 controversia

1096 3549 1167 3613 Sedi
1190 3551 1366 3627 expositum
1388 3548 1506 3624 luisset,
1523 3549 1663 3628 pluribus
1679 3551 1839 3624 decausis,
1860 3517 2074 3620 {Obxrfr‘f‘ss‘ffi

1096 3643 1193 3721 iisque
1215 3643 1419 3720 gravissimis,
1443 3660 1517 3721 quas
1541 3643 1591 3703 bio
1619 3642 1736 3704 reterre
1763 3658 1840 3721 opus
1858 3627 2073 3742 ἓξὲῇξξζθῖξξῇῗ

1097 3753 1160 3798 333
1177 3746 1234 3812 331,
1252 3751 1315 3798 uon
1332 3746 1393 3798 133
1405 3747 1627 3816 3333313333,
1641 3753 1734 3817 quam
1749 3739 1841 3816 plane
1859 3732 1945 3779 011111-

1096 3839 1303 3898 33333333133
1325 3837 1440 3912 rideri,
1464 3845 1498 3898 ut
1520 3836 1704 3898 monialium
1732 3849 1839 3895 mona-

1095 3931 1188 3992 steria
1210 3931 1400 4007 regularium
1416 3931 1562 4006 regimini
1578 3931 1727 4005 subiecta,
1743 3927 1840 3990 semel

1096 4022 1204 4085 saltem
1226 4025 1258 4084 in
1284 4041 1363 4086 auno
1384 4025 1608 4087 confessarium
1632 4023 1840 4086 extraordina-
1885 4047 1887 4050 ·

1096 4117 1180 4178 rium
1202 4118 1315 4179 diversi
1331 4119 1453 4182 Ordinis
1474 4121 1662 4196 regularem,
1679 4129 1841 4181 3313333-

1096 4210 1297 4272 33133131333
1323 4213 1721 4291 333333133331333333,
1747 4214 1841 4275 lmius

1097 4304 1306 4380 3313313333,
1337 4307 1464 4368 iubente
1492 4306 1543 4368 131.
1567 4306 1685 4368 record.
1717 4310 1842 4384 praede·

1097 4419 1216 4465 cessure
1237 4411 1344 4464 nostro
1372 4403 1554 4466 innocentio
1574 4404 1650 4480 Papa
1673 4403 1772 4479 11111,
1797 4417 1841 4462 33-

1096 4505 1259 4576 sumptum
1290 4497 1348 4560 luit
1373 4515 1388 4559 a
1417 4499 1563 4578 peculiari
1593 4499 1842 4576 congregatione

1097 4608 1134 4653 33
1156 4595 1296 4672 quinque
1312 4601 1387 4656 tuuc
1402 4593 1607 4656 existentibus
1623 4594 1654 4657 S.
1667 4594 1703 4655 R.
1718 4593 1753 4655 E.
1770 4594 1841 4655 Car-

1098 4685 1251 4748 dinalibus
1272 4687 1451 4765 composita,
1478 4688 1527 4748 cui
1549 4703 1604 4748 nos
1635 4696 1708 4749 tunc
1730 4686 1762 4748 in
1784 4685 1843 4746 31-

1097 4780 1224 4841 nuribus
1236 4780 1397 4843 constituti
1412 4781 1443 4842 in
1458 4779 1615 4842 secretarii
1626 4795 1759 4842 munere
1773 4795 1844 4858 ope-

1097 4887 1162 4932 ram
1176 4873 1423 4950 praeslabamus;
1445 4887 1596 4951 quaeque,
1613 4889 1669 4950 per
1682 4888 1798 4934 anuum
1811 4878 1842 4933 et

1097 4965 1190 5040 ultra,
1217 4966 1351 5042 singulis
1377 4966 1576 5029 hebdomadis
1602 4966 1783 5043 cogebatur,
1806 4967 1843 5028 ad

1097 5057 1286 5121 discutienda
1314 5065 1345 5120 el
1366 5058 1540 5121 delinienda
1566 5059 1725 5138 complura
1748 5059 1841 5121 eccle·

1097 5152 1288 5214 siastiearum
1303 5153 1521 5231 quaestionum
1537 5153 1646 5230 333113,
1663 5153 1843 5230 3333311313-

1097 5244 1134 5306 de
1155 5247 1365 5308 13333133331
1388 5246 1419 5308 iu
1441 5245 1611 5324 apostolicis
1632 5245 1730 5308 literis
1741 5246 1778 5308 ab
1793 5263 1843 5307 eo-

1097 5339 1169 5400 dem
1199 5338 1381 5402 lnnocentio
1412 5339 1641 5418 praedecessore
1673 5339 1762 5402 editis
1793 5339 1842 5401 die

1098 5448 1168 5494 3313.
1187 5433 1259 5495 3311
1274 5433 1348 5495 3331
1363 5449 1545 5496 33333313.
1563 5449 1695 5512 quarum
1715 5433 1841 5496 initium

1097 5536 1158 5589 est:
1183 5527 1356 5605 apostolica·
1384 5527 1580 5599 dlirtistert'i,
1608 5542 1685 5606 quae
1712 5527 1841 5588 eliama

1097 5636 1162 5682 san.
1176 5637 1271 5683 mem.
1282 5621 1514 5698 praedecessore
1526 5635 1650 5698 quoque
1666 5626 1773 5682 nostro
1787 5621 1842 5682 Be·

1097 5713 1220 5776 nedicto
1241 5712 1319 5790 Papa
1340 5712 1419 5776 Xlll.
1444 5712 1476 5774 in
1498 5711 1597 5773 lorma
1619 5712 1756 5791 specifica
1769 5728 1842 5774 cou-

1097 5806 1238 5869 1333133
1258 5805 1403 5880 1333331,
1426 5822 1480 5884 333
1502 5803 1572 5866 31133
1598 5805 1713 5866 3131133
1735 5803 1841 5866 literas

1096 5897 1178 5960 datas
1200 5898 1249 5960 die
1263 5913 1356 5960 311311.
1374 5897 1555 5975 septembris
1572 5897 1646 5959 anni
1662 5913 1838 5960 1333333113.
