4708 6978
344 583 398 639 Aa.
413 587 442 639 o.
465 583 532 638 1746
583 587 641 651 272
1084 600 1146 644 auru.
1173 597 1262 642 rosv.
1288 593 1326 640 oc
1348 597 1376 642 3.
1402 599 1429 642 3.
1456 597 1537 644 nnus
1560 599 1580 643 ι.

2136 577 2186 632 An.
2200 584 2226 633 O.
2245 585 2300 638 1746
2329 607 2330 664 ι

1364 731 1422 778 333
1443 717 1507 779 3113
1523 717 1615 779 modo
1631 720 1781 797 perterre,
1798 727 1831 782 ut
1846 719 2031 780 sacrificium
2052 721 2105 782 ite-

1362 819 1434 872 rent
1456 811 1591 889 parochi,
1615 811 1727 889 quibus
1742 827 1805 874 non
1820 811 1906 874 deest
1921 811 1998 873 alius
2011 829 2105 874 sacer·

1362 904 1426 979 dos,
1449 904 1502 982 qui
1524 905 1631 967 dicbus
1652 905 1736 967 lestis
1758 905 1870 984 populo
1893 905 2059 968 ministret.
2329 957 2330 984 ,

1401 1000 1420 1074 5
1443 998 1488 1059 17.
1513 998 1584 1059 Post
1606 1000 1690 1072 haec,
1706 1015 1785 1077 quae
1799 1016 1814 1060 a
1830 999 1917 1062 nobis
1939 999 2055 1078 prolata
2068 1003 2103 1064 ad
2123 1010 2308 1105 ι,133333313-
2329 997 2330 1060 l

1361 1095 1523 1157 veritatem
1548 1093 1764 1157 illustrandam
1785 1094 1844 1157 dici
1865 1102 2006 1173 possunt,
2021 1094 2055 1156 ad
2071 1113 2103 1156 ea
2123 1069 2309 1160 r'ri'rbbmm‘h‘*

1360 1203 1538 1248 sermonem
1560 1187 1788 1261 transferimus,
1812 1205 1892 1266 quae
1911 1187 1948 1249 ab
1969 1187 2041 1264 ipsis
2056 1205 2106 1266 pa·
2329 1185 2330 1268 i

561 724 697 804 respicit,
713 731 744 786 et
766 723 808 786 sic
831 721 1040 785 celebrantem
1055 727 1086 781 et
1101 733 1165 780 non
1180 717 1306 779 audien·

561 825 636 880 iem.

600 913 688 986 515.
711 913 813 975 blinus
840 928 963 991 quoque
992 912 1115 990 prodest
1142 909 1305 971 necessitas

560 1023 599 1068 cx
620 1006 720 1084 inopia
746 1007 926 1085 desumpta3
956 1020 1028 1068 cum
1051 1003 1138 1082 plura
1169 1003 1233 1062 sint
1254 1018 1305 1063 ex-

559 1101 732 1178 pendenda,
748 1105 915 1177 antequam
932 1097 1041 1160 titulus
1063 1096 1252 1158 necessitatis
1267 1111 1304 1156 33

558 1193 661 1271 133313
689 1193 870 1271 desumptus
896 1192 1088 1255 admittatur.
1123 1189 1238 1262 Primo,
1264 1203 1302 1248 an

360 3257 446 3320 Neque
471 3267 532 3313 pau-

319 3313 425 3364 pertatis
446 3321 475 3356 33
496 3313 531 3357 lu·

319 3362 515 3418 opiaecclesiae.

558 1303 666 1349 revera
688 1287 810 1365 parochi
834 1293 915 1348 tanta
943 1292 1127 1364 premantur
1154 1289 1301 1358 egestate,

558 1389 593 1442 ut
614 1381 701 1442 alteri
723 1380 872 1443 sacerdoti
898 1378 1088 1456 stipendium
1121 1377 1227 1440 Missae
1250 1391 1303 1436 ne-

557 1483 674 1554 queant
701 1477 910 1553 suppeditare:
935 1473 1067 1536 sienim
1095 1471 1200 1550 inopia
1228 1471 1302 1531 adeo

556 1585 667 1646 magna
683 1586 746 1632 non
762 1569 813 1644 sit,
825 1568 989 1647 episcopali
1008 1567 1203 1638 auctoritate,
1217 1565 1301 1626 iuxta

557 1665 654 1743 Caput
669 1671 815 1742 quartum
829 1662 957 1725 Consilii
971 1660 1145 1724 Tridentini
1161 1675 1233 1720 3333.
1244 1658 1298 1729 21,

556 1757 592 1819 33
614 1755 865 1837 deformatione,
889 1755 966 1831 adigi
991 1762 1177 1833 potuerunt,
1201 1761 1301 1814 3133-

555 1851 671 1913 cerdati
700 1851 821 1912 Missam
850 1848 1044 1912 celebraturo
1070 1847 1300 1924 eleemosynam

555 1945 756 2020 elargiautur,
780 1944 826 2005 uti
848 1943 1004 2020 sapienter
1032 1942 1177 2002 admonet
1199 1938 1299 2015 Engel

554 2038 595 2098 ad
618 2038 671 2098 tit.
696 2035 914 2099 Decretaliarn
936 2036 972 2097 de
993 2031 1204 2097 celebratione
1225 2033 1301 2097 3113-

553 2147 674 2202 333333,
693 2148 724 2192 n.
742 2131 773 2189 3.
799 2130 959 2203 Secundo,
981 2129 1005 2190 si
1028 2127 1167 2207 parochis
1190 2136 1300 2208 tenues

553 2222 682 2284 omnino
703 2222 890 2300 angustique
910 2229 1084 2300 proventus
1115 2221 1297 2296 obveniant,

553 2315 735 2390 videndum,
747 2332 787 2378 an
802 2316 933 2394 populus
948 2317 1039 2378 etiam
1054 2316 1087 2379 in
1103 2318 1209 2378 eadem
1225 2333 1297 2395 pau-

552 2416 672 2488 pertate
683 2418 840 2471 versetur:
855 2412 1118 2488 quemadmodum
1130 2409 1215 2471 enim
1228 2409 1298 2487 Epi-

551 2520 661 2581 scopus
671 2503 796 2580 adigere
807 2512 907 2581 potest
921 2503 1122 2578 sacerdotem,
1135 2509 1170 2564 ut
1184 2502 1297 2580 populo

550 2612 673 2659 sacrum
695 2595 782 2658 iaciat
803 2596 911 2658 diebus
934 2595 1032 2670 lestis,
1057 2597 1097 2657 ita
1115 2596 1209 2657 etiam
1231 2600 1298 2674 pot·

551 2697 597 2751 est
619 2689 755 2751 indicere
779 2689 910 2768 populo,
943 2698 978 2751 ut
1009 2689 1175 2752 celebranti
1200 2703 1298 2750 saeer-

551 2781 613 2844 31311
636 2788 825 2844 consuetum
847 2785 1039 2862 stipendium
1062 2781 1242 2857 elargiatur.
1266 2781 1296 2845 ld

550 2875 646 2937 etiam
674 2892 713 2937 ev
745 2875 930 2939 Tridentino
959 2875 1095 2939 Concilio
1123 2874 1297 2937 desumitur

550 2985 624 3029 3333.
648 2968 701 3042 23,
727 2985 795 3048 333.
823 2970 873 3042 11,
906 2969 941 3031 33
966 2967 1213 3046 deformatione,
1243 2967 1295 3030 ubi

551 3061 624 3124 haec
658 3064 820 3140 leguntur:
857 3065 1090 3125 6333333133
1123 3060 1296 3140 Episcopus

550 3159 590 3216 ut
621 3156 647 3218 ii
676 3158 790 3220 saltent
821 3151 929 3218 diebus
958 3153 1151 3224 Darniaicis,
1181 3160 1212 3214 et
1241 3153 1296 3215 Ee·

549 3251 610 3312 stis
631 3248 822 3311 333333331333
844 3252 902 3309 333.
925 3247 1040 3313 Missas
1062 3246 1234 3310 celebrent:
1256 3249 1297 3311 si-

550 3343 675 3420 quidem
699 3341 773 3404 illud
798 3342 933 3404 verbum
958 3339 1068 3412 Curet,
1097 3351 1295 3420 praeceptum

551 3435 666 3496 interce
692 3435 724 3496 in
746 3435 802 3510 hae
830 3435 1011 3510 gravissima
1040 3451 1127 3497 causa
1156 3451 1220 3497 non
1248 3443 1295 3497 est

548 3527 764 3591 dubitandum.
782 3529 845 3590 llec
860 3536 945 3606 pacto
961 3529 1091 3592 Consilii
1106 3529 1293 3592 sententiam

548 3621 679 3700 explicat
701 3621 911 3701 Pasqualigus‚
935 3623 988 3700 qui
1010 3625 1161 3701 scriptum
1184 3623 1224 3686 ita
1247 3639 1295 3685 re·

548 3715 638 3793 liquit
661 3713 1025 3793 338333133333133333
1054 3716 1189 3792 quaesit.
1213 3716 1290 3789 844,

548 3824 580 3872 a.
606 3809 659 3868 11.-
683 3808 718 3870 Si
735 3808 891 3886 3333133333
913 3808 1024 3885 333333
1046 3809 1090 3870 331
1112 3827 1198 3871 33333
1222 3818 1293 3872 tan·

549 3905 618 3962 turn
639 3901 796 3972 sacerdos,
814 3901 868 3978 qui
885 3906 1036 3962 teneatur
1057 3900 1215 3964 celebrare
1230 3903 1293 3965 die·

547 3991 604 4056 bus
621 3995 722 4074 festis,
742 4000 771 4055 et
793 3994 904 4056 adsint
925 3994 985 4056 alii
1010 3993 1169 4073 simplices
1190 4013 1294 4059 sacer-

546 4087 643 4160 dotes,
668 4087 786 4165 peterit
809 4087 983 4167 Episcopus
998 4105 1048 4149 ees
1064 4105 1170 4170 333333
1191 4091 1232 4153 33
1247 4107 1291 4151 33-

547 4179 735 4244 33333333
757 4178 867 4244 diebus
889 4183 992 4260 [estis.
1018 4183 1115 4246 Retio
1138 4189 1195 4254 est,
1216 4184 1291 4261 quia

545 4274 634 4336 adest
656 4275 839 4354 1331333133
859 4276 982 4351 popuii,
1006 4293 1039 4336 eo
1061 4276 1143 4354 quod
1166 4277 1292 4357 difficile

544 4367 601 4439 sit,
625 4367 706 4446 quod
735 4383 839 4428 333333
865 4367 971 4430 33333
993 4367 1073 4430 bora
1099 4371 1291 4432 convectarat

544 4458 585 4521 ud
607 4458 802 4521 3333333333
824 4458 976 4531 1133333333
998 4466 1028 4521 et
1050 4462 1219 4532 idearum
1240 4481 1290 4526 33-

545 4553 683 4614 33333133
707 4551 998 4614 33333313313333
1025 4554 1148 4616 ordinis
1171 4571 1290 4618 33333

543 4663 639 4708 saara
654 4646 821 4709 addictum
835 4645 961 4724 populo,
979 4648 1099 4724 poterit
1115 4649 1290 4726 Episcopus

544 4755 593 4800 eas
616 4757 734 4820 cepere,
757 4745 796 4800 ut
818 4739 1006 4819 3333333331
1036 4742 1171 4823 officium
1193 4759 1289 4804 suurn

542 4833 670 4911 333313,
694 4833 849 4913 opinando
878 4833 1093 4912 sacrificium,
1116 4833 1289 4913 plebsque

544 4927 734 5007 difficultate
757 4929 856 5005 possit
885 4928 1059 5006 adimplere
1083 4937 1289 5007 praeceptum

543 5020 698 5084 audiendi
719 5037 861 5083 3333333.
887 5023 923 5084 13
946 5021 1007 5084 3333
1031 5027 1288 5084 133333333313-

542 5111 837 5190 33331333333133
865 5114 991 5192 aliquid
1018 5113 1221 5176 contribuere
1245 5117 1288 5178 333

541 5204 761 5270 sacerdotibus
792 5223 849 5285 pra
881 5206 1159 5281 substentatione,·
1190 5211 1285 5287 quie,

541 5317 614 5362 curn
625 5301 814 5362 ministrent
829 5301 957 5379 populo,
980 5307 1189 5379 3333333331,
1207 5303 1287 5380 quad

541 5393 853 5472 accipiant'aliquid
873 5410 930 5472 pro
951 5392 1215 5456 substentatione.

580 5489 599 5562 5
622 5489 670 5550 16.
688 5487 782 5550 Porro
793 5487 917 5550 ditiicile
933 5503 1058 5567 prorsus
1072 5489 1210 5563 videtur,
1222 5505 1288 5550 om-

541 5582 590 5642 nia
614 5583 686 5644 haec
707 5581 801 5643 simul
823 5581 962 5661 copulata
977 5583 1177 5660 deprehendi.
1201 5582 1286 5658 Quod

540 5673 565 5735 si
587 5689 635 5735 res
658 5675 698 5736 113
718 5691 752 5737 33
774 5675 913 5751 baberet,
932 5683 1016 5752 tunc,
1034 5691 1106 5736 ven.
1125 5675 1230 5751 irater,
1248 5693 1286 5737 eu

541 5767 577 5828 iis
598 5768 817 5846 eleemosynis,
840 5785 916 5846 quas
939 5769 1004 5847 ipse
1031 5769 1138 5846 egenis
1159 5768 1285 5846 elargiri

541 5859 623 5936 large
645 5862 846 5935 consuevisti,
867 5861 1060 5940 stipendium
1081 5879 1136 5942 pro
1158 5880 1192 5925 re
1207 5863 1284 5926 divi-

541 5969 579 6018 na
599 5953 737 6018 lactanda
758 5957 966 6020 sacerdotibus
987 5972 1116 6034 erogare
1143 5956 1284 6034 deberes,

1361 1280 1459 1342 rochis
1481 1279 1610 1359 proponi
1632 1281 1786 1343 audimus.
1814 1281 2028 1344 Vehementer
2047 1283 2104 1360 ipsi

1359 1383 1607 1451 conqueruntur,
1620 1375 1646 1435 si
1667 1373 1793 1437 lacultas
1814 1376 1944 1438 iterandi
1964 1376 2104 1440 sacrificii

1359 1466 1467 1528 diebus
1488 1466 1573 1530 lestis
1595 1468 1667 1546 ipsis
1687 1468 1856 1546 adimatur3
1880 1487 1916 1532 eo
1937 1473 2019 1549 quod
2037 1487 2104 1534 mu-

1359 1575 1435 1622 nere
1456 1577 1512 1622 seo
1528 1561 1671 1640 perlungi
1694 1571 1863 1641 nequeant,
1880 1563 1960 1642 quod
1977 1581 2041 1627 non
2056 1582 2104 1627 so·

1358 1653 1424 1714 lum
1446 1654 1647 1717 constituitur
1661 1657 1694 1718 in
1710 1656 1891 1720 celebranda
1907 1666 1937 1718 et
1952 1659 2103 1737 applican-

1358 1747 1393 1808 da
1417 1747 1508 1808 missa
1529 1763 1583 1826 pra
1604 1748 1730 1827 populo,
1746 1766 1818 1812 eum
1840 1750 1908 1813 testi
1932 1751 1995 1812 dies
2017 1768 2103 1830 pera-

1358 1847 1490 1916 guntur,
1505 1843 1558 1903 sed
1574 1842 1667 1903 etiam
1682 1843 1715 1904 in
1731 1842 1920 1921 explicandis
1942 1845 2103 1922 religionis

1357 1935 1528 2012 mysteriis,
1560 1934 1768 2015 tradendaque
1800 1937 1903 2015 pueris
1935 1939 2101 2000 christiana

1357 2027 1531 2107 disciplina,
1555 2047 1626 2092 cum
1648 2029 1684 2091 ad
1706 2047 1828 2093 sacrum
1856 2030 2046 2094 audiendum
2068 2033 2102 2093 in

1359 2121 1524 2184 Ecclesiam
1546 2125 1752 2188 conveniunt.

1395 2214 1414 2287 5
1437 2213 1484 2276 18.
1508 2216 1724 2280 incredibilem
1754 2235 1792 2280 33
1822 2218 1880 2280 hoc
1907 2219 2102 2298 voluptatem

1355 2323 1429 2369 sane
1450 2311 1654 2386 percepimus.
1679 2311 1779 2373 Etiam
1801 2328 1899 2389 quum
1921 2313 1995 2374 olim
2018 2313 2098 2375 felic.

1355 2404 1472 2464 record.
1508 2405 1722 2482 praedecessor
1759 2413 1867 2468 noster
1900 2408 2101 2472 innocentius

1356 2495 1430 2573 Papa
1453 2495 1549 2572 Xlll.,
1578 2497 1613 2557 ad
1640 2498 1831 2562 discutienda
1861 2499 1987 2578 llispani
2017 2502 2100 2564 Cleri

1355 2588 1533 2664 gravissima
1564 2592 1686 2667 negotia
1708 2593 1745 2654 ab
1766 2593 1881 2669 insigni
1903 2594 1971 2654 viro
2001 2595 2101 2656 bonae

1354 2685 1522 2744 memoriae
1544 2683 1700 2747 Ludoricr
1723 2686 1815 2748 huius
1838 2684 1868 2748 S.
1886 2688 1922 2749 11.
1937 2688 1971 2749 E.
1996 2688 2101 2750 Cardi-

1354 2779 1430 2842 nalis
1452 2777 1579 2855 Belluga
1603 2789 1781 2857 nuncupato
1810 2782 1980 2860 proposita,
2008 2789 2101 2861 pe'cu-

1353 2873 1461 2934 113333
1484 2872 1766 2948 dangregaaonen
1794 2876 2017 2951 praestantium
2045 2877 2100 2938 ali·

1352 2974 1428 3045 quot
1449 2967 1588 3028 eiusdem
1610 2965 1641 3028 S.
1659 2967 1694 3026 11.
1713 2966 1747 3028 Ε.
1772 2967 1982 3029 cardinalium
2004 2969 2101 3048 depu-

1354 3065 1459 3136 tasset3
1483 3059 1635 3138 nobisque
1652 3067 1727 3121 tunc
1749 3059 1781 3120 in
1797 3060 1971 3123 minoribus
1986 3064 2100 3125 consti·

1354 3153 1427 3215 tutis
1449 3153 1544 3230 ipsius
1568 3153 1826 3230 Congregariants
1841 3153 2007 3216 Secretarii
2029 3172 2100 3218 mrt-

1352 3263 1411 3309 nus
1433 3248 1656 3322 demandassen
1680 3247 1885 3309 meminimus
1901 3265 1963 3310 non
1987 3264 2098 3326 parum

1353 3340 1511 3417 temporis,
1530 3339 1767 3419 plurimumque
1787 3340 1898 3402 laboris
1917 3341 2006 3403 nobis
2022 3357 2099 3420 opus

1352 3432 1455 3507 luisse,
1480 3441 1513 3494 ut
1536 3433 1643 3494 falsam
1664 3436 1794 3496 omnino
1809 3435 2012 3513 probaremus
2034 3437 2096 3516 opi·

1350 3527 1491 3600 aionem,
1514 3526 1553 3588 ob
1573 3542 1666 3604 quam
1688 3529 1813 3605 parochi
1840 3529 1964 3607 Hispani
1986 3545 2018 3591 se
2040 3531 2097 3592 im·

1350 3637 1462 3682 munes
1485 3638 1518 3684 33
1539 3612 1652 3683 liberos
1673 3621 1854 3684 dictitabant
1875 3623 1912 3685 ab
1932 3625 2097 3688 edocendis

1350 3715 1602 3794 instruendisque
1624 3715 1799 3778 Christiana
1818 3718 1956 3780 doctrina
1977 3719 2095 3796 pueris,

1350 3825 1386 3870 eo
1407 3810 1488 3887 quod
1510 3807 1688 3871 huiusmodi
1709 3810 1949 3872 exercitationes
1970 3811 2002 3874 in
2029 3813 2096 3874 31113

1349 3917 1472 3979 quoque
1487 3901 1622 3962 ecclesiis
1637 3901 1846 3978 haberentur3
1869 3912 1922 3966 aut
1937 3907 2008 3982 quia
2023 3922 2095 3968 con-

1349 3993 1542 4057 cionatorum
1573 4010 1664 4073 opera
1696 3997 1862 4075 studioque
1888 3998 1961 4058 satis
1989 3998 2095 4061 fideles

1350 4087 1599 4163 instruerentur3
1622 4097 1674 4150 aut
1690 4088 1783 4150 etiam
1798 4089 1837 4150 ob
1852 4091 2093 4153 vetustissimam

1347 4181 1617 4256 consuetudinem,
1634 4198 1714 4259 quae
1729 4182 1876 4262 parochos
1892 4182 1972 4261 ipsos
1986 4185 2023 4245 ab
2037 4187 2094 4248 hoe

1348 4288 1443 4335 onere
1464 4275 1622 4336 vindicare
1636 4276 1808 4338 videbatur.
1832 4277 1916 4352 Quae
1931 4279 2035 4339 omnia
2051 4279 2093 4340 le-

1347 4374 1467 4442 guntur
1488 4368 1521 4428 in
1542 4369 1770 4431 constitutione
1785 4387 1863 4447 quae
1884 4371 1991 4448 incipit
2013 4375 2092 4450 Apo·

1346 4460 1453 4521 3131133
1475 4460 1670 4534 ministerii,
1700 4478 1795 4539 quam
1821 4463 1973 4541 praelatus
2002 4464 2092 4526 lnno·

1346 4553 1467 4616 centius
1488 4556 1701 4633 praedecessor
1728 4556 1955 4634 promulgavit,
1980 4557 2091 4636 inqua

1345 4646 1364 4720 5
1386 4645 1415 4708 9.
1439 4653 1642 4710 recensentur
1664 4665 1697 4710 ac
1708 4647 1898 4712 refelluntur
1918 4665 1952 4710 ea
1974 4651 2090 4725 omnia,

1345 4756 1424 4818 quae
1446 4739 1537 4802 modo
1557 4743 1882 4806 commemoravimus.

1384 4834 1403 4907 5
1427 4833 1473 4896 19.
1497 4833 1549 4895 1113
1570 4841 1675 4897 autern
1697 4851 1752 4914 per
1773 4843 1976 4899 transennam
1997 4837 2088 4898 adno-

1346 4930 1426 5004 tatis,
1450 4929 1510 4990 iam
1532 4943 1714 5007 responsum
1736 4930 1908 5007 quaestioni
1931 4930 2088 5004 lactamus,

1344 5021 1489 5084 videlicet
1511 5037 1574 5085 non
1596 5037 1663 5083 esse
1685 5023 1862 5085 iterandum
1883 5024 1931 5085 die
1953 5022 2088 5085 1331333-

1344 5116 1509 5190 crificium,
1526 5115 1551 5176 si
1572 5115 1705 5194 parocho
1720 5115 1950 5179 3113333333333
1965 5133 2089 5195 operam

1343 5225 1429 5271 suam
1458 5225 1571 5270 navare
1598 5209 1709 5286 possit,
1740 5209 1859 5272 etiamsi
1886 5211 2088 5272 catechismus

1343 5302 1451 5364 eodem
1482 5302 1532 5364 die
1557 5301 1691 5380 fideique
1725 5299 1871 5380 mysteria
1901 5303 2014 5382 populo
2036 5320 2088 5364 ex-

1342 5396 1460 5474 planari
1482 5395 1623 5458 debeant.
1655 5395 1735 5457 llaec
1756 5396 1842 5458 enim
1870 5396 1938 5458 sieri
1959 5405 2087 5475 possunt

1342 5489 1480 5552 eiusdem
1501 5489 1667 5552 sacerdotis
1689 5489 1883 5564 ministerio,
1910 5491 1964 5568 qui
1986 5491 2021 5552 ad
2042 5507 2086 5550 sa-

1341 5597 1429 5645 crum
1444 5581 1673 5645 conficiendum
1690 5582 1864 5659 inducitur3
1887 5585 2086 5662 quemadmo-

1341 5675 1415 5738 dum
1430 5692 1486 5738 nos
1498 5675 1556 5754 ipsi
1565 5675 1731 5738 statuimus
1746 5675 1778 5736 in
1794 5675 1985 5738 Bononiensi
1999 5677 2086 5738 Dioc-

1341 5769 1411 5844 eesi,
1434 5786 1507 5832 cum
1533 5770 1565 5831 in
1588 5785 1623 5832 ea
1643 5771 1749 5832 sedem
1777 5768 1977 5844 haberemus,
2005 5769 2084 5831 haud

1341 5863 1530 5938 ignorantes,
1543 5861 1572 5924 id
1594 5870 1842 5925 consentaneum
1855 5878 1922 5923 esse
1943 5861 2084 5936 decretis

1341 5971 1418 6034 quae
1438 5970 1532 6034 super
1553 5955 1607 6018 bac
1629 5973 1664 6017 re
1685 5955 1850 6019 Pontifices
1868 5955 1999 6018 Romani
2019 5971 2083 6018 non

2137 4861 2202 4912 Quas
2216 4859 2291 4904 reiicit.
