4798 6978
315 555 369 613 An.
384 561 415 613 (l.
436 557 517 632 1757
555 551 613 623 684

536 695 684 758 dilectum
706 693 808 757 lilium
833 693 1012 772 Philippum
1034 693 1160 756 hieriam
1188 692 1283 756 Pirel·

535 789 556 851 li
579 797 702 852 nostrae
729 788 955 853 consistorialis
981 788 1077 852 aulae
1099 789 1282 851 adsumtum

533 899 604 944 cont
620 897 654 943 ea
675 897 735 960 qua
752 881 889 944 decrevit
911 881 1058 943 instantia
1079 880 1280 958 postulatum,

532 989 588 1036 nos
617 973 680 1037 tuis
707 962 987 1053 supplicationibus
1009 979 1194 1049 annuentes,
1217 972 1282 1036 Pal-

531 1216 717 1261 suceessorem,
731 1206 755 1252 is
775 1207 854 1268 plane
874 1210 922 1260 esi,
944 1206 989 1264 qui
1011 1217 1154 1264 persuum
1176 1207 1278 1265 ablega-

531 1275 597 1326 tum,
611 1279 760 1330 opportuna
777 1284 896 1330 quaeque
916 1273 1074 1320 documenta
1093 1273 1278 1330 proferentem,

530 1336 640 1392 pallium
655 1337 707 1382 sibi
720 1337 825 1382 concedi
839 1338 966 1394 postulat,
981 1338 1202 1394 quemadmodum
1218 1349 1277 1385 mox

530 1401 579 1460 ipsi
593 1403 707 1449 audietis
722 1403 851 1460 exipsius
865 1404 986 1461 legitimo
1003 1411 1184 1461 procuratore,
1198 1417 1277 1464 quem

529 1469 583 1515 iant
598 1481 668 1516 nunc
682 1472 709 1517 in
723 1471 911 1517 consistorium
926 1472 960 1517 ab
974 1481 1013 1526 eo,
1028 1471 1069 1518 cui
1084 1472 1109 1516 id
1121 1483 1218 1518 munus
1228 1475 1277 1526 est,

529 1537 617 1584 induci
634 1539 799 1584 mandamus.

569 1675 631 1718 Post
641 1677 720 1726 pollii
729 1677 884 1726 petitionem
893 1677 1084 1719 Sanctissimae
1094 1678 1277 1726 intermissam

527 1745 716 1787 allocutionem
731 1754 904 1796 prosequens,
920 1748 1071 1788 electionem
1090 1747 1176 1796 insius
1192 1747 1277 1790 Potri-

528 1811 625 1853 archae
648 1811 739 1854 Tobiae
760 1821 842 1862 quam
863 1813 973 1856 libenter
991 1816 1016 1855 et
1034 1822 1088 1863 qua
1106 1815 1231 1856 claresula
1249 1824 1277 1856 se

527 1880 708 1930 confirmasse,
730 1879 866 1930 eidemque
886 1882 1009 1930 optatum
1027 1881 1146 1932 potitum
1166 1882 1276 1932 bentona

527 1947 673 1992 concedere,
690 1949 788 1988 mulsea
799 1949 881 1997 prius
895 1950 951 1989 tam
965 1948 1007 1990 ltlc
1021 1949 1051 1989 ln
1069 1948 1133 1990 Urbe
1147 1949 1178 1990 ab
1188 1949 1275 1998 ipsius

524 2015 711 2062 procuratore,
735 2021 818 2063 quam
839 2015 868 2056 tn
890 2015 978 2056 Monte
998 2015 1097 2056 Libano
1117 2015 1148 2056 ab
1164 2017 1275 2066 ipsomet

527 2081 688 2124 Patriarchn
701 2082 764 2132 fidei
779 2081 958 2132 professione;
973 2084 1057 2124 totam
1071 2083 1185 2132 cunique
1198 2082 1275 2131 Suro

526 2155 592 2189 rum
605 2146 808 2190 Maronitarum
828 2149 972 2194 stationem,
990 2158 1024 2190 ne
1044 2157 1169 2198 tanquam
1188 2147 1275 2189 obtivi-

525 2217 640 2256 scantur
652 2215 786 2256 sinceram
800 2222 881 2256 suom
895 2214 1083 2256 adhaesionem
1096 2215 1238 2264 catholicae
1248 2215 1276 2266 pi·

526 2281 568 2322 dei
580 2283 605 2324 et
618 2281 677 2324 Serti
690 2283 859 2333 apostolicae,
877 2283 1040 2326 monendam
1058 2291 1119 2328 esse,
1140 2283 1230 2333 eisque
1242 2284 1275 2324 st·

526 2349 586 2408 mul
599 2350 708 2391 nomine
723 2349 861 2400 pontificio
879 2350 1052 2399 apostoticam
1070 2349 1275 2391 benedictionem

526 2415 740 2464 impertiendam,
757 2415 939 2457 ornatissimis
957 2415 1026 2458 lttscc
1040 2415 1125 2457 uerbis
1139 2423 1275 2466 exponere

526 2481 654 2532 dunatus
667 2483 724 2523 est:

566 2610 691 2666 audistis,
707 2610 869 2658 venerabiles
890 2611 995 2668 fratres,
1016 2611 1162 2668 expositam
1181 2611 1274 2668 alogi-

526 2679 592 2725 timo
606 2680 682 2726 electi
697 2679 868 2726 patriarchae
887 2683 1068 2736 procuratore,
1082 2689 1130 2736 pro
1144 2677 1223 2737 partio
1238 2679 1274 2724 in-

525 2746 660 2792 stantiam.
672 2745 787 2792 Audistis
802 2749 949 2804 praeterea,
959 2745 1056 2802 quibus
1066 2745 1113 2792 illa
1123 2744 1274 2792 fundamen·

526 2815 561 2860 tis
574 2813 715 2860 innitatur.
731 2817 759 2858 In
774 2813 982 2870 congregatione
999 2813 1115 2870 negociis
1129 2816 1274 2870 Propagan-

524 2881 573 2926 dae
585 2880 657 2926 ridel
666 2879 823 2938 praeposita,
834 2881 887 2926 iarn
897 2891 1010 2938 expensa
1020 2879 1128 2926 fuerunt
1138 2880 1273 2926 electionis

524 2947 658 3001 validitas,
678 2947 754 2992 electi
775 2947 880 3002 merita,
900 2947 997 3005 quique
1015 2951 1150 3004 peractam
1170 2948 1274 2994 electio-

524 3027 584 3061 nem
598 3019 775 3072 consequutus
790 3017 837 3068 est,
852 3015 971 3060 omnium
986 3025 1109 3061 assensus
1119 3019 1145 3060 et
1155 3017 1272 3072 plausus.

524 3085 559 3128 be
572 3083 615 3127 hia
629 3081 751 3128 omnibus
765 3081 797 3128 ad
813 3091 859 3127 nos
872 3082 1072 3128 accuratissime
1083 3083 1198 3128 relatum
1209 3081 1272 3128 fuit:

524 3161 623 3206 nosque
644 3148 791 3195 exhibitum
812 3159 828 3193 a
850 3149 1058 3206 congregatione
1076 3149 1216 3195 consilinm
1236 3161 1273 3195 se-

523 3221 642 3274 quentes,
657 3215 811 3261 electionem
824 3215 909 3272 ipsam
919 3226 1000 3271 quam
1010 3215 1126 3262 libenter
1135 3217 1273 3262 conflrma-

523 3283 619 3328 rimus.
634 3285 663 3327 ln
677 3281 735 3339 ipsa
747 3281 948 3327 confirmatione
958 3282 1105 3328 clausulam
1116 3282 1189 3329 illam
1200 3295 1273 3340 prae

524 3349 697 3404 termisimus,
707 3359 754 3406 per
764 3359 844 3406 quam
853 3348 922 3395 aliae
932 3359 1121 3406 nonnunquam
1132 3350 1273 3396 electiones

523 3415 635 3462 validari
655 3416 748 3469 solent,
762 3419 843 3460 etiam
863 3419 952 3468 qttoad
966 3419 1170 3471 substantiolam
1188 3428 1272 3473 quum

523 3483 590 3529 nihil
604 3483 632 3529 in
646 3495 677 3529 ea
691 3482 857 3528 desideretur
871 3493 902 3526 ex
916 3481 959 3537 iis,
977 3494 1044 3540 quae
1058 3484 1091 3529 ad
1106 3483 1271 3530 validitatem

521 3555 606 3608 actus,
620 3552 695 3598 iuxta
707 3550 866 3596 orientalem
876 3551 1052 3608 disciplinam,
1062 3553 1211 3598 necessaria
1221 3552 1272 3598 exi-

522 3620 678 3672 stimantur:
695 3629 779 3676 neque
799 3629 861 3664 vero
882 3618 1012 3665 affirmari
1026 3631 1073 3676 pro
1087 3624 1160 3665 certo
1176 3621 1270 3676 valeat,

522 3683 695 3732 occidentalis
715 3684 845 3730 Ecclesiae
866 3684 944 3742 leges,
960 3685 1054 3743 quibus
1075 3685 1179 3744 aliquae
1195 3686 1272 3732 indu·

521 3755 579 3800 ctae
599 3753 708 3798 fuerunt
729 3750 918 3798 substantiales
940 3752 1097 3798 electionum
1118 3752 1269 3808 nullitates,

521 3819 682 3865 orientalem
703 3829 807 3876 quoque
828 3818 972 3864 Ecclesiam
993 3819 1105 3872 allicere,
1124 3819 1155 3864 de
1174 3831 1227 3877 qua
1242 3820 1271 3866 itt

520 3885 584 3944 ipsis
598 3885 701 3942 legibus
716 3885 789 3931 nulla
803 3885 920 3932 occurrit
934 3885 1035 3932 mentio
1050 3886 1086 3942 ι’).
1102 3889 1172 3938 Quae
1186 3898 1269 3944 quum

519 3953 558 4000 ita
571 3953 633 4010 sint,
648 3955 795 4000 annuentes
815 3951 937 4008 precibus
951 3952 984 3998 ab
1003 3952 1079 3997 electi
1098 3952 1269 4000 resinarchae

520 4022 692 4078 procuratore
713 4018 848 4076 expositis,
862 4018 957 4064 libenti
977 4019 1067 4064 animo
1081 4023 1202 4075 optatum
1217 4021 1269 4076 pal·

519 4087 585 4134 lium
607 4087 658 4144 ipsi
680 4085 861 4140 concedimus3
884 4085 924 4132 ita
943 4089 1033 4131 tamen
1048 4090 1078 4132 ut
1092 4085 1161 4131 idem
1183 4087 1268 4143 legiti-

519 4163 578 4199 mus
600 4156 765 4210 procurator,
785 4151 891 4200 nomine
912 4151 995 4208 illins,
1010 4163 1026 4196 a
1039 4163 1091 4208 quo
1104 4152 1268 4199 constitutus

518 4224 567 4276 eat,
576 4220 731 4278 priusquam
747 4220 798 4276 ipsi
809 4219 856 4264 flat
865 4219 939 4276 pallii
953 4218 1070 4272 traditio,
1079 4219 1267 4276 professionem

518 4285 579 4331 fidei
594 4286 709 4341 emittat,
721 4285 797 4331 iuxta
812 4285 953 4331 formulam
964 4286 996 4331 ab
1006 4285 1110 4332 Urbano
1120 4288 1183 4332 Vlll.
1194 4297 1268 4343 prae-

517 4353 654 4398 decessore
668 4354 759 4398 nostro
773 4355 916 4406 statutam
927 4357 954 4398 et
965 4352 989 4396 ld
1000 4352 1086 4410 ipsum
1098 4352 1209 4399 subinde
1221 4353 1267 4400 liat

516 4419 550 4466 ab
564 4420 676 4477 ipsomet
690 4419 856 4466 Patriarcha:
872 4419 915 4464 cui
925 4419 1041 4476 impense
1051 4419 1226 4476 iniungimus,
1237 4423 1267 4465 ut

517 4499 578 4534 suos
597 4487 741 4533 Maronitas
762 4489 876 4542 moneat,
891 4498 922 4531 ne
938 4497 1053 4544 unquam
1074 4487 1266 4534 obliviscantur

517 4555 647 4602 sinceram
662 4553 779 4600 nationis
801 4565 864 4599 snae
878 4551 1063 4599 adhaesionem
1079 4554 1225 4600 catholicae
1240 4555 1267 4600 ft-

516 4621 558 4666 dei
572 4625 598 4666 et
613 4621 672 4668 sedi
687 4621 859 4678 apostolicae,
875 4631 942 4677 quae
960 4623 1034 4666 tanto
1049 4632 1093 4666 eos
1107 4631 1198 4667 amore
1212 4633 1266 4668 am·

516 4688 592 4746 plexa
606 4691 656 4744 est,
670 4691 697 4734 et
710 4687 907 4744 complectitur;
922 4687 1072 4744 eisdemque
1083 4687 1164 4734 simul
1175 4683 1266 4734 nostro

516 4755 621 4802 nomine
635 4755 810 4813 apostolicam
825 4755 1032 4800 benedictionem
1048 4755 1226 4813 impertiatur.

555 4890 728 4940 sequentibus
747 4891 831 4932 literne
846 4891 868 4933 S.
885 4891 913 4933 P.
928 4891 961 4934 de
973 4892 1106 4934 electmnts
1124 4893 1266 4943 conflrma-

516 4958 587 5000 tionc
600 4959 624 4999 et
642 4959 721 5008 pollii
741 4960 907 5000 concessione
924 4958 1147 5010 ambteplecopos,
1165 4960 1267 5010 Episco-

513 5031 564 5074 pos
577 5027 601 5065 et
616 5025 741 5067 Proceres
756 5025 958 5067 Maronitarum
971 5027 1096 5068 certiores
1109 5027 1180 5073 facit.

670 5159 816 5202 Venerabili
830 5159 914 5206 matri
931 5157 1021 5200 Tobiae
1036 5159 1113 5201 Petro

603 5225 779 5268 Patriureftae
794 5223 953 5268 Antiocheno
967 5225 1178 5272 Maronitarum,

708 5357 901 5401 annublc‘rlls
917 5357 995 5400 Para
1010 5357 1071 5401 XIV.

756 5492 916 5536 Venerabilis
930 5493 1027 5541 trater,

607 5562 722 5604 satutem
736 5562 760 5602 et
774 5561 948 5612 apostoticam
962 5560 1173 5602 benedictionem.

555 5695 588 5737 tlt
601 5692 780 5738 venerabilem
800 5691 911 5737 fratrem
933 5691 1072 5736 arsenium
1088 5691 1263 5748 archiepisco

515 5770 578 5816 pum
601 5759 741 5816 nehopolis
761 5771 777 5804 a
798 5759 968 5804 fraternitate
989 5761 1038 5804 lua
1056 5757 1090 5804 ad
1111 5769 1157 5804 nos
1182 5761 1262 5815 alque

1060 572 1123 620 ibn.
1149 571 1239 620 PONT·
1264 575 1304 620 ntt
1326 571 1354 620 b.
1377 571 1406 622 Ρ.
1431 573 1514 622 PARS
1535 571 1557 622 1.

1337 692 1415 756 lium
1438 695 1539 774 ipsum
1561 696 1599 758 de
1625 694 1767 773 corpore·
1786 690 1870 756 Beati
1899 693 1982 755 Petri
2004 696 2081 772 apo·

1337 786 1408 849 stoli
1428 797 1589 867 sumptum
1617 789 1786 866 praedictos
1808 786 2001 850 venerabiles
2024 787 2083 849 ira-

1339 887 1399 941 tres
1421 889 1543 944 nostros
1570 881 1821 959 archiepiscopos
1842 879 1891 942 vel
1918 880 2082 959 Episcopus

1337 973 1369 1034 in
1397 973 1463 1034 istis
1490 974 1627 1054 partibus
1657 973 1805 1051 degentes
1832 989 1866 1036 ac
1895 973 2025 1052 gratiam
2050 981 2081 1035 et

1333 1208 1509 1266 apostolicam
1532 1209 1599 1254 hanc
1620 1211 1743 1254 sanctam
1758 1208 1849 1254 sedem
1864 1206 1983 1252 omnium
1999 1206 2081 1252 Eccle-

1333 1275 1434 1322 siarum
1449 1275 1574 1322 catholici
1589 1276 1661 1322 orbis
1676 1278 1790 1322 matrem
1805 1280 1832 1320 et
1846 1275 2003 1331 magistram
2012 1273 2081 1320 able·

1331 1347 1471 1398 natumst
1486 1342 1693 1390 humanissimae
1708 1342 1801 1388 literas
1815 1340 1960 1398 praeclaris
1971 1345 2032 1386 tuae
2042 1352 2081 1386 er·

1332 1419 1365 1464 ga
1380 1420 1426 1453 nos
1441 1408 1632 1462 observantiae,
1648 1411 1674 1454 et
1688 1409 1793 1454 debitae
1807 1419 1871 1465 erga
1886 1407 2005 1453 eamdem
2021 1411 2081 1454 San-

1331 1477 1401 1520 ctam
1417 1475 1509 1520 sedern
1529 1475 1694 1521 reverentiae
1713 1473 1930 1531 obedientiaeque
1944 1475 2080 1520 documen-

1332 1541 1367 1586 tis
1381 1542 1499 1599 insignes
1513 1542 1588 1588 nobis
1602 1541 1752 1600 inscriptas,
1762 1541 1890 1598 nobisque
1903 1553 1920 1588 a
1934 1547 2081 1588 memorato

1331 1607 1441 1653 arsenio
1456 1607 1655 1666 archiepiscopo
1675 1607 1793 1654 redditas
1808 1617 1848 1662 ea,
1862 1619 1915 1666 qua
1933 1609 2081 1668 praedeces

1331 1685 1403 1720 sores
1425 1674 1510 1720 nostri
1530 1675 1643 1720 Rotnani
1664 1674 1812 1730 Pontifices,
1829 1685 1928 1732 nosque
1949 1675 1998 1733 ipsi
2012 1675 2080 1722 alias

1331 1741 1463 1798 prosecuti
1483 1741 1629 1796 fueramus,
1645 1741 1781 1798 pontilicis
1802 1741 1967 1798 benignitate
1981 1747 2009 1788 et
2022 1755 2080 1800 apo-

1330 1808 1423 1854 stolica
1436 1809 1550 1854 caritate
1570 1807 1728 1866 excepimus.
1750 1809 1975 1859 Quemadmodum
1989 1813 2079 1856 autem

1330 1873 1404 1922 nobis
1418 1873 1608 1932 permolestum
1621 1875 1715 1920 accidit
1725 1875 1859 1930 nuntium,
1871 1875 1940 1921 viam
1951 1876 2078 1922 nimirum

1330 1941 1469 1988 universae
1483 1941 1571 1988 carnis
1588 1942 1748 1999 ingressum,
1763 1945 1797 1997 et,
1812 1943 1853 1990 uti
1868 1943 1896 1988 ln
1909 1943 1981 1990 insto
1994 1955 2080 1992 romu·

1330 2013 1453 2056 neratore
1467 2020 1592 2066 supremo
1611 2013 1749 2066 pastorum
1768 2009 1886 2067 principe
1901 2014 1959 2056 lesu
1974 2011 2079 2057 christo

1329 2087 1436 2133 sperare
1450 2077 1532 2132 decet,
1546 2076 1580 2122 ad
1593 2079 1703 2122 aeterna
1717 2077 1810 2122 beatae
1825 2077 1948 2124 stationis
1962 2077 1989 2123 in
1999 2079 2079 2124 coelis

1329 2144 1501 2190 tabernacula
1521 2146 1657 2200 receptum
1679 2142 1758 2189 fuisse
1780 2143 1811 2188 cl.
1832 2155 1909 2188 mem.
1932 2143 2076 2200 Simonem,

1328 2209 1390 2254 dum
1406 2211 1433 2256 in
1448 2210 1572 2256 humanis
1581 2213 1681 2266 ageret,
1693 2209 1875 2256 patriarcham
1887 2209 2077 2256 antiochenum

1329 2275 1422 2322 multis
1437 2275 1588 2322 nominibus
1609 2277 1835 2334 commendatum
1855 2277 1895 2324 ite
1909 2277 2012 2334 ingenti
2027 2279 2078 2324 lae·

1328 2345 1390 2390 titia
1403 2344 1430 2390 in
1447 2345 1554 2390 homino
1575 2346 1761 2398 exultavimus,
1776 2345 1845 2404 quod
1864 2349 1902 2400 tu,
1919 2345 2077 2391 venerabilis

1327 2411 1418 2468 frater,
1433 2411 1460 2458 in
1474 2412 1558 2469 ipsius
1571 2412 1659 2458 locum
1668 2417 1696 2457 et
1706 2411 1916 2459 patriarchalem
1927 2414 2018 2458 sedem
2029 2425 2077 2470 per

1328 2479 1481 2526 unanimem
1503 2479 1692 2526 venerabilium
1714 2479 1828 2526 hairum
1850 2480 2008 2525 antistitum
2027 2481 2077 2526 suf·

1328 2545 1491 2603 fragrantium
1505 2547 1671 2592 concordiam
1687 2547 1786 2592 electus
1800 2545 1977 2605 subactusque
1986 2547 2076 2594 fueris.

1328 2614 1406 2659 Nobis
1427 2625 1490 2660 sane
1511 2617 1676 2671 compertum
1698 2613 1917 2672 exploratumque
1938 2618 2009 2672 erat,
2028 2615 2078 2662 fra·

1329 2681 1483 2727 ternitatem
1512 2685 1585 2727 tuam
1613 2680 1821 2726 sacerdotalibus
1847 2682 2077 2740 pastoralibusque

1327 2749 1472 2795 virtutibus
1494 2749 1659 2804 insignitam,
1682 2749 1708 2793 in
1729 2749 1869 2795 excolenda
1888 2749 1987 2795 christi
2002 2751 2077 2796 vinea

1326 2815 1374 2860 tibi
1389 2815 1530 2868 commissa
1544 2815 1717 2862 laudabiliter
1730 2815 1902 2869 adlaborares
1917 2819 1997 2874 atque
2012 2817 2077 2862 adeo

1326 2881 1400 2927 nobis
1419 2893 1467 2940 pro
1487 2885 1561 2928 certo
1581 2882 1744 2940 pollicemur,
1761 2885 1794 2937 te,
1809 2883 1968 2929 venerabilis
1982 2883 2074 2938 frater,

1326 2949 1421 2995 maiori
1433 2948 1571 3005 dignitate,
1581 2949 1742 2994 anctoritate
1753 2953 1780 2994 et
1790 2949 1890 2994 honore
1899 2950 2075 3005 cumulatum,

1327 3015 1421 3062 maiori
1443 3015 1635 3070 sollieitudine,
1656 3015 1796 3073 vigilantia
1813 3027 1945 3074 operaque
1963 3016 2018 3062 fore
2033 3018 2076 3062 ad-

1326 3083 1459 3137 nisurum,
1481 3085 1510 3128 ut
1526 3083 1604 3129 istam
1628 3083 1755 3138 inclytam
1778 3083 1971 3130 Maronitarum
1993 3083 2077 3130 natio

1327 3161 1395 3205 bern,
1409 3150 1441 3195 de
1455 3159 1507 3206 quta
1521 3148 1669 3196 districtam
1685 3153 1794 3196 aeterno
1807 3149 1890 3196 iudici
1900 3153 1960 3196 lesu
1971 3150 2076 3198 Christo

1327 3217 1457 3262 rationem
1477 3216 1587 3261 reddere
1603 3217 1689 3270 debes,
1706 3216 1868 3273 apostolicae
1889 3217 1951 3262 huic
1965 3219 2076 3264 Sanctae

1326 3283 1385 3328 sedi
1406 3293 1511 3339 semper
1530 3283 1748 3338 addictissimum,
1764 3287 1790 3328 et
1806 3283 1889 3330 veluti
1908 3284 1989 3328 solem
2005 3284 2076 3329 inter

1325 3348 1499 3396 effusissimae
1514 3351 1554 3394 tot
1573 3360 1696 3395 errorum
1715 3351 1837 3397 tenebras
1856 3355 1883 3396 et
1896 3348 2025 3406 caligines
2039 3350 2076 3398 lu·

1325 3417 1410 3463 cidina
1431 3416 1649 3476 praefulgentem,
1664 3418 1749 3474 magis
1773 3417 1910 3476 magisque
1925 3418 2074 3476 confirmes,

1324 3484 1453 3540 illustres,
1473 3485 1607 3541 adaugeas
1624 3487 1651 3529 et
1672 3495 1833 3541 promoveas.
1856 3487 1938 3530 Porro
1958 3485 2027 3543 quod
2039 3487 2074 3532 ad

1324 3551 1480 3596 electionem
1501 3555 1576 3597 tuem
1598 3561 1614 3597 a
1635 3549 1900 3609 nobisprobandam,
1919 3553 2074 3600 conflrman-

1324 3617 1444 3675 dantque,
1459 3617 1624 3674 palliumque
1644 3617 1676 3662 de
1690 3629 1798 3674 corpore
1816 3621 1839 3662 s.
1855 3618 1927 3664 Petri
1942 3621 2073 3675 apostolo

1324 3695 1383 3730 rum
1398 3683 1525 3742 principis
1540 3686 1676 3740 sumptum
1692 3683 1741 3730 tibi
1751 3685 1912 3730 mittendum
1918 3685 2008 3744 enixis
2019 3697 2074 3744 pre·

1323 3751 1396 3796 cibus
1417 3749 1547 3807 exposcis,
1568 3749 1734 3796 maternitati
1756 3753 1817 3796 tuae
1838 3763 1997 3809 persuasum
2017 3764 2072 3798 esse

1322 3817 1452 3874 cupimus,
1463 3828 1509 3862 nos
1523 3829 1540 3863 a
1553 3817 1713 3874 gravissima
1722 3818 1902 3875 diuturnaque
1912 3818 2071 3864 infirmitate

1323 3884 1421 3929 sensim
1436 3894 1484 3940 per
1498 3883 1657 3928 ineffabilem
1679 3883 1783 3929 divinae
1797 3883 1925 3930 bonitatis
1940 3886 2072 3932 abundau-

1323 3949 1388 3996 tiam
1408 3950 1628 4005 convalescentes,
1647 3951 1694 3996 ubi
1712 3951 1787 3998 uobis
1806 3951 1942 4009 integrum
1961 3953 2020 4008 fuit,
2039 3965 2071 3998 ue

1322 4016 1466 4074 quidquam
1481 4029 1527 4074 per
1542 4029 1588 4064 nos
1600 4022 1759 4074 moraretur,
1769 4031 1783 4063 e
1793 4019 1860 4065 lecto
1870 4023 2003 4065 secretum
2011 4030 2071 4064 cnm

1322 4083 1517 4130 venerabilibus
1538 4085 1667 4132 fratribus
1686 4086 1785 4131 nostris
1800 4088 1824 4130 S.
1840 4089 1869 4130 R.
1885 4089 1913 4130 Ε.
1929 4085 2072 4132 cardinali·

1322 4150 1370 4196 bns
1383 4149 1571 4196 consistorium
1594 4152 1744 4198 habuimus.
1765 4156 1794 4196 ln
1809 4152 1857 4198 hoe
1878 4152 1968 4210 itaque
1989 4153 2071 4198 consi·

1321 4217 1404 4262 storin
1424 4218 1581 4264 electionem
1605 4221 1680 4264 inam
1700 4218 1913 4276 approbavimus,
1928 4222 1954 4264 et
1969 4225 2070 4277 aposto·

1321 4283 1371 4329 lica
1385 4285 1546 4331 anctoritate
1561 4290 1653 4330 nostra
1667 4285 1893 4341 confirmavimus,
1906 4285 2070 4344 palliumque

1321 4350 1352 4396 de
1365 4360 1438 4396 more
1448 4351 1497 4396 tihi
1508 4352 1665 4398 tradendum
1677 4353 1869 4408 mandavimus,
1880 4355 1959 4409 prout
1970 4366 2000 4399 ex
2010 4353 2071 4400 aliis

1322 4417 1421 4464 nostris
1434 4418 1586 4476 apostolicis
1599 4417 1686 4464 literis
1698 4419 1801 4476 plenius
1811 4417 1955 4476 intelliges.
1966 4423 2017 4466 Nec
2026 4421 2070 4466 du·

1322 4485 1448 4542 bitamus,
1462 4485 1526 4542 quin
1541 4485 1610 4530 idem
1631 4485 1757 4531 arsenius
1773 4486 1989 4544 archiepiscopus
2004 4487 2071 4534 able-

1321 4555 1400 4608 gatus
1418 4557 1489 4606 tuus,
1504 4563 1520 4598 a
1534 4563 1586 4610 quo
1600 4554 1627 4597 et
1642 4551 1753 4608 pallium
1768 4552 1887 4609 accipies,
1902 4555 1935 4599 de
1948 4554 2070 4600 omnibus

1321 4631 1367 4676 per
1382 4629 1429 4666 nos
1442 4618 1468 4664 in
1479 4619 1527 4663 hoc
1538 4618 1643 4676 negotio
1652 4619 1719 4665 actis
1729 4619 1863 4676 gestisque
1873 4619 2069 4668 maternitatem

1322 4689 1395 4732 tuam
1409 4685 1493 4730 husius
1503 4685 1616 4732 edoceat.
1628 4689 1767 4732 Praeterea
1778 4686 1975 4734 fraternitatem
1986 4691 2069 4746 tuam,

1319 4764 1399 4809 quam
1414 4751 1524 4808 plurimi
1539 4752 1658 4808 facimus,
1670 4763 1817 4810 magnoque
1828 4755 1926 4800 bonore
1937 4755 2070 4812 prosequi·

1321 4829 1389 4874 mur,
1404 4823 1430 4864 et
1445 4820 1589 4876 apostolica
1602 4821 1715 4867 caritate
1727 4821 1754 4867 in
1765 4821 1870 4867 vinculo
1881 4821 1993 4868 unitatis
2002 4833 2069 4868 com·

1321 4887 1470 4943 plectimur,
1485 4887 1655 4932 vehementer
1674 4899 1808 4944 rogamus,
1823 4893 1902 4946 atque
1918 4889 1944 4934 in
1959 4889 2068 4935 Domino

1319 4952 1467 5007 hortamur,
1483 4957 1513 4998 ut
1529 4957 1647 5000 nostram
1662 4954 1874 5001 imbecillitatem
1889 4955 1916 5000 in
1931 4955 2069 5002 ferventia

1320 5019 1392 5066 ribus
1407 5019 1460 5066 tuis
1474 5021 1544 5078 apud
1565 5025 1645 5066 Deum
1660 5022 1885 5068 obsecrationibus
1903 5023 2067 5070 commenda·

1320 5091 1375 5133 tam
1390 5087 1487 5134 habere
1508 5090 1622 5144 satagas.
1638 5091 1785 5144 Caeterum,
1800 5089 1959 5135 venerabilis
1976 5089 2067 5146 frater,

1319 5155 1386 5200 bono
1399 5155 1489 5200 animo
1503 5157 1568 5210 esto,
1587 5155 1709 5212 praediea
1722 5157 1840 5212 verbum,
1858 5155 1929 5202 insta
1944 5161 2066 5214 opportu-

1319 5233 1359 5278 ne,
1373 5222 1534 5279 importune,
1549 5234 1639 5279 argue,
1655 5223 1770 5278 obsecra,
1785 5223 1892 5280 increpa
1906 5223 1933 5269 in
1943 5224 2016 5270 omni
2025 5235 2067 5282 pa·

1319 5288 1413 5334 ilentia
1427 5293 1453 5334 et
1468 5290 1597 5344 doctrina,
1612 5289 1702 5346 vigila,
1717 5290 1744 5334 in
1759 5289 1991 5346 omnibuslabora,
2001 5301 2066 5348 opus

1317 5355 1356 5402 fac
1378 5357 1566 5413 evangelistae,
1588 5357 1767 5402 ministerium
1789 5359 1866 5401 tuum
1888 5356 1976 5414 imple,
1993 5363 2068 5404 certa

1318 5423 1415 5468 bonum
1430 5426 1566 5470 certamen
1580 5423 1648 5478 fidei,
1658 5423 1824 5482 apprehende
1836 5424 1918 5469 vitam
1929 5427 2066 5472 aeternam

1316 5500 1376 5534 cnm
1391 5501 1488 5536 corona
1502 5491 1630 5546 iustitiae,
1645 5501 1725 5549 quam
1740 5491 1885 5548 repositam
1904 5490 1982 5547 digne
1996 5491 2067 5537 labo

1317 5554 1438 5602 rantibus
1453 5557 1481 5602 in
1495 5558 1568 5604 caelo
1590 5557 1681 5602 reddet
1701 5557 1750 5603 tibi
1772 5569 1875 5614 qnoque
1896 5558 2024 5604 Dominus
2039 5559 2067 5603 in

1317 5621 1366 5668 illa
1379 5623 1422 5668 die
1436 5623 1524 5669 iustus
1539 5624 1623 5670 iudex.
1639 5627 1691 5670 Noe
1708 5625 1817 5670 interim
1832 5625 1865 5670 ad
1878 5626 1996 5683 prosperi
2011 5625 2074 5672 snc·'

1316 5702 1406 5736 cessus
1425 5690 1559 5746 divinique
1573 5691 1698 5748 praesidii
1718 5691 1876 5750 auspicium,
1892 5695 1918 5738 et
1934 5693 2066 5740 studiosae

1317 5761 1424 5804 nostrae
1438 5757 1471 5803 ad
1486 5757 1651 5804 fraternitati
1671 5762 1733 5805 tuae
1752 5759 1943 5816 universaeque
1959 5760 2067 5807 aaroni·

556 5960 584 6018 ι’)
604 5963 657 6007 Via.
672 5965 781 6006 atatam
794 5966 918 6006 nostram
930 5965 1070 6015 sparnum
1084 5966 1243 6014 encyclicam
1257 5961 1365 6008 allatae.

2112 553 2167 608 An.
2182 555 2215 608 0.
2239 545 2317 604 1757
