<?xml version="1.0" encoding="UTF-8"?>
<!DOCTYPE html PUBLIC "-//W3C//DTD XHTML 1.0 Transitional//EN"
    "http://www.w3.org/TR/xhtml1/DTD/xhtml1-transitional.dtd">
<html xmlns="http://www.w3.org/1999/xhtml" xml:lang="en" lang="en">
 <head>
  <title>
</title>
<meta http-equiv="Content-Type" content="text/html;charset=utf-8" />
  <meta name='ocr-system' content='tesseract 3.04.00' />
  <meta name='ocr-capabilities' content='ocr_page ocr_carea ocr_par ocr_line ocrx_word'/>
</head>
<body>
  <div class='ocr_page' id='page_1' title='image "./iurispontificii02martgoog_0677.png"; bbox 0 0 4798 6978; ppageno 0'>
   <div class='ocr_carea' id='block_1_1' title="bbox 951 549 2084 618">
    <p class='ocr_par' dir='ltr' id='par_1_1' title="bbox 951 549 2084 618">
     <span class='ocr_line' id='line_1_1' title="bbox 951 549 2084 618; baseline -0.008 0"><span class='ocrx_word' id='word_1_1' title='bbox 951 567 1149 618; x_wconf 82' lang='lat' dir='ltr'>euuttnvoros</span> <span class='ocrx_word' id='word_1_2' title='bbox 1170 569 1235 618; x_wconf 86' lang='lat' dir='ltr'>mv.</span> <span class='ocrx_word' id='word_1_3' title='bbox 1457 587 1458 590; x_wconf 20' lang='grc' dir='ltr'>ι</span> <span class='ocrx_word' id='word_1_4' title='bbox 1514 583 1516 591; x_wconf 48' lang='lat'><strong><em>⁴</em></strong></span> <span class='ocrx_word' id='word_1_5' title='bbox 1787 549 1844 618; x_wconf 87' lang='lat' dir='ltr'>eet</span> <span class='ocrx_word' id='word_1_6' title='bbox 1895 554 2084 612; x_wconf 79' lang='lat' dir='ltr'>tn.c.1rse</span> 
     </span>
    </p>
   </div>
   <div class='ocr_carea' id='block_1_2' title="bbox 319 687 1866 2182">
    <p class='ocr_par' dir='ltr' id='par_1_2' title="bbox 319 687 1866 2088">
     <span class='ocr_line' id='line_1_2' title="bbox 321 687 1863 769; baseline 0.002 -20"><span class='ocrx_word' id='word_1_7' title='bbox 321 687 516 766; x_wconf 85' lang='lat' dir='ltr'>iuberemus;</span> <span class='ocrx_word' id='word_1_8' title='bbox 539 687 737 768; x_wconf 76' lang='lat' dir='ltr'>providentes</span> <span class='ocrx_word' id='word_1_9' title='bbox 757 697 925 768; x_wconf 84' lang='lat' dir='ltr'>praeterea,</span> <span class='ocrx_word' id='word_1_10' title='bbox 941 697 976 753; x_wconf 90' lang='lat' dir='ltr'>ut</span> <span class='ocrx_word' id='word_1_11' title='bbox 991 707 1066 769; x_wconf 87' lang='lat' dir='ltr'>quo-</span> <span class='ocrx_word' id='word_1_12' title='bbox 1122 690 1165 766; x_wconf 92' lang='lat' dir='ltr'>ni,</span> <span class='ocrx_word' id='word_1_13' title='bbox 1187 691 1242 769; x_wconf 86' lang='lat' dir='ltr'>qui</span> <span class='ocrx_word' id='word_1_14' title='bbox 1263 706 1319 768; x_wconf 92' lang='lat' dir='ltr'>pro</span> <span class='ocrx_word' id='word_1_15' title='bbox 1347 689 1562 769; x_wconf 81' lang='lat' dir='ltr'>redemptione</span> <span class='ocrx_word' id='word_1_16' title='bbox 1584 691 1706 768; x_wconf 86' lang='lat' dir='ltr'>generis</span> <span class='ocrx_word' id='word_1_17' title='bbox 1733 691 1863 754; x_wconf 85' lang='lat' dir='ltr'>numani</span> 
     </span>
     <span class='ocr_line' id='line_1_3' title="bbox 323 782 1865 864; baseline 0.002 -20"><span class='ocrx_word' id='word_1_18' title='bbox 323 783 380 844; x_wconf 92' lang='lat' dir='ltr'>ties</span> <span class='ocrx_word' id='word_1_19' title='bbox 402 783 578 846; x_wconf 90' lang='lat' dir='ltr'>huiusmodi</span> <span class='ocrx_word' id='word_1_20' title='bbox 606 783 738 846; x_wconf 77' lang='lat' dir='ltr'>abbatias</span> <span class='ocrx_word' id='word_1_21' title='bbox 759 801 867 847; x_wconf 90' lang='lat' dir='ltr'>vacare</span> <span class='ocrx_word' id='word_1_22' title='bbox 891 785 1063 864; x_wconf 85' lang='lat' dir='ltr'>contingat,</span> <span class='ocrx_word' id='word_1_23' title='bbox 1120 782 1304 847; x_wconf 91' lang='lat' dir='ltr'>desummo</span> <span class='ocrx_word' id='word_1_24' title='bbox 1325 785 1484 848; x_wconf 93' lang='lat' dir='ltr'>coelorum</span> <span class='ocrx_word' id='word_1_25' title='bbox 1504 784 1580 848; x_wconf 90' lang='lat' dir='ltr'>solio</span> <span class='ocrx_word' id='word_1_26' title='bbox 1594 785 1630 848; x_wconf 90' lang='lat' dir='ltr'>ad</span> <span class='ocrx_word' id='word_1_27' title='bbox 1646 785 1740 847; x_wconf 88' lang='lat' dir='ltr'>huius</span> <span class='ocrx_word' id='word_1_28' title='bbox 1755 785 1865 848; x_wconf 94' lang='lat' dir='ltr'>mundi</span> 
     </span>
     <span class='ocr_line' id='line_1_4' title="bbox 322 876 1865 983; baseline 0.001 -43"><span class='ocrx_word' id='word_1_29' title='bbox 322 894 430 941; x_wconf 92' lang='lat' dir='ltr'>earum</span> <span class='ocrx_word' id='word_1_30' title='bbox 464 878 688 941; x_wconf 79' lang='lat' dir='ltr'>administratio</span> <span class='ocrx_word' id='word_1_31' title='bbox 721 880 756 942; x_wconf 93' lang='lat' dir='ltr'>ad</span> <span class='ocrx_word' id='word_1_32' title='bbox 791 879 1063 983; x_wconf 83' lang='lat' dir='ltr'>Metropolitanum</span> <span class='ocrx_word' id='word_1_33' title='bbox 1120 876 1227 940; x_wconf 90' lang='lat' dir='ltr'>intima</span> <span class='ocrx_word' id='word_1_34' title='bbox 1248 877 1446 955; x_wconf 80' lang='lat' dir='ltr'>descendere,</span> <span class='ocrx_word' id='word_1_35' title='bbox 1469 885 1500 940; x_wconf 91' lang='lat' dir='ltr'>et</span> <span class='ocrx_word' id='word_1_36' title='bbox 1521 895 1645 942; x_wconf 90' lang='lat' dir='ltr'>carnem</span> <span class='ocrx_word' id='word_1_37' title='bbox 1668 886 1805 942; x_wconf 90' lang='lat' dir='ltr'>nostram</span> <span class='ocrx_word' id='word_1_38' title='bbox 1827 896 1865 942; x_wconf 85' lang='lat' dir='ltr'>eu</span> 
     </span>
     <span class='ocr_line' id='line_1_5' title="bbox 321 969 1866 1052; baseline 0 -19"><span class='ocrx_word' id='word_1_39' title='bbox 321 971 478 1034; x_wconf 83' lang='lat' dir='ltr'>deleratur</span> <span class='ocrx_word' id='word_1_40' title='bbox 497 986 552 1033; x_wconf 90' lang='lat' dir='ltr'>seu</span> <span class='ocrx_word' id='word_1_41' title='bbox 573 972 609 1034; x_wconf 90' lang='lat' dir='ltr'>ad</span> <span class='ocrx_word' id='word_1_42' title='bbox 630 972 827 1036; x_wconf 92' lang='lat' dir='ltr'>Ordinarium</span> <span class='ocrx_word' id='word_1_43' title='bbox 850 971 938 1048; x_wconf 90' lang='lat' dir='ltr'>loci,&#39;</span> <span class='ocrx_word' id='word_1_44' title='bbox 932 989 962 1034; x_wconf 89' lang='lat' dir='ltr'>rn</span> <span class='ocrx_word' id='word_1_45' title='bbox 978 972 1086 1034; x_wconf 91' lang='lat' dir='ltr'>cuius</span> <span class='ocrx_word' id='word_1_46' title='bbox 1122 977 1211 1032; x_wconf 90' lang='lat' dir='ltr'>utero</span> <span class='ocrx_word' id='word_1_47' title='bbox 1233 971 1266 1032; x_wconf 89' lang='grc' dir='ltr'>Β.</span> <span class='ocrx_word' id='word_1_48' title='bbox 1290 969 1401 1034; x_wconf 88' lang='lat' dir='ltr'>lllaviae</span> <span class='ocrx_word' id='word_1_49' title='bbox 1421 987 1543 1052; x_wconf 82' lang='lat' dir='ltr'>semper</span> <span class='ocrx_word' id='word_1_50' title='bbox 1557 973 1694 1050; x_wconf 82' lang='lat' dir='ltr'>Virginis</span> <span class='ocrx_word' id='word_1_51' title='bbox 1709 989 1866 1036; x_wconf 87' lang='lat' dir='ltr'>assumere</span> 
     </span>
     <span class='ocr_line' id='line_1_6' title="bbox 321 1043 1865 1146; baseline -0.001 -19"><span class='ocrx_word' id='word_1_52' title='bbox 321 1064 466 1128; x_wconf 77' lang='lat' dir='ltr'>dioecesis</span> <span class='ocrx_word' id='word_1_53' title='bbox 477 1065 592 1128; x_wconf 90' lang='lat' dir='ltr'>limbus</span> <span class='ocrx_word' id='word_1_54' title='bbox 602 1066 787 1128; x_wconf 81' lang='lat' dir='ltr'>monasteria</span> <span class='ocrx_word' id='word_1_55' title='bbox 803 1067 864 1146; x_wconf 90' lang='lat' dir='ltr'>ipsa</span> <span class='ocrx_word' id='word_1_56' title='bbox 879 1043 1079 1142; x_wconf 72' lang='lat' dir='ltr'>consistunt*</span> <span class='ocrx_word' id='word_1_57' title='bbox 1121 1070 1153 1124; x_wconf 92' lang='lat' dir='ltr'>et</span> <span class='ocrx_word' id='word_1_58' title='bbox 1173 1063 1206 1125; x_wconf 92' lang='lat' dir='ltr'>in</span> <span class='ocrx_word' id='word_1_59' title='bbox 1227 1065 1385 1126; x_wconf 88' lang='lat' dir='ltr'>Betnelem</span> <span class='ocrx_word' id='word_1_60' title='bbox 1401 1064 1472 1127; x_wconf 94' lang='lat' dir='ltr'>luda</span> <span class='ocrx_word' id='word_1_61' title='bbox 1488 1066 1569 1128; x_wconf 88' lang='lat' dir='ltr'>nasci</span> <span class='ocrx_word' id='word_1_62' title='bbox 1590 1065 1733 1145; x_wconf 84' lang='lat' dir='ltr'>dignatus</span> <span class='ocrx_word' id='word_1_63' title='bbox 1745 1075 1804 1143; x_wconf 90' lang='lat' dir='ltr'>est,</span> <span class='ocrx_word' id='word_1_64' title='bbox 1820 1066 1865 1126; x_wconf 93' lang='lat' dir='ltr'>vi-</span> 
     </span>
     <span class='ocr_line' id='line_1_7' title="bbox 321 1155 1865 1239; baseline 0.002 -21"><span class='ocrx_word' id='word_1_65' title='bbox 321 1155 415 1220; x_wconf 92' lang='lat' dir='ltr'>donec</span> <span class='ocrx_word' id='word_1_66' title='bbox 444 1157 581 1236; x_wconf 87' lang='lat' dir='ltr'>legitima</span> <span class='ocrx_word' id='word_1_67' title='bbox 603 1175 657 1239; x_wconf 91' lang='lat' dir='ltr'>per</span> <span class='ocrx_word' id='word_1_68' title='bbox 684 1166 830 1238; x_wconf 89' lang='lat' dir='ltr'>patronos</span> <span class='ocrx_word' id='word_1_69' title='bbox 860 1159 1065 1238; x_wconf 87' lang='lat' dir='ltr'>praesentatio</span> <span class='ocrx_word' id='word_1_70' title='bbox 1120 1173 1187 1234; x_wconf 91' lang='lat' dir='ltr'>ces,</span> <span class='ocrx_word' id='word_1_71' title='bbox 1213 1157 1284 1220; x_wconf 90' lang='lat' dir='ltr'>licet</span> <span class='ocrx_word' id='word_1_72' title='bbox 1307 1159 1469 1235; x_wconf 92' lang='lat' dir='ltr'>immeriti,</span> <span class='ocrx_word' id='word_1_73' title='bbox 1492 1161 1665 1236; x_wconf 79' lang='lat' dir='ltr'>gerentes</span> <span class='ocrx_word' id='word_1_74' title='bbox 1657 1177 1688 1223; x_wconf 90' lang='lat' dir='ltr'>rn</span> <span class='ocrx_word' id='word_1_75' title='bbox 1711 1161 1814 1236; x_wconf 89' lang='lat' dir='ltr'>terris,</span> <span class='ocrx_word' id='word_1_76' title='bbox 1834 1167 1865 1222; x_wconf 89' lang='lat' dir='ltr'>et</span> 
     </span>
     <span class='ocr_line' id='line_1_8' title="bbox 321 1250 1865 1334; baseline 0 -20"><span class='ocrx_word' id='word_1_77' title='bbox 321 1252 442 1330; x_wconf 85' lang='lat' dir='ltr'>expleta</span> <span class='ocrx_word' id='word_1_78' title='bbox 463 1251 573 1330; x_wconf 86' lang='lat' dir='ltr'>luerit;</span> <span class='ocrx_word' id='word_1_79' title='bbox 596 1271 663 1330; x_wconf 90' lang='lat' dir='ltr'>nos,</span> <span class='ocrx_word' id='word_1_80' title='bbox 677 1255 729 1332; x_wconf 84' lang='lat' dir='ltr'>qui</span> <span class='ocrx_word' id='word_1_81' title='bbox 751 1271 790 1316; x_wconf 81' lang='lat' dir='ltr'>ex</span> <span class='ocrx_word' id='word_1_82' title='bbox 810 1254 870 1316; x_wconf 80' lang='lat' dir='ltr'>und</span> <span class='ocrx_word' id='word_1_83' title='bbox 893 1260 980 1334; x_wconf 90' lang='lat' dir='ltr'>parte</span> <span class='ocrx_word' id='word_1_84' title='bbox 1000 1267 1065 1315; x_wconf 91' lang='lat' dir='ltr'>cer·</span> <span class='ocrx_word' id='word_1_85' title='bbox 1121 1250 1188 1312; x_wconf 91' lang='lat' dir='ltr'>eius</span> <span class='ocrx_word' id='word_1_86' title='bbox 1208 1250 1348 1330; x_wconf 81' lang='lat' dir='ltr'>exempla</span> <span class='ocrx_word' id='word_1_87' title='bbox 1369 1259 1531 1328; x_wconf 91' lang='lat' dir='ltr'>sectantes,</span> <span class='ocrx_word' id='word_1_88' title='bbox 1554 1253 1714 1315; x_wconf 91' lang='lat' dir='ltr'>animabus</span> <span class='ocrx_word' id='word_1_89' title='bbox 1736 1253 1865 1316; x_wconf 83' lang='lat' dir='ltr'>Christi-</span> 
     </span>
     <span class='ocr_line' id='line_1_9' title="bbox 321 1344 1865 1426; baseline 0.001 -18"><span class='ocrx_word' id='word_1_90' title='bbox 321 1354 382 1408; x_wconf 91' lang='lat' dir='ltr'>tam</span> <span class='ocrx_word' id='word_1_91' title='bbox 404 1353 496 1426; x_wconf 87' lang='lat' dir='ltr'>atque</span> <span class='ocrx_word' id='word_1_92' title='bbox 516 1349 694 1411; x_wconf 83' lang='lat' dir='ltr'>distinctam</span> <span class='ocrx_word' id='word_1_93' title='bbox 715 1349 753 1410; x_wconf 89' lang='lat' dir='ltr'>de</span> <span class='ocrx_word' id='word_1_94' title='bbox 773 1347 948 1425; x_wconf 85' lang='lat' dir='ltr'>praemissis</span> <span class='ocrx_word' id='word_1_95' title='bbox 968 1345 1065 1410; x_wconf 91' lang='lat' dir='ltr'>scien·</span> <span class='ocrx_word' id='word_1_96' title='bbox 1122 1344 1260 1407; x_wconf 87' lang='lat' dir='ltr'>fidelium</span> <span class='ocrx_word' id='word_1_97' title='bbox 1270 1344 1488 1409; x_wconf 92' lang='lat' dir='ltr'>detunctorum</span> <span class='ocrx_word' id='word_1_98' title='bbox 1499 1346 1531 1408; x_wconf 92' lang='lat' dir='ltr'>in</span> <span class='ocrx_word' id='word_1_99' title='bbox 1543 1347 1722 1426; x_wconf 80' lang='lat' dir='ltr'>purgatorio</span> <span class='ocrx_word' id='word_1_100' title='bbox 1732 1348 1865 1409; x_wconf 78' lang='lat' dir='ltr'>existen-</span> 
     </span>
     <span class='ocr_line' id='line_1_10' title="bbox 321 1437 1864 1521; baseline -0.002 -16"><span class='ocrx_word' id='word_1_101' title='bbox 321 1443 394 1506; x_wconf 92' lang='lat' dir='ltr'>tiam</span> <span class='ocrx_word' id='word_1_102' title='bbox 417 1459 481 1505; x_wconf 94' lang='lat' dir='ltr'>non</span> <span class='ocrx_word' id='word_1_103' title='bbox 503 1443 663 1519; x_wconf 88' lang='lat' dir='ltr'>habemus,</span> <span class='ocrx_word' id='word_1_104' title='bbox 679 1459 717 1504; x_wconf 81' lang='lat' dir='ltr'>ex</span> <span class='ocrx_word' id='word_1_105' title='bbox 732 1442 790 1505; x_wconf 78' lang='lat' dir='ltr'>alit</span> <span class='ocrx_word' id='word_1_106' title='bbox 812 1439 885 1505; x_wconf 92' lang='lat' dir='ltr'>ver&#39;o</span> <span class='ocrx_word' id='word_1_107' title='bbox 906 1448 1065 1521; x_wconf 93' lang='lat' dir='ltr'>promptos</span> <span class='ocrx_word' id='word_1_108' title='bbox 1122 1437 1214 1514; x_wconf 93' lang='lat' dir='ltr'>tibus,</span> <span class='ocrx_word' id='word_1_109' title='bbox 1226 1455 1303 1517; x_wconf 87' lang='lat' dir='ltr'>quae</span> <span class='ocrx_word' id='word_1_110' title='bbox 1319 1455 1374 1518; x_wconf 89' lang='lat' dir='ltr'>per</span> <span class='ocrx_word' id='word_1_111' title='bbox 1387 1440 1546 1502; x_wconf 89' lang='lat' dir='ltr'>caritatem</span> <span class='ocrx_word' id='word_1_112' title='bbox 1561 1440 1623 1502; x_wconf 86' lang='lat' dir='ltr'>[leo</span> <span class='ocrx_word' id='word_1_113' title='bbox 1638 1441 1744 1503; x_wconf 89' lang='lat' dir='ltr'>unitae</span> <span class='ocrx_word' id='word_1_114' title='bbox 1759 1441 1797 1502; x_wconf 93' lang='lat' dir='ltr'>ab</span> <span class='ocrx_word' id='word_1_115' title='bbox 1810 1440 1864 1502; x_wconf 89' lang='lat' dir='ltr'>hac</span> 
     </span>
     <span class='ocr_line' id='line_1_11' title="bbox 320 1531 1864 1617; baseline -0.003 -18"><span class='ocrx_word' id='word_1_116' title='bbox 320 1544 412 1617; x_wconf 88' lang='lat' dir='ltr'>atque</span> <span class='ocrx_word' id='word_1_117' title='bbox 432 1545 552 1616; x_wconf 91' lang='lat' dir='ltr'>paratos</span> <span class='ocrx_word' id='word_1_118' title='bbox 580 1554 635 1599; x_wconf 91' lang='lat' dir='ltr'>nos</span> <span class='ocrx_word' id='word_1_119' title='bbox 657 1553 723 1600; x_wconf 89' lang='lat' dir='ltr'>esse</span> <span class='ocrx_word' id='word_1_120' title='bbox 750 1537 935 1617; x_wconf 91' lang='lat' dir='ltr'>prolitemur</span> <span class='ocrx_word' id='word_1_121' title='bbox 959 1534 1065 1598; x_wconf 90' lang='lat' dir='ltr'>adius</span> <span class='ocrx_word' id='word_1_122' title='bbox 1121 1531 1188 1594; x_wconf 92' lang='lat' dir='ltr'>luoe</span> <span class='ocrx_word' id='word_1_123' title='bbox 1216 1532 1415 1598; x_wconf 89' lang='lat' dir='ltr'>decesserunt</span> <span class='ocrx_word' id='word_1_124' title='bbox 1436 1543 1466 1596; x_wconf 87' lang='lat' dir='ltr'>et</span> <span class='ocrx_word' id='word_1_125' title='bbox 1487 1533 1611 1613; x_wconf 92' lang='lat' dir='ltr'>piorum</span> <span class='ocrx_word' id='word_1_126' title='bbox 1638 1533 1790 1611; x_wconf 76' lang='lat' dir='ltr'>suffragiis</span> <span class='ocrx_word' id='word_1_127' title='bbox 1817 1533 1864 1595; x_wconf 93' lang='lat' dir='ltr'>iu·</span> 
     </span>
     <span class='ocr_line' id='line_1_12' title="bbox 320 1627 1864 1710; baseline -0.002 -18"><span class='ocrx_word' id='word_1_128' title='bbox 320 1647 412 1695; x_wconf 92' lang='lat' dir='ltr'>suum</span> <span class='ocrx_word' id='word_1_129' title='bbox 435 1633 610 1710; x_wconf 66' lang='lat' dir='ltr'>unicuique*</span> <span class='ocrx_word' id='word_1_130' title='bbox 633 1628 843 1706; x_wconf 89' lang='lat' dir='ltr'>reddendum,</span> <span class='ocrx_word' id='word_1_131' title='bbox 870 1630 1013 1692; x_wconf 87' lang='lat' dir='ltr'>omuibus</span> <span class='ocrx_word' id='word_1_132' title='bbox 1034 1636 1065 1690; x_wconf 91' lang='lat' dir='ltr'>et</span> <span class='ocrx_word' id='word_1_133' title='bbox 1120 1628 1185 1686; x_wconf 91' lang='lat' dir='ltr'>vari</span> <span class='ocrx_word' id='word_1_134' title='bbox 1202 1633 1583 1707; x_wconf 90' lang='lat' dir='ltr'>meruerunt,opportuna</span> <span class='ocrx_word' id='word_1_135' title='bbox 1597 1629 1634 1689; x_wconf 91' lang='lat' dir='ltr'>de</span> <span class='ocrx_word' id='word_1_136' title='bbox 1651 1627 1794 1690; x_wconf 91' lang='lat' dir='ltr'>thesauro</span> <span class='ocrx_word' id='word_1_137' title='bbox 1809 1628 1864 1689; x_wconf 79' lang='lat' dir='ltr'>ltc-</span> 
     </span>
     <span class='ocr_line' id='line_1_13' title="bbox 319 1718 1864 1807; baseline -0.005 -19"><span class='ocrx_word' id='word_1_138' title='bbox 319 1727 529 1807; x_wconf 85' lang='lat' dir='ltr'>singulis,qui</span> <span class='ocrx_word' id='word_1_139' title='bbox 551 1728 582 1790; x_wconf 91' lang='lat' dir='ltr'>in</span> <span class='ocrx_word' id='word_1_140' title='bbox 602 1727 779 1790; x_wconf 89' lang='lat' dir='ltr'>huiusmodi</span> <span class='ocrx_word' id='word_1_141' title='bbox 802 1725 928 1804; x_wconf 88' lang='lat' dir='ltr'>negotio</span> <span class='ocrx_word' id='word_1_142' title='bbox 949 1725 996 1788; x_wconf 91' lang='lat' dir='ltr'>ius</span> <span class='ocrx_word' id='word_1_143' title='bbox 1011 1724 1066 1786; x_wconf 91' lang='lat' dir='ltr'>ali·</span> <span class='ocrx_word' id='word_1_144' title='bbox 1120 1718 1231 1782; x_wconf 89' lang='lat' dir='ltr'>clesiae</span> <span class='ocrx_word' id='word_1_145' title='bbox 1250 1720 1361 1782; x_wconf 83' lang='lat' dir='ltr'>auxilia</span> <span class='ocrx_word' id='word_1_146' title='bbox 1382 1721 1615 1784; x_wconf 89' lang='lat' dir='ltr'>subministrare</span> <span class='ocrx_word' id='word_1_147' title='bbox 1636 1722 1808 1796; x_wconf 87' lang='lat' dir='ltr'>studemus,</span> <span class='ocrx_word' id='word_1_148' title='bbox 1829 1727 1864 1783; x_wconf 93' lang='lat' dir='ltr'>ut</span> 
     </span>
     <span class='ocr_line' id='line_1_14' title="bbox 320 1807 1862 1902; baseline -0.006 -19"><span class='ocrx_word' id='word_1_149' title='bbox 320 1822 402 1901; x_wconf 89' lang='lat' dir='ltr'>quod</span> <span class='ocrx_word' id='word_1_150' title='bbox 423 1821 480 1884; x_wconf 88' lang='lat' dir='ltr'>sibi</span> <span class='ocrx_word' id='word_1_151' title='bbox 502 1828 679 1902; x_wconf 82' lang='lat' dir='ltr'>competere</span> <span class='ocrx_word' id='word_1_152' title='bbox 694 1837 749 1883; x_wconf 92' lang='lat' dir='ltr'>seu</span> <span class='ocrx_word' id='word_1_153' title='bbox 771 1821 878 1900; x_wconf 87' lang='lat' dir='ltr'>quavis</span> <span class='ocrx_word' id='word_1_154' title='bbox 899 1821 1020 1882; x_wconf 91' lang='lat' dir='ltr'>ratione</span> <span class='ocrx_word' id='word_1_155' title='bbox 1034 1817 1063 1880; x_wconf 92' lang='lat' dir='ltr'>id</span> <span class='ocrx_word' id='word_1_156' title='bbox 1121 1812 1201 1888; x_wconf 92' lang='lat' dir='ltr'>illae,</span> <span class='ocrx_word' id='word_1_157' title='bbox 1225 1821 1380 1893; x_wconf 88' lang='lat' dir='ltr'>quantum</span> <span class='ocrx_word' id='word_1_158' title='bbox 1402 1814 1528 1880; x_wconf 86' lang='lat' dir='ltr'>Divinae</span> <span class='ocrx_word' id='word_1_159' title='bbox 1547 1814 1679 1876; x_wconf 78' lang='lat' dir='ltr'>bonitati</span> <span class='ocrx_word' id='word_1_160' title='bbox 1701 1807 1862 1892; x_wconf 81' lang='lat' dir='ltr'>placuerit,</span> 
     </span>
     <span class='ocr_line' id='line_1_15' title="bbox 319 1904 1865 1995; baseline -0.01 -13"><span class='ocrx_word' id='word_1_161' title='bbox 319 1934 373 1980; x_wconf 90' lang='lat' dir='ltr'>sua</span> <span class='ocrx_word' id='word_1_162' title='bbox 403 1917 551 1979; x_wconf 87' lang='lat' dir='ltr'>interesse</span> <span class='ocrx_word' id='word_1_163' title='bbox 580 1917 751 1995; x_wconf 83' lang='lat' dir='ltr'>potabunt,</span> <span class='ocrx_word' id='word_1_164' title='bbox 783 1915 1007 1979; x_wconf 90' lang='lat' dir='ltr'>denunciamus</span> <span class='ocrx_word' id='word_1_165' title='bbox 1032 1929 1065 1976; x_wconf 92' lang='lat' dir='ltr'>ac</span> <span class='ocrx_word' id='word_1_166' title='bbox 1120 1904 1241 1968; x_wconf 89' lang='lat' dir='ltr'>adiutae</span> <span class='ocrx_word' id='word_1_167' title='bbox 1261 1909 1297 1970; x_wconf 91' lang='lat' dir='ltr'>ad</span> <span class='ocrx_word' id='word_1_168' title='bbox 1319 1907 1484 1970; x_wconf 89' lang='lat' dir='ltr'>coelestem</span> <span class='ocrx_word' id='word_1_169' title='bbox 1506 1909 1634 1988; x_wconf 89' lang='lat' dir='ltr'>patriam</span> <span class='ocrx_word' id='word_1_170' title='bbox 1657 1906 1776 1969; x_wconf 80' lang='lat' dir='ltr'>facilius</span> <span class='ocrx_word' id='word_1_171' title='bbox 1796 1921 1865 1986; x_wconf 92' lang='lat' dir='ltr'>per·</span> 
     </span>
     <span class='ocr_line' id='line_1_16' title="bbox 319 1999 1383 2088; baseline -0.003 -16"><span class='ocrx_word' id='word_1_172' title='bbox 319 2011 491 2088; x_wconf 79' lang='lat' dir='ltr'>respective</span> <span class='ocrx_word' id='word_1_173' title='bbox 511 2009 720 2088; x_wconf 86' lang='lat' dir='ltr'>iniungimus,</span> <span class='ocrx_word' id='word_1_174' title='bbox 743 2017 777 2072; x_wconf 92' lang='lat' dir='ltr'>ut</span> <span class='ocrx_word' id='word_1_175' title='bbox 799 2009 1000 2072; x_wconf 83' lang='lat' dir='ltr'>fundamenta</span> <span class='ocrx_word' id='word_1_176' title='bbox 1018 2007 1064 2069; x_wconf 91' lang='lat' dir='ltr'>iu·</span> <span class='ocrx_word' id='word_1_177' title='bbox 1121 1999 1231 2061; x_wconf 74' lang='lat' dir='ltr'>venire</span> <span class='ocrx_word' id='word_1_178' title='bbox 1251 1999 1383 2062; x_wconf 76' lang='lat' dir='ltr'>valeant·</span> 
     </span>
    </p>

    <p class='ocr_par' dir='ltr' id='par_1_3' title="bbox 319 2092 1863 2182">
     <span class='ocr_line' id='line_1_17' title="bbox 319 2092 1863 2182; baseline -0.006 -18"><span class='ocrx_word' id='word_1_179' title='bbox 319 2102 421 2178; x_wconf 93' lang='lat' dir='ltr'>rium,</span> <span class='ocrx_word' id='word_1_180' title='bbox 443 2119 521 2180; x_wconf 90' lang='lat' dir='ltr'>quae</span> <span class='ocrx_word' id='word_1_181' title='bbox 541 2119 635 2182; x_wconf 91' lang='lat' dir='ltr'>super</span> <span class='ocrx_word' id='word_1_182' title='bbox 662 2102 797 2180; x_wconf 81' lang='lat' dir='ltr'>qualibet</span> <span class='ocrx_word' id='word_1_183' title='bbox 818 2118 856 2163; x_wconf 88' lang='lat' dir='ltr'>er</span> <span class='ocrx_word' id='word_1_184' title='bbox 883 2099 1065 2179; x_wconf 90' lang='lat' dir='ltr'>supradictis</span> <span class='ocrx_word' id='word_1_185' title='bbox 1160 2093 1229 2168; x_wconf 65' lang='grc' dir='ltr'>ἐι.</span> <span class='ocrx_word' id='word_1_186' title='bbox 1254 2092 1402 2156; x_wconf 83' lang='lat' dir='ltr'>Veientes</span> <span class='ocrx_word' id='word_1_187' title='bbox 1423 2094 1521 2171; x_wconf 86' lang='lat' dir='ltr'>igitur</span> <span class='ocrx_word' id='word_1_188' title='bbox 1542 2109 1650 2155; x_wconf 92' lang='lat' dir='ltr'>omnes</span> <span class='ocrx_word' id='word_1_189' title='bbox 1671 2101 1702 2156; x_wconf 92' lang='lat' dir='ltr'>et</span> <span class='ocrx_word' id='word_1_190' title='bbox 1727 2093 1863 2171; x_wconf 89' lang='lat' dir='ltr'>singulas</span> 
     </span>
    </p>
   </div>
   <div class='ocr_carea' id='block_1_3' title="bbox 319 2186 1863 2295">
    <p class='ocr_par' dir='ltr' id='par_1_4' title="bbox 319 2186 1863 2295">
     <span class='ocr_line' id='line_1_18' title="bbox 319 2186 1863 2295; baseline -0.005 -39"><span class='ocrx_word' id='word_1_191' title='bbox 319 2194 447 2258; x_wconf 92' lang='lat' dir='ltr'>abbatiis</span> <span class='ocrx_word' id='word_1_192' title='bbox 467 2196 524 2258; x_wconf 91' lang='lat' dir='ltr'>sibi</span> <span class='ocrx_word' id='word_1_193' title='bbox 555 2203 708 2272; x_wconf 91' lang='lat' dir='ltr'>asserunt,</span> <span class='ocrx_word' id='word_1_194' title='bbox 730 2203 835 2257; x_wconf 91' lang='lat' dir='ltr'>nostro</span> <span class='ocrx_word' id='word_1_195' title='bbox 857 2201 887 2256; x_wconf 91' lang='lat' dir='ltr'>et</span> <span class='ocrx_word' id='word_1_196' title='bbox 912 2190 1065 2295; x_wconf 72' lang='lat' dir='ltr'>Apostoli·</span> <span class='ocrx_word' id='word_1_197' title='bbox 1121 2186 1261 2249; x_wconf 91' lang='lat' dir='ltr'>ecclesias</span> <span class='ocrx_word' id='word_1_198' title='bbox 1280 2194 1341 2250; x_wconf 92' lang='lat' dir='ltr'>tam</span> <span class='ocrx_word' id='word_1_199' title='bbox 1357 2197 1485 2264; x_wconf 86' lang='lat' dir='ltr'>erectas,</span> <span class='ocrx_word' id='word_1_200' title='bbox 1500 2203 1594 2266; x_wconf 84' lang='lat' dir='ltr'>quam</span> <span class='ocrx_word' id='word_1_201' title='bbox 1611 2189 1643 2249; x_wconf 95' lang='lat' dir='ltr'>in</span> <span class='ocrx_word' id='word_1_202' title='bbox 1659 2195 1863 2266; x_wconf 90' lang='lat' dir='ltr'>posterume-</span> 
     </span>
    </p>
   </div>
   <div class='ocr_carea' id='block_1_4' title="bbox 70 2280 1863 2408">
    <p class='ocr_par' dir='ltr' id='par_1_5' title="bbox 70 2280 1863 2408">
     <span class='ocr_line' id='line_1_19' title="bbox 70 2280 1863 2408; baseline -0.004 -58.945"><span class='ocrx_word' id='word_1_203' title='bbox 70 2289 302 2408; x_wconf 52' lang='lat' dir='ltr'>*ptffissffnnfflt</span> <span class='ocrx_word' id='word_1_204' title='bbox 319 2303 370 2350; x_wconf 90' lang='lat' dir='ltr'>cae</span> <span class='ocrx_word' id='word_1_205' title='bbox 391 2287 478 2353; x_wconf 87' lang='lat' dir='ltr'>Sedis</span> <span class='ocrx_word' id='word_1_206' title='bbox 498 2287 617 2351; x_wconf 79' lang='lat' dir='ltr'>Nuntio</span> <span class='ocrx_word' id='word_1_207' title='bbox 629 2287 800 2351; x_wconf 80' lang='lat' dir='ltr'>distinctim</span> <span class='ocrx_word' id='word_1_208' title='bbox 821 2286 1006 2350; x_wconf 84' lang='lat' dir='ltr'>exhibeant·</span> <span class='ocrx_word' id='word_1_209' title='bbox 1022 2285 1065 2346; x_wconf 92' lang='lat' dir='ltr'>ei·</span> <span class='ocrx_word' id='word_1_210' title='bbox 1121 2280 1273 2358; x_wconf 86' lang='lat' dir='ltr'>rigendas,</span> <span class='ocrx_word' id='word_1_211' title='bbox 1290 2280 1413 2344; x_wconf 87' lang='lat' dir='ltr'>Ordrms</span> <span class='ocrx_word' id='word_1_212' title='bbox 1428 2283 1571 2344; x_wconf 83' lang='lat' dir='ltr'>Fratrum</span> <span class='ocrx_word' id='word_1_213' title='bbox 1586 2281 1863 2344; x_wconf 89' lang='lat' dir='ltr'>Betbelemitarnm</span> 
     </span>
    </p>
   </div>
   <div class='ocr_carea' id='block_1_5' title="bbox 72 2372 1879 6028">
    <p class='ocr_par' dir='ltr' id='par_1_6' title="bbox 72 2372 1865 2648">
     <span class='ocr_line' id='line_1_20' title="bbox 72 2372 1865 2461; baseline -0.004 -19"><span class='ocrx_word' id='word_1_214' title='bbox 72 2397 88 2442; x_wconf 89' lang='grc' dir='ltr'>ιι</span> <span class='ocrx_word' id='word_1_215' title='bbox 135 2393 301 2443; x_wconf 76' lang='lat' dir='ltr'>transmitti</span> <span class='ocrx_word' id='word_1_216' title='bbox 320 2383 389 2444; x_wconf 92' lang='lat' dir='ltr'>dem</span> <span class='ocrx_word' id='word_1_217' title='bbox 411 2398 487 2444; x_wconf 88' lang='lat' dir='ltr'>vero</span> <span class='ocrx_word' id='word_1_218' title='bbox 516 2398 600 2446; x_wconf 92' lang='lat' dir='ltr'>nunc</span> <span class='ocrx_word' id='word_1_219' title='bbox 622 2388 652 2444; x_wconf 91' lang='lat' dir='ltr'>et</span> <span class='ocrx_word' id='word_1_220' title='bbox 673 2398 729 2461; x_wconf 89' lang='grc' dir='ltr'>ριο</span> <span class='ocrx_word' id='word_1_221' title='bbox 750 2389 890 2461; x_wconf 90' lang='lat' dir='ltr'>tempore</span> <span class='ocrx_word' id='word_1_222' title='bbox 918 2378 1064 2442; x_wconf 76' lang='lat' dir='ltr'>existenti</span> <span class='ocrx_word' id='word_1_223' title='bbox 1120 2373 1214 2434; x_wconf 89' lang='lat' dir='ltr'>etiam</span> <span class='ocrx_word' id='word_1_224' title='bbox 1237 2373 1362 2436; x_wconf 93' lang='lat' dir='ltr'>indicti</span> <span class='ocrx_word' id='word_1_225' title='bbox 1390 2373 1511 2436; x_wconf 84' lang='lat' dir='ltr'>Ordinis</span> <span class='ocrx_word' id='word_1_226' title='bbox 1539 2373 1721 2437; x_wconf 90' lang='lat' dir='ltr'>nosocomiis</span> <span class='ocrx_word' id='word_1_227' title='bbox 1749 2372 1865 2451; x_wconf 85' lang='lat' dir='ltr'>ubique</span> 
     </span>
     <span class='ocr_line' id='line_1_21' title="bbox 73 2450 1864 2562; baseline -0.008 -21"><span class='ocrx_word' id='word_1_228' title='bbox 73 2450 301 2562; x_wconf 57' lang='lat' dir='ltr'><strong>fflffifnm</strong></span> <span class='ocrx_word' id='word_1_229' title='bbox 319 2475 494 2553; x_wconf 78' lang='lat' dir='ltr'>Apostolioe</span> <span class='ocrx_word' id='word_1_230' title='bbox 505 2475 622 2537; x_wconf 92' lang='lat' dir='ltr'>Nuntio</span> <span class='ocrx_word' id='word_1_231' title='bbox 643 2474 880 2550; x_wconf 66' lang='lat' dir='ltr'>committimus</span> <span class='ocrx_word' id='word_1_232' title='bbox 898 2481 932 2536; x_wconf 92' lang='lat' dir='ltr'>ut</span> <span class='ocrx_word' id='word_1_233' title='bbox 955 2489 1065 2535; x_wconf 89' lang='lat' dir='ltr'>monu—</span> <span class='ocrx_word' id='word_1_234' title='bbox 1120 2467 1265 2542; x_wconf 82' lang='lat' dir='ltr'>existen,</span> <span class='ocrx_word' id='word_1_235' title='bbox 1281 2467 1315 2528; x_wconf 91' lang='lat' dir='ltr'>in</span> <span class='ocrx_word' id='word_1_236' title='bbox 1337 2467 1449 2544; x_wconf 88' lang='lat' dir='ltr'>quibus</span> <span class='ocrx_word' id='word_1_237' title='bbox 1470 2467 1552 2530; x_wconf 93' lang='lat' dir='ltr'>aliud</span> <span class='ocrx_word' id='word_1_238' title='bbox 1573 2466 1668 2528; x_wconf 88' lang='lat' dir='ltr'>altare</span> <span class='ocrx_word' id='word_1_239' title='bbox 1689 2465 1864 2545; x_wconf 84' lang='lat' dir='ltr'>privilegia-</span> 
     </span>
     <span class='ocr_line' id='line_1_22' title="bbox 319 2557 1864 2648; baseline -0.008 -17"><span class='ocrx_word' id='word_1_240' title='bbox 319 2576 425 2632; x_wconf 90' lang='lat' dir='ltr'>meuta</span> <span class='ocrx_word' id='word_1_241' title='bbox 447 2569 653 2648; x_wconf 87' lang='lat' dir='ltr'>omnia,quae</span> <span class='ocrx_word' id='word_1_242' title='bbox 674 2577 742 2632; x_wconf 91' lang='lat' dir='ltr'>tum</span> <span class='ocrx_word' id='word_1_243' title='bbox 765 2569 834 2631; x_wconf 86' lang='lat' dir='ltr'>ab&#39;&#39;</span> <span class='ocrx_word' id='word_1_244' title='bbox 815 2585 864 2644; x_wconf 92' lang='lat' dir='ltr'>us,</span> <span class='ocrx_word' id='word_1_245' title='bbox 881 2568 935 2646; x_wconf 88' lang='lat' dir='ltr'>qui</span> <span class='ocrx_word' id='word_1_246' title='bbox 957 2567 1063 2628; x_wconf 90' lang='lat' dir='ltr'>buius·</span> <span class='ocrx_word' id='word_1_247' title='bbox 1120 2566 1187 2621; x_wconf 93' lang='lat' dir='ltr'>tum</span> <span class='ocrx_word' id='word_1_248' title='bbox 1210 2567 1414 2638; x_wconf 90' lang='lat' dir='ltr'>perpetuum,</span> <span class='ocrx_word' id='word_1_249' title='bbox 1436 2575 1491 2621; x_wconf 89' lang='lat' dir='ltr'>seu</span> <span class='ocrx_word' id='word_1_250' title='bbox 1512 2561 1547 2622; x_wconf 82' lang='lat' dir='ltr'>acl</span> <span class='ocrx_word' id='word_1_251' title='bbox 1573 2567 1695 2638; x_wconf 88' lang='lat' dir='ltr'>tempus</span> <span class='ocrx_word' id='word_1_252' title='bbox 1722 2557 1864 2621; x_wconf 88' lang='lat' dir='ltr'>nondum</span> 
     </span>
    </p>

    <p class='ocr_par' dir='ltr' id='par_1_7' title="bbox 319 2651 1863 2742">
     <span class='ocr_line' id='line_1_23' title="bbox 319 2651 1863 2742; baseline -0.006 -19"><span class='ocrx_word' id='word_1_253' title='bbox 319 2665 402 2726; x_wconf 89' lang='lat' dir='ltr'>modi</span> <span class='ocrx_word' id='word_1_254' title='bbox 423 2664 685 2727; x_wconf 83' lang='lat' dir='ltr'>monasteriorum</span> <span class='ocrx_word' id='word_1_255' title='bbox 703 2668 901 2742; x_wconf 80' lang='lat' dir='ltr'>patronatum</span> <span class='ocrx_word' id='word_1_256' title='bbox 922 2661 979 2724; x_wconf 81' lang='lat' dir='ltr'>sint</span> <span class='ocrx_word' id='word_1_257' title='bbox 994 2661 1063 2728; x_wconf 75' lang='lat' dir='ltr'>vin.</span> <span class='ocrx_word' id='word_1_258' title='bbox 1119 2652 1255 2731; x_wconf 92' lang='lat' dir='ltr'>elapsum</span> <span class='ocrx_word' id='word_1_259' title='bbox 1268 2654 1305 2715; x_wconf 91' lang='lat' dir='ltr'>ab</span> <span class='ocrx_word' id='word_1_260' title='bbox 1317 2652 1372 2716; x_wconf 91' lang='lat' dir='ltr'>lrac</span> <span class='ocrx_word' id='word_1_261' title='bbox 1383 2653 1491 2716; x_wconf 88' lang='lat' dir='ltr'>Sancta</span> <span class='ocrx_word' id='word_1_262' title='bbox 1504 2652 1582 2716; x_wconf 88' lang='lat' dir='ltr'>Sede</span> <span class='ocrx_word' id='word_1_263' title='bbox 1593 2651 1694 2715; x_wconf 80' lang='lat' dir='ltr'>forsan</span> <span class='ocrx_word' id='word_1_264' title='bbox 1709 2651 1863 2732; x_wconf 90' lang='lat' dir='ltr'>reperitur</span> 
     </span>
    </p>

    <p class='ocr_par' dir='ltr' id='par_1_8' title="bbox 319 2747 1863 2838">
     <span class='ocr_line' id='line_1_24' title="bbox 319 2747 1863 2838; baseline -0.005 -19"><span class='ocrx_word' id='word_1_265' title='bbox 319 2758 419 2822; x_wconf 92' lang='lat' dir='ltr'>dicare</span> <span class='ocrx_word' id='word_1_266' title='bbox 440 2756 615 2833; x_wconf 87' lang='lat' dir='ltr'>intendant,</span> <span class='ocrx_word' id='word_1_267' title='bbox 631 2763 700 2836; x_wconf 88' lang='lat' dir='ltr'>tum</span> <span class='ocrx_word' id='word_1_268' title='bbox 721 2756 758 2819; x_wconf 94' lang='lat' dir='ltr'>ab</span> <span class='ocrx_word' id='word_1_269' title='bbox 771 2756 848 2833; x_wconf 93' lang='lat' dir='ltr'>aliis,</span> <span class='ocrx_word' id='word_1_270' title='bbox 865 2758 918 2836; x_wconf 88' lang='lat' dir='ltr'>qui</span> <span class='ocrx_word' id='word_1_271' title='bbox 940 2772 1063 2820; x_wconf 92' lang='lat' dir='ltr'>eorum·</span> <span class='ocrx_word' id='word_1_272' title='bbox 1119 2763 1319 2824; x_wconf 73' lang='lat' dir='ltr'>00110088ssffl,</span> <span class='ocrx_word' id='word_1_273' title='bbox 1349 2747 1429 2838; x_wconf 67' lang='lat' dir='ltr'>qupd</span> <span class='ocrx_word' id='word_1_274' title='bbox 1452 2763 1506 2826; x_wconf 80' lang='lat' dir='ltr'>per</span> <span class='ocrx_word' id='word_1_275' title='bbox 1528 2753 1704 2826; x_wconf 77' lang='lat' dir='ltr'>praesentes</span> <span class='ocrx_word' id='word_1_276' title='bbox 1731 2747 1863 2810; x_wconf 83' lang='lat' dir='ltr'>auctori·</span> 
     </span>
    </p>

    <p class='ocr_par' dir='ltr' id='par_1_9' title="bbox 319 2840 1863 2930">
     <span class='ocr_line' id='line_1_25' title="bbox 319 2840 1863 2930; baseline -0.006 -16"><span class='ocrx_word' id='word_1_277' title='bbox 319 2853 389 2915; x_wconf 93' lang='lat' dir='ltr'>dem</span> <span class='ocrx_word' id='word_1_278' title='bbox 410 2851 584 2914; x_wconf 89' lang='lat' dir='ltr'>libertatem</span> <span class='ocrx_word' id='word_1_279' title='bbox 606 2866 803 2930; x_wconf 85' lang='lat' dir='ltr'>propugnare</span> <span class='ocrx_word' id='word_1_280' title='bbox 823 2858 989 2926; x_wconf 80' lang='lat' dir='ltr'>conentur,</span> <span class='ocrx_word' id='word_1_281' title='bbox 1004 2851 1062 2912; x_wconf 76' lang='lat' dir='ltr'>sint</span> <span class='ocrx_word' id='word_1_282' title='bbox 1119 2848 1181 2903; x_wconf 89' lang='lat' dir='ltr'>tate</span> <span class='ocrx_word' id='word_1_283' title='bbox 1203 2841 1365 2919; x_wconf 89' lang='lat' dir='ltr'>apostolica</span> <span class='ocrx_word' id='word_1_284' title='bbox 1379 2857 1571 2916; x_wconf 88' lang='lat' dir='ltr'>revocamus,</span> <span class='ocrx_word' id='word_1_285' title='bbox 1587 2843 1663 2905; x_wconf 92' lang='lat' dir='ltr'>etin</span> <span class='ocrx_word' id='word_1_286' title='bbox 1677 2857 1710 2903; x_wconf 93' lang='lat' dir='ltr'>ea</span> <span class='ocrx_word' id='word_1_287' title='bbox 1726 2840 1863 2920; x_wconf 88' lang='lat' dir='ltr'>qualibet</span> 
     </span>
    </p>

    <p class='ocr_par' dir='ltr' id='par_1_10' title="bbox 319 2934 1862 3024">
     <span class='ocr_line' id='line_1_26' title="bbox 319 2934 1862 3024; baseline 0.002 -30"><span class='ocrx_word' id='word_1_288' title='bbox 319 2945 437 3009; x_wconf 69' lang='lat' dir='ltr'>tuerint</span> <span class='ocrx_word' id='word_1_289' title='bbox 458 2945 604 3022; x_wconf 60' lang='lat' dir='ltr'>exhibita,</span> <span class='ocrx_word' id='word_1_290' title='bbox 627 2946 663 3008; x_wconf 70' lang='lat' dir='ltr'>nd</span> <span class='ocrx_word' id='word_1_291' title='bbox 685 2962 741 3008; x_wconf 90' lang='lat' dir='ltr'>nos</span> <span class='ocrx_word' id='word_1_292' title='bbox 756 2952 786 3007; x_wconf 65' lang='lat' dir='ltr'>gt</span> <span class='ocrx_word' id='word_1_293' title='bbox 803 2944 914 3008; x_wconf 69' lang='lat' dir='ltr'>senem</span> <span class='ocrx_word' id='word_1_294' title='bbox 934 2947 1062 3024; x_wconf 70' lang='lat' dir='ltr'>Ap0st0.</span> <span class='ocrx_word' id='word_1_295' title='bbox 1118 2950 1156 2996; x_wconf 88' lang='lat' dir='ltr'>ex</span> <span class='ocrx_word' id='word_1_296' title='bbox 1184 2935 1271 2997; x_wconf 87' lang='lat' dir='ltr'>dictis</span> <span class='ocrx_word' id='word_1_297' title='bbox 1298 2935 1436 2998; x_wconf 90' lang='lat' dir='ltr'>ecclesiis</span> <span class='ocrx_word' id='word_1_298' title='bbox 1464 2943 1494 2996; x_wconf 89' lang='lat' dir='ltr'>et</span> <span class='ocrx_word' id='word_1_299' title='bbox 1521 2934 1659 3014; x_wconf 87' lang='lat' dir='ltr'>quolibet</span> <span class='ocrx_word' id='word_1_300' title='bbox 1684 2937 1862 2998; x_wconf 88' lang='lat' dir='ltr'>nosocomio</span> 
     </span>
    </p>

    <p class='ocr_par' dir='ltr' id='par_1_11' title="bbox 318 3027 1862 3119">
     <span class='ocr_line' id='line_1_27' title="bbox 318 3027 1862 3119; baseline -0.001 -27"><span class='ocrx_word' id='word_1_301' title='bbox 318 3043 409 3106; x_wconf 70' lang='lat' dir='ltr'>ticam</span> <span class='ocrx_word' id='word_1_302' title='bbox 430 3041 629 3115; x_wconf 68' lang='lat' dir='ltr'>transmittat,</span> <span class='ocrx_word' id='word_1_303' title='bbox 646 3046 693 3114; x_wconf 84' lang='lat' dir='ltr'>nt,</span> <span class='ocrx_word' id='word_1_304' title='bbox 709 3039 855 3102; x_wconf 77' lang='lat' dir='ltr'>omnibns</span> <span class='ocrx_word' id='word_1_305' title='bbox 876 3039 949 3102; x_wconf 72' lang='lat' dir='ltr'>vtsts</span> <span class='ocrx_word' id='word_1_306' title='bbox 969 3048 1061 3119; x_wconf 71' lang='lat' dir='ltr'>atque</span> <span class='ocrx_word' id='word_1_307' title='bbox 1117 3029 1212 3092; x_wconf 90' lang='lat' dir='ltr'>situm</span> <span class='ocrx_word' id='word_1_308' title='bbox 1234 3029 1330 3092; x_wconf 90' lang='lat' dir='ltr'>altare</span> <span class='ocrx_word' id='word_1_309' title='bbox 1345 3045 1399 3109; x_wconf 88' lang='lat' dir='ltr'>per</span> <span class='ocrx_word' id='word_1_310' title='bbox 1413 3029 1589 3094; x_wconf 90' lang='lat' dir='ltr'>Ordinarios</span> <span class='ocrx_word' id='word_1_311' title='bbox 1605 3029 1742 3092; x_wconf 91' lang='lat' dir='ltr'>locorum</span> <span class='ocrx_word' id='word_1_312' title='bbox 1765 3027 1862 3092; x_wconf 91' lang='lat' dir='ltr'>semel</span> 
     </span>
    </p>

    <p class='ocr_par' dir='ltr' id='par_1_12' title="bbox 317 3125 1862 3218">
     <span class='ocr_line' id='line_1_28' title="bbox 317 3125 1862 3218; baseline -0.01 -17"><span class='ocrx_word' id='word_1_313' title='bbox 317 3137 487 3218; x_wconf 86' lang='lat' dir='ltr'>perpensis,</span> <span class='ocrx_word' id='word_1_314' title='bbox 509 3137 576 3199; x_wconf 91' lang='lat' dir='ltr'>sive</span> <span class='ocrx_word' id='word_1_315' title='bbox 597 3153 613 3198; x_wconf 90' lang='lat' dir='ltr'>a</span> <span class='ocrx_word' id='word_1_316' title='bbox 635 3135 733 3212; x_wconf 90' lang='lat' dir='ltr'>nobis,</span> <span class='ocrx_word' id='word_1_317' title='bbox 756 3137 822 3198; x_wconf 92' lang='lat' dir='ltr'>sive</span> <span class='ocrx_word' id='word_1_318' title='bbox 843 3153 859 3196; x_wconf 98' lang='lat' dir='ltr'>a</span> <span class='ocrx_word' id='word_1_319' title='bbox 879 3133 1060 3198; x_wconf 85' lang='lat' dir='ltr'>successori·</span> <span class='ocrx_word' id='word_1_320' title='bbox 1118 3135 1240 3191; x_wconf 89' lang='lat' dir='ltr'>tantum</span> <span class='ocrx_word' id='word_1_321' title='bbox 1251 3125 1478 3202; x_wconf 88' lang='lat' dir='ltr'>designandum</span> <span class='ocrx_word' id='word_1_322' title='bbox 1489 3125 1546 3188; x_wconf 87' lang='lat' dir='ltr'>boo</span> <span class='ocrx_word' id='word_1_323' title='bbox 1557 3125 1680 3202; x_wconf 89' lang='lat' dir='ltr'>speciali</span> <span class='ocrx_word' id='word_1_324' title='bbox 1695 3125 1777 3187; x_wconf 94' lang='lat' dir='ltr'>dono</span> <span class='ocrx_word' id='word_1_325' title='bbox 1792 3125 1862 3187; x_wconf 92' lang='lat' dir='ltr'>illu-</span> 
     </span>
    </p>

    <p class='ocr_par' dir='ltr' id='par_1_13' title="bbox 317 3220 1862 3306">
     <span class='ocr_line' id='line_1_29' title="bbox 317 3220 1862 3306; baseline -0.006 -11"><span class='ocrx_word' id='word_1_326' title='bbox 317 3231 375 3295; x_wconf 91' lang='lat' dir='ltr'>bus</span> <span class='ocrx_word' id='word_1_327' title='bbox 390 3231 505 3294; x_wconf 89' lang='lat' dir='ltr'>nostris</span> <span class='ocrx_word' id='word_1_328' title='bbox 518 3229 665 3293; x_wconf 83' lang='lat' dir='ltr'>Romanis</span> <span class='ocrx_word' id='word_1_329' title='bbox 679 3229 891 3306; x_wconf 87' lang='lat' dir='ltr'>Pontificibus,</span> <span class='ocrx_word' id='word_1_330' title='bbox 905 3237 968 3292; x_wconf 95' lang='lat' dir='ltr'>tam</span> <span class='ocrx_word' id='word_1_331' title='bbox 984 3228 1061 3292; x_wconf 93' lang='lat' dir='ltr'>circa</span> <span class='ocrx_word' id='word_1_332' title='bbox 1117 3229 1226 3298; x_wconf 91' lang='lat' dir='ltr'>strare,</span> <span class='ocrx_word' id='word_1_333' title='bbox 1236 3223 1419 3285; x_wconf 88' lang='lat' dir='ltr'>auctoritate</span> <span class='ocrx_word' id='word_1_334' title='bbox 1429 3220 1518 3282; x_wconf 91' lang='lat' dir='ltr'>nobis</span> <span class='ocrx_word' id='word_1_335' title='bbox 1528 3237 1544 3280; x_wconf 94' lang='lat' dir='ltr'>a</span> <span class='ocrx_word' id='word_1_336' title='bbox 1555 3220 1687 3282; x_wconf 86' lang='lat' dir='ltr'>Domino</span> <span class='ocrx_word' id='word_1_337' title='bbox 1699 3220 1819 3298; x_wconf 92' lang='lat' dir='ltr'>tradita,</span> <span class='ocrx_word' id='word_1_338' title='bbox 1829 3239 1862 3285; x_wconf 91' lang='lat' dir='ltr'>ac</span> 
     </span>
    </p>

    <p class='ocr_par' dir='ltr' id='par_1_14' title="bbox 317 3315 1861 3410">
     <span class='ocr_line' id='line_1_30' title="bbox 317 3315 1861 3410; baseline -0.005 -23"><span class='ocrx_word' id='word_1_339' title='bbox 317 3333 428 3387; x_wconf 91' lang='lat' dir='ltr'>asserta</span> <span class='ocrx_word' id='word_1_340' title='bbox 445 3323 641 3410; x_wconf 35' lang='lat' dir='ltr'>,nominandi</span> <span class='ocrx_word' id='word_1_341' title='bbox 662 3340 717 3386; x_wconf 91' lang='lat' dir='ltr'>seu</span> <span class='ocrx_word' id='word_1_342' title='bbox 739 3323 954 3403; x_wconf 89' lang='lat' dir='ltr'>praesentandi</span> <span class='ocrx_word' id='word_1_343' title='bbox 982 3322 1060 3398; x_wconf 88' lang='lat' dir='ltr'>iura,</span> <span class='ocrx_word' id='word_1_344' title='bbox 1117 3317 1154 3379; x_wconf 91' lang='lat' dir='ltr'>de</span> <span class='ocrx_word' id='word_1_345' title='bbox 1170 3317 1398 3396; x_wconf 91' lang='lat' dir='ltr'>Omnipotentis</span> <span class='ocrx_word' id='word_1_346' title='bbox 1410 3315 1463 3377; x_wconf 85' lang='lat' dir='ltr'>[lei</span> <span class='ocrx_word' id='word_1_347' title='bbox 1475 3315 1696 3391; x_wconf 86' lang='lat' dir='ltr'>misericordia,</span> <span class='ocrx_word' id='word_1_348' title='bbox 1712 3323 1745 3378; x_wconf 91' lang='lat' dir='ltr'>et</span> <span class='ocrx_word' id='word_1_349' title='bbox 1755 3316 1861 3379; x_wconf 92' lang='lat' dir='ltr'>Beato-</span> 
     </span>
    </p>

    <p class='ocr_par' dir='ltr' id='par_1_15' title="bbox 317 3407 1864 3497">
     <span class='ocr_line' id='line_1_31' title="bbox 317 3407 1864 3497; baseline -0.006 -16"><span class='ocrx_word' id='word_1_350' title='bbox 317 3435 410 3497; x_wconf 88' lang='lat' dir='ltr'>quam</span> <span class='ocrx_word' id='word_1_351' title='bbox 432 3433 524 3496; x_wconf 89' lang='lat' dir='ltr'>super</span> <span class='ocrx_word' id='word_1_352' title='bbox 545 3417 722 3480; x_wconf 91' lang='lat' dir='ltr'>vacantium</span> <span class='ocrx_word' id='word_1_353' title='bbox 733 3416 911 3479; x_wconf 87' lang='lat' dir='ltr'>huiusmodi</span> <span class='ocrx_word' id='word_1_354' title='bbox 927 3415 1061 3482; x_wconf 83' lang='lat' dir='ltr'>abbatia·</span> <span class='ocrx_word' id='word_1_355' title='bbox 1117 3424 1188 3472; x_wconf 93' lang='lat' dir='ltr'>rum</span> <span class='ocrx_word' id='word_1_356' title='bbox 1202 3410 1285 3472; x_wconf 90' lang='lat' dir='ltr'>Petri</span> <span class='ocrx_word' id='word_1_357' title='bbox 1300 3417 1330 3472; x_wconf 91' lang='lat' dir='ltr'>et</span> <span class='ocrx_word' id='word_1_358' title='bbox 1345 3409 1430 3471; x_wconf 88' lang='lat' dir='ltr'>Pauli</span> <span class='ocrx_word' id='word_1_359' title='bbox 1445 3407 1665 3486; x_wconf 79' lang='lat' dir='ltr'>Apostolorum</span> <span class='ocrx_word' id='word_1_360' title='bbox 1678 3411 1746 3472; x_wconf 92' lang='lat' dir='ltr'>eius</span> <span class='ocrx_word' id='word_1_361' title='bbox 1759 3418 1864 3473; x_wconf 92' lang='lat' dir='ltr'>aucto-</span> 
     </span>
    </p>

    <p class='ocr_par' dir='ltr' id='par_1_16' title="bbox 318 3501 1861 3584">
     <span class='ocr_line' id='line_1_32' title="bbox 318 3501 1861 3584; baseline -0.004 -12"><span class='ocrx_word' id='word_1_362' title='bbox 318 3527 391 3575; x_wconf 92' lang='lat' dir='ltr'>rum</span> <span class='ocrx_word' id='word_1_363' title='bbox 420 3518 451 3574; x_wconf 92' lang='lat' dir='ltr'>et</span> <span class='ocrx_word' id='word_1_364' title='bbox 481 3511 741 3574; x_wconf 90' lang='lat' dir='ltr'>monasteriorum</span> <span class='ocrx_word' id='word_1_365' title='bbox 772 3510 1060 3584; x_wconf 90' lang='lat' dir='ltr'>administratione,</span> <span class='ocrx_word' id='word_1_366' title='bbox 1118 3503 1208 3566; x_wconf 89' lang='lat' dir='ltr'>ritate</span> <span class='ocrx_word' id='word_1_367' title='bbox 1228 3503 1354 3578; x_wconf 90' lang='lat' dir='ltr'>contisi,</span> <span class='ocrx_word' id='word_1_368' title='bbox 1378 3501 1653 3581; x_wconf 88' lang='lat' dir='ltr'>supplicationibus</span> <span class='ocrx_word' id='word_1_369' title='bbox 1679 3503 1783 3566; x_wconf 88' lang='lat' dir='ltr'>dilecti</span> <span class='ocrx_word' id='word_1_370' title='bbox 1805 3504 1861 3566; x_wconf 89' lang='lat' dir='ltr'>srlii</span> 
     </span>
    </p>

    <p class='ocr_par' dir='ltr' id='par_1_17' title="bbox 316 3594 1861 3685">
     <span class='ocr_line' id='line_1_33' title="bbox 316 3594 1861 3685; baseline -0.005 -19"><span class='ocrx_word' id='word_1_371' title='bbox 316 3612 410 3685; x_wconf 91' lang='lat' dir='ltr'>prout</span> <span class='ocrx_word' id='word_1_372' title='bbox 432 3605 549 3667; x_wconf 90' lang='lat' dir='ltr'>iustum</span> <span class='ocrx_word' id='word_1_373' title='bbox 569 3603 855 3680; x_wconf 86' lang='lat' dir='ltr'>luerit,detiniatur</span> <span class='ocrx_word' id='word_1_374' title='bbox 870 3611 901 3666; x_wconf 89' lang='lat' dir='ltr'>et</span> <span class='ocrx_word' id='word_1_375' title='bbox 915 3610 1062 3682; x_wconf 92' lang='lat' dir='ltr'>opportu-</span> <span class='ocrx_word' id='word_1_376' title='bbox 1117 3598 1259 3660; x_wconf 89' lang='lat' dir='ltr'>moderni</span> <span class='ocrx_word' id='word_1_377' title='bbox 1285 3594 1429 3676; x_wconf 90' lang='lat' dir='ltr'>praelecti</span> <span class='ocrx_word' id='word_1_378' title='bbox 1454 3597 1607 3673; x_wconf 86' lang='lat' dir='ltr'>generalis</span> <span class='ocrx_word' id='word_1_379' title='bbox 1639 3597 1710 3660; x_wconf 90' lang='lat' dir='ltr'>dicti</span> <span class='ocrx_word' id='word_1_380' title='bbox 1740 3597 1861 3662; x_wconf 90' lang='lat' dir='ltr'>Ordinis</span> 
     </span>
    </p>

    <p class='ocr_par' dir='ltr' id='par_1_18' title="bbox 317 3691 1861 3778">
     <span class='ocr_line' id='line_1_34' title="bbox 317 3691 1861 3778; baseline -0.004 -18"><span class='ocrx_word' id='word_1_381' title='bbox 317 3714 357 3760; x_wconf 92' lang='lat' dir='ltr'>ue</span> <span class='ocrx_word' id='word_1_382' title='bbox 378 3698 587 3778; x_wconf 87' lang='lat' dir='ltr'>provideatur.</span> <span class='ocrx_word' id='word_1_383' title='bbox 1117 3692 1206 3756; x_wconf 92' lang='lat' dir='ltr'>nobis</span> <span class='ocrx_word' id='word_1_384' title='bbox 1227 3707 1320 3770; x_wconf 89' lang='lat' dir='ltr'>super</span> <span class='ocrx_word' id='word_1_385' title='bbox 1340 3691 1399 3754; x_wconf 89' lang='lat' dir='ltr'>boc</span> <span class='ocrx_word' id='word_1_386' title='bbox 1419 3691 1583 3754; x_wconf 87' lang='lat' dir='ltr'>humiliter</span> <span class='ocrx_word' id='word_1_387' title='bbox 1604 3691 1752 3771; x_wconf 90' lang='lat' dir='ltr'>porrectis</span> <span class='ocrx_word' id='word_1_388' title='bbox 1773 3692 1861 3756; x_wconf 91' lang='lat' dir='ltr'>incli-</span> 
     </span>
    </p>

    <p class='ocr_par' dir='ltr' id='par_1_19' title="bbox 87 3787 1861 4059">
     <span class='ocr_line' id='line_1_35' title="bbox 87 3787 1860 3899; baseline 0.005 -57"><span class='ocrx_word' id='word_1_389' title='bbox 87 3797 183 3896; x_wconf 73' lang='lat' dir='ltr'>turecres</span> <span class='ocrx_word' id='word_1_390' title='bbox 204 3797 299 3899; x_wconf 58' lang='lat' dir='ltr'>selsen-</span> <span class='ocrx_word' id='word_1_391' title='bbox 356 3792 445 3868; x_wconf 61' lang='grc' dir='ltr'>διο.</span> <span class='ocrx_word' id='word_1_392' title='bbox 468 3791 621 3854; x_wconf 84' lang='lat' dir='ltr'>Volumus</span> <span class='ocrx_word' id='word_1_393' title='bbox 652 3797 768 3867; x_wconf 87' lang='lat' dir='ltr'>autem,</span> <span class='ocrx_word' id='word_1_394' title='bbox 795 3799 830 3854; x_wconf 93' lang='lat' dir='ltr'>ut</span> <span class='ocrx_word' id='word_1_395' title='bbox 851 3791 1062 3869; x_wconf 89' lang='lat' dir='ltr'>praesentium</span> <span class='ocrx_word' id='word_1_396' title='bbox 1116 3789 1193 3864; x_wconf 91' lang='lat' dir='ltr'>nati,</span> <span class='ocrx_word' id='word_1_397' title='bbox 1205 3795 1241 3850; x_wconf 92' lang='lat' dir='ltr'>ut</span> <span class='ocrx_word' id='word_1_398' title='bbox 1251 3788 1508 3868; x_wconf 84' lang='lat' dir='ltr'>quandocumque</span> <span class='ocrx_word' id='word_1_399' title='bbox 1522 3789 1661 3850; x_wconf 91' lang='lat' dir='ltr'>sacerdos</span> <span class='ocrx_word' id='word_1_400' title='bbox 1675 3787 1785 3867; x_wconf 84' lang='lat' dir='ltr'>aliquis</span> <span class='ocrx_word' id='word_1_401' title='bbox 1796 3805 1860 3850; x_wconf 88' lang='lat' dir='ltr'>sae-</span> 
     </span>
     <span class='ocr_line' id='line_1_36' title="bbox 113 3863 1859 3965; baseline -0.003 -16"><span class='ocrx_word' id='word_1_402' title='bbox 113 3863 271 3910; x_wconf 72' lang='lat' dir='ltr'>sexennis.</span> <span class='ocrx_word' id='word_1_403' title='bbox 317 3887 478 3950; x_wconf 90' lang='lat' dir='ltr'>literarum</span> <span class='ocrx_word' id='word_1_404' title='bbox 500 3886 663 3965; x_wconf 85' lang='lat' dir='ltr'>exemplis,</span> <span class='ocrx_word' id='word_1_405' title='bbox 675 3885 768 3947; x_wconf 90' lang='lat' dir='ltr'>etiam</span> <span class='ocrx_word' id='word_1_406' title='bbox 791 3885 869 3964; x_wconf 79' lang='lat' dir='ltr'>typis</span> <span class='ocrx_word' id='word_1_407' title='bbox 892 3885 1060 3965; x_wconf 91' lang='lat' dir='ltr'>impressis,</span> <span class='ocrx_word' id='word_1_408' title='bbox 1116 3885 1239 3959; x_wconf 90' lang='lat' dir='ltr'>cularis,</span> <span class='ocrx_word' id='word_1_409' title='bbox 1262 3883 1326 3944; x_wconf 92' lang='lat' dir='ltr'>sive</span> <span class='ocrx_word' id='word_1_410' title='bbox 1347 3881 1475 3944; x_wconf 91' lang='lat' dir='ltr'>alterius</span> <span class='ocrx_word' id='word_1_411' title='bbox 1489 3881 1623 3957; x_wconf 85' lang='lat' dir='ltr'>Ordinis,</span> <span class='ocrx_word' id='word_1_412' title='bbox 1640 3881 1859 3958; x_wconf 82' lang='lat' dir='ltr'>Congregatio·</span> 
     </span>
     <span class='ocr_line' id='line_1_37' title="bbox 317 3974 1861 4059; baseline -0.003 -17"><span class='ocrx_word' id='word_1_413' title='bbox 317 3995 413 4045; x_wconf 90' lang='lat' dir='ltr'>manu</span> <span class='ocrx_word' id='word_1_414' title='bbox 434 3980 561 4045; x_wconf 85' lang='lat' dir='ltr'>alicuius</span> <span class='ocrx_word' id='word_1_415' title='bbox 582 3980 693 4042; x_wconf 91' lang='lat' dir='ltr'>notarii</span> <span class='ocrx_word' id='word_1_416' title='bbox 708 3979 821 4059; x_wconf 90' lang='lat' dir='ltr'>publici</span> <span class='ocrx_word' id='word_1_417' title='bbox 834 3978 1016 4058; x_wconf 90' lang='lat' dir='ltr'>subscriptis</span> <span class='ocrx_word' id='word_1_418' title='bbox 1030 3987 1061 4040; x_wconf 91' lang='lat' dir='ltr'>et</span> <span class='ocrx_word' id='word_1_419' title='bbox 1117 3982 1165 4043; x_wconf 90' lang='lat' dir='ltr'>nis</span> <span class='ocrx_word' id='word_1_420' title='bbox 1180 3989 1210 4043; x_wconf 88' lang='lat' dir='ltr'>et</span> <span class='ocrx_word' id='word_1_421' title='bbox 1225 3977 1363 4041; x_wconf 89' lang='lat' dir='ltr'>instituti</span> <span class='ocrx_word' id='word_1_422' title='bbox 1376 3974 1539 4053; x_wconf 87' lang='lat' dir='ltr'>regularis,</span> <span class='ocrx_word' id='word_1_423' title='bbox 1552 3987 1778 4052; x_wconf 75' lang='lat' dir='ltr'>sacrosanctum</span> <span class='ocrx_word' id='word_1_424' title='bbox 1790 3977 1861 4040; x_wconf 91' lang='lat' dir='ltr'>lllis-</span> 
     </span>
    </p>

    <p class='ocr_par' dir='ltr' id='par_1_20' title="bbox 316 4066 1861 4171">
     <span class='ocr_line' id='line_1_38' title="bbox 316 4066 1861 4171; baseline -0.001 -34"><span class='ocrx_word' id='word_1_425' title='bbox 316 4075 418 4171; x_wconf 81' lang='lat' dir='ltr'>sigillo</span> <span class='ocrx_word' id='word_1_426' title='bbox 442 4090 590 4154; x_wconf 90' lang='lat' dir='ltr'>personae</span> <span class='ocrx_word' id='word_1_427' title='bbox 615 4074 649 4136; x_wconf 89' lang='lat' dir='ltr'>lu</span> <span class='ocrx_word' id='word_1_428' title='bbox 678 4073 829 4150; x_wconf 80' lang='lat' dir='ltr'>dignitate</span> <span class='ocrx_word' id='word_1_429' title='bbox 859 4072 1061 4135; x_wconf 84' lang='lat' dir='ltr'>ecclesiastica</span> <span class='ocrx_word' id='word_1_430' title='bbox 1116 4091 1166 4136; x_wconf 89' lang='lat' dir='ltr'>sae</span> <span class='ocrx_word' id='word_1_431' title='bbox 1193 4073 1377 4136; x_wconf 81' lang='lat' dir='ltr'>sacrificium</span> <span class='ocrx_word' id='word_1_432' title='bbox 1403 4072 1438 4133; x_wconf 88' lang='grc' dir='ltr'>ιιι</span> <span class='ocrx_word' id='word_1_433' title='bbox 1467 4066 1657 4149; x_wconf 91' lang='lat' dir='ltr'>praedictum</span> <span class='ocrx_word' id='word_1_434' title='bbox 1684 4071 1779 4134; x_wconf 90' lang='lat' dir='ltr'>altare</span> <span class='ocrx_word' id='word_1_435' title='bbox 1807 4090 1861 4153; x_wconf 85' lang='lat' dir='ltr'>per</span> 
     </span>
    </p>

    <p class='ocr_par' dir='ltr' id='par_1_21' title="bbox 316 4159 1859 4245">
     <span class='ocr_line' id='line_1_39' title="bbox 316 4159 1859 4245; baseline -0.003 -13"><span class='ocrx_word' id='word_1_436' title='bbox 316 4160 502 4232; x_wconf 89' lang='lat' dir='ltr'>constitutae</span> <span class='ocrx_word' id='word_1_437' title='bbox 533 4165 674 4239; x_wconf 91' lang='lat' dir='ltr'>munitis,</span> <span class='ocrx_word' id='word_1_438' title='bbox 697 4168 804 4229; x_wconf 89' lang='lat' dir='ltr'>eadem</span> <span class='ocrx_word' id='word_1_439' title='bbox 833 4181 958 4245; x_wconf 90' lang='lat' dir='ltr'>prorsus</span> <span class='ocrx_word' id='word_1_440' title='bbox 985 4159 1061 4228; x_wconf 81' lang='lat' dir='ltr'>noes</span> <span class='ocrx_word' id='word_1_441' title='bbox 1116 4164 1859 4242; x_wconf 89' lang='lat' dir='ltr'>Ordinarioslocorumrepectivesemeltantum</span> 
     </span>
    </p>

    <p class='ocr_par' dir='ltr' id='par_1_22' title="bbox 317 4250 1860 4340">
     <span class='ocr_line' id='line_1_40' title="bbox 317 4250 1860 4340; baseline -0.003 -15"><span class='ocrx_word' id='word_1_442' title='bbox 317 4262 455 4340; x_wconf 86' lang='lat' dir='ltr'>ubique&#39;</span> <span class='ocrx_word' id='word_1_443' title='bbox 446 4278 479 4324; x_wconf 92' lang='lat' dir='ltr'>m</span> <span class='ocrx_word' id='word_1_444' title='bbox 497 4261 609 4323; x_wconf 93' lang='lat' dir='ltr'>iudicio</span> <span class='ocrx_word' id='word_1_445' title='bbox 626 4266 658 4322; x_wconf 91' lang='lat' dir='ltr'>et</span> <span class='ocrx_word' id='word_1_446' title='bbox 673 4267 759 4321; x_wconf 84' lang='lat' dir='ltr'>extra</span> <span class='ocrx_word' id='word_1_447' title='bbox 774 4260 851 4321; x_wconf 93' lang='lat' dir='ltr'>illud</span> <span class='ocrx_word' id='word_1_448' title='bbox 866 4259 1058 4334; x_wconf 88' lang='lat' dir='ltr'>adhibeatur,</span> <span class='ocrx_word' id='word_1_449' title='bbox 1115 4250 1373 4339; x_wconf 83' lang='lat' dir='ltr'>specificandum,</span> <span class='ocrx_word' id='word_1_450' title='bbox 1396 4265 1431 4319; x_wconf 93' lang='lat' dir='ltr'>ut</span> <span class='ocrx_word' id='word_1_451' title='bbox 1451 4257 1579 4335; x_wconf 86' lang='lat' dir='ltr'>petitur,</span> <span class='ocrx_word' id='word_1_452' title='bbox 1601 4259 1634 4320; x_wconf 94' lang='lat' dir='ltr'>in</span> <span class='ocrx_word' id='word_1_453' title='bbox 1656 4258 1743 4321; x_wconf 90' lang='lat' dir='ltr'>dictis</span> <span class='ocrx_word' id='word_1_454' title='bbox 1765 4259 1860 4322; x_wconf 90' lang='lat' dir='ltr'>ecclc-</span> 
     </span>
    </p>

    <p class='ocr_par' dir='ltr' id='par_1_23' title="bbox 316 4351 1861 4436">
     <span class='ocr_line' id='line_1_41' title="bbox 316 4351 1861 4436; baseline -0.003 -16"><span class='ocrx_word' id='word_1_455' title='bbox 316 4373 393 4436; x_wconf 87' lang='lat' dir='ltr'>quae</span> <span class='ocrx_word' id='word_1_456' title='bbox 423 4357 495 4436; x_wconf 92' lang='lat' dir='ltr'>ipsis</span> <span class='ocrx_word' id='word_1_457' title='bbox 520 4353 732 4434; x_wconf 90' lang='lat' dir='ltr'>praesentibus</span> <span class='ocrx_word' id='word_1_458' title='bbox 759 4353 942 4430; x_wconf 89' lang='lat' dir='ltr'>haberetur,</span> <span class='ocrx_word' id='word_1_459' title='bbox 969 4354 994 4414; x_wconf 94' lang='lat' dir='ltr'>si</span> <span class='ocrx_word' id='word_1_460' title='bbox 1016 4352 1060 4415; x_wconf 60' lang='lat' dir='ltr'>to*</span> <span class='ocrx_word' id='word_1_461' title='bbox 1115 4356 1168 4418; x_wconf 90' lang='lat' dir='ltr'>siis</span> <span class='ocrx_word' id='word_1_462' title='bbox 1189 4361 1220 4417; x_wconf 92' lang='lat' dir='ltr'>et</span> <span class='ocrx_word' id='word_1_463' title='bbox 1242 4351 1426 4416; x_wconf 90' lang='lat' dir='ltr'>nosocomiis</span> <span class='ocrx_word' id='word_1_464' title='bbox 1447 4351 1579 4414; x_wconf 81' lang='lat' dir='ltr'>eristen.</span> <span class='ocrx_word' id='word_1_465' title='bbox 1602 4368 1658 4431; x_wconf 93' lang='lat' dir='ltr'>pro</span> <span class='ocrx_word' id='word_1_466' title='bbox 1685 4354 1788 4415; x_wconf 89' lang='lat' dir='ltr'>anima</span> <span class='ocrx_word' id='word_1_467' title='bbox 1810 4372 1861 4416; x_wconf 90' lang='lat' dir='ltr'>cu·</span> 
     </span>
    </p>

    <p class='ocr_par' dir='ltr' id='par_1_24' title="bbox 315 4444 1861 4526">
     <span class='ocr_line' id='line_1_42' title="bbox 315 4444 1861 4526; baseline -0.001 -14"><span class='ocrx_word' id='word_1_468' title='bbox 315 4459 387 4513; x_wconf 89' lang='lat' dir='ltr'>rent</span> <span class='ocrx_word' id='word_1_469' title='bbox 408 4449 562 4512; x_wconf 84' lang='lat' dir='ltr'>exhibitae</span> <span class='ocrx_word' id='word_1_470' title='bbox 584 4447 634 4510; x_wconf 91' lang='lat' dir='ltr'>vel</span> <span class='ocrx_word' id='word_1_471' title='bbox 655 4455 805 4510; x_wconf 91' lang='lat' dir='ltr'>ostensae.</span> <span class='ocrx_word' id='word_1_472' title='bbox 1117 4451 1299 4526; x_wconf 85' lang='lat' dir='ltr'>luscumque</span> <span class='ocrx_word' id='word_1_473' title='bbox 1322 4444 1547 4521; x_wconf 86' lang='lat' dir='ltr'>Onristitidelis,</span> <span class='ocrx_word' id='word_1_474' title='bbox 1570 4453 1648 4524; x_wconf 88' lang='lat' dir='ltr'>quae</span> <span class='ocrx_word' id='word_1_475' title='bbox 1671 4447 1732 4510; x_wconf 82' lang='lat' dir='ltr'>lieo</span> <span class='ocrx_word' id='word_1_476' title='bbox 1753 4449 1786 4510; x_wconf 93' lang='lat' dir='ltr'>in</span> <span class='ocrx_word' id='word_1_477' title='bbox 1814 4465 1861 4511; x_wconf 89' lang='lat' dir='ltr'>ca-</span> 
     </span>
    </p>

    <p class='ocr_par' dir='ltr' id='par_1_25' title="bbox 354 4538 1859 4619">
     <span class='ocr_line' id='line_1_43' title="bbox 354 4538 1859 4619; baseline -0.003 -12"><span class='ocrx_word' id='word_1_478' title='bbox 354 4546 468 4607; x_wconf 87' lang='lat' dir='ltr'>Itatum</span> <span class='ocrx_word' id='word_1_479' title='bbox 498 4543 624 4617; x_wconf 83' lang='lat' dir='ltr'>Romae,</span> <span class='ocrx_word' id='word_1_480' title='bbox 652 4540 732 4619; x_wconf 91' lang='lat' dir='ltr'>apud</span> <span class='ocrx_word' id='word_1_481' title='bbox 759 4541 790 4604; x_wconf 88' lang='lat' dir='ltr'>S.</span> <span class='ocrx_word' id='word_1_482' title='bbox 819 4541 942 4604; x_wconf 84' lang='lat' dir='ltr'>litaniam</span> <span class='ocrx_word' id='word_1_483' title='bbox 969 4540 1060 4603; x_wconf 90' lang='lat' dir='ltr'>llaio-</span> <span class='ocrx_word' id='word_1_484' title='bbox 1115 4544 1209 4607; x_wconf 92' lang='lat' dir='ltr'>ritate</span> <span class='ocrx_word' id='word_1_485' title='bbox 1237 4543 1401 4605; x_wconf 89' lang='lat' dir='ltr'>coniuncta</span> <span class='ocrx_word' id='word_1_486' title='bbox 1423 4539 1460 4601; x_wconf 94' lang='lat' dir='ltr'>ab</span> <span class='ocrx_word' id='word_1_487' title='bbox 1488 4539 1543 4602; x_wconf 84' lang='lat' dir='ltr'>trac</span> <span class='ocrx_word' id='word_1_488' title='bbox 1568 4538 1635 4601; x_wconf 90' lang='lat' dir='ltr'>luce</span> <span class='ocrx_word' id='word_1_489' title='bbox 1659 4541 1859 4619; x_wconf 82' lang='lat' dir='ltr'>migraverit,</span> 
     </span>
    </p>

    <p class='ocr_par' dir='ltr' id='par_1_26' title="bbox 315 4633 1862 4712">
     <span class='ocr_line' id='line_1_44' title="bbox 315 4633 1862 4712; baseline -0.002 -11"><span class='ocrx_word' id='word_1_490' title='bbox 315 4655 381 4701; x_wconf 90' lang='lat' dir='ltr'>rem</span> <span class='ocrx_word' id='word_1_491' title='bbox 403 4638 461 4700; x_wconf 92' lang='lat' dir='ltr'>sub</span> <span class='ocrx_word' id='word_1_492' title='bbox 481 4636 598 4699; x_wconf 88' lang='lat' dir='ltr'>annulo</span> <span class='ocrx_word' id='word_1_493' title='bbox 619 4635 776 4698; x_wconf 88' lang='lat' dir='ltr'>Piscatoris</span> <span class='ocrx_word' id='word_1_494' title='bbox 798 4634 938 4697; x_wconf 84' lang='lat' dir='ltr'>diexxx.</span> <span class='ocrx_word' id='word_1_495' title='bbox 956 4634 1061 4697; x_wconf 92' lang='lat' dir='ltr'>martii</span> <span class='ocrx_word' id='word_1_496' title='bbox 1115 4637 1302 4711; x_wconf 92' lang='lat' dir='ltr'>celebrabit,</span> <span class='ocrx_word' id='word_1_497' title='bbox 1332 4635 1433 4696; x_wconf 89' lang='lat' dir='ltr'>anima</span> <span class='ocrx_word' id='word_1_498' title='bbox 1466 4633 1528 4712; x_wconf 91' lang='lat' dir='ltr'>ipsa</span> <span class='ocrx_word' id='word_1_499' title='bbox 1563 4633 1600 4696; x_wconf 91' lang='lat' dir='ltr'>de</span> <span class='ocrx_word' id='word_1_500' title='bbox 1627 4635 1770 4696; x_wconf 84' lang='lat' dir='ltr'>thesauro</span> <span class='ocrx_word' id='word_1_501' title='bbox 1806 4635 1862 4698; x_wconf 89' lang='lat' dir='ltr'>Ec·</span> 
     </span>
    </p>

    <p class='ocr_par' dir='ltr' id='par_1_27' title="bbox 315 4727 1861 4903">
     <span class='ocr_line' id='line_1_45' title="bbox 315 4727 1861 4810; baseline -0.002 -16"><span class='ocrx_word' id='word_1_502' title='bbox 315 4747 465 4795; x_wconf 82' lang='lat' dir='ltr'>unocnvr.</span> <span class='ocrx_word' id='word_1_503' title='bbox 489 4730 684 4809; x_wconf 85' lang='lat' dir='ltr'>pontificatus</span> <span class='ocrx_word' id='word_1_504' title='bbox 706 4728 805 4790; x_wconf 90' lang='lat' dir='ltr'>nostri</span> <span class='ocrx_word' id='word_1_505' title='bbox 826 4745 907 4791; x_wconf 89' lang='lat' dir='ltr'>anno</span> <span class='ocrx_word' id='word_1_506' title='bbox 928 4745 993 4791; x_wconf 80' lang='lat' dir='ltr'>rvr.</span> <span class='ocrx_word' id='word_1_507' title='bbox 1115 4732 1224 4794; x_wconf 89' lang='lat' dir='ltr'>clesiae</span> <span class='ocrx_word' id='word_1_508' title='bbox 1244 4745 1298 4810; x_wconf 90' lang='lat' dir='ltr'>per</span> <span class='ocrx_word' id='word_1_509' title='bbox 1320 4728 1447 4791; x_wconf 92' lang='lat' dir='ltr'>modum</span> <span class='ocrx_word' id='word_1_510' title='bbox 1468 4727 1607 4804; x_wconf 80' lang='lat' dir='ltr'>suffragii</span> <span class='ocrx_word' id='word_1_511' title='bbox 1633 4727 1861 4804; x_wconf 86' lang='lat' dir='ltr'>indulgentiam</span> 
     </span>
     <span class='ocr_line' id='line_1_46' title="bbox 571 4820 1860 4903; baseline -0.001 -17"><span class='ocrx_word' id='word_1_512' title='bbox 571 4875 809 4886; x_wconf 69' lang='grc'>.....-.</span> <span class='ocrx_word' id='word_1_513' title='bbox 1116 4831 1334 4903; x_wconf 78' lang='lat' dir='ltr'>consequatur3</span> <span class='ocrx_word' id='word_1_514' title='bbox 1358 4822 1437 4883; x_wconf 92' lang='lat' dir='ltr'>itaut</span> <span class='ocrx_word' id='word_1_515' title='bbox 1457 4820 1595 4884; x_wconf 90' lang='lat' dir='ltr'>eiusdem</span> <span class='ocrx_word' id='word_1_516' title='bbox 1617 4821 1740 4884; x_wconf 85' lang='lat' dir='ltr'>Domini</span> <span class='ocrx_word' id='word_1_517' title='bbox 1755 4821 1860 4885; x_wconf 91' lang='lat' dir='ltr'>Nostri</span> 
     </span>
    </p>

    <p class='ocr_par' dir='ltr' id='par_1_28' title="bbox 732 4905 1860 5006">
     <span class='ocr_line' id='line_1_47' title="bbox 732 4905 1860 5006; baseline -0.003 -24"><span class='ocrx_word' id='word_1_518' title='bbox 732 4971 742 5006; x_wconf 74' lang='lat'>,</span> <span class='ocrx_word' id='word_1_519' title='bbox 802 4905 805 4912; x_wconf 70' lang='grc'>’</span> <span class='ocrx_word' id='word_1_520' title='bbox 865 4917 870 4930; x_wconf 89' lang='grc'><em>“</em></span> <span class='ocrx_word' id='word_1_521' title='bbox 1115 4919 1185 4981; x_wconf 91' lang='lat' dir='ltr'>lesu</span> <span class='ocrx_word' id='word_1_522' title='bbox 1206 4916 1368 4991; x_wconf 83' lang='lat' dir='ltr'>Christian</span> <span class='ocrx_word' id='word_1_523' title='bbox 1383 4915 1580 4977; x_wconf 87' lang='lat' dir='ltr'>Beatissimae</span> <span class='ocrx_word' id='word_1_524' title='bbox 1595 4914 1734 4993; x_wconf 84' lang='lat' dir='ltr'>Virginis</span> <span class='ocrx_word' id='word_1_525' title='bbox 1749 4916 1860 4979; x_wconf 84' lang='lat' dir='ltr'>itariae</span> 
     </span>
    </p>

    <p class='ocr_par' dir='ltr' id='par_1_29' title="bbox 608 4971 1860 5089">
     <span class='ocr_line' id='line_1_48' title="bbox 608 4971 1860 5089; baseline -0.003 -11"><span class='ocrx_word' id='word_1_526' title='bbox 608 4971 735 5036; x_wconf 37' lang='lat' dir='ltr'>CLXX*</span> <span class='ocrx_word' id='word_1_527' title='bbox 746 4973 768 5034; x_wconf 64' lang='grc' dir='ltr'>Ι·</span> <span class='ocrx_word' id='word_1_528' title='bbox 1115 5013 1363 5089; x_wconf 87' lang='lat' dir='ltr'>Sanctorumque</span> <span class='ocrx_word' id='word_1_529' title='bbox 1384 5009 1525 5071; x_wconf 91' lang='lat' dir='ltr'>omnium</span> <span class='ocrx_word' id='word_1_530' title='bbox 1548 5008 1667 5071; x_wconf 87' lang='lat' dir='ltr'>meritis</span> <span class='ocrx_word' id='word_1_531' title='bbox 1681 5009 1738 5071; x_wconf 90' lang='lat' dir='ltr'>sibi</span> <span class='ocrx_word' id='word_1_532' title='bbox 1753 5011 1860 5074; x_wconf 88' lang='lat' dir='ltr'>sulira·</span> 
     </span>
    </p>

    <p class='ocr_par' dir='ltr' id='par_1_30' title="bbox 315 5105 1879 5190">
     <span class='ocr_line' id='line_1_49' title="bbox 315 5105 1879 5190; baseline 0 -19"><span class='ocrx_word' id='word_1_533' title='bbox 315 5105 353 5171; x_wconf 87' lang='lat' dir='ltr'>ln</span> <span class='ocrx_word' id='word_1_534' title='bbox 381 5106 518 5170; x_wconf 79' lang='lat' dir='ltr'>ecclesiis</span> <span class='ocrx_word' id='word_1_535' title='bbox 548 5113 579 5168; x_wconf 88' lang='lat' dir='ltr'>ct</span> <span class='ocrx_word' id='word_1_536' title='bbox 609 5107 796 5171; x_wconf 79' lang='lat' dir='ltr'>nosocomiis</span> <span class='ocrx_word' id='word_1_537' title='bbox 827 5105 960 5169; x_wconf 83' lang='lat' dir='ltr'>Ordinis</span> <span class='ocrx_word' id='word_1_538' title='bbox 990 5107 1059 5188; x_wconf 76' lang='lat' dir='ltr'>sco·</span> <span class='ocrx_word' id='word_1_539' title='bbox 1115 5110 1259 5190; x_wconf 89' lang='lat' dir='ltr'>gantibus</span> <span class='ocrx_word' id='word_1_540' title='bbox 1274 5125 1289 5168; x_wconf 93' lang='lat' dir='ltr'>a</span> <span class='ocrx_word' id='word_1_541' title='bbox 1304 5107 1475 5188; x_wconf 84' lang='lat' dir='ltr'>purgatorii</span> <span class='ocrx_word' id='word_1_542' title='bbox 1489 5107 1597 5185; x_wconf 88' lang='lat' dir='ltr'>poeuis</span> <span class='ocrx_word' id='word_1_543' title='bbox 1612 5106 1772 5183; x_wconf 92' lang='lat' dir='ltr'>liberetur,</span> <span class='ocrx_word' id='word_1_544' title='bbox 1788 5125 1879 5171; x_wconf 91' lang='lat' dir='ltr'>con-·</span> 
     </span>
    </p>

    <p class='ocr_par' dir='ltr' id='par_1_31' title="bbox 355 5193 1860 5561">
     <span class='ocr_line' id='line_1_50' title="bbox 356 5193 1534 5278; baseline -0.002 -16"><span class='ocrx_word' id='word_1_545' title='bbox 356 5206 445 5264; x_wconf 83' lang='lat' dir='ltr'>trem</span> <span class='ocrx_word' id='word_1_546' title='bbox 473 5200 759 5264; x_wconf 80' lang='lat' dir='ltr'>Betltelcmitcrom</span> <span class='ocrx_word' id='word_1_547' title='bbox 776 5199 930 5276; x_wconf 72' lang='lat' dir='ltr'>¹coaccedit</span> <span class='ocrx_word' id='word_1_548' title='bbox 957 5217 1059 5262; x_wconf 81' lang='lat' dir='ltr'>unum</span> <span class='ocrx_word' id='word_1_549' title='bbox 1114 5193 1252 5268; x_wconf 89' lang='lat' dir='ltr'>cedimus</span> <span class='ocrx_word' id='word_1_550' title='bbox 1272 5209 1304 5264; x_wconf 91' lang='lat' dir='ltr'>et</span> <span class='ocrx_word' id='word_1_551' title='bbox 1324 5200 1534 5278; x_wconf 88' lang='lat' dir='ltr'>indulgemus.</span> 
     </span>
     <span class='ocr_line' id='line_1_51' title="bbox 355 5293 1859 5374; baseline 0.001 -16"><span class='ocrx_word' id='word_1_552' title='bbox 355 5293 461 5368; x_wconf 78' lang='lat' dir='ltr'>attere</span> <span class='ocrx_word' id='word_1_553' title='bbox 474 5293 731 5374; x_wconf 75' lang='lat' dir='ltr'>privilegiatum,</span> <span class='ocrx_word' id='word_1_554' title='bbox 743 5295 1059 5374; x_wconf 79' lang='lat' dir='ltr'>perordtocrtocto·</span> <span class='ocrx_word' id='word_1_555' title='bbox 1154 5299 1173 5374; x_wconf 59' lang='grc' dir='ltr'>ὅ</span> <span class='ocrx_word' id='word_1_556' title='bbox 1194 5297 1223 5358; x_wconf 82' lang='lat'>3.</span> <span class='ocrx_word' id='word_1_557' title='bbox 1246 5295 1280 5358; x_wconf 96' lang='lat' dir='ltr'>ln</span> <span class='ocrx_word' id='word_1_558' title='bbox 1301 5295 1492 5357; x_wconf 92' lang='lat' dir='ltr'>contrarium</span> <span class='ocrx_word' id='word_1_559' title='bbox 1518 5294 1702 5358; x_wconf 89' lang='lat' dir='ltr'>iacientibus</span> <span class='ocrx_word' id='word_1_560' title='bbox 1723 5311 1786 5358; x_wconf 90' lang='lat' dir='ltr'>non</span> <span class='ocrx_word' id='word_1_561' title='bbox 1808 5297 1859 5359; x_wconf 93' lang='lat' dir='ltr'>ob·</span> 
     </span>
     <span class='ocr_line' id='line_1_52' title="bbox 356 5387 1860 5469; baseline 0 -19"><span class='ocrx_word' id='word_1_562' title='bbox 356 5405 466 5451; x_wconf 83' lang='lat' dir='ltr'>corom</span> <span class='ocrx_word' id='word_1_563' title='bbox 488 5387 730 5468; x_wconf 76' lang='lat' dir='ltr'>designandum.</span> <span class='ocrx_word' id='word_1_564' title='bbox 844 5447 846 5452; x_wconf 72' lang='grc'>,</span> <span class='ocrx_word' id='word_1_565' title='bbox 1114 5390 1267 5452; x_wconf 89' lang='lat' dir='ltr'>stantibus</span> <span class='ocrx_word' id='word_1_566' title='bbox 1277 5389 1535 5468; x_wconf 86' lang='lat' dir='ltr'>quibuscumque.</span> <span class='ocrx_word' id='word_1_567' title='bbox 1560 5389 1775 5451; x_wconf 86' lang='lat' dir='ltr'>Praesentibus</span> <span class='ocrx_word' id='word_1_568' title='bbox 1792 5405 1860 5469; x_wconf 92' lang='lat' dir='ltr'>per·</span> 
     </span>
     <span class='ocr_line' id='line_1_53' title="bbox 1115 5481 1736 5561; baseline -0.003 -17"><span class='ocrx_word' id='word_1_569' title='bbox 1115 5483 1215 5561; x_wconf 89' lang='lat' dir='ltr'>petuis</span> <span class='ocrx_word' id='word_1_570' title='bbox 1236 5481 1350 5544; x_wconf 88' lang='lat' dir='ltr'>tuturis</span> <span class='ocrx_word' id='word_1_571' title='bbox 1371 5481 1563 5561; x_wconf 90' lang='lat' dir='ltr'>temporibus</span> <span class='ocrx_word' id='word_1_572' title='bbox 1584 5481 1736 5545; x_wconf 84' lang='lat' dir='ltr'>valituris.</span> 
     </span>
    </p>

    <p class='ocr_par' dir='ltr' id='par_1_32' title="bbox 485 5558 1860 5656">
     <span class='ocr_line' id='line_1_54' title="bbox 485 5558 1860 5656; baseline -0.002 -13"><span class='ocrx_word' id='word_1_573' title='bbox 485 5558 727 5630; x_wconf 66' lang='grc' dir='ltr'>ΒΕΝΕὓΙῦῘυὸ</span> <span class='ocrx_word' id='word_1_574' title='bbox 743 5559 803 5642; x_wconf 75' lang='grc' dir='ltr'>ΡΡ·</span> <span class='ocrx_word' id='word_1_575' title='bbox 819 5559 889 5628; x_wconf 74' lang='grc' dir='ltr'>ΧΝ·</span> <span class='ocrx_word' id='word_1_576' title='bbox 1155 5578 1174 5650; x_wconf 70' lang='lat'>5</span> <span class='ocrx_word' id='word_1_577' title='bbox 1195 5575 1224 5637; x_wconf 82' lang='lat' dir='ltr'>t.</span> <span class='ocrx_word' id='word_1_578' title='bbox 1237 5574 1387 5639; x_wconf 84' lang='lat' dir='ltr'>Volumus</span> <span class='ocrx_word' id='word_1_579' title='bbox 1398 5583 1514 5652; x_wconf 91' lang='lat' dir='ltr'>autem,</span> <span class='ocrx_word' id='word_1_580' title='bbox 1527 5585 1562 5638; x_wconf 93' lang='lat' dir='ltr'>ut</span> <span class='ocrx_word' id='word_1_581' title='bbox 1577 5577 1758 5639; x_wconf 89' lang='lat' dir='ltr'>earumdem</span> <span class='ocrx_word' id='word_1_582' title='bbox 1775 5593 1860 5656; x_wconf 91' lang='lat' dir='ltr'>prae-</span> 
     </span>
    </p>

    <p class='ocr_par' dir='ltr' id='par_1_33' title="bbox 435 5671 1859 5769">
     <span class='ocr_line' id='line_1_55' title="bbox 435 5671 1859 5769; baseline -0.003 -34"><span class='ocrx_word' id='word_1_583' title='bbox 435 5683 472 5750; x_wconf 65' lang='grc' dir='ltr'>ιι</span> <span class='ocrx_word' id='word_1_584' title='bbox 494 5689 668 5769; x_wconf 54' lang='lat' dir='ltr'>perpetuam</span> <span class='ocrx_word' id='word_1_585' title='bbox 691 5684 734 5751; x_wconf 63' lang='lat' dir='ltr'>ppt</span> <span class='ocrx_word' id='word_1_586' title='bbox 761 5684 939 5752; x_wconf 55' lang='lat' dir='ltr'>memoriam,</span> <span class='ocrx_word' id='word_1_587' title='bbox 1115 5673 1251 5734; x_wconf 89' lang='lat' dir='ltr'>sentium</span> <span class='ocrx_word' id='word_1_588' title='bbox 1273 5671 1432 5734; x_wconf 92' lang='lat' dir='ltr'>literarum</span> <span class='ocrx_word' id='word_1_589' title='bbox 1446 5671 1670 5748; x_wconf 87' lang='lat' dir='ltr'>transumptis,</span> <span class='ocrx_word' id='word_1_590' title='bbox 1687 5687 1741 5734; x_wconf 90' lang='lat' dir='ltr'>seu</span> <span class='ocrx_word' id='word_1_591' title='bbox 1756 5687 1859 5734; x_wconf 84' lang='lat' dir='ltr'>erem-</span> 
     </span>
    </p>

    <p class='ocr_par' dir='ltr' id='par_1_34' title="bbox 314 5763 1860 6028">
     <span class='ocr_line' id='line_1_56' title="bbox 314 5763 1860 5844; baseline -0.006 -10"><span class='ocrx_word' id='word_1_592' title='bbox 314 5829 317 5834; x_wconf 68' lang='lat'>,</span> <span class='ocrx_word' id='word_1_593' title='bbox 351 5803 354 5810; x_wconf 92' lang='lat'>·</span> <span class='ocrx_word' id='word_1_594' title='bbox 619 5767 623 5773; x_wconf 81' lang='grc'><strong>’</strong></span> <span class='ocrx_word' id='word_1_595' title='bbox 1115 5765 1172 5844; x_wconf 91' lang='lat' dir='ltr'>plis</span> <span class='ocrx_word' id='word_1_596' title='bbox 1200 5765 1293 5826; x_wconf 90' lang='lat' dir='ltr'>etiam</span> <span class='ocrx_word' id='word_1_597' title='bbox 1314 5764 1484 5843; x_wconf 89' lang='lat' dir='ltr'>impressis,</span> <span class='ocrx_word' id='word_1_598' title='bbox 1505 5778 1600 5825; x_wconf 92' lang='lat' dir='ltr'>manu</span> <span class='ocrx_word' id='word_1_599' title='bbox 1622 5763 1753 5826; x_wconf 89' lang='lat' dir='ltr'>alicuius</span> <span class='ocrx_word' id='word_1_600' title='bbox 1774 5771 1860 5825; x_wconf 91' lang='lat' dir='ltr'>nota·</span> 
     </span>
     <span class='ocr_line' id='line_1_57' title="bbox 355 5857 1858 5936; baseline -0.003 -14"><span class='ocrx_word' id='word_1_601' title='bbox 355 5860 374 5936; x_wconf 68' lang='grc' dir='ltr'><strong>ἓ</strong></span> <span class='ocrx_word' id='word_1_602' title='bbox 398 5859 424 5922; x_wconf 91' lang='lat' dir='ltr'>l.</span> <span class='ocrx_word' id='word_1_603' title='bbox 449 5861 615 5924; x_wconf 82' lang='lat' dir='ltr'>salvatoris</span> <span class='ocrx_word' id='word_1_604' title='bbox 636 5861 759 5924; x_wconf 88' lang='lat' dir='ltr'>Domini</span> <span class='ocrx_word' id='word_1_605' title='bbox 771 5860 877 5924; x_wconf 90' lang='lat' dir='ltr'>Nostri</span> <span class='ocrx_word' id='word_1_606' title='bbox 892 5861 958 5922; x_wconf 93' lang='lat' dir='ltr'>lesu</span> <span class='ocrx_word' id='word_1_607' title='bbox 970 5857 1059 5922; x_wconf 86' lang='lat' dir='ltr'>Chri·</span> <span class='ocrx_word' id='word_1_608' title='bbox 1114 5858 1153 5919; x_wconf 91' lang='grc' dir='ltr'>ιιι</span> <span class='ocrx_word' id='word_1_609' title='bbox 1175 5857 1289 5935; x_wconf 92' lang='lat' dir='ltr'>publici</span> <span class='ocrx_word' id='word_1_610' title='bbox 1316 5857 1505 5935; x_wconf 89' lang='lat' dir='ltr'>subscriptis,</span> <span class='ocrx_word' id='word_1_611' title='bbox 1528 5865 1559 5920; x_wconf 92' lang='lat' dir='ltr'>et</span> <span class='ocrx_word' id='word_1_612' title='bbox 1578 5857 1682 5934; x_wconf 88' lang='lat' dir='ltr'>sigillo</span> <span class='ocrx_word' id='word_1_613' title='bbox 1710 5873 1858 5936; x_wconf 86' lang='lat' dir='ltr'>personae</span> 
     </span>
     <span class='ocr_line' id='line_1_58' title="bbox 314 5949 1858 6028; baseline -0.003 -12"><span class='ocrx_word' id='word_1_614' title='bbox 314 5955 354 6016; x_wconf 91' lang='lat' dir='ltr'>sti</span> <span class='ocrx_word' id='word_1_615' title='bbox 368 5960 495 6016; x_wconf 88' lang='lat' dir='ltr'>aeterno</span> <span class='ocrx_word' id='word_1_616' title='bbox 506 5953 587 6016; x_wconf 91' lang='lat' dir='ltr'>Patri</span> <span class='ocrx_word' id='word_1_617' title='bbox 602 5953 871 6018; x_wconf 90' lang='lat' dir='ltr'>consubstantialis</span> <span class='ocrx_word' id='word_1_618' title='bbox 883 5959 914 6015; x_wconf 89' lang='lat' dir='ltr'>et</span> <span class='ocrx_word' id='word_1_619' title='bbox 926 5961 1058 6015; x_wconf 87' lang='lat' dir='ltr'>coaeter·</span> <span class='ocrx_word' id='word_1_620' title='bbox 1116 5951 1148 6013; x_wconf 91' lang='lat' dir='ltr'>in</span> <span class='ocrx_word' id='word_1_621' title='bbox 1168 5949 1368 6014; x_wconf 86' lang='lat' dir='ltr'>ecclesiastica</span> <span class='ocrx_word' id='word_1_622' title='bbox 1386 5951 1537 6028; x_wconf 89' lang='lat' dir='ltr'>dignitate</span> <span class='ocrx_word' id='word_1_623' title='bbox 1558 5951 1742 6013; x_wconf 89' lang='lat' dir='ltr'>constitutae</span> <span class='ocrx_word' id='word_1_624' title='bbox 1757 5949 1858 6014; x_wconf 92' lang='lat' dir='ltr'>muni-</span> 
     </span>
    </p>
   </div>
   <div class='ocr_carea' id='block_1_6' title="bbox 0 0 2404 6978">
    <p class='ocr_par' dir='ltr' id='par_1_35' title="bbox 0 0 2404 6978">
     <span class='ocr_line' id='line_1_59' title="bbox 0 0 2404 6978; baseline 0 3"><span class='ocrx_word' id='word_1_625' title='bbox 0 0 2404 6978; x_wconf 95' lang='lat' dir='ltr'> </span> 
     </span>
    </p>
   </div>
  </div>
 </body>
</html>
