<?xml version="1.0" encoding="UTF-8"?>
<!DOCTYPE html PUBLIC "-//W3C//DTD XHTML 1.0 Transitional//EN"
    "http://www.w3.org/TR/xhtml1/DTD/xhtml1-transitional.dtd">
<html xmlns="http://www.w3.org/1999/xhtml" xml:lang="en" lang="en">
 <head>
  <title>
</title>
<meta http-equiv="Content-Type" content="text/html;charset=utf-8" />
  <meta name='ocr-system' content='tesseract 3.04.00' />
  <meta name='ocr-capabilities' content='ocr_page ocr_carea ocr_par ocr_line ocrx_word'/>
</head>
<body>
  <div class='ocr_page' id='page_1' title='image "./iurispontificii02martgoog_0367.png"; bbox 0 0 4828 6990; ppageno 0'>
   <div class='ocr_carea' id='block_1_1' title="bbox 111 4103 282 4252">
    <p class='ocr_par' dir='ltr' id='par_1_1' title="bbox 111 4103 282 4252">
     <span class='ocr_line' id='line_1_1' title="bbox 138 4103 282 4158; baseline 0.028 -13"><span class='ocrx_word' id='word_1_1' title='bbox 138 4103 159 4145; x_wconf 84' lang='lat' dir='ltr'>tt</span> <span class='ocrx_word' id='word_1_2' title='bbox 173 4103 282 4158; x_wconf 88' lang='lat' dir='ltr'>promeri-</span> 
     </span>
     <span class='ocr_line' id='line_1_2' title="bbox 111 4155 281 4252; baseline 0.024 -52"><span class='ocrx_word' id='word_1_3' title='bbox 111 4155 281 4252; x_wconf 49' lang='lat' dir='ltr'>tutaspoeoasera·</span> 
     </span>
    </p>
   </div>
   <div class='ocr_carea' id='block_1_2' title="bbox 936 517 1218 564">
    <p class='ocr_par' dir='ltr' id='par_1_2' title="bbox 936 517 1218 564">
     <span class='ocr_line' id='line_1_3' title="bbox 936 517 1218 564; baseline -0.007 -3"><span class='ocrx_word' id='word_1_4' title='bbox 936 517 1131 564; x_wconf 72' lang='lat' dir='ltr'>benedictos</span> <span class='ocrx_word' id='word_1_5' title='bbox 1154 517 1218 561; x_wconf 85' lang='lat' dir='ltr'>xlv.</span> 
     </span>
    </p>
   </div>
   <div class='ocr_carea' id='block_1_3' title="bbox 1028 639 1032 646">
    <p class='ocr_par' dir='ltr' id='par_1_3' title="bbox 1028 639 1032 646">
     <span class='ocr_line' id='line_1_4' title="bbox 1028 639 1032 646; baseline 0 0"><span class='ocrx_word' id='word_1_6' title='bbox 1028 639 1032 646; x_wconf 66' lang='grc' dir='ltr'>ι</span> 
     </span>
    </p>
   </div>
   <div class='ocr_carea' id='block_1_4' title="bbox 475 681 879 756">
    <p class='ocr_par' dir='ltr' id='par_1_4' title="bbox 475 681 879 756">
     <span class='ocr_line' id='line_1_5' title="bbox 475 681 879 756; baseline 0.01 -7"><span class='ocrx_word' id='word_1_7' title='bbox 475 681 718 753; x_wconf 70' lang='lat' dir='ltr'>deotmarus</span> <span class='ocrx_word' id='word_1_8' title='bbox 736 685 795 756; x_wconf 89' lang='grc' dir='ltr'>ΡΡ.</span> <span class='ocrx_word' id='word_1_9' title='bbox 810 685 879 754; x_wconf 83' lang='lat' dir='ltr'>titt.</span> 
     </span>
    </p>
   </div>
   <div class='ocr_carea' id='block_1_5' title="bbox 421 875 926 1094">
    <p class='ocr_par' dir='ltr' id='par_1_5' title="bbox 421 875 926 1094">
     <span class='ocr_line' id='line_1_6' title="bbox 488 875 863 954; baseline 0.005 -14"><span class='ocrx_word' id='word_1_10' title='bbox 488 889 597 942; x_wconf 88' lang='lat' dir='ltr'>serras</span> <span class='ocrx_word' id='word_1_11' title='bbox 618 891 772 943; x_wconf 85' lang='lat' dir='ltr'>serrorum</span> <span class='ocrx_word' id='word_1_12' title='bbox 800 875 863 954; x_wconf 82' lang='lat' dir='ltr'>liei,</span> 
     </span>
     <span class='ocr_line' id='line_1_7' title="bbox 421 1007 926 1094; baseline -0.002 -20"><span class='ocrx_word' id='word_1_13' title='bbox 421 1007 458 1075; x_wconf 89' lang='lat' dir='ltr'>ad</span> <span class='ocrx_word' id='word_1_14' title='bbox 480 1013 654 1094; x_wconf 86' lang='lat' dir='ltr'>perpetuam</span> <span class='ocrx_word' id='word_1_15' title='bbox 677 1012 720 1080; x_wconf 95' lang='lat' dir='ltr'>rei</span> <span class='ocrx_word' id='word_1_16' title='bbox 747 1011 926 1079; x_wconf 74' lang='lat' dir='ltr'>memoriam.</span> 
     </span>
    </p>
   </div>
   <div class='ocr_carea' id='block_1_6' title="bbox 102 1199 1049 1420">
    <p class='ocr_par' dir='ltr' id='par_1_6' title="bbox 102 1199 1049 1420">
     <span class='ocr_line' id='line_1_8' title="bbox 119 1199 1049 1286; baseline -0.018 -10"><span class='ocrx_word' id='word_1_17' title='bbox 119 1205 231 1286; x_wconf 60' lang='lat' dir='ltr'>{militi</span> <span class='ocrx_word' id='word_1_18' title='bbox 248 1203 283 1249; x_wconf 82' lang='lat' dir='ltr'>aa</span> <span class='ocrx_word' id='word_1_19' title='bbox 341 1199 391 1260; x_wconf 89' lang='lat' dir='ltr'>Pia</span> <span class='ocrx_word' id='word_1_20' title='bbox 414 1207 513 1262; x_wconf 91' lang='lat' dir='ltr'>mater</span> <span class='ocrx_word' id='word_1_21' title='bbox 533 1201 680 1264; x_wconf 88' lang='lat' dir='ltr'>catholica</span> <span class='ocrx_word' id='word_1_22' title='bbox 707 1201 842 1276; x_wconf 89' lang='lat' dir='ltr'>ecclesia,</span> <span class='ocrx_word' id='word_1_23' title='bbox 865 1203 902 1264; x_wconf 90' lang='lat' dir='ltr'>de</span> <span class='ocrx_word' id='word_1_24' title='bbox 923 1210 1049 1263; x_wconf 90' lang='lat' dir='ltr'>aeterna</span> 
     </span>
     <span class='ocr_line' id='line_1_9' title="bbox 102 1262 1047 1416; baseline -0.018 -49"><span class='ocrx_word' id='word_1_25' title='bbox 102 1262 284 1416; x_wconf 52' lang='lat' dir='ltr'>ffirffffii}</span> <span class='ocrx_word' id='word_1_26' title='bbox 302 1290 439 1354; x_wconf 87' lang='lat' dir='ltr'>liliorum</span> <span class='ocrx_word' id='word_1_27' title='bbox 461 1293 701 1356; x_wconf 87' lang='lat' dir='ltr'>suornmsalute</span> <span class='ocrx_word' id='word_1_28' title='bbox 724 1293 754 1354; x_wconf 92' lang='lat' dir='ltr'>in</span> <span class='ocrx_word' id='word_1_29' title='bbox 778 1294 884 1372; x_wconf 90' lang='lat' dir='ltr'>primis</span> <span class='ocrx_word' id='word_1_30' title='bbox 906 1292 1047 1366; x_wconf 91' lang='lat' dir='ltr'>sollicita,</span> 
     </span>
     <span class='ocr_line' id='line_1_10' title="bbox 166 1379 282 1420; baseline -0.069 8"><span class='ocrx_word' id='word_1_31' title='bbox 166 1379 177 1411; x_wconf 62' lang='lat' dir='ltr'>s</span> <span class='ocrx_word' id='word_1_32' title='bbox 275 1398 282 1420; x_wconf 80' lang='grc'><strong><em>1</em></strong></span> 
     </span>
    </p>
   </div>
   <div class='ocr_carea' id='block_1_7' title="bbox 254 1385 1050 5944">
    <p class='ocr_par' dir='ltr' id='par_1_7' title="bbox 254 1385 1050 5944">
     <span class='ocr_line' id='line_1_11' title="bbox 301 1385 1047 1464; baseline 0 -18"><span class='ocrx_word' id='word_1_33' title='bbox 301 1399 400 1461; x_wconf 87' lang='lat' dir='ltr'>quum</span> <span class='ocrx_word' id='word_1_34' title='bbox 421 1385 500 1447; x_wconf 90' lang='lat' dir='ltr'>banc</span> <span class='ocrx_word' id='word_1_35' title='bbox 522 1385 675 1463; x_wconf 90' lang='lat' dir='ltr'>intelligat</span> <span class='ocrx_word' id='word_1_36' title='bbox 696 1386 733 1448; x_wconf 91' lang='lat' dir='ltr'>ab</span> <span class='ocrx_word' id='word_1_37' title='bbox 748 1395 887 1452; x_wconf 84' lang='lat' dir='ltr'>extremo</span> <span class='ocrx_word' id='word_1_38' title='bbox 910 1387 1047 1464; x_wconf 92' lang='lat' dir='ltr'>ipsorum</span> 
     </span>
     <span class='ocr_line' id='line_1_12' title="bbox 301 1477 1049 1558; baseline 0 -19"><span class='ocrx_word' id='word_1_39' title='bbox 301 1478 410 1540; x_wconf 89' lang='lat' dir='ltr'>mortis</span> <span class='ocrx_word' id='word_1_40' title='bbox 432 1477 563 1542; x_wconf 90' lang='lat' dir='ltr'>articulo</span> <span class='ocrx_word' id='word_1_41' title='bbox 585 1479 781 1558; x_wconf 90' lang='lat' dir='ltr'>potissimum</span> <span class='ocrx_word' id='word_1_42' title='bbox 804 1479 951 1557; x_wconf 85' lang='lat' dir='ltr'>pendere,</span> <span class='ocrx_word' id='word_1_43' title='bbox 968 1493 1049 1540; x_wconf 89' lang='lat' dir='ltr'>nun·</span> 
     </span>
     <span class='ocr_line' id='line_1_13' title="bbox 300 1569 1048 1649; baseline -0.003 -18"><span class='ocrx_word' id='word_1_44' title='bbox 300 1586 394 1648; x_wconf 83' lang='lat' dir='ltr'>quam</span> <span class='ocrx_word' id='word_1_45' title='bbox 415 1571 627 1649; x_wconf 77' lang='lat' dir='ltr'>praetermisit</span> <span class='ocrx_word' id='word_1_46' title='bbox 656 1572 802 1634; x_wconf 91' lang='lat' dir='ltr'>omnibus</span> <span class='ocrx_word' id='word_1_47' title='bbox 824 1588 875 1632; x_wconf 87' lang='lat' dir='ltr'>eos</span> <span class='ocrx_word' id='word_1_48' title='bbox 905 1569 1048 1633; x_wconf 90' lang='lat' dir='ltr'>subsidiis</span> 
     </span>
     <span class='ocr_line' id='line_1_14' title="bbox 300 1663 1049 1742; baseline -0.004 -17"><span class='ocrx_word' id='word_1_49' title='bbox 300 1677 355 1742; x_wconf 93' lang='lat' dir='ltr'>pro</span> <span class='ocrx_word' id='word_1_50' title='bbox 378 1663 556 1726; x_wconf 90' lang='lat' dir='ltr'>huiusmodi</span> <span class='ocrx_word' id='word_1_51' title='bbox 572 1665 720 1742; x_wconf 86' lang='lat' dir='ltr'>temporis</span> <span class='ocrx_word' id='word_1_52' title='bbox 736 1665 918 1727; x_wconf 75' lang='lat' dir='ltr'>necessitate</span> <span class='ocrx_word' id='word_1_53' title='bbox 939 1677 1049 1742; x_wconf 90' lang='lat' dir='ltr'>oppor-</span> 
     </span>
     <span class='ocr_line' id='line_1_15' title="bbox 300 1755 1048 1835; baseline -0.004 -18"><span class='ocrx_word' id='word_1_54' title='bbox 300 1756 385 1817; x_wconf 89' lang='lat' dir='ltr'>tunis</span> <span class='ocrx_word' id='word_1_55' title='bbox 407 1755 515 1818; x_wconf 89' lang='lat' dir='ltr'>iurare</span> <span class='ocrx_word' id='word_1_56' title='bbox 542 1765 634 1835; x_wconf 85' lang='lat' dir='ltr'>atque</span> <span class='ocrx_word' id='word_1_57' title='bbox 663 1758 829 1831; x_wconf 89' lang='lat' dir='ltr'>instruere,</span> <span class='ocrx_word' id='word_1_58' title='bbox 852 1763 916 1818; x_wconf 92' lang='lat' dir='ltr'>tam</span> <span class='ocrx_word' id='word_1_59' title='bbox 940 1755 976 1815; x_wconf 95' lang='lat' dir='ltr'>iis</span> <span class='ocrx_word' id='word_1_60' title='bbox 1001 1755 1048 1816; x_wconf 88' lang='lat' dir='ltr'>ni-</span> 
     </span>
     <span class='ocr_line' id='line_1_16' title="bbox 299 1849 1049 1928; baseline 0 -20"><span class='ocrx_word' id='word_1_61' title='bbox 299 1849 430 1924; x_wconf 89' lang='lat' dir='ltr'>mirum,</span> <span class='ocrx_word' id='word_1_62' title='bbox 442 1849 555 1928; x_wconf 83' lang='lat' dir='ltr'>quibus</span> <span class='ocrx_word' id='word_1_63' title='bbox 573 1866 649 1927; x_wconf 90' lang='lat' dir='ltr'>opus</span> <span class='ocrx_word' id='word_1_64' title='bbox 670 1856 750 1911; x_wconf 89' lang='lat' dir='ltr'>esset</span> <span class='ocrx_word' id='word_1_65' title='bbox 772 1850 807 1911; x_wconf 88' lang='lat' dir='ltr'>ad</span> <span class='ocrx_word' id='word_1_66' title='bbox 823 1856 947 1910; x_wconf 90' lang='lat' dir='ltr'>aeterna</span> <span class='ocrx_word' id='word_1_67' title='bbox 964 1861 1049 1926; x_wconf 90' lang='lat' dir='ltr'>prae-</span> 
     </span>
     <span class='ocr_line' id='line_1_17' title="bbox 300 1943 1049 2021; baseline -0.004 -18"><span class='ocrx_word' id='word_1_68' title='bbox 300 1943 434 2003; x_wconf 86' lang='lat' dir='ltr'>cavenda</span> <span class='ocrx_word' id='word_1_69' title='bbox 454 1943 620 2021; x_wconf 90' lang='lat' dir='ltr'>supplicia,</span> <span class='ocrx_word' id='word_1_70' title='bbox 643 1959 735 2020; x_wconf 87' lang='lat' dir='ltr'>quam</span> <span class='ocrx_word' id='word_1_71' title='bbox 758 1957 837 2020; x_wconf 89' lang='lat' dir='ltr'>quae</span> <span class='ocrx_word' id='word_1_72' title='bbox 862 1952 930 2019; x_wconf 86' lang='lat' dir='ltr'>apta</span> <span class='ocrx_word' id='word_1_73' title='bbox 952 1948 983 2001; x_wconf 92' lang='lat' dir='ltr'>et</span> <span class='ocrx_word' id='word_1_74' title='bbox 1003 1955 1049 2000; x_wconf 90' lang='lat' dir='ltr'>sa·</span> 
     </span>
     <span class='ocr_line' id='line_1_18' title="bbox 299 2034 1050 2112; baseline -0.001 -17"><span class='ocrx_word' id='word_1_75' title='bbox 299 2034 398 2096; x_wconf 91' lang='lat' dir='ltr'>lubria</span> <span class='ocrx_word' id='word_1_76' title='bbox 420 2034 523 2099; x_wconf 90' lang='lat' dir='ltr'>iorent</span> <span class='ocrx_word' id='word_1_77' title='bbox 550 2034 584 2096; x_wconf 89' lang='lat' dir='ltr'>ad</span> <span class='ocrx_word' id='word_1_78' title='bbox 607 2036 764 2097; x_wconf 88' lang='lat' dir='ltr'>evitandas</span> <span class='ocrx_word' id='word_1_79' title='bbox 792 2050 904 2111; x_wconf 91' lang='lat' dir='ltr'>poenas</span> <span class='ocrx_word' id='word_1_80' title='bbox 932 2041 1050 2112; x_wconf 90' lang='lat' dir='ltr'>tempo·</span> 
     </span>
     <span class='ocr_line' id='line_1_19' title="bbox 298 2126 1047 2206; baseline -0.001 -17"><span class='ocrx_word' id='word_1_81' title='bbox 298 2126 385 2189; x_wconf 89' lang='lat' dir='ltr'>ribus</span> <span class='ocrx_word' id='word_1_82' title='bbox 407 2128 562 2203; x_wconf 84' lang='lat' dir='ltr'>delinitas,</span> <span class='ocrx_word' id='word_1_83' title='bbox 579 2145 653 2206; x_wconf 81' lang='lat' dir='ltr'>quas</span> <span class='ocrx_word' id='word_1_84' title='bbox 668 2130 700 2190; x_wconf 91' lang='lat' dir='ltr'>in</span> <span class='ocrx_word' id='word_1_85' title='bbox 716 2129 810 2190; x_wconf 90' lang='lat' dir='ltr'>altera</span> <span class='ocrx_word' id='word_1_86' title='bbox 826 2129 887 2189; x_wconf 85' lang='lat' dir='ltr'>rita</span> <span class='ocrx_word' id='word_1_87' title='bbox 903 2128 1047 2190; x_wconf 87' lang='lat' dir='ltr'>humanis</span> 
     </span>
     <span class='ocr_line' id='line_1_20' title="bbox 298 2221 1047 2301; baseline -0.003 -18"><span class='ocrx_word' id='word_1_88' title='bbox 298 2221 486 2301; x_wconf 84' lang='lat' dir='ltr'>plerumque</span> <span class='ocrx_word' id='word_1_89' title='bbox 508 2222 679 2300; x_wconf 92' lang='lat' dir='ltr'>spiritibus,</span> <span class='ocrx_word' id='word_1_90' title='bbox 703 2223 794 2284; x_wconf 86' lang='lat' dir='ltr'>ctiam</span> <span class='ocrx_word' id='word_1_91' title='bbox 816 2223 942 2285; x_wconf 88' lang='lat' dir='ltr'>dimisso</span> <span class='ocrx_word' id='word_1_92' title='bbox 965 2237 1047 2283; x_wconf 89' lang='lat' dir='ltr'>mor·</span> 
     </span>
     <span class='ocr_line' id='line_1_21' title="bbox 299 2316 1047 2396; baseline 0 -18"><span class='ocrx_word' id='word_1_93' title='bbox 299 2316 369 2378; x_wconf 90' lang='lat' dir='ltr'>talis</span> <span class='ocrx_word' id='word_1_94' title='bbox 389 2316 497 2394; x_wconf 92' lang='lat' dir='ltr'>culpae</span> <span class='ocrx_word' id='word_1_95' title='bbox 517 2323 725 2396; x_wconf 79' lang='lat' dir='ltr'>aeternaeque</span> <span class='ocrx_word' id='word_1_96' title='bbox 745 2331 863 2395; x_wconf 91' lang='lat' dir='ltr'>poenae</span> <span class='ocrx_word' id='word_1_97' title='bbox 884 2324 983 2390; x_wconf 88' lang='lat' dir='ltr'>reatu,</span> <span class='ocrx_word' id='word_1_98' title='bbox 1014 2317 1047 2378; x_wconf 92' lang='lat' dir='ltr'>in</span> 
     </span>
     <span class='ocr_line' id='line_1_22' title="bbox 299 2409 1046 2487; baseline 0.001 -18"><span class='ocrx_word' id='word_1_99' title='bbox 299 2409 478 2487; x_wconf 89' lang='lat' dir='ltr'>purgatorio</span> <span class='ocrx_word' id='word_1_100' title='bbox 495 2409 568 2486; x_wconf 86' lang='lat' dir='ltr'>igne</span> <span class='ocrx_word' id='word_1_101' title='bbox 583 2410 709 2474; x_wconf 88' lang='lat' dir='ltr'>luendas</span> <span class='ocrx_word' id='word_1_102' title='bbox 724 2425 851 2472; x_wconf 88' lang='lat' dir='ltr'>manere</span> <span class='ocrx_word' id='word_1_103' title='bbox 873 2425 937 2472; x_wconf 92' lang='lat' dir='ltr'>non</span> <span class='ocrx_word' id='word_1_104' title='bbox 960 2409 1046 2485; x_wconf 88' lang='lat' dir='ltr'>igno-</span> 
     </span>
     <span class='ocr_line' id='line_1_23' title="bbox 299 2502 1047 2578; baseline -0.001 -13"><span class='ocrx_word' id='word_1_105' title='bbox 299 2510 356 2565; x_wconf 90' lang='lat' dir='ltr'>rat.</span> <span class='ocrx_word' id='word_1_106' title='bbox 380 2503 599 2578; x_wconf 83' lang='lat' dir='ltr'>Quamobrem,</span> <span class='ocrx_word' id='word_1_107' title='bbox 622 2503 693 2566; x_wconf 90' lang='lat' dir='ltr'>licet</span> <span class='ocrx_word' id='word_1_108' title='bbox 716 2521 754 2565; x_wconf 82' lang='lat' dir='ltr'>en</span> <span class='ocrx_word' id='word_1_109' title='bbox 775 2503 874 2565; x_wconf 84' lang='lat' dir='ltr'>reteri</span> <span class='ocrx_word' id='word_1_110' title='bbox 900 2502 994 2565; x_wconf 89' lang='lat' dir='ltr'>simul</span> <span class='ocrx_word' id='word_1_111' title='bbox 1016 2510 1047 2564; x_wconf 89' lang='lat' dir='ltr'>et</span> 
     </span>
     <span class='ocr_line' id='line_1_24' title="bbox 300 2595 1048 2675; baseline 0 -17"><span class='ocrx_word' id='word_1_112' title='bbox 300 2595 418 2658; x_wconf 88' lang='lat' dir='ltr'>recenti</span> <span class='ocrx_word' id='word_1_113' title='bbox 434 2595 577 2658; x_wconf 84' lang='lat' dir='ltr'>ecciesiae</span> <span class='ocrx_word' id='word_1_114' title='bbox 592 2595 761 2674; x_wconf 90' lang='lat' dir='ltr'>disciplina,</span> <span class='ocrx_word' id='word_1_115' title='bbox 776 2597 954 2675; x_wconf 84' lang='lat' dir='ltr'>graviorum</span> <span class='ocrx_word' id='word_1_116' title='bbox 971 2613 1048 2674; x_wconf 81' lang='lat' dir='ltr'>qno-</span> 
     </span>
     <span class='ocr_line' id='line_1_25' title="bbox 299 2686 1046 2766; baseline 0 -16"><span class='ocrx_word' id='word_1_117' title='bbox 299 2686 443 2750; x_wconf 86' lang='lat' dir='ltr'>rumdam</span> <span class='ocrx_word' id='word_1_118' title='bbox 455 2687 623 2750; x_wconf 90' lang='lat' dir='ltr'>criminum</span> <span class='ocrx_word' id='word_1_119' title='bbox 640 2689 790 2766; x_wconf 84' lang='lat' dir='ltr'>absolutio</span> <span class='ocrx_word' id='word_1_120' title='bbox 805 2689 943 2750; x_wconf 81' lang='lat' dir='ltr'>Romano</span> <span class='ocrx_word' id='word_1_121' title='bbox 958 2689 1046 2752; x_wconf 84' lang='lat' dir='ltr'>dum·</span> 
     </span>
     <span class='ocr_line' id='line_1_26' title="bbox 300 2780 1044 2857; baseline 0 -13"><span class='ocrx_word' id='word_1_122' title='bbox 300 2789 382 2844; x_wconf 82' lang='lat' dir='ltr'>tanat</span> <span class='ocrx_word' id='word_1_123' title='bbox 393 2780 538 2844; x_wconf 85' lang='lat' dir='ltr'>Pontifici</span> <span class='ocrx_word' id='word_1_124' title='bbox 559 2781 591 2842; x_wconf 93' lang='lat' dir='ltr'>in</span> <span class='ocrx_word' id='word_1_125' title='bbox 614 2783 762 2844; x_wconf 85' lang='lat' dir='ltr'>universo</span> <span class='ocrx_word' id='word_1_126' title='bbox 777 2783 944 2845; x_wconf 79' lang='lat' dir='ltr'>ctntsoiano</span> <span class='ocrx_word' id='word_1_127' title='bbox 960 2783 1044 2857; x_wconf 92' lang='lat' dir='ltr'>orbe,</span> 
     </span>
     <span class='ocr_line' id='line_1_27' title="bbox 299 2874 1046 2954; baseline -0.003 -16"><span class='ocrx_word' id='word_1_128' title='bbox 299 2875 431 2938; x_wconf 89' lang='lat' dir='ltr'>aliorum</span> <span class='ocrx_word' id='word_1_129' title='bbox 453 2883 558 2936; x_wconf 89' lang='lat' dir='ltr'>autem</span> <span class='ocrx_word' id='word_1_130' title='bbox 580 2874 712 2951; x_wconf 83' lang='lat' dir='ltr'>siugulis</span> <span class='ocrx_word' id='word_1_131' title='bbox 737 2875 937 2939; x_wconf 88' lang='lat' dir='ltr'>ecclesiarum</span> <span class='ocrx_word' id='word_1_132' title='bbox 960 2892 1046 2954; x_wconf 90' lang='lat' dir='ltr'>prae·</span> 
     </span>
     <span class='ocr_line' id='line_1_28' title="bbox 298 2968 1046 3046; baseline -0.001 -16"><span class='ocrx_word' id='word_1_133' title='bbox 298 2968 418 3032; x_wconf 89' lang='lat' dir='ltr'>salibus</span> <span class='ocrx_word' id='word_1_134' title='bbox 447 2969 478 3030; x_wconf 93' lang='lat' dir='ltr'>in</span> <span class='ocrx_word' id='word_1_135' title='bbox 510 2984 619 3030; x_wconf 90' lang='lat' dir='ltr'>eorum</span> <span class='ocrx_word' id='word_1_136' title='bbox 651 2969 859 3046; x_wconf 90' lang='lat' dir='ltr'>dioecesibus,</span> <span class='ocrx_word' id='word_1_137' title='bbox 893 2976 1046 3032; x_wconf 82' lang='lat' dir='ltr'>reservata</span> 
     </span>
     <span class='ocr_line' id='line_1_29' title="bbox 298 3061 1046 3140; baseline -0.004 -15"><span class='ocrx_word' id='word_1_138' title='bbox 298 3061 410 3138; x_wconf 71' lang='lat' dir='ltr'>inerit,</span> <span class='ocrx_word' id='word_1_139' title='bbox 433 3068 582 3136; x_wconf 89' lang='lat' dir='ltr'>attamen,</span> <span class='ocrx_word' id='word_1_140' title='bbox 609 3061 795 3125; x_wconf 79' lang='lat' dir='ltr'>adveniente</span> <span class='ocrx_word' id='word_1_141' title='bbox 820 3063 990 3140; x_wconf 87' lang='lat' dir='ltr'>unicuique</span> <span class='ocrx_word' id='word_1_142' title='bbox 1012 3063 1046 3122; x_wconf 90' lang='lat' dir='ltr'>ti-</span> 
     </span>
     <span class='ocr_line' id='line_1_30' title="bbox 298 3154 1047 3232; baseline -0.004 -15"><span class='ocrx_word' id='word_1_143' title='bbox 298 3156 416 3217; x_wconf 90' lang='lat' dir='ltr'>deliom</span> <span class='ocrx_word' id='word_1_144' title='bbox 447 3169 594 3232; x_wconf 91' lang='lat' dir='ltr'>supremo</span> <span class='ocrx_word' id='word_1_145' title='bbox 621 3155 816 3232; x_wconf 80' lang='lat' dir='ltr'>migrationis</span> <span class='ocrx_word' id='word_1_146' title='bbox 841 3154 909 3230; x_wconf 90' lang='lat' dir='ltr'>die,</span> <span class='ocrx_word' id='word_1_147' title='bbox 937 3171 1047 3216; x_wconf 90' lang='lat' dir='ltr'>omnes</span> 
     </span>
     <span class='ocr_line' id='line_1_31' title="bbox 298 3247 1047 3313; baseline -0.005 -1"><span class='ocrx_word' id='word_1_148' title='bbox 298 3249 476 3313; x_wconf 90' lang='lat' dir='ltr'>huiusmodi</span> <span class='ocrx_word' id='word_1_149' title='bbox 497 3248 730 3313; x_wconf 83' lang='lat' dir='ltr'>absolutionum</span> <span class='ocrx_word' id='word_1_150' title='bbox 744 3247 969 3310; x_wconf 82' lang='lat' dir='ltr'>reservationes</span> <span class='ocrx_word' id='word_1_151' title='bbox 984 3264 1047 3310; x_wconf 91' lang='lat' dir='ltr'>ces-</span> 
     </span>
     <span class='ocr_line' id='line_1_32' title="bbox 297 3341 1046 3420; baseline -0.001 -16"><span class='ocrx_word' id='word_1_152' title='bbox 297 3360 376 3418; x_wconf 89' lang='lat' dir='ltr'>sare,</span> <span class='ocrx_word' id='word_1_153' title='bbox 401 3349 432 3406; x_wconf 89' lang='lat' dir='ltr'>et</span> <span class='ocrx_word' id='word_1_154' title='bbox 453 3341 579 3404; x_wconf 89' lang='lat' dir='ltr'>cuilibet</span> <span class='ocrx_word' id='word_1_155' title='bbox 604 3341 752 3405; x_wconf 88' lang='lat' dir='ltr'>sacerdoti</span> <span class='ocrx_word' id='word_1_156' title='bbox 779 3342 908 3404; x_wconf 88' lang='lat' dir='ltr'>liberam</span> <span class='ocrx_word' id='word_1_157' title='bbox 930 3349 961 3403; x_wconf 89' lang='lat' dir='ltr'>et</span> <span class='ocrx_word' id='word_1_158' title='bbox 983 3341 1046 3420; x_wconf 91' lang='lat' dir='ltr'>ple·</span> 
     </span>
     <span class='ocr_line' id='line_1_33' title="bbox 298 3434 1046 3513; baseline -0.003 -15"><span class='ocrx_word' id='word_1_159' title='bbox 298 3452 372 3498; x_wconf 91' lang='lat' dir='ltr'>nam</span> <span class='ocrx_word' id='word_1_160' title='bbox 393 3435 570 3499; x_wconf 79' lang='lat' dir='ltr'>facultatem</span> <span class='ocrx_word' id='word_1_161' title='bbox 592 3451 668 3511; x_wconf 90' lang='lat' dir='ltr'>csse,</span> <span class='ocrx_word' id='word_1_162' title='bbox 691 3450 920 3513; x_wconf 89' lang='lat' dir='ltr'>quemcumque</span> <span class='ocrx_word' id='word_1_163' title='bbox 941 3434 1046 3513; x_wconf 91' lang='lat' dir='ltr'>poeni-</span> 
     </span>
     <span class='ocr_line' id='line_1_34' title="bbox 297 3529 1046 3608; baseline -0.007 -13"><span class='ocrx_word' id='word_1_164' title='bbox 297 3539 419 3595; x_wconf 84' lang='lat' dir='ltr'>tentem</span> <span class='ocrx_word' id='word_1_165' title='bbox 438 3530 718 3608; x_wconf 84' lang='lat' dir='ltr'>aquibascnmque</span> <span class='ocrx_word' id='word_1_166' title='bbox 740 3530 868 3607; x_wconf 90' lang='lat' dir='ltr'>peccatis</span> <span class='ocrx_word' id='word_1_167' title='bbox 890 3536 921 3592; x_wconf 91' lang='lat' dir='ltr'>et</span> <span class='ocrx_word' id='word_1_168' title='bbox 942 3529 1046 3592; x_wconf 89' lang='lat' dir='ltr'>crimi-</span> 
     </span>
     <span class='ocr_line' id='line_1_35' title="bbox 298 3621 1047 3699; baseline -0.003 -12"><span class='ocrx_word' id='word_1_169' title='bbox 298 3625 402 3699; x_wconf 88' lang='lat' dir='ltr'>nibus,</span> <span class='ocrx_word' id='word_1_170' title='bbox 426 3638 482 3686; x_wconf 90' lang='lat' dir='ltr'>nec</span> <span class='ocrx_word' id='word_1_171' title='bbox 503 3639 564 3684; x_wconf 93' lang='lat' dir='ltr'>non</span> <span class='ocrx_word' id='word_1_172' title='bbox 587 3621 796 3684; x_wconf 87' lang='lat' dir='ltr'>ecclesiasticis</span> <span class='ocrx_word' id='word_1_173' title='bbox 817 3623 980 3686; x_wconf 89' lang='lat' dir='ltr'>sententiis</span> <span class='ocrx_word' id='word_1_174' title='bbox 1003 3631 1047 3685; x_wconf 91' lang='lat' dir='ltr'>at-</span> 
     </span>
     <span class='ocr_line' id='line_1_36' title="bbox 298 3715 1045 3798; baseline -0.004 -17"><span class='ocrx_word' id='word_1_175' title='bbox 298 3715 1045 3798; x_wconf 86' lang='lat' dir='ltr'>quecensurisabsolvendi,pr0ridedeciaratum</span> 
     </span>
     <span class='ocr_line' id='line_1_37' title="bbox 298 3809 1046 3888; baseline -0.009 -11"><span class='ocrx_word' id='word_1_176' title='bbox 298 3812 368 3876; x_wconf 89' lang='lat' dir='ltr'>tait.</span> <span class='ocrx_word' id='word_1_177' title='bbox 393 3812 565 3883; x_wconf 89' lang='lat' dir='ltr'>Praeterea,</span> <span class='ocrx_word' id='word_1_178' title='bbox 589 3824 687 3888; x_wconf 84' lang='lat' dir='ltr'>quum</span> <span class='ocrx_word' id='word_1_179' title='bbox 709 3809 738 3869; x_wconf 94' lang='lat' dir='ltr'>in</span> <span class='ocrx_word' id='word_1_180' title='bbox 768 3809 892 3870; x_wconf 82' lang='lat' dir='ltr'>ecclesia</span> <span class='ocrx_word' id='word_1_181' title='bbox 912 3810 1046 3870; x_wconf 90' lang='lat' dir='ltr'>immen-</span> 
     </span>
     <span class='ocr_line' id='line_1_38' title="bbox 297 3901 1046 3980; baseline -0.005 -13"><span class='ocrx_word' id='word_1_182' title='bbox 297 3923 348 3967; x_wconf 89' lang='lat' dir='ltr'>sus</span> <span class='ocrx_word' id='word_1_183' title='bbox 370 3913 401 3966; x_wconf 92' lang='lat' dir='ltr'>et</span> <span class='ocrx_word' id='word_1_184' title='bbox 424 3901 655 3965; x_wconf 89' lang='lat' dir='ltr'>inaestimabilis</span> <span class='ocrx_word' id='word_1_185' title='bbox 677 3902 786 3962; x_wconf 82' lang='lat' dir='ltr'>existat</span> <span class='ocrx_word' id='word_1_186' title='bbox 810 3902 971 3963; x_wconf 87' lang='lat' dir='ltr'>thesaurus</span> <span class='ocrx_word' id='word_1_187' title='bbox 986 3903 1046 3980; x_wconf 89' lang='lat' dir='ltr'>spl-</span> 
     </span>
     <span class='ocr_line' id='line_1_39' title="bbox 298 3993 1044 4073; baseline -0.005 -13"><span class='ocrx_word' id='word_1_188' title='bbox 298 3997 431 4073; x_wconf 88' lang='lat' dir='ltr'>ritualis,</span> <span class='ocrx_word' id='word_1_189' title='bbox 453 4012 492 4058; x_wconf 82' lang='lat' dir='ltr'>ex</span> <span class='ocrx_word' id='word_1_190' title='bbox 514 3993 646 4056; x_wconf 87' lang='lat' dir='ltr'>infinitis</span> <span class='ocrx_word' id='word_1_191' title='bbox 670 4002 813 4056; x_wconf 88' lang='lat' dir='ltr'>constans</span> <span class='ocrx_word' id='word_1_192' title='bbox 834 3995 1044 4058; x_wconf 87' lang='lat' dir='ltr'>satislactioni-</span> 
     </span>
     <span class='ocr_line' id='line_1_40' title="bbox 299 4087 1044 4172; baseline -0.007 -17"><span class='ocrx_word' id='word_1_193' title='bbox 299 4093 354 4155; x_wconf 89' lang='lat' dir='ltr'>bus</span> <span class='ocrx_word' id='word_1_194' title='bbox 376 4090 524 4172; x_wconf 87' lang='lat' dir='ltr'>passionis</span> <span class='ocrx_word' id='word_1_195' title='bbox 541 4095 572 4149; x_wconf 89' lang='lat' dir='ltr'>et</span> <span class='ocrx_word' id='word_1_196' title='bbox 588 4088 696 4149; x_wconf 89' lang='lat' dir='ltr'>mortis</span> <span class='ocrx_word' id='word_1_197' title='bbox 713 4087 837 4147; x_wconf 84' lang='lat' dir='ltr'>bomini</span> <span class='ocrx_word' id='word_1_198' title='bbox 856 4087 959 4150; x_wconf 88' lang='lat' dir='ltr'>Nostri</span> <span class='ocrx_word' id='word_1_199' title='bbox 978 4089 1044 4151; x_wconf 90' lang='lat' dir='ltr'>lesu</span> 
     </span>
     <span class='ocr_line' id='line_1_41' title="bbox 299 4179 1046 4261; baseline -0.008 -13"><span class='ocrx_word' id='word_1_200' title='bbox 299 4185 472 4259; x_wconf 86' lang='lat' dir='ltr'>Christi,ac</span> <span class='ocrx_word' id='word_1_201' title='bbox 493 4188 651 4261; x_wconf 87' lang='lat' dir='ltr'>praeterea</span> <span class='ocrx_word' id='word_1_202' title='bbox 675 4195 712 4241; x_wconf 84' lang='lat' dir='ltr'>ea</span> <span class='ocrx_word' id='word_1_203' title='bbox 735 4179 853 4241; x_wconf 89' lang='lat' dir='ltr'>meritis</span> <span class='ocrx_word' id='word_1_204' title='bbox 869 4189 899 4241; x_wconf 90' lang='lat' dir='ltr'>et</span> <span class='ocrx_word' id='word_1_205' title='bbox 913 4181 1046 4242; x_wconf 80' lang='lat' dir='ltr'>satisfac-</span> 
     </span>
     <span class='ocr_line' id='line_1_42' title="bbox 299 4273 1044 4353; baseline -0.011 -10"><span class='ocrx_word' id='word_1_206' title='bbox 299 4279 434 4343; x_wconf 93' lang='lat' dir='ltr'>tionibus</span> <span class='ocrx_word' id='word_1_207' title='bbox 456 4277 608 4353; x_wconf 82' lang='lat' dir='ltr'>gloriosae</span> <span class='ocrx_word' id='word_1_208' title='bbox 633 4273 772 4350; x_wconf 78' lang='lat' dir='ltr'>Virginis</span> <span class='ocrx_word' id='word_1_209' title='bbox 799 4273 963 4337; x_wconf 87' lang='lat' dir='ltr'>Genitricis</span> <span class='ocrx_word' id='word_1_210' title='bbox 991 4275 1044 4337; x_wconf 79' lang='lat' dir='ltr'>liei</span> 
     </span>
     <span class='ocr_line' id='line_1_43' title="bbox 299 4366 1044 4447; baseline -0.007 -13"><span class='ocrx_word' id='word_1_211' title='bbox 299 4373 421 4447; x_wconf 91' lang='lat' dir='ltr'>llariae,</span> <span class='ocrx_word' id='word_1_212' title='bbox 449 4370 656 4447; x_wconf 88' lang='lat' dir='ltr'>omniumque</span> <span class='ocrx_word' id='word_1_213' title='bbox 681 4374 860 4429; x_wconf 87' lang='lat' dir='ltr'>sanctornm</span> <span class='ocrx_word' id='word_1_214' title='bbox 881 4373 913 4428; x_wconf 89' lang='lat' dir='ltr'>et</span> <span class='ocrx_word' id='word_1_215' title='bbox 934 4366 1044 4429; x_wconf 90' lang='lat' dir='ltr'>electo·</span> 
     </span>
     <span class='ocr_line' id='line_1_44' title="bbox 299 4457 1044 4541; baseline -0.013 -11"><span class='ocrx_word' id='word_1_216' title='bbox 299 4483 382 4541; x_wconf 91' lang='lat' dir='ltr'>rum,</span> <span class='ocrx_word' id='word_1_217' title='bbox 397 4465 485 4528; x_wconf 89' lang='lat' dir='ltr'>cuius</span> <span class='ocrx_word' id='word_1_218' title='bbox 509 4462 642 4524; x_wconf 85' lang='lat' dir='ltr'>thesauri</span> <span class='ocrx_word' id='word_1_219' title='bbox 659 4460 922 4539; x_wconf 77' lang='lat' dir='ltr'>dispensationem</span> <span class='ocrx_word' id='word_1_220' title='bbox 943 4457 1044 4522; x_wconf 85' lang='lat' dir='ltr'>Salva-</span> 
     </span>
     <span class='ocr_line' id='line_1_45' title="bbox 299 4553 1045 4631; baseline -0.008 -11"><span class='ocrx_word' id='word_1_221' title='bbox 299 4567 346 4621; x_wconf 93' lang='lat' dir='ltr'>tor</span> <span class='ocrx_word' id='word_1_222' title='bbox 369 4567 476 4620; x_wconf 87' lang='lat' dir='ltr'>noster</span> <span class='ocrx_word' id='word_1_223' title='bbox 496 4555 589 4616; x_wconf 90' lang='lat' dir='ltr'>Beato</span> <span class='ocrx_word' id='word_1_224' title='bbox 611 4553 702 4616; x_wconf 90' lang='lat' dir='ltr'>Petro</span> <span class='ocrx_word' id='word_1_225' title='bbox 716 4553 934 4631; x_wconf 82' lang='lat' dir='ltr'>Apostolorum</span> <span class='ocrx_word' id='word_1_226' title='bbox 958 4553 1045 4615; x_wconf 81' lang='lat' dir='ltr'>l‘rin-</span> 
     </span>
     <span class='ocr_line' id='line_1_46' title="bbox 299 4647 1044 4733; baseline -0.008 -18"><span class='ocrx_word' id='word_1_227' title='bbox 299 4653 369 4733; x_wconf 91' lang='lat' dir='ltr'>cipi,</span> <span class='ocrx_word' id='word_1_228' title='bbox 392 4651 522 4728; x_wconf 86' lang='lat' dir='ltr'>eiusque</span> <span class='ocrx_word' id='word_1_229' title='bbox 544 4649 576 4710; x_wconf 94' lang='lat' dir='ltr'>in</span> <span class='ocrx_word' id='word_1_230' title='bbox 602 4655 789 4725; x_wconf 88' lang='lat' dir='ltr'>perpetuum</span> <span class='ocrx_word' id='word_1_231' title='bbox 816 4647 1044 4709; x_wconf 90' lang='lat' dir='ltr'>successoribus</span> 
     </span>
     <span class='ocr_line' id='line_1_47' title="bbox 299 4740 1043 4820; baseline -0.012 -11"><span class='ocrx_word' id='word_1_232' title='bbox 299 4745 439 4820; x_wconf 72' lang='lat' dir='ltr'>tradidit,</span> <span class='ocrx_word' id='word_1_233' title='bbox 462 4744 519 4806; x_wconf 88' lang='lat' dir='ltr'>hoc</span> <span class='ocrx_word' id='word_1_234' title='bbox 540 4757 665 4819; x_wconf 90' lang='lat' dir='ltr'>semper</span> <span class='ocrx_word' id='word_1_235' title='bbox 689 4756 814 4802; x_wconf 90' lang='lat' dir='ltr'>summo</span> <span class='ocrx_word' id='word_1_236' title='bbox 835 4740 937 4801; x_wconf 93' lang='lat' dir='ltr'>studio</span> <span class='ocrx_word' id='word_1_237' title='bbox 959 4756 1043 4801; x_wconf 90' lang='lat' dir='ltr'>cura-</span> 
     </span>
     <span class='ocr_line' id='line_1_48' title="bbox 298 4833 1044 4917; baseline -0.011 -13"><span class='ocrx_word' id='word_1_238' title='bbox 298 4849 372 4904; x_wconf 87' lang='lat' dir='ltr'>runt</span> <span class='ocrx_word' id='word_1_239' title='bbox 393 4838 642 4917; x_wconf 89' lang='lat' dir='ltr'>praedecessores</span> <span class='ocrx_word' id='word_1_240' title='bbox 664 4835 761 4895; x_wconf 91' lang='lat' dir='ltr'>nostri</span> <span class='ocrx_word' id='word_1_241' title='bbox 786 4833 917 4896; x_wconf 83' lang='lat' dir='ltr'>Romani</span> <span class='ocrx_word' id='word_1_242' title='bbox 941 4833 1044 4896; x_wconf 88' lang='lat' dir='ltr'>Pomti-</span> 
     </span>
     <span class='ocr_line' id='line_1_49' title="bbox 298 4930 1045 5009; baseline -0.008 -10"><span class='ocrx_word' id='word_1_243' title='bbox 298 4938 387 5009; x_wconf 89' lang='lat' dir='ltr'>fices,</span> <span class='ocrx_word' id='word_1_244' title='bbox 410 4941 446 4996; x_wconf 90' lang='lat' dir='ltr'>ut</span> <span class='ocrx_word' id='word_1_245' title='bbox 468 4933 553 4993; x_wconf 90' lang='lat' dir='ltr'>illius</span> <span class='ocrx_word' id='word_1_246' title='bbox 579 4931 701 4993; x_wconf 84' lang='lat' dir='ltr'>diuitias</span> <span class='ocrx_word' id='word_1_247' title='bbox 726 4930 758 4990; x_wconf 91' lang='lat' dir='ltr'>in</span> <span class='ocrx_word' id='word_1_248' title='bbox 786 4930 987 4992; x_wconf 92' lang='lat' dir='ltr'>moribundos</span> <span class='ocrx_word' id='word_1_249' title='bbox 1010 4933 1045 4993; x_wconf 86' lang='lat' dir='ltr'>sr-</span> 
     </span>
     <span class='ocr_line' id='line_1_50' title="bbox 297 5023 1042 5103; baseline -0.008 -11"><span class='ocrx_word' id='word_1_250' title='bbox 297 5030 379 5093; x_wconf 88' lang='lat' dir='ltr'>deles</span> <span class='ocrx_word' id='word_1_251' title='bbox 391 5028 476 5103; x_wconf 91' lang='lat' dir='ltr'>large</span> <span class='ocrx_word' id='word_1_252' title='bbox 486 5025 697 5088; x_wconf 86' lang='lat' dir='ltr'>ditiunderent</span> <span class='ocrx_word' id='word_1_253' title='bbox 708 5030 738 5084; x_wconf 90' lang='lat' dir='ltr'>et</span> <span class='ocrx_word' id='word_1_254' title='bbox 751 5023 884 5084; x_wconf 81' lang='lat' dir='ltr'>maxima</span> <span class='ocrx_word' id='word_1_255' title='bbox 901 5025 1042 5086; x_wconf 89' lang='lat' dir='ltr'>omnium</span> 
     </span>
     <span class='ocr_line' id='line_1_51' title="bbox 296 5117 1044 5202; baseline -0.008 -17"><span class='ocrx_word' id='word_1_256' title='bbox 296 5121 601 5202; x_wconf 84' lang='lat' dir='ltr'>amplitudine,quae</span> <span class='ocrx_word' id='word_1_257' title='bbox 613 5117 805 5194; x_wconf 87' lang='lat' dir='ltr'>indulgentia</span> <span class='ocrx_word' id='word_1_258' title='bbox 816 5117 948 5195; x_wconf 89' lang='lat' dir='ltr'>plenaria</span> <span class='ocrx_word' id='word_1_259' title='bbox 962 5134 1044 5179; x_wconf 94' lang='lat' dir='ltr'>nun-</span> 
     </span>
     <span class='ocr_line' id='line_1_52' title="bbox 296 5211 1042 5296; baseline -0.008 -17"><span class='ocrx_word' id='word_1_260' title='bbox 296 5226 438 5296; x_wconf 89' lang='lat' dir='ltr'>cupatur,</span> <span class='ocrx_word' id='word_1_261' title='bbox 451 5213 602 5290; x_wconf 82' lang='lat' dir='ltr'>cariusque</span> <span class='ocrx_word' id='word_1_262' title='bbox 614 5211 838 5290; x_wconf 88' lang='lat' dir='ltr'>impertiendae</span> <span class='ocrx_word' id='word_1_263' title='bbox 854 5211 901 5272; x_wconf 90' lang='lat' dir='ltr'>ias</span> <span class='ocrx_word' id='word_1_264' title='bbox 917 5213 950 5272; x_wconf 94' lang='lat' dir='ltr'>in</span> <span class='ocrx_word' id='word_1_265' title='bbox 964 5213 1042 5291; x_wconf 78' lang='lat' dir='ltr'>Apu</span> 
     </span>
     <span class='ocr_line' id='line_1_53' title="bbox 295 5305 1041 5383; baseline -0.005 -12"><span class='ocrx_word' id='word_1_266' title='bbox 295 5310 399 5372; x_wconf 89' lang='lat' dir='ltr'>stolica</span> <span class='ocrx_word' id='word_1_267' title='bbox 420 5305 498 5370; x_wconf 86' lang='lat' dir='ltr'>Sede</span> <span class='ocrx_word' id='word_1_268' title='bbox 513 5305 605 5367; x_wconf 89' lang='lat' dir='ltr'>unice</span> <span class='ocrx_word' id='word_1_269' title='bbox 620 5305 746 5379; x_wconf 87' lang='lat' dir='ltr'>residet,</span> <span class='ocrx_word' id='word_1_270' title='bbox 759 5305 832 5383; x_wconf 92' lang='lat' dir='ltr'>ipsis</span> <span class='ocrx_word' id='word_1_271' title='bbox 847 5305 1041 5382; x_wconf 89' lang='lat' dir='ltr'>potissimum</span> 
     </span>
     <span class='ocr_line' id='line_1_54' title="bbox 254 5397 1043 5482; baseline -0.006 -18"><span class='ocrx_word' id='word_1_272' title='bbox 254 5466 257 5472; x_wconf 76' lang='grc'>,</span> <span class='ocrx_word' id='word_1_273' title='bbox 296 5402 501 5482; x_wconf 86' lang='lat' dir='ltr'>applicarent:</span> <span class='ocrx_word' id='word_1_274' title='bbox 526 5414 619 5476; x_wconf 88' lang='lat' dir='ltr'>quarn</span> <span class='ocrx_word' id='word_1_275' title='bbox 641 5397 765 5476; x_wconf 83' lang='lat' dir='ltr'>quidem</span> <span class='ocrx_word' id='word_1_276' title='bbox 782 5399 812 5458; x_wconf 93' lang='lat' dir='ltr'>in</span> <span class='ocrx_word' id='word_1_277' title='bbox 830 5413 899 5459; x_wconf 90' lang='lat' dir='ltr'>rem</span> <span class='ocrx_word' id='word_1_278' title='bbox 920 5399 1043 5477; x_wconf 87' lang='lat' dir='ltr'>Episco-</span> 
     </span>
     <span class='ocr_line' id='line_1_55' title="bbox 295 5490 1041 5574; baseline -0.004 -18"><span class='ocrx_word' id='word_1_279' title='bbox 295 5496 340 5574; x_wconf 90' lang='lat' dir='ltr'>pis</span> <span class='ocrx_word' id='word_1_280' title='bbox 361 5510 418 5572; x_wconf 92' lang='lat' dir='ltr'>per</span> <span class='ocrx_word' id='word_1_281' title='bbox 439 5491 579 5554; x_wconf 88' lang='lat' dir='ltr'>ecclesias</span> <span class='ocrx_word' id='word_1_282' title='bbox 599 5490 775 5552; x_wconf 89' lang='lat' dir='ltr'>constitutis</span> <span class='ocrx_word' id='word_1_283' title='bbox 790 5491 872 5552; x_wconf 88' lang='lat' dir='ltr'>vices</span> <span class='ocrx_word' id='word_1_284' title='bbox 886 5508 956 5552; x_wconf 91' lang='lat' dir='ltr'>suas</span> <span class='ocrx_word' id='word_1_285' title='bbox 970 5507 1041 5553; x_wconf 88' lang='lat' dir='ltr'>curn</span> 
     </span>
     <span class='ocr_line' id='line_1_56' title="bbox 296 5583 1043 5668; baseline -0.009 -18"><span class='ocrx_word' id='word_1_286' title='bbox 296 5587 478 5668; x_wconf 91' lang='lat' dir='ltr'>opportunis</span> <span class='ocrx_word' id='word_1_287' title='bbox 499 5583 695 5647; x_wconf 82' lang='lat' dir='ltr'>facultatibus</span> <span class='ocrx_word' id='word_1_288' title='bbox 716 5583 917 5660; x_wconf 73' lang='lat' dir='ltr'>delegarunt,</span> <span class='ocrx_word' id='word_1_289' title='bbox 942 5600 981 5645; x_wconf 93' lang='lat' dir='ltr'>ne</span> <span class='ocrx_word' id='word_1_290' title='bbox 996 5584 1043 5645; x_wconf 90' lang='lat' dir='ltr'>ui·</span> 
     </span>
     <span class='ocr_line' id='line_1_57' title="bbox 297 5677 1040 5752; baseline -0.009 -9"><span class='ocrx_word' id='word_1_291' title='bbox 297 5682 342 5745; x_wconf 92' lang='lat' dir='ltr'>lus</span> <span class='ocrx_word' id='word_1_292' title='bbox 364 5681 396 5742; x_wconf 88' lang='lat' dir='ltr'>in</span> <span class='ocrx_word' id='word_1_293' title='bbox 420 5679 494 5740; x_wconf 90' lang='lat' dir='ltr'>orbe</span> <span class='ocrx_word' id='word_1_294' title='bbox 523 5687 675 5739; x_wconf 87' lang='lat' dir='ltr'>terrarum</span> <span class='ocrx_word' id='word_1_295' title='bbox 705 5677 838 5752; x_wconf 87' lang='lat' dir='ltr'>angulus</span> <span class='ocrx_word' id='word_1_296' title='bbox 861 5683 958 5750; x_wconf 90' lang='lat' dir='ltr'>esset,</span> <span class='ocrx_word' id='word_1_297' title='bbox 989 5677 1040 5738; x_wconf 92' lang='lat' dir='ltr'>ubi</span> 
     </span>
     <span class='ocr_line' id='line_1_58' title="bbox 295 5768 1040 5849; baseline -0.011 -11"><span class='ocrx_word' id='word_1_298' title='bbox 295 5773 461 5838; x_wconf 88' lang='lat' dir='ltr'>oatlrolicae</span> <span class='ocrx_word' id='word_1_299' title='bbox 494 5770 654 5848; x_wconf 90' lang='lat' dir='ltr'>religionis</span> <span class='ocrx_word' id='word_1_300' title='bbox 685 5768 906 5849; x_wconf 78' lang='lat' dir='ltr'>professoribus</span> <span class='ocrx_word' id='word_1_301' title='bbox 935 5769 1040 5833; x_wconf 89' lang='lat' dir='ltr'>buius-</span> 
     </span>
     <span class='ocr_line' id='line_1_59' title="bbox 295 5863 1040 5944; baseline -0.008 -14"><span class='ocrx_word' id='word_1_302' title='bbox 295 5868 379 5930; x_wconf 91' lang='lat' dir='ltr'>modi</span> <span class='ocrx_word' id='word_1_303' title='bbox 400 5865 572 5928; x_wconf 89' lang='lat' dir='ltr'>adiumenti</span> <span class='ocrx_word' id='word_1_304' title='bbox 593 5863 678 5944; x_wconf 89' lang='lat' dir='ltr'>copia</span> <span class='ocrx_word' id='word_1_305' title='bbox 703 5864 832 5939; x_wconf 88' lang='lat' dir='ltr'>deesset,</span> <span class='ocrx_word' id='word_1_306' title='bbox 856 5876 911 5944; x_wconf 91' lang='lat' dir='ltr'>pro</span> <span class='ocrx_word' id='word_1_307' title='bbox 938 5872 1040 5926; x_wconf 82' lang='lat' dir='ltr'>extre·</span> 
     </span>
    </p>
   </div>
   <div class='ocr_carea' id='block_1_8' title="bbox 1716 497 2075 571">
    <p class='ocr_par' dir='ltr' id='par_1_8' title="bbox 1716 497 2075 571">
     <span class='ocr_line' id='line_1_60' title="bbox 1716 497 2075 571; baseline -0.022 -11"><span class='ocrx_word' id='word_1_308' title='bbox 1716 563 1720 571; x_wconf 58' lang='grc'>,</span> <span class='ocrx_word' id='word_1_309' title='bbox 1776 497 1832 560; x_wconf 74' lang='grc'>351</span> <span class='ocrx_word' id='word_1_310' title='bbox 1886 497 1939 552; x_wconf 78' lang='lat' dir='ltr'>An.</span> <span class='ocrx_word' id='word_1_311' title='bbox 1954 501 1984 551; x_wconf 82' lang='lat' dir='ltr'>C.</span> <span class='ocrx_word' id='word_1_312' title='bbox 2008 499 2075 552; x_wconf 79' lang='lat'><strong>1747</strong></span> 
     </span>
    </p>
   </div>
   <div class='ocr_carea' id='block_1_9' title="bbox 1105 635 2087 1182">
    <p class='ocr_par' dir='ltr' id='par_1_9' title="bbox 1106 635 1854 793">
     <span class='ocr_line' id='line_1_61' title="bbox 1107 635 1854 716; baseline -0.003 -19"><span class='ocrx_word' id='word_1_313' title='bbox 1107 651 1158 697; x_wconf 90' lang='lat' dir='ltr'>mo</span> <span class='ocrx_word' id='word_1_314' title='bbox 1168 635 1224 698; x_wconf 94' lang='lat' dir='ltr'>illo</span> <span class='ocrx_word' id='word_1_315' title='bbox 1234 643 1405 712; x_wconf 91' lang='lat' dir='ltr'>momento,</span> <span class='ocrx_word' id='word_1_316' title='bbox 1418 652 1480 716; x_wconf 87' lang='lat' dir='ltr'>quo</span> <span class='ocrx_word' id='word_1_317' title='bbox 1495 637 1634 716; x_wconf 88' lang='lat' dir='ltr'>ipsorum</span> <span class='ocrx_word' id='word_1_318' title='bbox 1645 635 1752 698; x_wconf 89' lang='lat' dir='ltr'>salutis</span> <span class='ocrx_word' id='word_1_319' title='bbox 1766 651 1854 698; x_wconf 87' lang='lat' dir='ltr'>causa</span> 
     </span>
     <span class='ocr_line' id='line_1_62' title="bbox 1106 728 1522 793; baseline 0 -4"><span class='ocrx_word' id='word_1_320' title='bbox 1106 728 1138 789; x_wconf 91' lang='lat' dir='ltr'>in</span> <span class='ocrx_word' id='word_1_321' title='bbox 1162 729 1327 792; x_wconf 90' lang='lat' dir='ltr'>discrimen</span> <span class='ocrx_word' id='word_1_322' title='bbox 1349 729 1522 793; x_wconf 84' lang='lat' dir='ltr'>adducitur.</span> 
     </span>
    </p>

    <p class='ocr_par' dir='ltr' id='par_1_10' title="bbox 1105 822 2087 1182">
     <span class='ocr_line' id='line_1_63' title="bbox 1146 822 2086 900; baseline 0.006 -18"><span class='ocrx_word' id='word_1_323' title='bbox 1146 823 1165 896; x_wconf 65' lang='grc' dir='ltr'><strong>ἓ</strong></span> <span class='ocrx_word' id='word_1_324' title='bbox 1189 822 1215 882; x_wconf 92' lang='lat' dir='ltr'>l.</span> <span class='ocrx_word' id='word_1_325' title='bbox 1231 822 1385 885; x_wconf 87' lang='lat' dir='ltr'>Hactenus</span> <span class='ocrx_word' id='word_1_326' title='bbox 1398 823 1576 886; x_wconf 90' lang='lat' dir='ltr'>buiusmodi</span> <span class='ocrx_word' id='word_1_327' title='bbox 1592 823 1717 886; x_wconf 75' lang='lat' dir='ltr'>facultas</span> <span class='ocrx_word' id='word_1_328' title='bbox 1730 823 1853 900; x_wconf 87' lang='lat' dir='ltr'>Episco-</span> <span class='ocrx_word' id='word_1_329' title='bbox 1898 842 1990 889; x_wconf 74' lang='lat' dir='ltr'>reema</span> <span class='ocrx_word' id='word_1_330' title='bbox 2001 841 2086 888; x_wconf 80' lang='lat' dir='ltr'>inaur-</span> 
     </span>
     <span class='ocr_line' id='line_1_64' title="bbox 1106 894 2087 1004; baseline 0.007 -29"><span class='ocrx_word' id='word_1_331' title='bbox 1106 913 1152 991; x_wconf 92' lang='lat' dir='ltr'>pis</span> <span class='ocrx_word' id='word_1_332' title='bbox 1172 915 1298 977; x_wconf 91' lang='lat' dir='ltr'>concedi</span> <span class='ocrx_word' id='word_1_333' title='bbox 1321 918 1493 992; x_wconf 87' lang='lat' dir='ltr'>consuevit,</span> <span class='ocrx_word' id='word_1_334' title='bbox 1507 916 1665 980; x_wconf 80' lang='lat' dir='ltr'>Pontificis</span> <span class='ocrx_word' id='word_1_335' title='bbox 1680 917 1807 978; x_wconf 88' lang='lat' dir='ltr'>nomine</span> <span class='ocrx_word' id='word_1_336' title='bbox 1822 923 1853 978; x_wconf 89' lang='lat' dir='ltr'>et</span> <span class='ocrx_word' id='word_1_337' title='bbox 1871 894 2087 1004; x_wconf 59' lang='lat' dir='ltr'>fflgpffidffifj</span> 
     </span>
     <span class='ocr_line' id='line_1_65' title="bbox 1105 1001 2087 1102; baseline 0.004 -33"><span class='ocrx_word' id='word_1_338' title='bbox 1105 1008 1298 1084; x_wconf 89' lang='lat' dir='ltr'>auctoritate,</span> <span class='ocrx_word' id='word_1_339' title='bbox 1311 1025 1365 1088; x_wconf 91' lang='lat' dir='ltr'>per</span> <span class='ocrx_word' id='word_1_340' title='bbox 1381 1009 1514 1086; x_wconf 89' lang='lat' dir='ltr'>privatas</span> <span class='ocrx_word' id='word_1_341' title='bbox 1524 1009 1668 1088; x_wconf 88' lang='lat' dir='ltr'>epistolas</span> <span class='ocrx_word' id='word_1_342' title='bbox 1689 1010 1785 1089; x_wconf 81' lang='lat' dir='ltr'>ipsius</span> <span class='ocrx_word' id='word_1_343' title='bbox 1801 1009 1853 1073; x_wconf 89' lang='lat' dir='ltr'>Se·</span> <span class='ocrx_word' id='word_1_344' title='bbox 1871 1001 2087 1102; x_wconf 54' lang='lat' dir='ltr'>ffiffiffiffigffig</span> 
     </span>
     <span class='ocr_line' id='line_1_66' title="bbox 1106 1099 2086 1182; baseline 0.004 -22"><span class='ocrx_word' id='word_1_345' title='bbox 1106 1099 1225 1161; x_wconf 90' lang='lat' dir='ltr'>cretarii</span> <span class='ocrx_word' id='word_1_346' title='bbox 1249 1101 1398 1164; x_wconf 82' lang='lat' dir='ltr'>brevium</span> <span class='ocrx_word' id='word_1_347' title='bbox 1419 1109 1623 1179; x_wconf 90' lang='lat' dir='ltr'>secretorum,</span> <span class='ocrx_word' id='word_1_348' title='bbox 1646 1103 1699 1181; x_wconf 87' lang='lat' dir='ltr'>qui</span> <span class='ocrx_word' id='word_1_349' title='bbox 1715 1103 1853 1182; x_wconf 84' lang='lat' dir='ltr'>exposita</span> <span class='ocrx_word' id='word_1_350' title='bbox 1871 1109 1972 1172; x_wconf 72' lang='lat' dir='ltr'>mortis,</span> <span class='ocrx_word' id='word_1_351' title='bbox 1989 1109 2086 1164; x_wconf 77' lang='lat' dir='ltr'>narseo-</span> 
     </span>
    </p>
   </div>
   <div class='ocr_carea' id='block_1_10' title="bbox 1097 1163 2086 5936">
    <p class='ocr_par' dir='ltr' id='par_1_11' title="bbox 1105 1163 2086 1646">
     <span class='ocr_line' id='line_1_67' title="bbox 1106 1163 2086 1274; baseline 0.012 -22"><span class='ocrx_word' id='word_1_352' title='bbox 1106 1192 1247 1256; x_wconf 91' lang='lat' dir='ltr'>Pontilici</span> <span class='ocrx_word' id='word_1_353' title='bbox 1269 1195 1422 1272; x_wconf 90' lang='lat' dir='ltr'>petitione</span> <span class='ocrx_word' id='word_1_354' title='bbox 1443 1211 1499 1274; x_wconf 90' lang='lat' dir='ltr'>pro</span> <span class='ocrx_word' id='word_1_355' title='bbox 1517 1204 1603 1274; x_wconf 90' lang='lat' dir='ltr'>parte</span> <span class='ocrx_word' id='word_1_356' title='bbox 1617 1197 1767 1274; x_wconf 88' lang='lat' dir='ltr'>cuiusque</span> <span class='ocrx_word' id='word_1_357' title='bbox 1783 1197 1852 1274; x_wconf 83' lang='lat' dir='ltr'>Epi·</span> <span class='ocrx_word' id='word_1_358' title='bbox 1872 1173 1914 1262; x_wconf 58' lang='lat'>[³21⁸.</span> <span class='ocrx_word' id='word_1_359' title='bbox 1926 1163 2031 1210; x_wconf 62' lang='lat'>⁰⁰⁰⁰⁰⁶¹</span> <span class='ocrx_word' id='word_1_360' title='bbox 2046 1174 2086 1208; x_wconf 57' lang='lat'>³⁰⁶</span> 
     </span>
     <span class='ocr_line' id='line_1_68' title="bbox 1105 1285 1852 1368; baseline 0.011 -24"><span class='ocrx_word' id='word_1_361' title='bbox 1105 1285 1199 1363; x_wconf 90' lang='lat' dir='ltr'>scopi,</span> <span class='ocrx_word' id='word_1_362' title='bbox 1213 1294 1243 1348; x_wconf 93' lang='lat' dir='ltr'>et</span> <span class='ocrx_word' id='word_1_363' title='bbox 1266 1300 1320 1364; x_wconf 89' lang='lat' dir='ltr'>pro</span> <span class='ocrx_word' id='word_1_364' title='bbox 1341 1287 1493 1366; x_wconf 90' lang='lat' dir='ltr'>spirituali</span> <span class='ocrx_word' id='word_1_365' title='bbox 1516 1287 1650 1352; x_wconf 89' lang='lat' dir='ltr'>utilitate</span> <span class='ocrx_word' id='word_1_366' title='bbox 1670 1290 1766 1368; x_wconf 90' lang='lat' dir='ltr'>ipsias</span> <span class='ocrx_word' id='word_1_367' title='bbox 1781 1290 1852 1352; x_wconf 91' lang='lat' dir='ltr'>sub-</span> 
     </span>
     <span class='ocr_line' id='line_1_69' title="bbox 1105 1376 1851 1458; baseline 0.012 -22"><span class='ocrx_word' id='word_1_368' title='bbox 1105 1376 1243 1440; x_wconf 75' lang='lat' dir='ltr'>(litorum</span> <span class='ocrx_word' id='word_1_369' title='bbox 1268 1381 1304 1442; x_wconf 92' lang='lat' dir='ltr'>ad</span> <span class='ocrx_word' id='word_1_370' title='bbox 1327 1395 1359 1442; x_wconf 90' lang='lat' dir='ltr'>se</span> <span class='ocrx_word' id='word_1_371' title='bbox 1381 1381 1496 1456; x_wconf 92' lang='lat' dir='ltr'>delata,</span> <span class='ocrx_word' id='word_1_372' title='bbox 1526 1383 1696 1444; x_wconf 83' lang='lat' dir='ltr'>rescribere</span> <span class='ocrx_word' id='word_1_373' title='bbox 1723 1384 1851 1458; x_wconf 89' lang='lat' dir='ltr'>solebat,</span> 
     </span>
     <span class='ocr_line' id='line_1_70' title="bbox 1105 1470 1924 1553; baseline 0.009 -22"><span class='ocrx_word' id='word_1_374' title='bbox 1105 1471 1232 1548; x_wconf 90' lang='lat' dir='ltr'>petitam</span> <span class='ocrx_word' id='word_1_375' title='bbox 1255 1470 1433 1535; x_wconf 82' lang='lat' dir='ltr'>facultatem</span> <span class='ocrx_word' id='word_1_376' title='bbox 1448 1473 1485 1535; x_wconf 92' lang='lat' dir='ltr'>ab</span> <span class='ocrx_word' id='word_1_377' title='bbox 1500 1475 1566 1553; x_wconf 91' lang='lat' dir='ltr'>ipso</span> <span class='ocrx_word' id='word_1_378' title='bbox 1587 1476 1736 1537; x_wconf 79' lang='lat' dir='ltr'>Pontifice</span> <span class='ocrx_word' id='word_1_379' title='bbox 1751 1476 1853 1540; x_wconf 89' lang='lat' dir='ltr'>eidem</span> <span class='ocrx_word' id='word_1_380' title='bbox 1923 1533 1924 1538; x_wconf 75' lang='grc'>,</span> 
     </span>
     <span class='ocr_line' id='line_1_71' title="bbox 1105 1563 1854 1646; baseline 0.015 -24"><span class='ocrx_word' id='word_1_381' title='bbox 1105 1563 1261 1640; x_wconf 89' lang='lat' dir='ltr'>indulgeri</span> <span class='ocrx_word' id='word_1_382' title='bbox 1282 1565 1323 1628; x_wconf 89' lang='lat' dir='ltr'>od</span> <span class='ocrx_word' id='word_1_383' title='bbox 1355 1566 1535 1629; x_wconf 85' lang='lat' dir='ltr'>trieomiom</span> <span class='ocrx_word' id='word_1_384' title='bbox 1562 1569 1768 1646; x_wconf 65' lang='lat' dir='ltr'>promiseram·</span> <span class='ocrx_word' id='word_1_385' title='bbox 1796 1571 1854 1634; x_wconf 82' lang='lat' dir='ltr'>hac</span> 
     </span>
    </p>

    <p class='ocr_par' dir='ltr' id='par_1_12' title="bbox 1104 1657 1854 1922">
     <span class='ocr_line' id='line_1_72' title="bbox 1105 1657 1852 1738; baseline 0.013 -22"><span class='ocrx_word' id='word_1_386' title='bbox 1105 1664 1207 1717; x_wconf 86' lang='lat' dir='ltr'>tamon</span> <span class='ocrx_word' id='word_1_387' title='bbox 1231 1657 1310 1734; x_wconf 89' lang='lat' dir='ltr'>lege,</span> <span class='ocrx_word' id='word_1_388' title='bbox 1327 1668 1362 1721; x_wconf 91' lang='lat' dir='ltr'>ut</span> <span class='ocrx_word' id='word_1_389' title='bbox 1384 1660 1448 1738; x_wconf 89' lang='lat' dir='ltr'>ipse</span> <span class='ocrx_word' id='word_1_390' title='bbox 1470 1677 1504 1722; x_wconf 93' lang='lat' dir='ltr'>ea</span> <span class='ocrx_word' id='word_1_391' title='bbox 1526 1670 1682 1738; x_wconf 88' lang='lat' dir='ltr'>uteretur,</span> <span class='ocrx_word' id='word_1_392' title='bbox 1699 1663 1852 1726; x_wconf 90' lang='lat' dir='ltr'>nimirum</span> 
     </span>
     <span class='ocr_line' id='line_1_73' title="bbox 1104 1747 1853 1832; baseline 0.015 -24"><span class='ocrx_word' id='word_1_393' title='bbox 1104 1747 1351 1812; x_wconf 88' lang='lat' dir='ltr'>benedictionem</span> <span class='ocrx_word' id='word_1_394' title='bbox 1374 1753 1560 1830; x_wconf 88' lang='lat' dir='ltr'>impertiret,</span> <span class='ocrx_word' id='word_1_395' title='bbox 1577 1763 1607 1816; x_wconf 92' lang='lat' dir='ltr'>et</span> <span class='ocrx_word' id='word_1_396' title='bbox 1622 1755 1853 1832; x_wconf 76' lang='lat' dir='ltr'>indulgentiam</span> 
     </span>
     <span class='ocr_line' id='line_1_74' title="bbox 1104 1840 1854 1922; baseline 0.016 -22"><span class='ocrx_word' id='word_1_397' title='bbox 1104 1840 1278 1919; x_wconf 88' lang='lat' dir='ltr'>plenariam</span> <span class='ocrx_word' id='word_1_398' title='bbox 1299 1846 1443 1922; x_wconf 82' lang='lat' dir='ltr'>aegrotis,</span> <span class='ocrx_word' id='word_1_399' title='bbox 1456 1847 1489 1909; x_wconf 96' lang='lat' dir='ltr'>in</span> <span class='ocrx_word' id='word_1_400' title='bbox 1508 1849 1618 1910; x_wconf 89' lang='lat' dir='ltr'>mortis</span> <span class='ocrx_word' id='word_1_401' title='bbox 1640 1848 1854 1912; x_wconf 89' lang='lat' dir='ltr'>articulocon·</span> 
     </span>
    </p>

    <p class='ocr_par' dir='ltr' id='par_1_13' title="bbox 1103 1936 1851 2020">
     <span class='ocr_line' id='line_1_75' title="bbox 1103 1936 1851 2020; baseline 0.012 -24"><span class='ocrx_word' id='word_1_402' title='bbox 1103 1937 1220 1998; x_wconf 90' lang='lat' dir='ltr'>stitutis</span> <span class='ocrx_word' id='word_1_403' title='bbox 1236 1936 1404 2014; x_wconf 89' lang='lat' dir='ltr'>largiretur</span> <span class='ocrx_word' id='word_1_404' title='bbox 1418 1955 1473 2017; x_wconf 86' lang='lat' dir='ltr'>per</span> <span class='ocrx_word' id='word_1_405' title='bbox 1486 1958 1518 2002; x_wconf 89' lang='lat' dir='ltr'>sc</span> <span class='ocrx_word' id='word_1_406' title='bbox 1534 1942 1639 2020; x_wconf 82' lang='lat' dir='ltr'>ipsum</span> <span class='ocrx_word' id='word_1_407' title='bbox 1657 1945 1851 2018; x_wconf 86' lang='lat' dir='ltr'>immediate,</span> 
     </span>
    </p>

    <p class='ocr_par' dir='ltr' id='par_1_14' title="bbox 1104 2029 1852 2114">
     <span class='ocr_line' id='line_1_76' title="bbox 1104 2029 1852 2114; baseline 0.013 -25"><span class='ocrx_word' id='word_1_408' title='bbox 1104 2029 1154 2090; x_wconf 83' lang='lat' dir='ltr'>rel</span> <span class='ocrx_word' id='word_1_409' title='bbox 1175 2037 1328 2107; x_wconf 85' lang='lat' dir='ltr'>quatenus</span> <span class='ocrx_word' id='word_1_410' title='bbox 1345 2031 1530 2112; x_wconf 87' lang='lat' dir='ltr'>Episcopum</span> <span class='ocrx_word' id='word_1_411' title='bbox 1552 2036 1783 2114; x_wconf 78' lang='lat' dir='ltr'>suffraganeum</span> <span class='ocrx_word' id='word_1_412' title='bbox 1800 2039 1852 2099; x_wconf 89' lang='lat' dir='ltr'>ba·</span> 
     </span>
    </p>

    <p class='ocr_par' dir='ltr' id='par_1_15' title="bbox 1104 2121 1852 2208">
     <span class='ocr_line' id='line_1_77' title="bbox 1104 2121 1852 2208; baseline 0.012 -26"><span class='ocrx_word' id='word_1_413' title='bbox 1104 2121 1203 2196; x_wconf 89' lang='lat' dir='ltr'>beret,</span> <span class='ocrx_word' id='word_1_414' title='bbox 1219 2139 1275 2200; x_wconf 88' lang='lat' dir='ltr'>per·</span> <span class='ocrx_word' id='word_1_415' title='bbox 1295 2121 1467 2187; x_wconf 75' lang='lat' dir='ltr'>domimum</span> <span class='ocrx_word' id='word_1_416' title='bbox 1482 2126 1852 2208; x_wconf 63' lang='lat' dir='ltr'>saffraganeumaoooam</span> 
     </span>
    </p>

    <p class='ocr_par' dir='ltr' id='par_1_16' title="bbox 1103 2216 1851 2390">
     <span class='ocr_line' id='line_1_78' title="bbox 1104 2216 1850 2303; baseline 0.015 -27"><span class='ocrx_word' id='word_1_417' title='bbox 1104 2230 1178 2290; x_wconf 91' lang='lat' dir='ltr'>nec,</span> <span class='ocrx_word' id='word_1_418' title='bbox 1202 2216 1260 2277; x_wconf 90' lang='lat' dir='ltr'>nisi</span> <span class='ocrx_word' id='word_1_419' title='bbox 1289 2219 1470 2281; x_wconf 84' lang='lat' dir='ltr'>necessitate</span> <span class='ocrx_word' id='word_1_420' title='bbox 1498 2231 1642 2298; x_wconf 86' lang='lat' dir='ltr'>cogente,</span> <span class='ocrx_word' id='word_1_421' title='bbox 1665 2231 1696 2285; x_wconf 90' lang='lat' dir='ltr'>et</span> <span class='ocrx_word' id='word_1_422' title='bbox 1723 2224 1850 2303; x_wconf 88' lang='lat' dir='ltr'>quidem</span> 
     </span>
     <span class='ocr_line' id='line_1_79' title="bbox 1103 2312 1851 2390; baseline 0.015 -22"><span class='ocrx_word' id='word_1_423' title='bbox 1103 2317 1259 2372; x_wconf 89' lang='lat' dir='ltr'>nocturno</span> <span class='ocrx_word' id='word_1_424' title='bbox 1287 2316 1444 2390; x_wconf 91' lang='lat' dir='ltr'>tempore,</span> <span class='ocrx_word' id='word_1_425' title='bbox 1472 2312 1570 2375; x_wconf 90' lang='lat' dir='ltr'>alium</span> <span class='ocrx_word' id='word_1_426' title='bbox 1597 2316 1789 2379; x_wconf 91' lang='lat' dir='ltr'>sacerdotem</span> <span class='ocrx_word' id='word_1_427' title='bbox 1819 2319 1851 2380; x_wconf 95' lang='lat' dir='ltr'>in</span> 
     </span>
    </p>

    <p class='ocr_par' dir='ltr' id='par_1_17' title="bbox 1103 2402 1851 2488">
     <span class='ocr_line' id='line_1_80' title="bbox 1103 2402 1851 2488; baseline 0.015 -26"><span class='ocrx_word' id='word_1_428' title='bbox 1103 2402 1235 2479; x_wconf 91' lang='lat' dir='ltr'>singulis</span> <span class='ocrx_word' id='word_1_429' title='bbox 1268 2403 1471 2481; x_wconf 90' lang='lat' dir='ltr'>peculiaribus</span> <span class='ocrx_word' id='word_1_430' title='bbox 1501 2407 1619 2470; x_wconf 90' lang='lat' dir='ltr'>casibus</span> <span class='ocrx_word' id='word_1_431' title='bbox 1649 2409 1851 2488; x_wconf 89' lang='lat' dir='ltr'>subdelegare</span> 
     </span>
    </p>

    <p class='ocr_par' dir='ltr' id='par_1_18' title="bbox 1103 2495 1852 2578">
     <span class='ocr_line' id='line_1_81' title="bbox 1103 2495 1852 2578; baseline 0.009 -21"><span class='ocrx_word' id='word_1_432' title='bbox 1103 2503 1220 2575; x_wconf 91' lang='lat' dir='ltr'>posset:</span> <span class='ocrx_word' id='word_1_433' title='bbox 1251 2495 1307 2559; x_wconf 77' lang='lat' dir='ltr'>dot</span> <span class='ocrx_word' id='word_1_434' title='bbox 1328 2515 1401 2560; x_wconf 82' lang='lat' dir='ltr'>aero</span> <span class='ocrx_word' id='word_1_435' title='bbox 1422 2500 1566 2578; x_wconf 84' lang='lat' dir='ltr'>praeciso</span> <span class='ocrx_word' id='word_1_436' title='bbox 1587 2503 1759 2565; x_wconf 83' lang='lat' dir='ltr'>necessitas</span> <span class='ocrx_word' id='word_1_437' title='bbox 1780 2519 1852 2566; x_wconf 81' lang='lat' dir='ltr'>eao-</span> 
     </span>
    </p>

    <p class='ocr_par' dir='ltr' id='par_1_19' title="bbox 1103 2591 1850 2673">
     <span class='ocr_line' id='line_1_82' title="bbox 1103 2591 1850 2673; baseline 0.015 -24"><span class='ocrx_word' id='word_1_438' title='bbox 1103 2592 1199 2669; x_wconf 79' lang='lat' dir='ltr'>perr&#39;t,</span> <span class='ocrx_word' id='word_1_439' title='bbox 1223 2607 1260 2653; x_wconf 88' lang='lat' dir='ltr'>oc</span> <span class='ocrx_word' id='word_1_440' title='bbox 1283 2591 1417 2654; x_wconf 84' lang='lat' dir='ltr'>iosimui</span> <span class='ocrx_word' id='word_1_441' title='bbox 1438 2595 1543 2657; x_wconf 84' lang='lat' dir='ltr'>noctis</span> <span class='ocrx_word' id='word_1_442' title='bbox 1566 2602 1703 2673; x_wconf 85' lang='lat' dir='ltr'>tompore</span> <span class='ocrx_word' id='word_1_443' title='bbox 1724 2596 1850 2660; x_wconf 86' lang='lat' dir='ltr'>domtu-</span> 
     </span>
    </p>

    <p class='ocr_par' dir='ltr' id='par_1_20' title="bbox 1103 2685 1850 2765">
     <span class='ocr_line' id='line_1_83' title="bbox 1103 2685 1850 2765; baseline 0.009 -19"><span class='ocrx_word' id='word_1_444' title='bbox 1103 2687 1175 2755; x_wconf 82' lang='lat' dir='ltr'>aar,</span> <span class='ocrx_word' id='word_1_445' title='bbox 1199 2685 1279 2748; x_wconf 85' lang='lat' dir='ltr'>idem</span> <span class='ocrx_word' id='word_1_446' title='bbox 1301 2688 1476 2765; x_wconf 84' lang='lat' dir='ltr'>permittit,</span> <span class='ocrx_word' id='word_1_447' title='bbox 1499 2695 1538 2752; x_wconf 84' lang='lat' dir='ltr'>ac</span> <span class='ocrx_word' id='word_1_448' title='bbox 1560 2688 1665 2753; x_wconf 77' lang='lat' dir='ltr'>altrat</span> <span class='ocrx_word' id='word_1_449' title='bbox 1688 2690 1850 2754; x_wconf 88' lang='lat' dir='ltr'>sacerdoti</span> 
     </span>
    </p>

    <p class='ocr_par' dir='ltr' id='par_1_21' title="bbox 1103 2781 1849 2864">
     <span class='ocr_line' id='line_1_84' title="bbox 1103 2781 1849 2864; baseline 0.005 -22"><span class='ocrx_word' id='word_1_450' title='bbox 1103 2781 1166 2860; x_wconf 85' lang='lat' dir='ltr'>pio,</span> <span class='ocrx_word' id='word_1_451' title='bbox 1188 2797 1244 2860; x_wconf 84' lang='lat' dir='ltr'>per</span> <span class='ocrx_word' id='word_1_452' title='bbox 1266 2781 1516 2845; x_wconf 84' lang='lat' dir='ltr'>dominationem</span> <span class='ocrx_word' id='word_1_453' title='bbox 1544 2793 1684 2847; x_wconf 83' lang='lat' dir='ltr'>cestram</span> <span class='ocrx_word' id='word_1_454' title='bbox 1706 2783 1849 2864; x_wconf 81' lang='lat' dir='ltr'>qualibet</span> 
     </span>
    </p>

    <p class='ocr_par' dir='ltr' id='par_1_22' title="bbox 1102 2875 1845 2955">
     <span class='ocr_line' id='line_1_85' title="bbox 1102 2875 1845 2955; baseline 0.001 -19"><span class='ocrx_word' id='word_1_455' title='bbox 1102 2875 1169 2937; x_wconf 84' lang='lat' dir='ltr'>oica</span> <span class='ocrx_word' id='word_1_456' title='bbox 1197 2875 1338 2955; x_wconf 80' lang='lat' dir='ltr'>elipando</span> <span class='ocrx_word' id='word_1_457' title='bbox 1372 2883 1430 2938; x_wconf 86' lang='lat' dir='ltr'>etc.</span> <span class='ocrx_word' id='word_1_458' title='bbox 1465 2878 1700 2941; x_wconf 82' lang='lat' dir='ltr'>commonicare</span> <span class='ocrx_word' id='word_1_459' title='bbox 1727 2879 1845 2942; x_wconf 59' lang='lat' dir='ltr'>oroieot.</span> 
     </span>
    </p>

    <p class='ocr_par' dir='ltr' id='par_1_23' title="bbox 1102 2970 1849 3047">
     <span class='ocr_line' id='line_1_86' title="bbox 1102 2970 1849 3047; baseline 0.005 -15"><span class='ocrx_word' id='word_1_460' title='bbox 1102 2970 1166 3047; x_wconf 89' lang='lat' dir='ltr'>Quo</span> <span class='ocrx_word' id='word_1_461' title='bbox 1177 2986 1252 3032; x_wconf 84' lang='lat' dir='ltr'>vero</span> <span class='ocrx_word' id='word_1_462' title='bbox 1267 2971 1302 3032; x_wconf 90' lang='lat' dir='ltr'>ad</span> <span class='ocrx_word' id='word_1_463' title='bbox 1314 2970 1476 3046; x_wconf 89' lang='lat' dir='ltr'>moniales,</span> <span class='ocrx_word' id='word_1_464' title='bbox 1490 2972 1637 3034; x_wconf 91' lang='lat' dir='ltr'>ordinarii</span> <span class='ocrx_word' id='word_1_465' title='bbox 1652 2988 1760 3035; x_wconf 90' lang='lat' dir='ltr'>earum</span> <span class='ocrx_word' id='word_1_466' title='bbox 1776 2987 1849 3036; x_wconf 93' lang='lat' dir='ltr'>con·</span> 
     </span>
    </p>

    <p class='ocr_par' dir='ltr' id='par_1_24' title="bbox 1103 3063 1775 3143">
     <span class='ocr_line' id='line_1_87' title="bbox 1103 3063 1775 3143; baseline 0.004 -19"><span class='ocrx_word' id='word_1_467' title='bbox 1103 3063 1217 3125; x_wconf 81' lang='lat' dir='ltr'>fossarii</span> <span class='ocrx_word' id='word_1_468' title='bbox 1240 3081 1331 3143; x_wconf 89' lang='lat' dir='ltr'>opera</span> <span class='ocrx_word' id='word_1_469' title='bbox 1353 3064 1385 3125; x_wconf 92' lang='lat' dir='ltr'>in</span> <span class='ocrx_word' id='word_1_470' title='bbox 1408 3080 1480 3126; x_wconf 91' lang='lat' dir='ltr'>eum</span> <span class='ocrx_word' id='word_1_471' title='bbox 1503 3065 1598 3126; x_wconf 89' lang='lat' dir='ltr'>linem</span> <span class='ocrx_word' id='word_1_472' title='bbox 1620 3072 1775 3129; x_wconf 88' lang='lat' dir='ltr'>uteretur.</span> 
     </span>
    </p>

    <p class='ocr_par' dir='ltr' id='par_1_25' title="bbox 1097 3157 2080 5564">
     <span class='ocr_line' id='line_1_88' title="bbox 1143 3157 2080 3243; baseline 0.011 -23"><span class='ocrx_word' id='word_1_473' title='bbox 1143 3158 1226 3220; x_wconf 88' lang='lat' dir='ltr'>Hanc</span> <span class='ocrx_word' id='word_1_474' title='bbox 1247 3173 1339 3236; x_wconf 89' lang='lat' dir='ltr'>porro</span> <span class='ocrx_word' id='word_1_475' title='bbox 1361 3157 1550 3232; x_wconf 80' lang='lat' dir='ltr'>facultatem,</span> <span class='ocrx_word' id='word_1_476' title='bbox 1573 3167 1665 3236; x_wconf 90' lang='lat' dir='ltr'>prout</span> <span class='ocrx_word' id='word_1_477' title='bbox 1688 3159 1719 3221; x_wconf 88' lang='lat' dir='ltr'>in</span> <span class='ocrx_word' id='word_1_478' title='bbox 1742 3159 1849 3222; x_wconf 91' lang='lat' dir='ltr'>huius·</span> <span class='ocrx_word' id='word_1_479' title='bbox 1896 3183 2003 3243; x_wconf 48' lang='lat' dir='ltr'>,aarum</span> <span class='ocrx_word' id='word_1_480' title='bbox 2027 3193 2080 3229; x_wconf 77' lang='lat' dir='ltr'>am-</span> 
     </span>
     <span class='ocr_line' id='line_1_89' title="bbox 1102 3233 2080 3343; baseline 0.005 -31"><span class='ocrx_word' id='word_1_481' title='bbox 1102 3251 1187 3313; x_wconf 89' lang='lat' dir='ltr'>modi</span> <span class='ocrx_word' id='word_1_482' title='bbox 1209 3252 1308 3313; x_wconf 87' lang='lat' dir='ltr'>literis</span> <span class='ocrx_word' id='word_1_483' title='bbox 1328 3252 1566 3326; x_wconf 89' lang='lat' dir='ltr'>concedebatur,</span> <span class='ocrx_word' id='word_1_484' title='bbox 1582 3251 1783 3315; x_wconf 85' lang='lat' dir='ltr'>ecclesiarum</span> <span class='ocrx_word' id='word_1_485' title='bbox 1797 3270 1849 3332; x_wconf 92' lang='lat' dir='ltr'>pa·</span> <span class='ocrx_word' id='word_1_486' title='bbox 1867 3233 2080 3343; x_wconf 57' lang='lat' dir='ltr'>3¹0¹fi{¹,⁰f¹,}}{²‚³⁰²‘</span> 
     </span>
     <span class='ocr_line' id='line_1_90' title="bbox 1101 3343 1847 3422; baseline 0.004 -17"><span class='ocrx_word' id='word_1_487' title='bbox 1101 3352 1199 3406; x_wconf 89' lang='lat' dir='ltr'>stores</span> <span class='ocrx_word' id='word_1_488' title='bbox 1226 3343 1408 3408; x_wconf 88' lang='lat' dir='ltr'>iamdudum</span> <span class='ocrx_word' id='word_1_489' title='bbox 1436 3345 1613 3408; x_wconf 91' lang='lat' dir='ltr'>iudicarunt</span> <span class='ocrx_word' id='word_1_490' title='bbox 1641 3346 1779 3422; x_wconf 89' lang='lat' dir='ltr'>angustis</span> <span class='ocrx_word' id='word_1_491' title='bbox 1800 3346 1847 3408; x_wconf 95' lang='lat' dir='ltr'>ni·</span> 
     </span>
     <span class='ocr_line' id='line_1_91' title="bbox 1103 3437 1847 3518; baseline 0.004 -19"><span class='ocrx_word' id='word_1_492' title='bbox 1103 3437 1202 3499; x_wconf 93' lang='lat' dir='ltr'>mium</span> <span class='ocrx_word' id='word_1_493' title='bbox 1224 3437 1374 3500; x_wconf 86' lang='lat' dir='ltr'>limitibus</span> <span class='ocrx_word' id='word_1_494' title='bbox 1406 3439 1691 3518; x_wconf 66' lang='lat' dir='ltr'>circumscriptam</span> <span class='ocrx_word' id='word_1_495' title='bbox 1716 3456 1778 3502; x_wconf 93' lang='lat' dir='ltr'>non</span> <span class='ocrx_word' id='word_1_496' title='bbox 1801 3457 1847 3502; x_wconf 92' lang='lat' dir='ltr'>so-</span> 
     </span>
     <span class='ocr_line' id='line_1_92' title="bbox 1102 3529 1850 3611; baseline 0.005 -20"><span class='ocrx_word' id='word_1_497' title='bbox 1102 3529 1168 3592; x_wconf 94' lang='lat' dir='ltr'>lum</span> <span class='ocrx_word' id='word_1_498' title='bbox 1190 3531 1228 3592; x_wconf 93' lang='lat' dir='ltr'>ob</span> <span class='ocrx_word' id='word_1_499' title='bbox 1250 3531 1343 3592; x_wconf 87' lang='lat' dir='ltr'>breve</span> <span class='ocrx_word' id='word_1_500' title='bbox 1365 3530 1493 3592; x_wconf 89' lang='lat' dir='ltr'>triennii</span> <span class='ocrx_word' id='word_1_501' title='bbox 1518 3533 1654 3610; x_wconf 89' lang='lat' dir='ltr'>spatium</span> <span class='ocrx_word' id='word_1_502' title='bbox 1676 3533 1734 3611; x_wconf 90' lang='lat' dir='ltr'>ipsi</span> <span class='ocrx_word' id='word_1_503' title='bbox 1762 3549 1850 3611; x_wconf 88' lang='lat' dir='ltr'>prae·</span> 
     </span>
     <span class='ocr_line' id='line_1_93' title="bbox 1103 3623 1849 3704; baseline 0.005 -20"><span class='ocrx_word' id='word_1_504' title='bbox 1103 3623 1246 3700; x_wconf 81' lang='lat' dir='ltr'>dmitum3</span> <span class='ocrx_word' id='word_1_505' title='bbox 1270 3639 1382 3685; x_wconf 83' lang='lat' dir='ltr'>rernm</span> <span class='ocrx_word' id='word_1_506' title='bbox 1397 3625 1491 3685; x_wconf 91' lang='lat' dir='ltr'>etiam</span> <span class='ocrx_word' id='word_1_507' title='bbox 1502 3624 1584 3703; x_wconf 82' lang='lat' dir='ltr'>quia,</span> <span class='ocrx_word' id='word_1_508' title='bbox 1598 3633 1724 3704; x_wconf 89' lang='lat' dir='ltr'>propter</span> <span class='ocrx_word' id='word_1_509' title='bbox 1737 3626 1849 3690; x_wconf 86' lang='lat' dir='ltr'>relatas</span> 
     </span>
     <span class='ocr_line' id='line_1_94' title="bbox 1102 3714 1849 3798; baseline 0.008 -22"><span class='ocrx_word' id='word_1_510' title='bbox 1102 3714 1185 3792; x_wconf 83' lang='lat' dir='ltr'>leges</span> <span class='ocrx_word' id='word_1_511' title='bbox 1207 3716 1284 3778; x_wconf 89' lang='lat' dir='ltr'>circa</span> <span class='ocrx_word' id='word_1_512' title='bbox 1308 3717 1389 3779; x_wconf 90' lang='lat' dir='ltr'>illius</span> <span class='ocrx_word' id='word_1_513' title='bbox 1405 3732 1497 3778; x_wconf 91' lang='lat' dir='ltr'>usum</span> <span class='ocrx_word' id='word_1_514' title='bbox 1512 3719 1726 3798; x_wconf 77' lang='lat' dir='ltr'>praescriptas,</span> <span class='ocrx_word' id='word_1_515' title='bbox 1740 3720 1777 3782; x_wconf 92' lang='lat' dir='ltr'>ab</span> <span class='ocrx_word' id='word_1_516' title='bbox 1793 3721 1849 3782; x_wconf 89' lang='lat' dir='ltr'>bu·</span> 
     </span>
     <span class='ocr_line' id='line_1_95' title="bbox 1102 3809 1849 3888; baseline 0.005 -18"><span class='ocrx_word' id='word_1_517' title='bbox 1102 3809 1231 3871; x_wconf 87' lang='lat' dir='ltr'>iusmmti</span> <span class='ocrx_word' id='word_1_518' title='bbox 1266 3810 1480 3886; x_wconf 87' lang='lat' dir='ltr'>indulgentiae</span> <span class='ocrx_word' id='word_1_519' title='bbox 1508 3809 1665 3888; x_wconf 90' lang='lat' dir='ltr'>plenariae</span> <span class='ocrx_word' id='word_1_520' title='bbox 1696 3812 1849 3875; x_wconf 79' lang='lat' dir='ltr'>beneficio</span> 
     </span>
     <span class='ocr_line' id='line_1_96' title="bbox 1101 3903 1848 3981; baseline 0.005 -18"><span class='ocrx_word' id='word_1_521' title='bbox 1101 3903 1222 3965; x_wconf 81' lang='lat' dir='ltr'>excludi</span> <span class='ocrx_word' id='word_1_522' title='bbox 1244 3903 1390 3965; x_wconf 84' lang='lat' dir='ltr'>videbant</span> <span class='ocrx_word' id='word_1_523' title='bbox 1406 3903 1568 3981; x_wconf 89' lang='lat' dir='ltr'>plerosque</span> <span class='ocrx_word' id='word_1_524' title='bbox 1585 3903 1689 3965; x_wconf 91' lang='lat' dir='ltr'>ssdeles</span> <span class='ocrx_word' id='word_1_525' title='bbox 1704 3905 1761 3966; x_wconf 92' lang='lat' dir='ltr'>sibi</span> <span class='ocrx_word' id='word_1_526' title='bbox 1776 3907 1848 3968; x_wconf 92' lang='lat' dir='ltr'>sub-</span> 
     </span>
     <span class='ocr_line' id='line_1_97' title="bbox 1101 3997 1847 4075; baseline 0.004 -17"><span class='ocrx_word' id='word_1_527' title='bbox 1101 3997 1212 4072; x_wconf 78' lang='lat' dir='ltr'>iectae,</span> <span class='ocrx_word' id='word_1_528' title='bbox 1242 3997 1425 4074; x_wconf 85' lang='lat' dir='ltr'>praesertim</span> <span class='ocrx_word' id='word_1_529' title='bbox 1453 4011 1526 4056; x_wconf 89' lang='lat' dir='ltr'>vero</span> <span class='ocrx_word' id='word_1_530' title='bbox 1558 4013 1628 4072; x_wconf 91' lang='lat' dir='ltr'>eos,</span> <span class='ocrx_word' id='word_1_531' title='bbox 1656 4013 1733 4075; x_wconf 85' lang='lat' dir='ltr'>quos</span> <span class='ocrx_word' id='word_1_532' title='bbox 1760 4011 1847 4062; x_wconf 85' lang='lat' dir='ltr'>extra</span> 
     </span>
     <span class='ocr_line' id='line_1_98' title="bbox 1100 4088 1847 4168; baseline 0.003 -16"><span class='ocrx_word' id='word_1_533' title='bbox 1100 4092 1238 4168; x_wconf 90' lang='lat' dir='ltr'>ipsorum</span> <span class='ocrx_word' id='word_1_534' title='bbox 1269 4088 1454 4151; x_wconf 90' lang='lat' dir='ltr'>residentiae</span> <span class='ocrx_word' id='word_1_535' title='bbox 1483 4089 1583 4151; x_wconf 88' lang='lat' dir='ltr'>locum</span> <span class='ocrx_word' id='word_1_536' title='bbox 1607 4098 1638 4151; x_wconf 88' lang='lat' dir='ltr'>et</span> <span class='ocrx_word' id='word_1_537' title='bbox 1660 4091 1692 4152; x_wconf 93' lang='lat' dir='ltr'>in</span> <span class='ocrx_word' id='word_1_538' title='bbox 1720 4093 1847 4155; x_wconf 89' lang='lat' dir='ltr'>remotis</span> 
     </span>
     <span class='ocr_line' id='line_1_99' title="bbox 1100 4183 1847 4262; baseline 0 -15"><span class='ocrx_word' id='word_1_539' title='bbox 1100 4183 1276 4247; x_wconf 88' lang='lat' dir='ltr'>dioecesum</span> <span class='ocrx_word' id='word_1_540' title='bbox 1304 4183 1484 4260; x_wconf 89' lang='lat' dir='ltr'>regionibus</span> <span class='ocrx_word' id='word_1_541' title='bbox 1506 4184 1655 4245; x_wconf 85' lang='lat' dir='ltr'>infirmari</span> <span class='ocrx_word' id='word_1_542' title='bbox 1685 4185 1847 4262; x_wconf 89' lang='lat' dir='ltr'>continge·</span> 
     </span>
     <span class='ocr_line' id='line_1_100' title="bbox 1100 4277 1846 4354; baseline 0.004 -15"><span class='ocrx_word' id='word_1_543' title='bbox 1100 4287 1163 4354; x_wconf 72' lang='lat' dir='ltr'>ret,</span> <span class='ocrx_word' id='word_1_544' title='bbox 1186 4293 1243 4340; x_wconf 87' lang='lat' dir='ltr'>nec</span> <span class='ocrx_word' id='word_1_545' title='bbox 1264 4277 1433 4346; x_wconf 86' lang='lat' dir='ltr'>doluerunt</span> <span class='ocrx_word' id='word_1_546' title='bbox 1459 4277 1623 4340; x_wconf 89' lang='lat' dir='ltr'>instantiae</span> <span class='ocrx_word' id='word_1_547' title='bbox 1651 4277 1846 4342; x_wconf 75' lang='lat' dir='ltr'>vicariorum</span> 
     </span>
     <span class='ocr_line' id='line_1_101' title="bbox 1102 4369 1844 4449; baseline 0.001 -16"><span class='ocrx_word' id='word_1_548' title='bbox 1102 4371 1323 4448; x_wconf 84' lang='lat' dir='ltr'>Capitulariunt</span> <span class='ocrx_word' id='word_1_549' title='bbox 1337 4377 1368 4430; x_wconf 92' lang='lat' dir='ltr'>et</span> <span class='ocrx_word' id='word_1_550' title='bbox 1381 4369 1575 4432; x_wconf 87' lang='lat' dir='ltr'>Vicariorum</span> <span class='ocrx_word' id='word_1_551' title='bbox 1587 4371 1844 4449; x_wconf 75' lang='lat' dir='ltr'>Apostolicorum,</span> 
     </span>
     <span class='ocr_line' id='line_1_102' title="bbox 1099 4464 1846 4544; baseline 0.003 -19"><span class='ocrx_word' id='word_1_552' title='bbox 1099 4465 1178 4526; x_wconf 90' lang='lat' dir='ltr'>sicut</span> <span class='ocrx_word' id='word_1_553' title='bbox 1199 4465 1292 4526; x_wconf 89' lang='lat' dir='ltr'>etiam</span> <span class='ocrx_word' id='word_1_554' title='bbox 1315 4465 1522 4544; x_wconf 89' lang='lat' dir='ltr'>praelatorum</span> <span class='ocrx_word' id='word_1_555' title='bbox 1549 4464 1734 4526; x_wconf 89' lang='lat' dir='ltr'>inleriornm</span> <span class='ocrx_word' id='word_1_556' title='bbox 1756 4467 1846 4529; x_wconf 88' lang='lat' dir='ltr'>terri-</span> 
     </span>
     <span class='ocr_line' id='line_1_103' title="bbox 1102 4557 1845 4636; baseline 0.003 -17"><span class='ocrx_word' id='word_1_557' title='bbox 1102 4558 1216 4620; x_wconf 89' lang='lat' dir='ltr'>torium</span> <span class='ocrx_word' id='word_1_558' title='bbox 1238 4566 1414 4636; x_wconf 88' lang='lat' dir='ltr'>separatum</span> <span class='ocrx_word' id='word_1_559' title='bbox 1437 4557 1631 4634; x_wconf 88' lang='lat' dir='ltr'>habentium,</span> <span class='ocrx_word' id='word_1_560' title='bbox 1654 4573 1726 4621; x_wconf 92' lang='lat' dir='ltr'>cum</span> <span class='ocrx_word' id='word_1_561' title='bbox 1748 4559 1845 4622; x_wconf 83' lang='lat' dir='ltr'>activa</span> 
     </span>
     <span class='ocr_line' id='line_1_104' title="bbox 1100 4650 1845 4732; baseline 0.004 -21"><span class='ocrx_word' id='word_1_562' title='bbox 1100 4651 1132 4712; x_wconf 93' lang='lat' dir='ltr'>in</span> <span class='ocrx_word' id='word_1_563' title='bbox 1154 4650 1274 4712; x_wconf 90' lang='lat' dir='ltr'>clerum</span> <span class='ocrx_word' id='word_1_564' title='bbox 1296 4659 1326 4712; x_wconf 90' lang='lat' dir='ltr'>et</span> <span class='ocrx_word' id='word_1_565' title='bbox 1348 4651 1498 4729; x_wconf 68' lang='lat' dir='ltr'>paruulum</span> <span class='ocrx_word' id='word_1_566' title='bbox 1532 4651 1763 4726; x_wconf 88' lang='lat' dir='ltr'>iurisdictione,</span> <span class='ocrx_word' id='word_1_567' title='bbox 1791 4653 1845 4732; x_wconf 91' lang='lat' dir='ltr'>qui</span> 
     </span>
     <span class='ocr_line' id='line_1_105' title="bbox 1100 4743 1845 4824; baseline 0.004 -19"><span class='ocrx_word' id='word_1_568' title='bbox 1100 4744 1239 4805; x_wconf 90' lang='lat' dir='ltr'>eamdem</span> <span class='ocrx_word' id='word_1_569' title='bbox 1266 4743 1445 4806; x_wconf 82' lang='lat' dir='ltr'>facultatem</span> <span class='ocrx_word' id='word_1_570' title='bbox 1467 4744 1624 4824; x_wconf 85' lang='lat' dir='ltr'>Episcopis</span> <span class='ocrx_word' id='word_1_571' title='bbox 1653 4746 1777 4808; x_wconf 92' lang='lat' dir='ltr'>concedi</span> <span class='ocrx_word' id='word_1_572' title='bbox 1799 4763 1845 4808; x_wconf 93' lang='lat' dir='ltr'>so·</span> 
     </span>
     <span class='ocr_line' id='line_1_106' title="bbox 1101 4836 1844 4916; baseline 0.001 -19"><span class='ocrx_word' id='word_1_573' title='bbox 1101 4837 1197 4912; x_wconf 89' lang='lat' dir='ltr'>litam,</span> <span class='ocrx_word' id='word_1_574' title='bbox 1214 4836 1271 4897; x_wconf 91' lang='lat' dir='ltr'>sibi</span> <span class='ocrx_word' id='word_1_575' title='bbox 1287 4853 1410 4914; x_wconf 84' lang='lat' dir='ltr'>quoque</span> <span class='ocrx_word' id='word_1_576' title='bbox 1426 4836 1522 4898; x_wconf 88' lang='lat' dir='ltr'>tribui</span> <span class='ocrx_word' id='word_1_577' title='bbox 1545 4837 1749 4916; x_wconf 88' lang='lat' dir='ltr'>postularunt.</span> <span class='ocrx_word' id='word_1_578' title='bbox 1773 4839 1844 4914; x_wconf 84' lang='lat' dir='ltr'>Qui-</span> 
     </span>
     <span class='ocr_line' id='line_1_107' title="bbox 1100 4927 1846 4992; baseline 0.003 -2"><span class='ocrx_word' id='word_1_579' title='bbox 1100 4929 1155 4990; x_wconf 89' lang='lat' dir='ltr'>bus</span> <span class='ocrx_word' id='word_1_580' title='bbox 1176 4927 1214 4988; x_wconf 91' lang='lat' dir='ltr'>de</span> <span class='ocrx_word' id='word_1_581' title='bbox 1235 4928 1329 4989; x_wconf 89' lang='lat' dir='ltr'>rebus</span> <span class='ocrx_word' id='word_1_582' title='bbox 1350 4937 1453 4990; x_wconf 88' lang='lat' dir='ltr'>actum</span> <span class='ocrx_word' id='word_1_583' title='bbox 1469 4928 1528 4991; x_wconf 91' lang='lat' dir='ltr'>init</span> <span class='ocrx_word' id='word_1_584' title='bbox 1543 4929 1593 4992; x_wconf 91' lang='lat' dir='ltr'>die</span> <span class='ocrx_word' id='word_1_585' title='bbox 1611 4945 1689 4990; x_wconf 83' lang='lat' dir='ltr'>narr.</span> <span class='ocrx_word' id='word_1_586' title='bbox 1715 4946 1846 4992; x_wconf 88' lang='lat' dir='ltr'>norem-</span> 
     </span>
     <span class='ocr_line' id='line_1_108' title="bbox 1101 5021 1844 5098; baseline 0.004 -16"><span class='ocrx_word' id='word_1_587' title='bbox 1101 5021 1161 5082; x_wconf 89' lang='lat' dir='ltr'>bris</span> <span class='ocrx_word' id='word_1_588' title='bbox 1184 5035 1305 5083; x_wconf 86' lang='lat' dir='ltr'>nacon.</span> <span class='ocrx_word' id='word_1_589' title='bbox 1324 5021 1355 5082; x_wconf 91' lang='lat' dir='ltr'>in</span> <span class='ocrx_word' id='word_1_590' title='bbox 1373 5021 1622 5098; x_wconf 75' lang='lat' dir='ltr'>congregatione</span> <span class='ocrx_word' id='word_1_591' title='bbox 1639 5022 1667 5084; x_wconf 85' lang='lat' dir='ltr'>S.</span> <span class='ocrx_word' id='word_1_592' title='bbox 1679 5021 1715 5084; x_wconf 83' lang='lat' dir='ltr'>ll.</span> <span class='ocrx_word' id='word_1_593' title='bbox 1727 5023 1761 5084; x_wconf 86' lang='lat' dir='ltr'>E.</span> <span class='ocrx_word' id='word_1_594' title='bbox 1773 5024 1844 5086; x_wconf 86' lang='lat' dir='ltr'>Gar-</span> 
     </span>
     <span class='ocr_line' id='line_1_109' title="bbox 1099 5114 1844 5196; baseline 0.004 -20"><span class='ocrx_word' id='word_1_595' title='bbox 1099 5114 1249 5176; x_wconf 89' lang='lat' dir='ltr'>dinalium</span> <span class='ocrx_word' id='word_1_596' title='bbox 1280 5115 1485 5191; x_wconf 87' lang='lat' dir='ltr'>indulgentiis</span> <span class='ocrx_word' id='word_1_597' title='bbox 1514 5123 1544 5176; x_wconf 90' lang='lat' dir='ltr'>et</span> <span class='ocrx_word' id='word_1_598' title='bbox 1571 5116 1663 5177; x_wconf 89' lang='lat' dir='ltr'>sacris</span> <span class='ocrx_word' id='word_1_599' title='bbox 1695 5115 1844 5196; x_wconf 85' lang='lat' dir='ltr'>Reliquiis</span> 
     </span>
     <span class='ocr_line' id='line_1_110' title="bbox 1100 5207 1843 5286; baseline 0.005 -19"><span class='ocrx_word' id='word_1_600' title='bbox 1100 5209 1280 5286; x_wconf 86' lang='lat' dir='ltr'>praeposita,</span> <span class='ocrx_word' id='word_1_601' title='bbox 1310 5208 1397 5269; x_wconf 89' lang='lat' dir='ltr'>cuius</span> <span class='ocrx_word' id='word_1_602' title='bbox 1428 5207 1613 5269; x_wconf 89' lang='lat' dir='ltr'>consultoris</span> <span class='ocrx_word' id='word_1_603' title='bbox 1645 5207 1782 5271; x_wconf 82' lang='lat' dir='ltr'>alliciam</span> <span class='ocrx_word' id='word_1_604' title='bbox 1812 5211 1843 5271; x_wconf 95' lang='lat' dir='ltr'>in</span> 
     </span>
     <span class='ocr_line' id='line_1_111' title="bbox 1100 5299 1842 5378; baseline 0.005 -18"><span class='ocrx_word' id='word_1_605' title='bbox 1100 5299 1271 5362; x_wconf 92' lang='lat' dir='ltr'>minoribus</span> <span class='ocrx_word' id='word_1_606' title='bbox 1304 5309 1378 5362; x_wconf 86' lang='lat' dir='ltr'>tunc</span> <span class='ocrx_word' id='word_1_607' title='bbox 1410 5300 1571 5361; x_wconf 88' lang='lat' dir='ltr'>constituti</span> <span class='ocrx_word' id='word_1_608' title='bbox 1609 5299 1842 5378; x_wconf 81' lang='lat' dir='ltr'>obtinebamus3</span> 
     </span>
     <span class='ocr_line' id='line_1_112' title="bbox 1097 5391 1842 5471; baseline 0.001 -17"><span class='ocrx_word' id='word_1_609' title='bbox 1097 5395 1150 5454; x_wconf 91' lang='lat' dir='ltr'>sed</span> <span class='ocrx_word' id='word_1_610' title='bbox 1181 5393 1259 5456; x_wconf 89' lang='lat' dir='ltr'>nibil</span> <span class='ocrx_word' id='word_1_611' title='bbox 1288 5401 1363 5454; x_wconf 90' lang='lat' dir='ltr'>tnnc</span> <span class='ocrx_word' id='word_1_612' title='bbox 1395 5393 1544 5471; x_wconf 91' lang='lat' dir='ltr'>temporis</span> <span class='ocrx_word' id='word_1_613' title='bbox 1566 5401 1611 5455; x_wconf 87' lang='lat' dir='ltr'>cst</span> <span class='ocrx_word' id='word_1_614' title='bbox 1642 5391 1842 5470; x_wconf 89' lang='lat' dir='ltr'>innovatum,</span> 
     </span>
     <span class='ocr_line' id='line_1_113' title="bbox 1098 5485 2006 5564; baseline 0.002 -18"><span class='ocrx_word' id='word_1_615' title='bbox 1098 5502 1209 5564; x_wconf 81' lang='lat' dir='ltr'>resque</span> <span class='ocrx_word' id='word_1_616' title='bbox 1230 5486 1263 5546; x_wconf 93' lang='lat' dir='ltr'>in</span> <span class='ocrx_word' id='word_1_617' title='bbox 1285 5486 1380 5564; x_wconf 91' lang='lat' dir='ltr'>priori</span> <span class='ocrx_word' id='word_1_618' title='bbox 1402 5493 1483 5547; x_wconf 90' lang='lat' dir='ltr'>statu</span> <span class='ocrx_word' id='word_1_619' title='bbox 1506 5485 1611 5548; x_wconf 85' lang='lat' dir='ltr'>relicta</span> <span class='ocrx_word' id='word_1_620' title='bbox 1633 5487 1702 5548; x_wconf 90' lang='lat' dir='ltr'>init.</span> <span class='ocrx_word' id='word_1_621' title='bbox 2004 5541 2006 5548; x_wconf 80' lang='grc'>,</span> 
     </span>
    </p>

    <p class='ocr_par' dir='ltr' id='par_1_26' title="bbox 1098 5579 2076 5936">
     <span class='ocr_line' id='line_1_114' title="bbox 1138 5579 2075 5667; baseline 0.002 -25"><span class='ocrx_word' id='word_1_622' title='bbox 1138 5580 1217 5642; x_wconf 82' lang='lat' dir='ltr'>Caum</span> <span class='ocrx_word' id='word_1_623' title='bbox 1241 5595 1315 5640; x_wconf 91' lang='lat' dir='ltr'>vero</span> <span class='ocrx_word' id='word_1_624' title='bbox 1331 5579 1473 5658; x_wconf 89' lang='lat' dir='ltr'>deinceps</span> <span class='ocrx_word' id='word_1_625' title='bbox 1488 5579 1622 5643; x_wconf 88' lang='lat' dir='ltr'>aiterum</span> <span class='ocrx_word' id='word_1_626' title='bbox 1637 5596 1761 5660; x_wconf 83' lang='lat' dir='ltr'>quoque</span> <span class='ocrx_word' id='word_1_627' title='bbox 1776 5596 1843 5644; x_wconf 65' lang='lat' dir='ltr'>mu-</span> <span class='ocrx_word' id='word_1_628' title='bbox 1908 5611 1958 5655; x_wconf 84' lang='lat' dir='ltr'>con</span> <span class='ocrx_word' id='word_1_629' title='bbox 1978 5612 2075 5667; x_wconf 67' lang='lat' dir='ltr'>rogatio</span> 
     </span>
     <span class='ocr_line' id='line_1_115' title="bbox 1100 5621 2076 5766; baseline 0.006 -33"><span class='ocrx_word' id='word_1_630' title='bbox 1100 5689 1158 5733; x_wconf 90' lang='lat' dir='ltr'>aus</span> <span class='ocrx_word' id='word_1_631' title='bbox 1179 5671 1335 5733; x_wconf 89' lang='lat' dir='ltr'>secretarii</span> <span class='ocrx_word' id='word_1_632' title='bbox 1358 5673 1618 5749; x_wconf 81' lang='lat' dir='ltr'>Congregationts</span> <span class='ocrx_word' id='word_1_633' title='bbox 1646 5673 1841 5737; x_wconf 90' lang='lat' dir='ltr'>decretorum</span> <span class='ocrx_word' id='word_1_634' title='bbox 1862 5621 2076 5766; x_wconf 52' lang='lat' dir='ltr'>figffiffifflj</span> 
     </span>
     <span class='ocr_line' id='line_1_116' title="bbox 1098 5764 1937 5843; baseline 0 -15"><span class='ocrx_word' id='word_1_635' title='bbox 1098 5764 1229 5828; x_wconf 88' lang='lat' dir='ltr'>Concilii</span> <span class='ocrx_word' id='word_1_636' title='bbox 1246 5765 1420 5828; x_wconf 90' lang='lat' dir='ltr'>Tridentini</span> <span class='ocrx_word' id='word_1_637' title='bbox 1438 5766 1617 5843; x_wconf 88' lang='lat' dir='ltr'>interpretis</span> <span class='ocrx_word' id='word_1_638' title='bbox 1634 5767 1722 5828; x_wconf 88' lang='lat' dir='ltr'>rrobis</span> <span class='ocrx_word' id='word_1_639' title='bbox 1737 5768 1769 5828; x_wconf 95' lang='lat' dir='ltr'>in</span> <span class='ocrx_word' id='word_1_640' title='bbox 1785 5768 1842 5830; x_wconf 92' lang='lat' dir='ltr'>rni-</span> <span class='ocrx_word' id='word_1_641' title='bbox 1860 5769 1937 5815; x_wconf 81' lang='lat' dir='ltr'>venta.</span> 
     </span>
     <span class='ocr_line' id='line_1_117' title="bbox 1099 5858 1842 5936; baseline 0.001 -17"><span class='ocrx_word' id='word_1_642' title='bbox 1099 5858 1227 5920; x_wconf 87' lang='lat' dir='ltr'>naribus</span> <span class='ocrx_word' id='word_1_643' title='bbox 1259 5859 1373 5936; x_wconf 90' lang='lat' dir='ltr'>pariter</span> <span class='ocrx_word' id='word_1_644' title='bbox 1406 5860 1591 5935; x_wconf 86' lang='lat' dir='ltr'>degentibus</span> <span class='ocrx_word' id='word_1_645' title='bbox 1622 5858 1842 5927; x_wconf 86' lang='lat' dir='ltr'>demandatum</span> 
     </span>
    </p>
   </div>
   <div class='ocr_carea' id='block_1_11' title="bbox 0 0 2418 6984">
    <p class='ocr_par' dir='ltr' id='par_1_27' title="bbox 0 0 2418 6984">
     <span class='ocr_line' id='line_1_118' title="bbox 0 0 2418 6984; baseline 0 0"><span class='ocrx_word' id='word_1_646' title='bbox 0 0 2418 6984; x_wconf 95' lang='lat' dir='ltr'> </span> 
     </span>
    </p>
   </div>
  </div>
 </body>
</html>
