4744 6976
289 525 343 580 An.
358 528 389 582 0.
410 528 481 581 1744
533 528 590 592 iba

510 662 708 725 decernimus
730 671 761 726 et
782 663 990 740 declaramus,
1013 665 1094 744 quod
1117 665 1189 728 licet
1211 683 1261 746 pa-

510 757 608 832 rochi,
624 774 680 819 seu
703 757 766 832 alii,
784 766 936 837 utsupra,
961 759 1139 822 animarum
1153 775 1261 822 curam

510 850 675 925 habentes,
708 852 855 928 congruis
887 851 1059 931 praefinitis
1089 852 1261 916 redditibus

510 942 729 1017 destituantur,
752 952 783 1005 et
795 945 938 1022 quamvis
952 945 1081 1022 antiqua
1094 961 1148 1007 seu
1165 944 1261 1006 etiam

510 1035 752 1098 immemorabili
784 1038 1013 1100 consuetudine
1054 1038 1088 1100 in
1121 1038 1260 1116 ipsorum

511 1128 700 1190 dioecesibus
716 1146 771 1192 seu
787 1131 938 1209 parochiis
955 1131 1139 1206 obtinuerit,
1152 1132 1261 1194 eadem

511 1220 715 1284 nihilominus
737 1223 867 1285 omnino
888 1224 920 1286 in
944 1233 1105 1304 posterum
1129 1223 1167 1286 ab
1188 1224 1260 1303 ipsis

294 1405 390 1454 Diem
403 1410 490 1455 tamen
510 1313 621 1482 (1θὲθὲ
642 1315 856 1472 ἱιιιρὲωῑῖιιιειι
882 1409 1034 1486 diximus,
1063 1426 1173 1473 omnes
1194 1410 1260 1472 ani-

276 1459 350 1570 ἷῖἶῖἶὲ
368 1460 492 1563 “griffi
509 1517 634 1564 marum
657 1518 763 1564 curam
775 1501 936 1577 habentes,
949 1503 1062 1564 missae
1072 1503 1259 1565 sacrificium

277 1569 329 1614 ω·
509 1611 565 1674 pro
588 1595 702 1674 populo
715 1594 774 1656 sihi
786 1596 951 1658 commisso
965 1595 1117 1673 applicare
1134 1595 1258 1670 debere,

510 1704 574 1750 non
596 1689 667 1751 ideo
688 1696 825 1750 statuere
854 1687 1029 1763 voluimus,
1057 1688 1181 1751 eosdem
1208 1695 1260 1750 aut

510 1781 662 1861 quotidie,
678 1794 731 1844 aut
746 1781 1004 1860 quotiescumque
1018 1781 1258 1854 celebraverint,

509 1875 545 1936 ad
572 1875 760 1952 praedictam
793 1873 1032 1950 applicationem
1061 1889 1117 1952 pro
1145 1873 1259 1952 populo

509 1968 623 2030 teneri.
649 1965 687 2028 Et
708 1964 835 2044 quidem
858 1965 1053 2030 sacrosancta
1076 1967 1259 2028 Tridentino

510 2060 654 2137 Synodus
674 2075 749 2120 sess.
771 2057 826 2120 23.
851 2075 919 2137 cup.
941 2061 992 2120 14.
1017 2058 1165 2138 praecipit
1186 2059 1259 2137 Epi-

509 2153 608 2230 scopis
629 2168 751 2227 curare,
773 2159 808 2214 ut
830 2151 1003 2214 sacerdotes
1025 2151 1136 2216 saltem
1150 2152 1258 2214 diebus

508 2243 673 2307 dominicis
695 2252 726 2305 et
757 2243 845 2312 iestis
874 2243 1066 2307 solemnibus
1094 2244 1258 2308 blissarum

507 2353 590 2399 sacra
612 2337 737 2412 iaciant,
760 2338 790 2399 ai
811 2344 921 2400 autem
947 2353 1060 2400 curum
1083 2335 1258 2400 habuerint

508 2430 708 2502 animorum,
737 2435 803 2492 tom
831 2433 1016 2512 [requenter
1043 2436 1082 2492 ut
1108 2448 1167 2492 auo
1188 2446 1258 2492 mu-

508 2523 580 2586 neri
610 2521 841 2603 satisfaciunt,
874 2523 989 2586 Missos
1021 2521 1197 2594 celebrent,-
1225 2525 1257 2586 in

507 2615 649 2694 pluribus
670 2625 775 2679 autem
805 2615 1012 2694 synodalibus
1035 2617 1256 2696 Episcoporum

507 2707 793 2771 Constitutionibns
820 2710 967 2770 norimus
995 2710 1123 2786 provide
1144 2709 1260 2772 consti-

507 2807 591 2862 tutos
611 2816 645 2862 ac
666 2801 840 2878 designatos
862 2817 928 2864 esse
949 2802 1026 2877 dies,
1057 2801 1170 2880 quibus
1192 2801 1269 2874 ani·¹

507 2909 632 2954 marum
653 2893 792 2954 Pastores
813 2893 920 2954 missas
934 2893 1090 2956 celebrare
1111 2892 1255 2954 debeant.

507 2983 547 3047 At
568 3000 643 3047 vero
665 3001 721 3046 nos
742 2983 771 3046 id
787 3000 888 3047 unum
910 2985 1108 3062 inpraesenti
1123 2986 1259 3063 suscepi·

507 3092 578 3140 mus
594 3075 841 3152 decernendum,
857 3078 981 3155 quando
996 3079 1149 3140 nimirum
1162 3079 1256 3142 iidem

507 3185 565 3248 pro
587 3169 702 3249 populo
724 3171 880 3232 celebrare
900 3179 933 3233 et
953 3170 1107 3249 applicare
1128 3179 1256 3234 tenean-

507 3270 579 3338 tur;
601 3267 632 3324 et
654 3263 797 3340 quamvis
814 3271 1008 3342 compertum
1024 3265 1191 3326 habeamus
1213 3266 1255 3340 id,

507 3354 588 3434 quod
604 3354 703 3416 aliasa
720 3356 969 3432 congregatione
984 3357 1114 3418 Consilii
1132 3372 1257 3435 respon·

506 3465 578 3510 sum
599 3447 669 3524 luit,
684 3448 853 3526 parochum
868 3464 982 3528 nempe
1004 3449 1173 3526 pinguibus
1188 3451 1259 3511 red-

507 3541 622 3604 ditibus
643 3541 784 3602 dotatum
806 3541 945 3619 quotidie
966 3557 1021 3620 pro
1043 3540 1156 3619 populo
1178 3541 1257 3602 cele·

507 3633 596 3696 brare
619 3640 649 3695 ct
670 3633 824 3711 applicare
845 3634 975 3709 debere3
1009 3649 1083 3696 eum
1105 3649 1180 3694 vero
1202 3634 1256 3712 qui

507 3725 705 3788 uberioribus
717 3726 896 3788 huiusmodi
913 3725 1086 3788 redditibus
1102 3742 1166 3788 non
1182 3741 1257 3802 gau·

507 3818 588 3894 deat,
605 3817 723 3880 lestinis
738 3824 862 3880 tantum
884 3817 992 3880 diebus
1008 3817 1037 3878 id
1054 3818 1157 3896 ipsum
1172 3834 1257 3897 prae·

506 3916 590 3972 stare
614 3911 730 3988 teneri,
763 3927 863 3988 quum
886 3919 992 3974 tamen
1024 3912 1139 3990 pariter
1168 3911 1258 3974 nobis

507 4011 686 4082 perspectae
719 4004 782 4065 sint
811 3999 883 4066 turri
905 4005 1138 4066 controversiae
1163 4020 1257 4082 super

507 4097 564 4158 hoc
586 4097 652 4175 ipso
673 4105 799 4158 exortae
821 4096 988 4176 (nimirum
1008 4098 1043 4160 ad
1066 4113 1158 4176 quam
1173 4112 1258 4158 sum·

507 4205 592 4251 mam
603 4189 782 4268 pertingere
793 4190 926 4252 debeant
939 4190 1090 4251 Ecclesiae
1099 4189 1258 4252 Parochia·

507 4282 544 4344 lis
565 4291 749 4362 proventus,
772 4291 807 4344 ut
829 4283 961 4361 pingues
976 4292 1007 4343 et
1023 4283 1133 4345 uberes
1155 4281 1258 4361 appel-

507 4375 564 4436 lari
586 4378 719 4453 possint,
743 4375 891 4454 quoniam
908 4377 1038 4453 pingues
1061 4375 1192 4436 minime
1206 4376 1258 4437 ha-

506 4467 601 4530 bendi
623 4474 697 4528 sunt
720 4467 870 4542 redditus,
887 4466 981 4530 etiam
1002 4468 1129 4546 copiosa,
1145 4467 1258 4546 quibus

507 4567 612 4624 tamen
635 4560 818 4638 multiplicia
839 4568 870 4622 et
892 4562 997 4637 gravia
1018 4561 1081 4623 sint
1103 4561 1259 4622 oneraad-

507 4653 611 4731 nexa),
636 4660 702 4714 tum
724 4649 818 4714 etiam
840 4655 1013 4716 multorum
1042 4654 1187 4734 querelae
1208 4655 1259 4716 ad-

507 4760 617 4806 versus
639 4745 816 4806 huiusmodi
840 4747 1001 4808 decretum
1015 4753 1172 4824 tamquam
1189 4747 1258 4825 plus

508 4853 606 4916 aequo
617 4839 766 4914 rigidum,
777 4839 936 4913 excitatae,
947 4838 1036 4900 nobis
1048 4840 1256 4914 innotescant;

508 4931 621 4993 idcirco
643 4939 856 5008 opportunum
871 4947 1034 4992 censemus
1056 4931 1259 4994 fraternitati-

507 5023 565 5086 bus
586 5022 698 5084 vcstris
720 5023 888 5099 declarare,
912 5022 1000 5084 nobis
1029 5023 1152 5085 abunde
1173 5025 1258 5085 satis-

508 5114 625 5179 iactum
656 5115 737 5189 iore,
766 5117 916 5192 vobisque
942 5117 1070 5193 proinde
1097 5117 1169 5178 satis
1191 5133 1259 5179 esse

508 5225 607 5287 posse,
630 5210 704 5270 dum
720 5209 752 5283 ii,
770 5207 823 5286 qui
845 5208 1019 5270 animarum
1042 5224 1149 5270 curam
1171 5226 1258 5272 exer·

509 5311 591 5377 cent,
615 5302 808 5374 Sacrificium
834 5301 941 5364 Missae
962 5317 1016 5379 pro
1045 5302 1159 5381 populo
1180 5303 1259 5366 cele·

509 5395 601 5456 brent
621 5404 715 5474 atque
726 5396 881 5474 applicent
903 5395 936 5456 in
951 5394 1116 5456 dominicis
1131 5393 1260 5474 aliisque

509 5503 565 5566 per
577 5505 697 5551 annum
712 5489 818 5552 diebus
829 5488 915 5550 iestis
927 5489 964 5549 de
975 5498 1148 5566 praecepto,
1161 5505 1259 5566 quum

510 5581 657 5659 praedicti
671 5581 819 5644 dominici
837 5583 951 5661 aliique
970 5580 1040 5642 festi
1061 5579 1124 5642 dies
1146 5582 1168 5642 ii
1183 5583 1257 5657 sint,

511 5669 690 5747 inquibus,
713 5673 799 5734 iuxta
821 5677 1019 5752 praeceptum
1039 5674 1170 5737 Concilii
1193 5676 1260 5737 Tri·

510 5761 633 5824 dentini
654 5781 728 5824 sesa.
753 5766 786 5824 5.
803 5781 872 5842 cup.
888 5767 922 5827 2.
939 5773 969 5828 et
984 5783 1058 5828 sess.
1072 5761 1127 5828 24:
1141 5783 1209 5846 cap.
1223 5769 1256 5840 4,

511 5853 641 5932 quilibet
662 5856 838 5919 animarum
852 5875 942 5920 curae
956 5861 1147 5938 praepositus
1163 5875 1259 5939 popu·

1037 549 1103 595 tttlt.
1128 549 1218 595 ΡΟΝΤ.
1243 549 1283 593 DE
1305 549 1334 595 P·
1358 551 1387 596 tt.
1412 552 1494 598 PARS
1516 552 1538 596 ῐ.

2100 537 2154 595 Aa.
2169 543 2200 596 0.
2225 543 2301 596 1744

1317 667 1385 730 lum
1405 669 1462 730 sibi
1485 670 1688 733 commissum
1699 671 1884 738 salutaribus
1899 675 2001 738 verbis
2016 693 2066 756 pa-

1317 777 1403 823 scere
1424 761 1526 837 debet,
1549 761 1689 826 docendo
1711 781 1745 826 ea
1767 783 1846 844 quae
1866 768 1946 830 scire
1965 771 2068 833 onini-

1316 852 1374 914 bus
1395 853 1606 916 necessarium
1626 863 1674 917 est
1689 856 1725 916 ad
1737 857 1888 936 salutem3
1911 859 2066 940 iidemque

1315 945 1379 1007 sint
1400 946 1477 1022 dies,
1489 947 1527 1008 de
1541 946 1654 1024 quibus
1669 949 1776 1011 eadem
1799 949 1908 1014 Sancta
1925 951 2067 1030 synodus

1316 1037 1498 1112 statuit,'ut
1520 1043 1648 1102 moneat
1661 1041 1837 1120 Episcopus
1848 1043 2003 1120 populum
2019 1045 2068 1106 cli·

1317 1128 1468 1210 lipertter,
1494 1131 1597 1192 terreri
1619 1148 1873 1213 unumquemque
1893 1136 2066 1212 parochiae

1316 1239 1393 1285 saue
1405 1222 1637 1295 internuncii
1649 1227 1806 1288 commode
1821 1226 1854 1288 id
1867 1227 1939 1307 fieri
1950 1233 2064 1305 potest,

1316 1315 1357 1377 ud
1379 1315 1578 1379 audiendum
1597 1314 1729 1380 Verbum
1743 1319 1821 1393 Dei,·
1843 1327 1875 1382 et
1889 1319 2001 1399 quibus
2017 1337 2066 1400 pa-

1316 1408 1402 1470 rochi
1424 1408 1562 1472 subditos
1576 1425 1648 1470 suos
1670 1409 1702 1470 in
1724 1411 1870 1475 Doctrina
1892 1413 2065 1476 Christiana

1316 1500 1440 1564 erudire
1463 1501 1586 1576 debent,
1610 1502 1695 1564 iuxta
1717 1503 1748 1565 id
1770 1503 1888 1581 quoda
1910 1506 2066 1582 praedicto

1316 1592 1454 1655 Concilio
1475 1594 1509 1656 in
1530 1595 1583 1656 cit.
1610 1595 1686 1672 Cup.
1711 1595 1745 1655 4.
1770 1596 1926 1676 Episcopis
1951 1600 2065 1676 praeci-

1315 1685 1411 1761 pitur,
1435 1693 1470 1746 ut
1492 1700 1606 1764 nempe
1627 1686 1741 1750 saltem
1757 1688 1927 1751 dominicis
1942 1695 1974 1750 et
1987 1689 2065 1754 aliia

1315 1776 1443 1855 festivis
1466 1777 1577 1841 diebus
1609 1795 1723 1856 pueros
1746 1781 1782 1842 ira
1805 1782 1947 1861 stupetis
1971 1799 2065 1861 poro·

1316 1869 1410 1942 chiis,
1424 1870 1500 1950 fidei
1515 1871 1703 1934 rudimento
1719 1878 1749 1933 et
1762 1871 1974 1938 obedientium
1990 1893 2064 1955 erqo

1315 1959 1416 2024 Deum
1437 1969 1469 2024 et
1490 1971 1655 2041 parentes,
1680 1965 1854 2044 diligenter
1881 1966 1920 2031 ob
1946 1969 2000 2041 iis,
2023 1970 2063 2032 od

1314 2072 1390 2133 quos
1410 2054 1582 2134 spectabit,
1607 2056 1714 2120 doceri
1735 2067 1860 2121 curent.

1352 2149 1423 2224 57.
1448 2150 1485 2213 Et
1511 2150 1582 2228 quia
1611 2151 1643 2212 in
1679 2151 1842 2214 nonnullis
1873 2153 2063 2218 dioecesibus
2102 2173 2311 2230 comprehensis

1314 2257 1484 2304 numerum
1507 2242 1630 2304 dierum
1652 2243 1805 2307 festorum
1827 2245 1865 2306 de
1886 2255 2061 2324 praecepto,
2082 2225 2310 2336 {Jssffissussssssssffig

1312 2333 1349 2396 de
1361 2333 1525 2412 apostolica
1536 2337 1837 2398 nostraauctoritate
1848 2344 1880 2398 et
1895 2353 2061 2413 consensu,
2081 2332 2307 2380 dissensuque.

1313 2433 1442 2490 eatenus
1464 2435 1510 2488 est
1531 2427 1736 2502 imminutus,
1760 2437 1795 2491 ut
1817 2445 1932 2506 nempe
1953 2430 1987 2492 in
2009 2430 2065 2492 ali·

1313 2519 1425 2597 quibus
1447 2516 1531 2580 iestis
1546 2519 1762 2583 christifideles
1774 2528 1805 2582 et
1819 2523 1945 2584 missam
1956 2523 2064 2585 audire

1313 2619 1343 2673 et
1365 2613 1402 2673 ab
1416 2611 1561 2690 operibus
1573 2613 1739 2675 servilibus
1750 2614 1906 2677 abstinere
1920 2615 2062 2691 debeant;

1313 2705 1344 2766 in
1368 2704 1435 2766 aliis
1457 2719 1533 2766 vero
1559 2705 1672 2783 populo
1695 2707 1883 2784 permissum
1904 2707 1945 2769 sit
1971 2723 2063 2788 opera

1312 2797 1440 2858 servilia
1462 2813 1621 2873 exercere,
1638 2798 1725 2860 firma
1742 2807 1924 2862 remanente
1947 2801 2064 2878 ohliga-

1314 2890 1399 2952 tione
1419 2890 1565 2954 audiendi
1587 2892 1694 2953 blissae
1716 2889 1925 2968 Sacrificium3
1943 2909 2011 2968 nos,
2029 2902 2063 2956 ut

1312 2982 1438 3044 obortae
1459 2982 1520 3043 iam
1543 2981 1751 3046 dubitationes
1767 2984 1845 3047 circa
1867 3000 1947 3046 onus
1967 2985 2063 3063 appli-

1312 3074 1441 3136 cationis
1473 3075 1584 3138 missae
1614 3075 1797 3154 parochialis
1823 3077 1856 3138 iu
1885 3077 2063 3140 huiusmodi

1311 3167 1421 3230 diebus
1442 3166 1528 3228 iestis
1558 3169 1681 3246 penitus
1713 3167 1932 3244 eliminentur,
1954 3171 2062 3231 statui-

1312 3275 1382 3321 mus
1404 3265 1435 3320 et
1457 3259 1658 3334 declaramus,
1675 3259 1755 3338 quod
1778 3262 1873 3322 etiam
1894 3262 2004 3324 iisdem
2020 3262 2063 3325 le-

1311 3353 1365 3412 stis
1381 3350 1500 3426 diebus,
1517 3352 1630 3431 quibus
1641 3352 1773 3431 populus
1785 3354 1896 3415 missae
1911 3355 2061 3418 interesse

1312 3443 1403 3505 debet
1424 3449 1454 3505 et
1476 3444 1643 3507 servilibus
1659 3446 1803 3523 operibus
1826 3462 1933 3510 vacare
1948 3456 2060 3526 potest,

1312 3551 1421 3598 omnes
1442 3537 1617 3599 animarum
1638 3554 1746 3600 curam
1768 3549 1914 3614 gerentes
1936 3541 2062 3603 missam

1311 3643 1367 3706 pro
1380 3628 1493 3707 populo
1506 3628 1662 3691 celebrare
1673 3637 1705 3690 et
1716 3631 1868 3709 applicare
1881 3640 2060 3695 teneantur.

1350 3722 1369 3796 5
1391 3721 1419 3782 8.
1444 3721 1520 3796 Quia
1535 3737 1610 3782 vero
1622 3723 1744 3799 propria
1757 3739 1998 3802 nonnumquam
2010 3741 2062 3787 ex·
2101 3757 2223 3805 mum
2241 3769 2311 3806 con-

1312 3813 1465 3891 perientia
1486 3814 1559 3876 satis
1573 3816 1770 3890 agnovimus,
1787 3814 1906 3894 aliquos
1929 3832 1996 3878 esse
2010 3834 2057 3896 pa·
2080 3811 2311 3922 ggffiffflgffigg
2370 3863 2371 3868 =

1312 3909 1421 3968 rochos
1435 3907 1509 3968 adeo
1525 3922 1685 3986 pauperes,
1702 3916 1737 3969 ut
1752 3906 1853 3970 lerme
1868 3926 1906 3971 ex
1928 3909 2061 3972 eleemo-
2081 3921 2309 3982 raarrrasaban·

1311 3999 1409 4076 synis,
1432 4013 1538 4076 quasa
1555 3999 1696 4062 fidelibus
1719 4017 1773 4079 pro
1794 4002 1959 4065 missarum
1981 4004 2062 4066 cele·
2080 3971 2308 4126 fiiffiiffniuffi

1312 4091 1454 4153 bratione
1485 4091 1653 4171 accipiunt,
1678 4093 1786 4155 vivere
1810 4103 1978 4174 cogantur3
2008 4113 2061 4159 cos
2091 4079 2159 4124 ⁰⁵¹⁵·

1312 4199 1387 4244 vero
1418 4184 1483 4262 qui,
1513 4184 1640 4246 ecclesia
1665 4185 1831 4263 parochiali
1857 4195 2002 4264 vacante,
2024 4190 2061 4252 ad

1311 4277 1486 4338 animarum
1508 4293 1615 4338 curam
1637 4279 1854 4355 exercendam,
1876 4281 2061 4343 sub-vicarii

1312 4383 1368 4429 seu
1391 4369 1554 4430 oeconomi
1575 4371 1704 4430 nomine
1727 4371 1930 4448 deputantur,
1952 4373 2062 4452 aliqui·

1313 4460 1370 4522 bus
1392 4461 1425 4521 in
1448 4459 1521 4522 locis
1543 4461 1617 4522 adeo
1644 4461 1838 4525 illiberaliter
1860 4465 2003 4539 tractari,
2026 4473 2060 4528 ut

1313 4554 1418 4630 exigui
1450 4554 1590 4615 redditus
1616 4554 1688 4633 ipsis
1720 4555 1882 4619 constituti
1910 4566 1941 4620 et
1967 4575 2061 4637 pauca

1313 4647 1430 4708 incerta
1458 4646 1672 4709 emolumenta
1701 4649 1817 4709 eisdem
1849 4651 2060 4728 obvenientia,

1312 4755 1404 4816 aegre
1425 4737 1462 4799 ad
1483 4755 1593 4801 eorum
1610 4741 1692 4802 vitae
1714 4743 1884 4803 necessaria
1895 4743 2060 4820 sufficiant,

1313 4834 1396 4910 quod
1418 4833 1454 4894 iis
1481 4849 1605 4912 quoque
1627 4848 1692 4894 raon
1720 4850 1788 4895 raro
1817 4837 1946 4898 evenire
1970 4837 2061 4913 solet,

1314 4925 1423 5003 quiin
1445 4926 1600 5004 aliquibus
1629 4927 1788 5002 Ecclesiis,
1811 4929 1961 4991 habituali
1988 4947 2061 4992 cura

1314 5019 1393 5097 apud
1415 5018 1489 5080 alios
1511 5027 1670 5094 manente,
1692 5020 1803 5082 actuali
1830 5029 1953 5083 tantum
1975 5038 2063 5084 exer-

1314 5112 1386 5172 citio
1408 5122 1482 5172 sunt
1514 5112 1642 5189 addicti;
1670 5114 1863 5191 proindeque
1892 5130 1965 5180 cum
1996 5116 2062 5178 istis

1314 5219 1424 5265 severe
1439 5202 1534 5265 nintis
1549 5206 1598 5280 agi
1613 5206 1786 5282 videretur,
1800 5207 1826 5268 si
1841 5207 1949 5269 diebus
1963 5207 2060 5286 lestis,

1314 5296 1426 5373 quibus
1454 5297 1653 5374 potissimum
1681 5300 1862 5363 huiusmodi
1890 5303 2005 5364 occasio
2030 5317 2062 5363 se

1315 5388 1417 5464 odert,
1441 5390 1559 5452 eisdem
1582 5393 1715 5453 vetitum
1732 5403 1811 5455 esset
1833 5395 2063 5473 eleemosynam

1315 5497 1370 5560 pro
1399 5483 1602 5560 applicatione
1632 5486 1742 5548 mimae
1763 5487 1920 5565 recipere3
1950 5489 2063 5551 idcirco

1315 5591 1372 5636 nos
1395 5583 1458 5636 tam
1486 5577 1621 5639 istorum
1647 5594 1741 5657 quam
1770 5578 1898 5642 illorum
1927 5580 2062 5659 inopiam

1314 5683 1515 5747 summopere
1537 5671 1731 5748 miserantes,
1755 5672 1944 5752 eisdemque,
1967 5691 2064 5752 quan·

1316 5767 1384 5822 tum
1406 5763 1494 5824 nobis
1516 5764 1678 5839 integrum
1696 5774 1753 5840 est,
1770 5766 1935 5829 consulere
1956 5767 2063 5828 volen-

1316 5862 1380 5932 tes;
1403 5855 1558 5935 quamvis,
1571 5863 1606 5918 ut
1626 5873 1720 5935 supra
1742 5859 1861 5922 dictum
1881 5866 1939 5935 est,
1955 5875 2064 5922 omnes
