4764 6972
89 593 128 647 dn.
139 589 163 643 o.
180 583 241 638 tata

900 589 1099 644 annumeras
1119 595 1184 646 xm.

269 716 390 784 casiam
400 715 458 796 ipsi
473 717 569 783 latino
580 719 730 800 Episcopo
744 717 930 798 pontificalia
943 733 1017 781 con·

81 827 252 936 ,ffiffffffiaiss
267 811 365 875 simili
385 813 667 878 Graeco-Euthana
697 829 784 876 more
810 828 957 876 exercere
981 812 1016 874 li·

82 945 136 988 titrr.

268 914 352 970 ceat.
362 907 448 970 lianc
458 907 550 972 modo
560 906 739 972 facultatem
754 913 1018 986 tantumquemu-

269 1016 329 1064 nus
349 1001 507 1078 agendum
528 1001 696 1064 tribuimus
722 1001 910 1063 fraternitati
932 1007 1015 1074 tuae,

267 1107 362 1171 mam
383 1093 499 1156 scimus
519 1092 650 1156 literarii
671 1092 785 1172 lllyrici
799 1093 963 1168 sermonis,
980 1092 1018 1154 ab

268 1186 303 1248 ct
324 1187 454 1250 natione
481 1189 518 1252 ad
545 1203 643 1250 sacras
670 1186 847 1251 functiones
876 1184 1016 1260 adhibiti,

267 1280 402 1358 peritam
423 1296 508 1357 esse3
530 1279 648 1360 pollere
668 1280 762 1343 simul
784 1295 847 1343 non
868 1280 1017 1344 mediocri

267 1373 436 1452 prudentia
461 1391 495 1437 ac
515 1374 685 1452 religione;
717 1375 801 1437 unde
830 1374 1017 1452 sperandum

267 1465 321 1541 sit,
351 1483 419 1542 eos,
442 1467 554 1546 quihus
576 1483 687 1530 manus
715 1467 914 1546 imposuerim
937 1467 1017 1530 hene

267 1574 303 1620 ac
325 1559 447 1623 solicite
466 1561 565 1623 officio
584 1577 641 1622 suo
662 1559 863 1623 defuncturos
885 1575 961 1622 esse.
984 1560 1017 1623 ld

268 1659 376 1715 atatem
391 1659 427 1715 ut
446 1653 580 1716 feliciter
593 1668 731 1732 peragas,
755 1651 950 1733 apostolicam
965 1654 1018 1716 be·

268 1746 483 1809 nedictionem
504 1747 572 1824 tibi,
593 1762 667 1809 ven.
690 1746 798 1822 frater,
820 1753 1019 1825 peramanter

267 1836 481 1915 impertimur.

308 1930 423 1993 Datum
443 1933 476 1994 in
504 1933 583 1996 Arce
610 1934 803 2015 Gaudulphi,
836 1935 1020 2014 albanensis

267 2023 429 2099 dioecesis,
458 2025 518 2088 sub
542 2028 661 2091 annulo
689 2028 866 2105 Piscatoris,
896 2030 946 2094 dic
973 2045 1017 2090 rr.

266 2114 373 2178 octob.
391 2133 571 2194 uncorum,
589 2120 727 2198 pontific.
751 2122 850 2184 nostri
870 2137 953 2185 anno
968 2137 1015 2184 ur.

528 2279 767 2290 *-

581 2399 706 2466 XXVII.

266 2588 418 2651 Provisio
436 2587 689 2668 patriarchatus
710 2586 854 2650 actionis
868 2587 1020 2652 Armeno·

311 2699 389 2746 rom
408 2697 466 2761 pro
481 2683 518 2744 rt.
529 2681 567 2743 P.
580 2681 618 2743 D.
637 2682 732 2744 Petro
746 2678 928 2746 Abrubumo
946 2681 1019 2743 Vor-

313 2774 415 2839 tobict
437 2775 679 2856 Aratispiscopo
705 2774 833 2852 Atapca.
858 2774 893 2835 ta
917 2773 1021 2837 Caria

310 2873 490 2945 praesente,
504 2884 577 2931 com
588 2868 781 2931 admissione
791 2866 1021 2946 postulationis

313 2959 350 3022 do
371 2960 465 3023 illias
491 2977 627 3041 persono
654 2962 762 3041 factae
782 2957 821 3023 ab
844 2957 1021 3037 Episcopis,

312 3053 395 3115 clero
418 3059 447 3114 ct
458 3052 573 3134 populo
585 3057 798 3118 armenorum
810 3052 1022 3116 stratocliano

312 3146 497 3226 defectuum
517 3145 575 3226 (l).

405 3314 649 3386 retenturos
672 3313 890 3384 tetsooros

464 3455 572 3507 servus
594 3454 749 3508 servorum
772 3436 835 3537 liei,

269 3610 446 3682 Venerabili
468 3612 556 3679 fratri
574 3610 665 3679 Petro
681 3609 851 3678 tbralramo
867 3607 1023 3676 Vamabict

316 3723 410 3790 nuper
436 3704 574 3788 archiep.
608 3704 732 3788 tlepen.
759 3704 787 3770 ir
816 3702 1022 3770 Patriarcltam

316 3798 440 3868 ciliciae
474 3799 668 3866 turrenorum
702 3797 803 3865 electo
836 3796 1024 3864 salutemet

315 3892 512 3979 apostolicam
533 3889 783 3960 benedictionem.

315 4083 447 4147 Romani
468 4081 638 4156 Pontificis,
654 4095 750 4159 quem
772 4087 875 4159 pastor
889 4080 942 4143 ille
957 4089 1024 4142 co'e-

269 4177 362 4240 lestis
372 4183 404 4240 et
418 4175 585 4255 Episcopus
599 4175 775 4238 animarum
791 4173 951 4252 potestatis
960 4174 1025 4253 ple-

317 4433 347 4489 (l)
361 4433 399 4476 Ex
412 4428 553 4476 'tabulario
566 4431 643 4486 cong.
658 4429 691 4474 de
704 4431 777 4487 Prop.
793 4429 863 4475 Fide.
874 4434 974 4476 -cum
987 4429 1021 4477 ab

270 4499 381 4546 haeresi
394 4495 639 4554 monophysitarum
653 4496 687 4541 ad
701 4496 875 4542 orthodoxam
889 4495 976 4552 fldem,
985 4496 1023 4542 di·

270 4567 337 4613 rino
346 4566 448 4612 faveme
458 4563 576 4617 numine,
586 4562 614 4608 in
623 4562 737 4618 ciliciae,
747 4563 891 4620 syriaeque
901 4563 1021 4620 partibus

270 4633 370 4690 ingens
387 4631 543 4676 clericorum
558 4631 584 4674 et
602 4629 732 4675 laicorum
742 4633 920 4675 armenorum
934 4629 1023 4674 multi·

260 4699 339 4745 tudo
360 4705 485 4744 conversa
505 4693 607 4750 ficisset,
627 4705 675 4739 nec
693 4693 809 4750 amplius
829 4694 897 4740 ferre
915 4697 1022 4752 possent

271 4763 424 4811 haereticos
438 4760 573 4819 praesules
587 4759 732 4806 catholicus
749 4771 877 4817 occupare
891 4759 1022 4814 eeclesias,

271 4831 344 4878 inito
358 4828 490 4876 communi
511 4826 630 4883 consilio,
644 4826 825 4882 decreverunt,
839 4826 1022 4873 patriarcham

272 4898 327 4944 sibi
341 4897 493 4954 praeficere,
507 4893 553 4951 qui
566 4893 747 4948 interruptam
765 4895 824 4950 post
843 4895 898 4938 Sec.
914 4893 1023 4938 concilii

271 4962 424 5010 morentini
438 4965 558 5018 tempora
571 4959 659 5018 gentis
672 4958 826 5005 armenicae
834 4968 895 5004 cum
904 4961 1023 5004 Romana

273 5029 393 5077 Ecclesia
413 5028 531 5075 omnium
553 5025 723 5073 ecclesiarum
745 5029 832 5072 matre
852 5027 878 5071 et
892 5025 1024 5082 magistra

273 5097 402 5144 unionem
422 5095 626 5152 redintegraret.
646 5095 738 5149 ltaque
752 5092 779 5137 in
798 5091 965 5137 nobilissima
979 5096 1024 5148 Sy·

265 5165 333 5212 ,riae
354 5164 420 5210 urbs
439 5163 528 5220 Alepo,
549 5170 639 5206 mense
659 5158 809 5204 novembris
832 5169 902 5205 anno
922 5157 1023 5210 domini

274 5243 389 5278 rrncexr..
404 5228 432 5275 in
452 5227 568 5274 Ecclesia
582 5229 606 5272 S.
621 5224 719 5272 Mariae
739 5225 894 5283 congregati
914 5224 1023 5272 lacobus

274 5297 361 5356 alepi,
373 5297 500 5342 melchior
514 5292 659 5340 harcarius
673 5292 787 5338 llardini
795 5295 822 5338 et
831 5295 905 5338 Isaac
915 5291 1024 5338 Kellesii

274 5365 413 5422 praesules
432 5371 547 5409 unacum
568 5359 739 5418 presbyteris,
760 5358 864 5406 clericis
878 5361 905 5404 et
919 5359 1023 5416 populo,

274 5431 304 5476 in
317 5429 502 5476 patriarcham
515 5437 580 5474 suae
593 5424 711 5472 nationis
730 5425 880 5482 eligendum
895 5427 1023 5472 curarunt

274 5497 457 5544 abrahamum
471 5487 623 5548 Wartabiet
643 5491 708 5538 olim
726 5491 875 5537 antedictae
888 5489 1024 5549 a1spcusis

274 5563 408 5610 Ecclesiae
428 5559 587 5614 antistitem,
608 5558 680 5604 Petri
701 5557 807 5604 nomine
825 5560 971 5615 assumpto,
989 5555 1025 5602 ri-

274 5641 338 5676 rum
352 5639 459 5686 gravem
474 5630 502 5673 et
514 5626 681 5685 prudentem,
695 5624 794 5682 quique
808 5625 895 5682 spatio
910 5624 1024 5681 triginta

275 5696 433 5754 etamplius
453 5703 585 5740 annorum
598 5691 626 5738 ln
641 5691 810 5749 propaganda
823 5691 893 5748 apud
909 5701 971 5736 suos
984 5701 1025 5736 or·

275 5763 391 5809 thodora
403 5761 534 5819 religione
547 5759 696 5804 claruerat:
716 5756 837 5814 datisque
851 5757 901 5803 hac
914 5758 946 5801 de
961 5758 1025 5802 elec-

275 5829 350 5875 tione
370 5839 416 5874 seu
436 5825 616 5886 postulatione
637 5824 670 5871 ad
692 5823 783 5869 sedem
805 5821 982 5880 apostolicam
996 5823 1025 5867 li-

276 5895 343 5942 teris
362 5893 564 5940 sanctissimum
582 5903 613 5938 ac
627 5889 857 5948 sapientissimum
871 5889 1024 5934 Pontificem

276 5965 304 6010 D.
324 5966 352 6008 tt.
372 5960 542 6008 benedictum
562 5959 625 6005 ΚΝ.
646 5955 824 6004 demisissime
839 5957 977 6012 rogarunt,
994 5959 1026 6002 ut

1070 718 1214 784 uitudine
1227 718 1285 782 sibi
1300 718 1410 783 tradita
1422 715 1575 782 Ecclesiis·
1585 717 1732 798 praetulit
1746 718 1818 780 uni-

1071 813 1180 888 versis,
1203 812 1379 876 sollicitudo
1401 814 1545 892 requirit,
1561 819 1597 875 ut
1615 812 1695 876 circa
1715 811 1819 874 cuius·

1070 907 1146 970 libet
1168 905 1321 970 Ecclesiae
1341 913 1456 969 statum
1476 907 1519 970 sic
1539 906 1708 984 vigilanter
1728 921 1819 968 exco-

1071 1001 1160 1077 gitet,
1171 999 1278 1078 sicque
1296 999 1458 1079 prospiciat
1472 999 1651 1078 diligenter,
1667 1001 1749 1078 quod
1762 1013 1819 1079 per

1071 1094 1138 1156 eius
1151 1092 1378 1171 providentiam
1392 1092 1647 1171 circumspectam
1663 1109 1749 1157 nunc
1763 1109 1818 1172 per

1070 1185 1217 1266 simplicis
1238 1185 1422 1265 provisionis
1449 1187 1603 1262 officium,
1629 1189 1818 1266 quandoque

1072 1295 1147 1342 vero
1167 1295 1224 1358 per
1244 1279 1456 1342 ministerium
1470 1281 1680 1344 translationis
1700 1296 1818 1344 accom-

1072 1374 1175 1449 mode,
1197 1380 1291 1451 prout
1311 1388 1515 1453 personarum
1535 1375 1676 1438 locorum
1689 1381 1721 1436 et
1739 1382 1818 1438 tem·

1072 1481 1186 1546 porum
1207 1466 1338 1545 qualitas
1363 1467 1477 1544 exigit,
1500 1475 1592 1546 atque
1617 1467 1818 1532 ecclesiarum

1073 1559 1191 1623 utilitas
1210 1561 1385 1638 persuadet,
1409 1560 1543 1623 ecclesiis
1563 1561 1694 1638 singulis
1715 1569 1819 1641 pastor

1072 1654 1192 1716 accedat
1213 1653 1341 1716 idoneus
1356 1660 1388 1716 et
1401 1662 1503 1717 rector
1523 1656 1671 1735 providus
1692 1657 1820 1735 depute-

1073 1752 1136 1821 tur,
1149 1746 1204 1824 qui
1224 1745 1375 1825 populum
1395 1747 1455 1809 sibi
1475 1749 1676 1812 commissum
1690 1749 1820 1814 salubri-

1072 1846 1121 1902 ter
1142 1839 1254 1916 dirigat
1272 1846 1304 1901 et
1325 1838 1490 1915 informet,
1512 1859 1545 1904 ac
1566 1842 1646 1904 bona
1675 1845 1820 1908 ecclesiae

1073 1931 1131 1994 sibi
1151 1932 1285 1995 creditae
1305 1948 1370 1995 non
1390 1932 1494 1995 solum
1509 1935 1663 2011 gubernet
1684 1937 1818 2013 utiliter,

1073 2026 1125 2087 sed
1148 2025 1242 2089 etiam
1267 2024 1461 2088 multimodis
1482 2026 1588 2090 eiierat
1605 2028 1816 2093 incrementis.

1114 2117 1183 2192 Sl.
1207 2116 1288 2181 Sane
1316 2118 1513 2182 Patriarchali
1535 2120 1668 2184 Ecclesia
1696 2123 1821 2186 Ciliciae

1074 2212 1287 2275 armenorum
1308 2220 1394 2275 certo
1414 2228 1510 2291 quem
1530 2216 1746 2291 praesentibus
1766 2219 1822 2279 ha-

1074 2302 1141 2367 beri
1161 2304 1308 2368 volumus
1328 2320 1384 2384 pro
1406 2322 1549 2386 expresso
1577 2309 1670 2371 modo
1691 2310 1820 2387 pastoris

1073 2396 1181 2460 solatio
1202 2399 1239 2461 ad
1259 2413 1404 2478 praesens
1420 2400 1576 2475 destituta,
1592 2417 1648 2462 uos
1662 2404 1822 2465 vacatione

1075 2491 1254 2554 huiusmodi
1275 2491 1336 2554 tide
1357 2492 1459 2569 dignis
1474 2491 1675 2556 relationibus
1697 2494 1822 2558 intelle-

1074 2591 1133 2660 cta,
1157 2585 1192 2648 ad
1214 2585 1426 2664 provisionem
1447 2586 1586 2649 eiusdem
1607 2587 1753 2650 ecclesiae
1773 2605 1821 2651 ce·

1075 2677 1174 2742 lerern
1196 2685 1228 2740 et
1247 2677 1387 2754 felicem,
1410 2679 1598 2742 deecclesia
1620 2681 1682 2760 ipsa
1710 2682 1821 2760 longae

1076 2772 1244 2837 vacationis
1265 2779 1438 2851 exponatur
1452 2773 1668 2850 incommodis
1685 2778 1820 2854 paternis

1077 2871 1107 2927 et
1128 2863 1267 2927 sollicitis
1287 2864 1397 2926 studiis
1418 2865 1635 2942 intendentes,
1658 2875 1726 2946 post
1746 2869 1823 2932 deli-

1076 2958 1269 3022 berationem
1294 2973 1386 3036 quam
1414 2959 1452 3020 de
1483 2959 1689 3037 praeficiendo
1721 2963 1820 3027 eidem

1077 3050 1221 3114 ecclesiae
1248 3065 1410 3128 personam
1434 3049 1548 3140 utilem
1570 3069 1604 3115 ac
1625 3053 1719 3116 etiam
1739 3055 1821 3120 fruc·

1077 3151 1198 3206 tunsam
1212 3158 1283 3206 cum
1293 3159 1389 3205 venn.
1403 3142 1550 3206 fratribus
1564 3147 1679 3209 nostris
1691 3149 1721 3212 S.
1740 3149 1775 3212 it.
1785 3151 1819 3212 E.

1078 3235 1291 3301 Cardinalihus
1305 3236 1471 3300 habuimus
1485 3236 1681 3316 diligentem,
1694 3237 1823 3306 demum

1041 3335 1042 3340 ’
1077 3328 1114 3390 ad
1130 3336 1162 3391 te
1177 3343 1279 3406 nuper
1293 3329 1565 3410 archiepiscopum
1580 3333 1710 3412 lllepen.
1728 3351 1822 3414 quem

1077 3420 1270 3486 venerabiles
1291 3423 1383 3484 etiam
1398 3421 1507 3486 fratres
1519 3425 1617 3487 nostri
1638 3427 1777 3508 Episcopi
1793 3438 1824 3493 et

1078 3515 1181 3578 dilecti
1202 3514 1258 3576 filii
1281 3515 1390 3578 Clerus
1404 3517 1536 3579 nationis
1551 3519 1762 3584 armenorum
1777 3524 1824 3586 iu-

1077 3615 1128 3670 xta
1148 3623 1258 3670 eorum
1274 3623 1394 3671 morem
1405 3610 1442 3671 ad
1457 3610 1641 3688 praedictam
1657 3613 1824 3679 Ecclesiam

1078 3700 1316 3778 patriarchalem
1344 3702 1510 3780 elegerunt
1529 3719 1585 3768 seu
1606 3707 1821 3786 postularunt;

1078 3795 1276 3856 consideratis
1284 3795 1449 3871 grandium
1459 3797 1612 3860 virtutum
1625 3801 1745 3864 meritis
1756 3803 1824 3882 qui·

1079 3887 1137 3950 bus
1158 3903 1323 3966 personam
1345 3895 1428 3951 tuam
1450 3889 1576 3953 illarum
1592 3891 1720 3970 largitor
1740 3896 1825 3958 altis-

1079 3980 1175 4044 simus
1197 3981 1415 4061 multipliciter
1435 3983 1611 4060 insignivit,
1634 3992 1666 4048 et
1686 3989 1768 4066 quod
1791 3998 1825 4052 tu

1078 4075 1132 4155 qui
1154 4075 1308 4148 Ecclesiae
1339 4075 1468 4156 hlepen.
1491 4077 1642 4141 hactenus
1666 4079 1826 4144 laudabili·

1079 4177 1128 4233 ter
1149 4168 1318 4256 praefuisti,
1331 4171 1449 4247 quique
1468 4170 1562 4232 tidem
1583 4171 1764 4236 catholicam
1778 4175 1826 4237 iu-

1059 4427 1188 4482 ,electum
1201 4425 1363 4474 auctoritate
1377 4433 1426 4472 sua
1434 4425 1613 4485 confirmaret,
1624 4425 1701 4487 eique
1711 4428 1824 4488 pallium

1074 4495 1226 4554 pontificiae
1246 4491 1386 4551 potestatis
1407 4492 1512 4551 insigne
1526 4493 1645 4541 tribuere
1659 4496 1823 4554 dignaretur.

1075 4562 1146 4614 Quod
1160 4563 1192 4607 ut
1205 4564 1298 4607 Petrus
1312 4559 1480 4606 Abrahamus
1500 4561 1600 4606 electus
1621 4563 1776 4612 patriarcha
1790 4566 1826 4612 fa·

1074 4629 1152 4675 cilius
1166 4633 1381 4685 consequeretur,
1395 4629 1477 4684 utque
1486 4627 1616 4675 nonnulla
1626 4630 1680 4676 alla
1690 4631 1825 4678 commissi

1076 4695 1127 4741 sibi
1141 4695 1232 4754 populi
1246 4694 1353 4752 negotia
1363 4695 1506 4751 expediret,
1516 4695 1569 4740 iter
1580 4695 1607 4740 ln
1617 4696 1710 4741 urbem
1721 4709 1826 4755 aggres·

1077 4773 1122 4807 sus
1143 4763 1191 4816 est,
1212 4760 1376 4807 laboriosum
1397 4760 1504 4818 quidem
1518 4764 1546 4806 et
1563 4761 1690 4819 periculis
1708 4764 1825 4820 plenum,

1077 4826 1122 4872 sed
1141 4829 1217 4874 tauta
1238 4826 1379 4873 alacritate
1400 4828 1560 4884 susceptum,
1583 4829 1613 4873 ut
1627 4829 1735 4876 acerbos
1749 4832 1826 4889 poda·

1077 4905 1140 4951 grae
1154 4894 1266 4948 dolores,
1287 4893 1444 4951 quibuscum
1460 4904 1537 4950 saepe
1556 4895 1766 4954 conflictabatur,
1780 4909 1826 4956 spe

1077 4959 1246 5006 deosculandi
1267 4959 1423 5016 quantocius
1444 4959 1521 5016 pedes
1543 4960 1691 5016 pontificios
1710 4965 1737 5008 et
1750 4975 1826 5012 sacra

1077 5025 1262 5083 apostotorum
1278 5025 1373 5072 limina
1387 5024 1521 5081 visitandi,
1531 5026 1575 5072 vix
1586 5028 1686 5074 sentire
1696 5029 1769 5076 visus
1778 5031 1824 5078 sit:

1078 5092 1182 5150 sequuti
1192 5093 1254 5138 sunt
1262 5095 1370 5138 Petrum
1378 5092 1559 5138 Abrahamum
1569 5095 1679 5141 comites
1688 5096 1746 5142 riae
1753 5099 1827 5144 iaaac

1077 5157 1185 5204 Kellesii
1205 5157 1356 5216 Episcopus,
1377 5155 1498 5204 Nicotaus
1513 5159 1580 5205 Mira
1594 5162 1735 5219 Presbyter
1749 5166 1775 5209 et
1790 5164 1827 5210 Si·

1078 5235 1155 5271 meon
1168 5223 1303 5270 Diaconus.
1320 5228 1431 5270 Romam
1445 5227 1536 5271 autern
1551 5237 1604 5272 non
1612 5234 1827 5285 perreuereante

1077 5291 1147 5336 diem
1161 5301 1218 5336 xrtr.
1233 5290 1343 5348 augusti
1357 5290 1419 5337 anni
1433 5303 1566 5338 uncorum.
1587 5297 1653 5340 Nam
1675 5296 1826 5355 paulopost

1078 5367 1157 5413 quam
1177 5357 1277 5404 electus
1300 5357 1395 5412 fuerat,
1409 5361 1440 5404 ut
1455 5359 1650 5407 haereticorum
1667 5365 1827 5419 persecutio-

1078 5433 1138 5470 nem
1153 5423 1306 5479 declinaret,
1320 5423 1349 5469 in
1364 5427 1478 5470 Mentem
1499 5425 1637 5482 Libanum,
1653 5429 1699 5474 ubi
1713 5441 1729 5476 a
1743 5431 1827 5476 Patri·

1077 5490 1159 5535 archa
1173 5493 1200 5536 et
1214 5490 1388 5547 optimatibus
1402 5491 1539 5538 Maronitis
1554 5494 1747 5541 humanissime
1762 5497 1826 5542 olim

1078 5559 1201 5614 exceptus
1214 5555 1309 5612 fuerat,
1324 5563 1351 5602 et
1364 5557 1482 5614 amplum
1496 5559 1530 5603 ad
1545 5559 1720 5606 habitandum
1739 5572 1827 5609 mona·

1078 5621 1190 5671 sterium
1211 5623 1260 5668 sub
1281 5622 1447 5670 invocatione
1468 5626 1492 5667 S.
1514 5625 1660 5672 salvatoris
1681 5632 1827 5687 exceperat,

1079 5690 1251 5736 secedendum
1266 5689 1291 5734 ei
1305 5689 1355 5736 fnit
1370 5701 1417 5747 per
1430 5689 1533 5748 aliquot
1548 5701 1663 5748 mensem
1678 5695 1772 5740 deinde
1786 5707 1828 5742 su·

1079 5759 1167 5813 scepta
1181 5769 1195 5801 e
1210 5755 1329 5812 syriam
1343 5756 1438 5802 Urbem
1453 5756 1588 5813 navigatio
1604 5757 1653 5804 fluit
1667 5758 1827 5818 diuturnior,

1079 5833 1157 5879 quam
1173 5825 1204 5868 ut
1217 5819 1361 5877 consuevit,
1375 5831 1453 5868 saeva
1467 5822 1595 5868 nimirum
1607 5824 1667 5881 plus
1678 5825 1757 5872 solito
1767 5827 1828 5884 hye-

1080 5900 1129 5935 me.
1150 5891 1182 5935 Ut
1196 5900 1258 5935 vero
1276 5889 1304 5934 in
1323 5889 1420 5935 Urbem
1440 5888 1556 5946 advenit,
1570 5890 1671 5948 excepit
1692 5891 1827 5938 hominem

1081 5955 1270 6003 sanctissimus
1284 5954 1402 6002 Pontifex
1415 5955 1646 6014 luculentioribus,
1656 5968 1736 6015 quam
1746 5961 1828 6008 caete·

1758 573 1797 642 83
1847 578 1902 633 Aa.
1916 582 1946 634 d.
1968 575 2036 634 1742
