4708 6978
24 439 26 502 l

64 597 207 662 tad-1547
863 613 1060 662 nnucmcrus
1080 611 1146 660 xit.
1698 592 1755 660 stt
1806 592 1860 651 An.
1874 596 1905 651 0·
1926 592 1994 652 1747

24 735 26 772 l

233 735 337 792 rentes
351 731 478 794 mulieri
499 733 615 796 desint:
640 732 807 796 mulierem
826 733 975 812 sponsalia
1033 732 1115 796 inter
1135 729 1304 795 hebraeum
1318 738 1350 795 ct
1371 729 1535 796 hebraeam
1556 731 1774 807 intercederet,

233 840 295 886 uon
316 826 502 888 contrahere
522 827 647 905 pudoris
674 844 762 890 causa
784 834 814 890 ει
836 827 977 890 honesta·
1032 827 1460 905 aequumessetsententiam
1475 827 1556 890 terre
1571 826 1690 904 legibus
1704 840 1775 888 con-

234 919 280 992 tis,
309 918 374 980 imo
404 926 616 996 contractum,
648 922 702 1000 qui
733 921 875 984 hebraice
901 921 978 984 dici·
1032 919 1773 994 sentaneametconsuetudinibushebraeorum3

233 1019 282 1076 tur
304 1024 424 1082 ututur
453 1011 602 1088 Tanaim,
617 1014 771 1080 foeminae
792 1015 976 1094 plerumque
1032 1015 1208 1076 communis
1229 1015 1327 1090 enim,
1349 1019 1381 1078 et
1402 1015 1526 1093 probata
1542 1013 1646 1093 opinio
1668 1020 1724 1089 est,
1740 1013 1774 1074 in

232 1109 375 1184 ignotum
398 1123 475 1183 esse,
498 1123 577 1187 quae
598 1116 700 1188 postea
726 1107 870 1185 explicite
891 1121 976 1185 prae·
1032 1106 1152 1169 iudiciis
1174 1107 1348 1171 huiusmodi
1371 1114 1515 1186 oportere
1529 1123 1593 1170 non
1615 1107 1676 1170 iuri
1696 1103 1775 1169 Pon-

231 1200 281 1263 bet
302 1217 462 1265 assensum
477 1217 570 1265 suum
591 1202 625 1264 in
643 1201 774 1265 solemni
796 1199 976 1279 nuptiarum
1033 1199 1124 1262 tilleio
1147 1200 1197 1262 vel
1218 1201 1315 1276 cirili,
1328 1202 1382 1264 sed
1403 1201 1475 1278 legi,
1492 1209 1523 1264 et
1543 1200 1690 1264 Mosaicae
1704 1219 1776 1265 con·

231 1294 436 1358 celebratione
458 1296 600 1358 hebraice
621 1303 797 1374 nuncupata
825 1303 974 1402 namt-pp
1031 1293 1187 1360 suetudini
1209 1293 1383 1382 adhaerere.
1402 1293 1573 1373 blarquard.
1595 1294 1632 1357 dc
1646 1296 1775 1359 Iudaeis

232 1385 446 1450 Kidduccim:
1029 1390 1117 1462 part.
1144 1385 1179 1457 2,
1202 1402 1269 1464 cap.
1288 1388 1325 1459 4,·
1346 1387 1474 1450 Ricciul.
1498 1387 1535 1449 cic
1555 1388 1628 1450 iocre
1648 1403 1772 1466 percon.

270 1480 360 1555 §db
386 1480 547 1558 Secundo,
569 1482 761 1561 sponsalibus
782 1484 837 1548 hac
858 1483 976 1547 ratione
1031 1477 1086 1540 lib·
1109 1478 1142 1551 2,
1173 1495 1241 1558 call·
1266 1482 1322 1552 18,
1350 1497 1382 1542 tt·
1407 1482 1443 1552 7;
1469 1481 1557 1546 Sessa
1582 1480 1619 1542 de
1646 1479 1775 1543 Iudaeis

231 1575 396 1639 contractis
417 1575 547 1652 obligari
570 1585 734 1656 utramque
757 1585 887 1656 partem;
902 1595 974 1640 curn
1032 1588 1100 1651 cup.
1123 1573 1179 1646 33,
1205 1590 1292 1636 ditm·
1315 1579 1352 1648 6,·
1374 1574 1462 1638 Gard·
1487 1575 1524 1638 de
1549 1573 1630 1637 Luca
1652 1575 1688 1636 de
1707 1574 1774 1640 Ma·

230 1676 335 1730 autem
357 1685 544 1732 consensum
560 1678 704 1750 parentes
726 1679 849 1734 tantum
866 1671 976 1734 mulie-
1032 1667 1186 1729 trimouio
1218 1667 1353 1730 discors.
1380 1670 1430 1742 15,
1461 1684 1551 1731 uum.
1570 1668 1602 1729 3.
1626 1668 1660 1730 ιε
1689 1684 1775 1746 prae·

231 1762 284 1838 ris,
297 1769 351 1825 aut
372 1764 595 1842 consanguinei
617 1762 828 1843 praehuerint,
844 1780 907 1828 non
923 1781 976 1827 re·
1030 1777 1100 1823 sens
1122 1777 1196 1822 vcro
1218 1778 1267 1824 res
1289 1763 1320 1824 in
1349 1762 1602 1842 disceptationem
1629 1761 1717 1823 venit
1738 1762 1775 1826 ad

231 1873 264 1919 ro
285 1855 433 1934 foemina,
455 1857 524 1920 ideo
544 1858 633 1934 hauc,
649 1857 674 1919 si
696 1858 866 1935 dissentiat,
883 1859 975 1920 mini·
1031 1853 1194 1916 hebraeam
1222 1857 1383 1934 pertinens
1404 1863 1436 1918 et
1460 1857 1497 1920 ad
1522 1856 1692 1918 hebraeum
1714 1855 1774 1916 iam

230 1967 281 2014 me
302 1952 370 2028 cogi
392 1966 477 2031 posse
499 1958 531 2014 ct
557 1951 793 2015 dissentientem
820 1967 882 2014 nou
904 1969 977 2014 con·
1032 1947 1153 2010 Christo
1168 1948 1358 2012 servientem
1372 1958 1426 2012 aut
1437 1949 1590 2012 inservire
1602 1955 1771 2026 optantem:

230 2054 364 2110 tractum
375 2046 531 2123 frangere,
542 2047 594 2108 sed
606 2061 730 2124 peccare
741 2035 879 2123 graviter
890 2045 976 2108 irrata
1031 2041 1194 2117 negotium
1223 2057 1335 2121 nempe
1359 2043 1461 2120 agitur
1485 2059 1561 2105 sane
1588 2042 1772 2116 maximum,

230 2140 390 2216 hebraeos,
407 2140 540 2204 debitam
562 2153 675 2219 nempe
696 2139 904 2202 obedientiam
925 2155 975 2218 pa·
1031 2132 1111 2212 quod
1133 2135 1169 2198 ad
1190 2135 1390 2198 christianam
1416 2151 1617 2218 summopere
1638 2134 1774 2214 pertinet

230 2233 373 2296 rentibus
393 2242 446 2298 aut
467 2233 634 2296 maioribus
655 2234 846 2311 denegando.
1030 2226 1226 2306 religionem.
1248 2229 1385 2292 Consilio
1399 2230 1496 2308 igitur
1511 2229 1655 2308 prudenti
1670 2227 1775 2290 admo·

271 2329 290 2405 5
310 2329 361 2391 66.
385 2327 501 2403 Tertio,
524 2335 719 2391 contractum
746 2326 806 2391 dici
826 2325 974 2404 obligato·
1030 2323 1104 2386 dum
1126 2339 1202 2402 opus
1227 2331 1273 2385 est
1294 2340 1327 2385 ac
1354 2323 1489 2386 salutari.
1519 2322 1581 2386 Nos
1606 2329 1711 2384 autem
1739 2337 1774 2383 re

231 2421 314 2483 rium
336 2429 368 2484 et
387 2420 581 2495 absolutum,
611 2438 683 2484 cum
711 2438 726 2482 a
748 2420 827 2495 viro,
858 2437 891 2482 ac
913 2419 976 2482 loe-
1030 2415 1082 2478 diu
1104 2432 1137 2477 ac
1159 2417 1294 2479 multum
1316 2415 1518 2492 considerata,
1540 2420 1609 2491 hoc,
1625 2415 1706 2495 quod
1727 2429 1775 2476 se-

229 2514 335 2577 miuae
357 2514 535 2594 parentibus
554 2515 679 2592 sponsio
700 2514 774 2576 lacta
797 2523 853 2589 est,
876 2531 910 2577 ao
923 2513 975 2576 de-
1029 2508 1147 2586 quitur,
1170 2517 1344 2588 opportune
1365 2509 1597 2572 decernendum
1618 2508 1774 2571 existima·

229 2608 361 2687 scripta,
389 2624 447 2670 nco
473 2623 538 2670 non
566 2608 695 2670 testibus
720 2608 899 2671 oonllrmata
921 2614 974 2670 aut
1029 2601 1141 2664 vimus.
1674 2683 1676 2688 Ι

229 2701 362 2777 duobus,
387 2710 440 2763 aut
461 2701 615 2781 pluribus.
644 2701 698 2763 llic
719 2707 895 2764 contractus
915 2701 975 2763 llo·
1068 2697 1087 2772 ἓ
1107 2695 1156 2760 69.
1181 2697 1440 2777 Quotiescumque
1466 2715 1596 2777 sponsus
1622 2698 1773 2778 hebraeus

229 2809 297 2856 mae
318 2794 451 2856 describi
471 2794 549 2857 solet
563 2794 676 2856 notarii
690 2809 795 2873 opera,
810 2793 881 2856 alibi
896 2811 912 2854 a
927 2795 974 2856 iu-
1028 2790 1212 2852 christianae
1233 2790 1376 2867 religioni
1400 2807 1516 2854 nomen
1537 2792 1609 2854 dare
1629 2792 1772 2856 statuerit

229 2885 310 2948 dacis
330 2887 484 2950 hebraice.
775 2901 777 2906 ·
1028 2891 1059 2945 et
1081 2882 1251 2962 Evangelio
1275 2899 1418 2963 sponsam
1440 2884 1563 2960 ollerat,
1586 2893 1678 2949 tuum
1699 2886 1770 2959 erit,

266 2981 286 3056 §
306 2979 356 3042 66.
381 2982 530 3057 Additur,
559 2990 754 3047 contractum
774 2983 833 3045 dici
858 2983 973 3062 pariter
1026 2990 1100 3038 eum
1122 2978 1293 3054 prudenter
1308 2979 1513 3054 interrogare,
1526 2976 1588 3054 vel,
1604 2982 1639 3039 ut
1653 2977 1690 3039 ab
1704 2977 1771 3039 aliis

228 3072 420 3150 ahsolutum,
442 3090 516 3138 cum
537 3091 606 3154 pars
627 3084 774 3156 utraque,
796 3075 847 3138 vel
873 3077 973 3156 priva·
1027 3070 1250 3148 interrogetur,
1266 3071 1430 3148 imperare,
1445 3070 1599 3149 quomodo
1620 3069 1770 3150 sponsalia

229 3166 284 3228 tim
299 3166 351 3229 vel
365 3183 468 3230 coram
480 3168 619 3232 llabhino
631 3171 831 3248 sponsionem
846 3170 971 3233 firmant
1026 3163 1210 3244 probentur,
1226 3165 1427 3242 nequeenim
1443 3165 1530 3226 decet
1550 3164 1617 3226 eius
1638 3163 1769 3226 affirma-

228 3259 442 3335 iureiurando,
465 3278 568 3324 coram
599 3263 719 3327 duobus
749 3272 801 3326 aut
829 3263 971 3344 pluribus
1027 3259 1104 3321 iloni
1118 3259 1209 3322 unice
1227 3259 1340 3320 hahere
1361 3259 1464 3321 lidem.
1488 3257 1591 3320 Editus
1603 3257 1770 3336 sponsalio-

228 3354 357 3416 testibus
371 3362 403 3417 et
416 3356 616 3434 sponsionem
639 3359 765 3437 insuper
780 3357 909 3420 describi
925 3357 972 3420 iu·
1027 3369 1098 3416 rum
1118 3352 1313 3430 probationes
1336 3360 1425 3415 tuum
1445 3351 1560 3430 pariter
1580 3366 1695 3415 munus
1710 3352 1770 3412 erit

226 3446 311 3510 bant.
334 3445 420 3522 Quod
442 3449 467 3510 si
488 3449 539 3511 vel
560 3449 676 3529 absque
694 3451 820 3530 scripto,
833 3458 865 3513 et
887 3451 972 3514 testi·
1025 3447 1214 3522 examinare,
1236 3454 1289 3509 aut
1314 3445 1404 3508 alicui
1431 3444 1576 3523 prudenti
1603 3443 1671 3506 uiro
1698 3459 1770 3506 eua-

225 3541 358 3616 moniis,
389 3549 441 3604 aut
466 3559 570 3606 coram
600 3543 731 3606 testibus
758 3551 879 3608 tanturn
901 3545 970 3608 siue
1026 3540 1187 3606 minandas
1208 3539 1337 3601 tradere.
1362 3539 1557 3616 Argumenta
1576 3536 1769 3617 sponsalibus

226 3633 425 3698 iureiurando
444 3636 569 3714 sponsio
589 3636 666 3700 lacta
687 3637 792 3714 luerit,
819 3644 895 3702 tuuc
916 3655 969 3702 ne·
1024 3633 1259 3712 comprobandis
1287 3633 1395 3695 idonea
1421 3639 1534 3707 erunt,
1555 3631 1581 3692 si
1604 3631 1681 3694 tanti
1702 3647 1768 3693 essa

226 3743 285 3804 que
305 3728 530 3805 obligationem
551 3730 682 3806 inducit,
698 3746 756 3794 uec
775 3740 970 3796 contractum
1025 3727 1167 3806 ponderis
1188 3734 1219 3789 et
1240 3725 1392 3789 momenti
1413 3725 1615 3800 videbuntur,
1639 3731 1673 3787 ut
1694 3741 1768 3788 con-

226 3820 347 3896 perlicit
368 3821 608 3898 sponsaliorum,
631 3823 672 3884 ita
693 3831 728 3886 ut
750 3841 818 3902 pars
839 3832 970 3904 utraque
1026 3827 1119 3884 tracta
1140 3821 1222 3884 inter
1242 3818 1406 3882 catholicos
1420 3819 1570 3898 sponsalia
1593 3818 1701 3880 iisdem
1723 3835 1768 3880 ra·

227 3912 321 3974 libera
343 3914 472 3977 omniuo
493 3915 551 3993 sit,
573 3926 603 3979 at
618 3919 643 3978 si
665 3918 703 3980 de
717 3918 883 3996 sponsione
897 3935 969 3982 con·
1026 3915 1159 3978 tionibus
1175 3913 1278 3976 evinci
1289 3920 1394 3993 aperte
1409 3930 1443 3975 ac
1454 3920 1520 3976 tuto
1532 3911 1665 3975 valeant.
1679 3911 1767 3992 Apud

226 4013 285 4068 stet
306 4013 338 4070 et
358 4009 397 4070 dc
423 4008 600 4073 iuramento
621 4026 676 4090 per
696 4017 802 4088 testes,
824 4018 901 4077 tunc
921 4031 969 4076 re·
1025 4009 1206 4072 christianos
1236 4008 1388 4087 scriptura
1413 4023 1477 4069 uon
1503 4024 1579 4088 opus
1600 4013 1658 4083 est,
1680 4007 1768 4069 cuius

227 4100 334 4162 cedere
355 4097 425 4163 licet
447 4102 574 4182 utrique
593 4103 686 4182 parti,
702 4105 870 4169 dummodo
885 4123 970 4187 prae-
1025 4103 1145 4167 delectu
1166 4103 1295 4166 testium
1316 4102 1500 4165 auctoritate
1520 4101 1656 4180 suppleri
1677 4098 1766 4176 solet,

227 4193 307 4256 riam
330 4211 346 4255 a
367 4193 508 4258 Rabbino
529 4195 698 4276 impetrent
712 4198 969 4264 ahsolutionema
1024 4195 1166 4259 adhibitis
1188 4197 1282 4259 etiam
1303 4195 1452 4271 censuris,
1469 4211 1542 4258 cum
1556 4196 1625 4274 quis
1639 4201 1707 4274 post
1721 4211 1768 4256 ca-

226 4287 415 4351 iuramento.
992 4313 993 4316 ¹
1023 4289 1149 4353 uonicas
1170 4289 1396 4352 admonitiones
1416 4289 1615 4367 sponsionem
1635 4286 1686 4350 vel
1699 4287 1767 4350 siue

263 4379 282 4454 ἓ
302 4380 352 4446 67.
370 4381 447 4444 ιιεεε
462 4381 668 4448 hebraeorum
683 4401 721 4448 er
735 4395 893 4450 conuentu
908 4387 970 4451 col·
1024 4385 1200 4448 iuramento
1221 4382 1330 4445 iactam
1350 4382 1481 4462 implere
1502 4391 1605 4460 negat.
1636 4383 1767 4462 Sponsa-

226 4473 301 4536 lecta
328 4482 413 4537 sunt.
437 4474 515 4562 Hinc
544 4492 618 4538 vero
646 4479 825 4556 deducitur,
848 4481 968 4546 duobus
1024 4478 1136 4541 liorum
1159 4477 1262 4555 itaque
1284 4477 1480 4555 probationes
1500 4477 1526 4538 si
1547 4478 1622 4540 tales
1634 4477 1765 4553 luerint,

227 4565 442 4630 tantummodo
468 4569 652 4648 supradictis
683 4574 782 4636 modis
812 4583 967 4640 contracta
1024 4581 1058 4638 ut
1078 4573 1171 4636 modo
1192 4571 1338 4646 diximus,
1361 4571 1487 4650 antiqua
1508 4570 1563 4633 tibi
1589 4572 1764 4645 methodus,

225 4662 376 4739 sponsalia
390 4661 474 4723 iuter
494 4662 618 4726 iudaeos
638 4664 746 4727 haberi
763 4667 860 4731 valida
876 4678 966 4748 atque
1023 4682 1102 4746 quae
1122 4666 1193 4729 usui
1216 4671 1283 4728 erat
1303 4672 1376 4726 ante
1402 4681 1453 4726 au.
1477 4680 1659 4738 uoooxnv„
1682 4662 1766 4726 adhi-

227 4754 417 4832 ohligatoria.
441 4755 569 4818 ldutuae
596 4757 693 4835 igitur
714 4760 774 4822 viri
801 4778 835 4825 ao
856 4763 967 4826 mulie·
1024 4761 1121 4823 henda
1141 4767 1203 4836 est,
1227 4759 1327 4820 erico
1340 4759 1456 4821 scilicet
1471 4758 1624 4822 evocanda
1638 4758 1763 4834 muller,

228 4849 267 4910 ris
286 4849 479 4928 sponsiones,
501 4849 651 4928 epistolis,
668 4860 720 4915 aut
740 4855 894 4918 schedulis
914 4872 967 4918 ea·
1023 4861 1053 4917 et
1072 4851 1168 4916 semel
1191 4858 1282 4932 atque
1311 4853 1443 4928 iterum,
1466 4861 1520 4915 aut
1546 4853 1692 4931 quamdiu
1713 4867 1765 4931 op·
1793 4895 1804 4921 .

227 4955 343 5018 pressae
355 4941 434 5004 nihil
446 4944 483 5006 acl
497 4941 655 5019 ellectum,
669 4946 706 5007 de
720 4948 965 5026 quoquaeritur,
1023 4955 1195 5027 portunum
1216 4946 1354 5022 duxeris,
1380 4946 1447 5008 eius
1468 4945 1612 5008 voluntas
1632 4945 1665 5008 iu
1688 4953 1766 5010 tem·

227 5033 345 5112 valent3
368 5051 402 5096 ac
422 5034 522 5098 multo
537 5036 642 5098 minus
657 5053 799 5114 munera,
821 5051 922 5102 restes
936 5049 968 5104 et
1022 5041 1072 5119 plo
1092 5039 1207 5118 aliquo,
1222 5047 1276 5103 aut
1291 5039 1364 5102 alihi
1377 5039 1574 5119 exploranda,
1590 5056 1623 5102 ac
1638 5041 1766 5103 demum

226 5129 406 5208 nuptiarum
427 5137 598 5208 apparatus.
623 5129 693 5194 Non
708 5132 834 5210 probato
848 5143 965 5210 autem,
1021 5143 1074 5199 aut
1094 5133 1201 5196 innata
1222 5135 1255 5196 iu
1276 5133 1443 5214 pervicacia
1472 5141 1564 5216 atque
1590 5149 1696 5196 errore
1718 5148 1764 5194 re-

226 5221 304 5297 quod
325 5221 450 5300 sponsio
465 5237 528 5286 uno
543 5223 592 5285 rel
608 5222 706 5286 altero
727 5241 766 5286 ex
785 5227 966 5304 supradictis
1023 5227 1204 5306 linquenda,
1229 5227 1254 5288 si
1282 5227 1459 5306 resipiscere
1487 5227 1584 5302 nolit,
1606 5235 1661 5289 aut
1682 5229 1765 5290 iuter

226 5314 322 5376 modis
342 5313 419 5376 lacta
440 5313 547 5391 luerit,
563 5317 589 5378 si
602 5316 712 5396 copula
732 5327 880 5398 sequatur
894 5326 966 5382 aute
1022 5321 1260 5384 cathecumenos
1271 5319 1434 5382 retinenda
1447 5329 1506 5396 est,
1523 5328 1557 5382 ut
1577 5321 1763 5394 instruatur,

227 5405 432 5479 Kiddoccr'rn,
464 5424 521 5470 seu
551 5411 802 5488 matrimonium,
836 5422 967 5493 utraque
1020 5415 1046 5476 si
1067 5416 1279 5478 conversionis
1294 5421 1376 5478 certa
1390 5430 1458 5493 spes
1478 5415 1579 5494 aliqua
1593 5414 1762 5478 oboriatur.

227 5515 290 5577 pars
311 5503 348 5564 ad
369 5502 616 5566 «mntrahendum
630 5503 797 5582 obligatur,
813 5522 876 5570 non
899 5507 967 5586 qui·
1060 5511 1079 5586 ἓ
1102 5509 1149 5573 76.
1175 5511 1252 5573 llum
1273 5517 1325 5570 aut
1345 5524 1487 5589 sponsus,
1503 5515 1554 5572 aut
1575 5508 1653 5572 alius
1674 5507 1764 5588 quill·

226 5594 291 5658 dem
313 5603 493 5658 contractus
519 5595 562 5672 ri,
584 5598 637 5660 sed
665 5599 822 5660 commissi
843 5599 966 5664 sceleris
1022 5605 1073 5666 bet
1094 5606 1154 5667 tide
1175 5603 1287 5680 dignus
1313 5603 1463 5666 eiusmodi
1489 5610 1674 5680 argumenta
1694 5618 1765 5682 pro-

225 5703 331 5766 poene
354 5695 385 5750 et
406 5694 442 5752 ut
461 5689 582 5752 crimen
604 5690 772 5754 admissum
794 5692 909 5756 luatur.
1022 5697 1110 5775 ierat,
1133 5696 1244 5776 quihus
1268 5695 1359 5775 plane
1380 5706 1515 5773 constet,
1537 5697 1687 5776 sponsalia
1709 5698 1762 5771 ita,

260 5782 280 5856 ὃ
300 5781 350 5844 68.
375 5781 406 5846 Si
429 5783 466 5845 de
485 5783 713 5862 sponsaliorum
728 5785 897 5864 validitate,
913 5795 966 5852 εει
1022 5798 1169 5870 utsupra
1190 5789 1335 5866 diximus,
1355 5796 1508 5854 contracta
1530 5789 1635 5866 luisse,
1650 5805 1764 5868 nempe

226 5874 432 5951 invaliditate,
461 5876 598 5955 itemque
619 5877 657 5941 de
688 5879 885 5958 obligatione,
912 5889 965 5944 aut
1020 5885 1100 5964 apud
1128 5885 1207 5962 ipsos
1235 5883 1383 5946 hebraeos
1411 5883 1508 5946 valida
1536 5893 1627 5963 atque
1648 5882 1764 5959 obliga-

225 5977 340 6054 contra,
363 5969 489 6032 deberet
513 5971 661 6036 iudicium
684 5974 769 6052 lieri,
792 5991 840 6038 res
860 5983 965 6039 antem
1022 5980 1113 6060 toria;
1137 5981 1172 6043 ad
1194 5986 1226 6042 te
1246 5981 1403 6060 spectabit,
1420 5999 1561 6064 sponsam
1583 5982 1666 6046 illico
1681 5984 1763 6058 inter
