4798 6978
363 536 418 596 An.
432 545 462 598 0.
483 539 552 596 1758
602 537 661 606 702

583 694 623 740 33
645 679 732 742 nobis
753 682 914 760 superhoc
935 677 1096 743 humiliter
1117 678 1265 757 porrectis
1282 677 1328 740 in-

582 773 698 835 clinati:
712 773 897 836 fraternitati
912 784 980 836 tuae
992 790 1046 851 per
1054 780 1229 852 praesentes
1244 787 1327 834 corn-

582 867 737 928 mittimus
759 875 789 928 33
804 869 997 941 mandamur,
1013 876 1048 929 ut
1063 883 1101 928 ex
1114 866 1248 928 alumnis
1264 881 1327 926 me-

549 993 557 1012 ·
582 967 717 1022 moratae
730 959 986 1037 Congregationis
1000 959 1129 1024 Oratorii
1143 958 1246 1022 Sancti
1259 957 1326 1020 Phi-

582 1052 655 1132 lippi
683 1053 768 1116 Nerii
798 1055 938 1119 Civitatis
963 1055 1086 1128 Limne,
1116 1070 1192 1132 quos
1220 1051 1327 1113 divino

582 1147 680 1209 cultui
712 1150 940 1228 promovendo,
969 1157 1000 1210 et
1031 1149 1205 1210 animarum
1236 1144 1327 1206 saluti

582 1245 809 1320 procurandae,
840 1245 924 1306 iuxta
953 1244 1053 1305 datam
1083 1243 1174 1304 tibia
1196 1239 1327 1303 1133133

583 1335 779 1412 prudentiam
800 1338 934 1414 aptiores
954 1345 985 1399 et
1005 1337 1124 1398 sincera
1140 1343 1246 1397 mente
1268 1332 1327 1393 ala-

582 1428 697 1490 criores
724 1430 978 1508 deprehenderis,
1005 1429 1138 1507 singulis
1163 1426 1327 1489 33313311-

582 1531 658 1599 quot
679 1524 713 1585 ad
736 1524 864 1587 titulum
887 1525 1040 1587 missionis
1061 1530 1091 1584 et
1107 1538 1230 1584 mensae
1245 1536 1326 1582 com·

582 1617 689 1678 munis
710 1620 745 1679 ad
767 1635 881 1680 sacram
904 1618 1130 1682 ordinationem
1152 1616 1327 1690 admittere,

582 1725 696 1788 eosque
717 1711 752 1774 ad
775 1727 882 1773 omnes
909 1713 1001 1774 etiam
1030 1728 1129 1774 sacros
1151 1717 1181 1772 et
1203 1709 1326 1789 presby·

583 1810 699 1865 teratus
730 1804 871 1879 ordines,
901 1806 1030 1867 servatis
1057 1806 1129 1866 alias
1154 1804 1325 1878 servandis,

581 1913 766 1974 promovere
786 1899 884 1962 libere
900 1907 930 1961 et
952 1898 1035 1963 licite
1050 1915 1104 1978 pro
1125 1909 1179 1962 333
1200 1898 1327 1960 arbitrio

581 1999 612 2052 et
633 1990 796 2069 prudentia
825 1994 1007 2056 auctoritate
1037 2001 1138 2056 nostra
1164 1991 1325 2072 apostolica

581 2085 676 2162 possis
698 2093 728 2147 et
749 2084 867 2162 valeas,
890 2095 1044 2166 quotquot
1071 2087 1187 2149 scilicet
1208 2103 1242 2149 re
1263 2089 1325 2166 ipsa

580 2178 614 2238 ad
637 2179 856 2257 suprascriptas
878 2181 1058 2244 enuntiatas
1076 2197 1179 2242 causas
1195 2188 1225 2242 33
1247 2178 1325 2241 iudi-

580 2272 709 2348 gentias,
727 2274 914 2336 necessarios
929 2275 962 2337 in
977 2275 1109 2337 Domino
1124 2274 1323 2350 iudicaveris;

580 2367 620 2428 ita
642 2375 757 2443 tamen,
774 2377 819 2440 ut,
835 2367 860 2429 si
883 2369 1060 2430 huiusmodi
1082 2369 1214 2447 promoti
1236 2369 1271 2430 ad
1289 2369 1325 2429 ti·

582 2462 682 2525 tulum
718 2462 874 2526 missionis
906 2465 957 2526 vel
990 2479 1115 2526 mensae
1150 2465 1326 2527 communis

579 2573 595 2618 a
618 2559 769 2635 praedicta
793 2559 1041 2635 congregatione
1066 2561 1325 2638 quandocumque

580 2651 774 2714 discesserint
796 2651 847 2714 vel
869 2653 985 2714 dimissi
1008 2652 1136 2728 fuerint,
1151 2655 1325 2732 suspensio-

579 2759 653 2806 nem
674 2763 690 2806 a
712 2745 825 2808 divinis
847 2747 912 2825 ipso
934 2745 1011 2808 facto
1034 2746 1207 2822 incurrant,
1224 2763 1259 2809 eo
1275 2765 1323 2810 us-

578 2855 639 2916 que
654 2838 846 2913 duraturam,
860 2841 956 2903 donec
971 2841 1124 2903 sufficiens
1137 2840 1323 2904 beneficium

579 2931 814 2995 ecclesiasticum
830 2932 862 2994 in
878 2932 1006 2994 titulum
1020 2949 1076 2994 seu
1090 2933 1324 2996 ecclesiasticam

578 3027 757 3108 pensionem
786 3025 992 3100 obtinuerint,
1022 3026 1072 3088 vel
1100 3027 1324 3105 patrimonium

577 3137 698 3184 sacrum
720 3137 735 3180 a
759 3127 798 3195 33,
828 3136 883 3181 333
914 3135 969 3198 pro
1000 3128 1140 3198 tempore
1170 3121 1324 3183 existente

578 3215 814 3293 archiepiscopo
835 3212 977 3288 Limano,
1000 3213 1242 3291 approbandum,
1266 3214 1324 3276 sibi

578 3307 807 3382 constituerint,
823 3307 938 3386 absque
959 3323 996 3368 eo
1017 3307 1097 3385 quod
1117 3305 1324 3386 congregatio

492 3405 495 3418 '
578 3402 729 3480 praedicta
752 3400 846 3462 ullius
868 3398 1082 3479 praestationis
1103 3417 1198 3462 onere
1217 3415 1324 3478 grave-

577 3501 642 3570 tur,
665 3494 790 3571 plenam
811 3500 841 3556 et
863 3493 996 3571 amplam
1017 3492 1195 3556 facultatem
1217 3495 1323 3557 eadem

578 3587 760 3651 auctoritate
780 3586 946 3650 tribuimus
968 3597 998 3649 33
1019 3586 1227 3666 impertimur.

617 3683 636 3756 ἓ
658 3681 686 3742 3.
711 3679 780 3743 Non
806 3679 997 3742 obstantibus
1025 3679 1212 3756 apostolicis,
1235 3681 1322 3743 3313

579 3774 823 3848 universalibus,
853 3773 1156 3851 provincialibusque
1180 3781 1211 3835 et
1231 3790 1324 3852 syno-

578 3867 697 3930 dalibus
718 3865 853 3930 conciliis
870 3866 960 3928 editis
982 3866 1176 3942 generalibus
1191 3865 1243 3928 vel
1257 3883 1322 3946 spe·

577 3960 703 4023 cialibus
724 3957 998 4022 constitutionibus
1020 3967 1050 4020 et
1065 3959 1321 4038 ordinationibus

578 4071 611 4115 ac
631 4054 728 4116 dictae
741 4052 997 4130 congregationis
1018 4052 1111 4114 etiam
1133 4053 1320 4130 iuramento,

577 4148 815 4210 confirmatione
835 4146 1011 4226 apostolica,
1024 4145 1074 4207 vel
1097 4147 1204 4224 quavis
1226 4148 1321 4208 tirmi-

617 4407 648 4464 (1)
663 4405 746 4452 Dubia
759 4407 792 4452 ad
813 4417 880 4463 3333
902 4409 926 4450 8.
942 4407 967 4450 Ρ.
982 4405 1131 4462 respondet,
1146 4406 1322 4464 arehiepisco-

576 4486 626 4532 pus
640 4479 716 4529 3333,
731 4474 860 4520 33333133
869 4471 987 4530 Tareina,
999 4473 1119 4530 sequenti
1128 4473 1207 4520 litera
1217 4473 1271 4520 iarn
1282 4487 1323 4520 ex·

575 4549 707 4601 posuerat.

729 4682 903 4724 8333333133
916 4678 1006 4720 Parsa
1020 4687 1052 4720 33
1066 4676 1171 4720 Domana

615 4812 761 4870 angustiis,
770 4812 865 4870 quibus
880 4811 978 4856 acriter
988 4809 1110 4865 tribulor,
1120 4809 1320 4866 circumseptus,

576 4883 608 4927 ob
623 4882 774 4940 aliquarum
794 4881 892 4927 ovium*
904 4879 971 4924 mihi
991 4879 1203 4925 concreditarum
1218 4890 1234 4924 a
1248 4883 1321 4924 recto

577 4951 685 4996 tramite
704 4959 844 5004 secessum,
858 4958 953 5004 operae
974 4947 1090 5003 pretinm
1108 4945 1172 4991 duxi
1186 4946 1243 5000 tihi,
1259 4949 1321 4992 833-

574 5018 693 5066 ctissime
712 5017 828 5071 Domine,
843 5019 979 5072 tamquam
998 5013 1117 5058 omnium
1136 5013 1320 5070 potentissimo

575 5085 656 5140 Patri,
671 5085 719 5130 bas
732 5095 821 5141 preces
835 5081 975 5127 humiliter
989 5079 1131 5135 effundere,
1142 5081 1172 5124 ut
1181 5090 1212 5124 ea
1222 5079 1321 5136 pietate

574 5153 730 5208 commotus,
750 5161 802 5208 qua
821 5149 912 5195 sedulo
933 5148 1019 5193 uteris
1039 5158 1103 5202 erga
1124 5157 1320 5201 3333333313-

575 5218 648 5262 dium
663 5217 789 5274 praebeas
807 5217 994 5273 opportunum,
1009 5225 1060 5269 quo
1074 5212 1107 5257 ab
1126 5211 1175 5256 hac
1188 5211 1272 5257 animi
1285 5212 1319 5258 af·

576 5281 721 5330 dictatione
734 5283 830 5328 reddar
846 5281 986 5336 indemnis,
999 5279 1113 5335 illasque
1127 5278 1154 5323 in
1170 5279 1239 5324 viam
1254 5279 1320 5324 veri-

575 5349 640 5394 tatis
660 5350 793 5404 reducam,
811 5351 891 5404 atque
913 5347 1009 5391 damna
1030 5343 1160 5389 instantia
1177 5353 1208 5389 ac
1228 5343 1320 5390 futura

575 5417 681 5474 penitus
695 5418 859 5462 avertantur.

616 5487 680 5528 curn
694 5484 762 5528 hanc
776 5485 890 5528 (1333333
904 5479 1045 5526 dioecesim
1057 5478 1102 5524 Dei
1115 5481 1142 5524 et
1156 5479 1320 5534 apostolicas

576 5550 650 5596 Sedis
663 5549 751 5606 gratia
765 5560 857 5606 regere
876 5549 958 5604 coepi,
973 5557 1069 5604 magna
1090 5545 1221 5592 iudicialis
1236 5557 1320 5590 move·

575 5617 656 5663 batur
669 5616 803 5661 eontentio
815 5615 884 5661 circa
898 5614 1036 5660 cniusdam
1051 5613 1217 5659 matrimonii
1231 5613 1320 5659 validi-

576 5685 668 5729 tatem.
683 5687 756 5738 Nam,
769 5682 832 5728 licet
845 5683 915 5728 inter
928 5681 995 5728 illud
1011 5681 1199 5728 contrahentes
1213 5680 1319 5726 nonnisi

575 5749 793 5807 impedimentum
808 5749 953 5806 impediens
966 5761 997 5794 ex
1012 5749 1177 5806 sponsalibus
1191 5758 1251 5794 cum
1267 5748 1318 5794 alio

575 5817 759 5862 antecedenter
778 5815 920 5861 contractis
940 5821 1030 5862 ortum
1049 5820 1166 5872 extaret,
1187 5819 1317 5871 attamen,

575 5883 790 5928 solemnitatibus
810 5881 956 5928 Tridentini
974 5884 1079 5940 spretis,
1095 5895 1145 5928 non
1159 5885 1247 5928 333313
1262 5895 1319 5939 pro·

556 5997 566 6018 ι
576 5951 634 6008 prio
647 5952 760 6007 parocho
774 5950 917 5996 cuiuslibet
927 5951 1141 5996 contrahentium
1150 5953 1317 5996 contractum

1096 557 1163 607 tuit.
1186 557 1277 606 honr.
1301 556 1342 606 DE
1363 559 1391 604 P·
1416 553 1445 605 F·
1470 555 1552 604 PARS
1574 553 1595 604 1.

1384 683 1445 742 tate
1472 677 1529 740 alia
1559 679 1709 743 roboratis
1736 679 1858 744 statutis
1880 690 1911 744 et
1930 681 2127 744 consuetudi·

1384 775 1487 849 nibus,
1510 774 1681 852 privilegiis
1703 791 1838 852 quoque,
1861 775 1989 838 indultis
2010 775 2126 840 331133-

1381 869 1423 930 ris
1445 869 1618 945 apostolicis
1633 869 1664 930 13
1681 869 1873 932 contrarium
1887 870 2125 947 praemissorum

1382 962 1612 1040 quomodolibet
1623 964 1784 1039 concessis,
1795 964 1984 1025 confirmatis
1996 965 2127 1027 331333-

1381 1057 1471 1129 vatis,
1494 1056 1606 1134 quibus
1630 1057 1775 1119 omnibus
1796 1066 1827 1119 et
1846 1056 1979 1134 singulis
2001 1057 2128 1122 illorum

1384 1158 1491 1212 tenore
1502 1149 1714 1229 praesentibus
1725 1167 1780 1228 pro
1792 1151 1884 1231 plene
1895 1159 1926 1214 et
1936 1151 2128 1216 sufficienter

1382 1245 1545 1322 expressis,
1565 1262 1598 1306 ac
1618 1246 1655 1308 de
1677 1245 1771 1306 verbo
1792 1245 1827 1306 ad
1851 1245 1982 1308 verbum
2003 1245 2129 1309 insertis

1383 1337 1541 1411 babentes,
1555 1338 1615 1400 illis
1627 1339 1698 1402 alias
1710 1343 1742 1402 in
1757 1358 1814 1402 suo
1827 1342 1939 1404 robore
1949 1358 2130 1420 permansu-

1382 1432 1439 1508 ris;
1462 1435 1497 1494 ad
1520 1433 1761 1512 praemissorum
1786 1435 1955 1498 effectuum
1982 1439 2039 1500 hac
2061 1439 2128 1502 vice

1382 1525 1540 1590 dumtaxat
1552 1525 1725 1604 specialiter
1736 1535 1766 1589 et
1778 1544 1919 1605 expresse
1930 1529 2128 1608 derogamus,

1381 1619 1572 1696 caeterisque
1593 1621 1755 1682 contrariis
1776 1623 2036 1703 quibuscumque.

1421 1711 1531 1774 Datum
1547 1713 1673 1787 Romae,
1688 1716 1767 1795 apud
1783 1715 1815 1778 S.
1826 1716 1951 1778 Mariam
1967 1719 2128 1793 llaiorem,

1380 1807 1437 1869 sub
1462 1807 1578 1869 annulo
1607 1808 1777 1883 Piscatoris,
1801 1811 1850 1872 die
1874 1826 1968 1873 xxiia.
1995 1813 2130 1876 ianuarii

1381 1917 1571 1975 unccuvnn,
1593 1900 1790 1979 pontificatus
1812 1905 1909 1965 nostri
1931 1922 2012 1968 anno
2035 1923 2127 1970 xvrn.

1640 2059 1871 2072 .--Δ-,.--..

1691 2188 1820 2252 CXCVI.

1381 2372 1661 2452 archiepiscopum
1678 2378 1823 2440 Gonnum
1845 2377 1943 2450 docet,
1960 2380 2131 2442 matrimo-

1420 2468 1476 2530 nio
1491 2465 1529 2530 ub
1542 2468 1655 2530 incolis
1667 2471 1785 2533 donata
1801 2477 1969 2536 contractu
1984 2474 2129 2546 Snndne,

1420 2577 1482 2622 esse
1500 2562 1657 2635 irtvulido,
1675 2563 1741 2624 nisi
1763 2564 1987 2628 contrahentes
2010 2565 2129 2630 ibidem

1420 2654 1620 2717 domicilium
1635 2655 1682 2716 vel
1697 2657 1789 2734 quusi
1805 2657 2004 2720 domicilium
2019 2661 2130 2738 acqui-

1419 2747 1549 2822 sierint,
1575 2765 1647 2809 cum
1664 2748 1826 2810 decretum
1845 2752 1919 2812 Con.
1943 2751 2131 2814 Tridentini

1422 2841 1503 2904 Gone
1524 2838 1727 2917 publicatum
1741 2841 1800 2914 313·
1822 2843 1963 2905 concedit
1986 2844 2132 2926 fuculta-

1420 2941 1481 2996 tem
1503 2932 1545 2995 ud
1567 2931 1754 2995 decennium
1776 2935 1965 2998 concedendi
1980 2939 2130 3000 oratoria

1418 3025 1550 3102 prt'entc
1573 3032 1631 3086 etc.
1654 3023 1709 3106 (l).

1532 3208 1701 3277 Venerabili
1728 3211 1816 3278 tratri
1845 3200 1972 3281 3313313

1566 3303 1802 3389 archiepiscopo
1825 3309 1938 3386 313333,

1539 3488 1782 3557 statuimus
1806 3490 1865 3558 ΡΡ.
1891 3491 1962 3558 xlv.

1592 3678 1781 3747 Venerabilis
1804 3681 1912 3760 trater,

1412 3772 1539 3841 salntem
1562 3779 1593 3841 et
1614 3775 1811 3857 apostolicam
1838 3775 2090 3842 benedictionem.

1419 3964 1524 4026 Paucis
1546 3964 1582 4025 ab
1608 3964 1680 4026 hinc
1701 3964 1899 4027 hebdomadis
1924 3965 2127 4028 fraternitatis

1379 4064 1450 4117 tuae
1471 4055 1575 4117 literas
1597 4057 1780 4136 accepimus,
1803 4057 1853 4120 die
1874 4073 1938 4119 xvi.
1952 4059 2128 4121 decembris

1380 4165 1531 4211 unccmv.
1559 4151 1659 4225 datas,
1689 4152 1862 4214 nescientes
1890 4169 1987 4230 usque
2013 4153 2125 4230 adhuc,

1376 4407 1471 4464 fuerat,
1492 4409 1537 4454 sed
1558 4419 1646 4455 coram
1668 4421 1721 4456 uno
1742 4421 1773 4455 ex
1793 4411 1946 4467 apostolicis
1964 4411 2038 4467 viris,
2058 4423 2125 4470 3333

1375 4474 1557 4521 missionarios
1571 4475 1743 4533 appellamus.
1753 4477 1800 4534 qui
1814 4477 1846 4522 ad
1861 4478 1966 4534 aliquos
1980 4479 2071 4524 fideles
2086 4481 2125 4525 in·

1375 4544 1514 4588 struendos
1529 4543 1556 4588 iu
1572 4543 1719 4589 infidelium
1740 4545 1806 4600 loco,
1820 4545 1899 4602 vulgo
1920 4547 2016 4601 Suuda,
2031 4547 2124 4594 limiti-

1374 4609 1423 4655 bus
1438 4610 1517 4655 huius
1531 4611 1657 4656 dioecesis
1670 4611 1756 4657 vicino
1765 4613 1988 4667 commorabatur,
1998 4614 2032 4660 ad
2042 4625 2122 4670 quem

1372 4677 1460 4723 dolose
1476 4690 1503 4723 33
1518 4680 1725 4734 transtulerunt,
1746 4679 1871 4736 diceutes,
1887 4691 1914 4725 se
1934 4681 2001 4726 velle
2023 4681 2061 4728 ibi
2080 4693 2124 4728 no·

1372 4755 1434 4789 vum
1448 4745 1611 4791 domicilium
1626 4747 1800 4800 constituere;
1816 4747 1870 4802 sed,
1884 4749 2020 4793 contracto
2031 4750 2123 4794 matri-

1373 4812 1469 4868 monio,
1484 4812 1575 4858 statim
1592 4813 1626 4859 ad
1640 4812 1754 4868 patriam
1775 4815 1957 4860 convolarunt.
1979 4818 2031 4861 Hoc
2052 4816 2121 4862 idem

1373 4880 1399 4924 iu
1414 4879 1477 4936 loco,
1492 4881 1572 4936 vulgo
1593 4881 1709 4937 Quittur,
1730 4879 1776 4938 qui
1798 4880 1871 4927 ultra
1892 4881 1972 4927 huius
1994 4882 2121 4929 dioecesis

1373 4943 1438 4990 11333
1452 4945 1525 4990 intra
1539 4955 1620 4990 unam
1633 4950 1681 4991 eut
1695 4945 1761 4990 duas
1776 4946 1861 4992 dietas
1875 4947 1908 4991 ed
1922 4947 2070 5003 plurimum
2086 4947 2122 4992 di-

1373 5013 1434 5066 stat,
1450 5023 1501 5058 uon
1516 5013 1597 5057 semel
1611 5017 1701 5070 postea
1716 5013 1787 5058 iuter
1798 5013 1988 5070 impedimenta
1998 5014 2121 5060 dirimen-

1374 5077 1412 5124 tis
1426 5078 1552 5124 habentes
1566 5080 1693 5125 similiter
1706 5081 1826 5138 contigit.

1414 5145 1500 5200 Ratio,
1515 5157 1563 5191 cur
1576 5146 1711 5203 aliquibus
1725 5147 1839 5202 videtur,
1851 5148 2030 5202 matrimonia,
2041 5148 2068 5192 in
2079 5147 2122 5193 bis

1372 5211 1557 5269 similibusque
1571 5213 1635 5259 locis
1649 5217 1792 5268 contracta,
1807 5215 1894 5260 valida
1905 5227 1961 5260 esse
1972 5215 2120 5270 iudicanda,

1372 5277 1567 5334 impedimentis
1588 5279 1776 5325 dirimentibus
1798 5281 1916 5336 seclusis,
1932 5281 1959 5327 in
1978 5294 2009 5327 eo
2030 5281 2120 5328 funda·

1373 5351 1426 5400 tur,
1441 5345 1504 5402 quia
1518 5346 1546 5391 in
1564 5346 1619 5392 illis
1640 5346 1785 5392 Tridentini
1807 5347 1944 5404 dispositio
1967 5359 2017 5394 non
2039 5348 2119 5406 viget,

1372 5423 1433 5457 curn
1447 5413 1485 5458 ihi
1499 5413 1663 5468 publicatum
1679 5425 1729 5458 uon
1744 5413 1826 5458 fuerit
1840 5425 1887 5460 333
1901 5419 2045 5473 receptum,
2057 5427 2119 5473 qne-

1372 5483 1488 5535 propter,
1501 5480 1535 5524 ad
1549 5480 1619 5526 dicta
1633 5480 1690 5527 loca
1704 5481 1896 5526 extendendum
1912 5493 1963 5527 non
1977 5495 2043 5538 esse,
2052 5495 2120 5530 asse·

1372 5557 1431 5590 rere
1445 5557 1496 5606 non
1510 5545 1642 5602 dubitant,
1658 5559 1689 5592 ex
1703 5547 1819 5604 plurium
1837 5549 1969 5594 sententia
1982 5561 2043 5594 cuns
2059 5553 2133 5608 San-¹

1371 5612 1433 5658 cheu
1454 5617 1494 5658 tto.
1510 5619 1533 5662 3,
1551 5618 1583 5658 dc
1597 5619 1761 5663 matrimoni„
1776 5619 1875 5668 despect.
1893 5620 1930 5665 18,
1948 5623 2046 5669 quaeat.
2063 5623 2086 5668 4,
2103 5629 2120 5662 a

1372 5692 1448 5726 raum.
1460 5684 1500 5730 27,
1517 5681 1564 5738 qni
1578 5681 1677 5726 acriter
1689 5693 1736 5738 pro
1746 5681 1883 5728 validitate
1893 5687 2002 5739 pugnat.
2015 5687 2120 5730 113333-

1372 5749 1425 5790 tem
1441 5747 1468 5791 in
1482 5747 1563 5792 indiis
1585 5747 1772 5804 Orientalibus,
1793 5748 1933 5805 praecipue
1948 5747 1975 5795 in
1990 5751 2039 5796 hac
2053 5751 2119 5796 dice·

1371 5813 1432 5869 cesi,
1446 5825 1506 5859 cnm
1521 5815 1558 5859 sit
1577 5815 1696 5872 proxima
1716 5815 1857 5872 praedictis
1877 5814 1948 5870 locis,
1965 5817 2118 5862 nullatenus

1372 5882 1530 5927 servandum
1544 5885 1593 5938 est,
1608 5893 1640 5927 ne
1654 5882 1757 5928 illicitis
1771 5893 1802 5928 ac
1815 5883 2004 5939 peccaminosis
2015 5875 2119 5930 coniun-

1371 5949 1503 5996 ctionibus
1517 5950 1604 5995 locum
1619 5951 1751 6007 praebeat,
1765 5955 1845 6008 prout
1860 5951 2023 6007 experientia
2037 5954 2117 5999 donet.

2154 539 2203 598 An.
2215 549 2241 601 0.
2260 553 2312 607 tlte
