4828 6990
290 545 343 600 An.
358 548 388 600 O.
411 545 478 596 1750
529 551 588 614 ΜΟ

508 686 579 749 fessi
601 687 836 752 Sanctissimum
850 685 1060 753 Eucharistiae
1075 684 1256 750 Sacramen-

509 788 577 842 tum
604 781 807 861 sumpserint,
839 780 1021 859 plenariam,
1044 796 1077 842 ac
1100 787 1163 842 tam
1183 779 1254 858 ipsis

508 885 644 937 nuncet
666 891 721 952 pro
748 883 889 955 tempore
919 873 1138 948 describendis,
1161 887 1254 951 quam

508 968 568 1029 iam
589 969 749 1048 descriptis
771 969 804 1030 in
827 968 915 1032 dictis
935 966 1252 1041 confraternitatibus,

507 1064 573 1125 sive
604 1063 816 1138 societatibus,
849 1063 916 1125 sire
944 1059 1252 1140 congregationibus,

506 1156 712 1222 confratribus
735 1163 765 1220 et
786 1156 1015 1231 consororibus,
1033 1156 1065 1218 in
1080 1155 1253 1218 cuiuscum-

506 1265 567 1330 que
587 1267 698 1314 eorum
720 1251 829 1314 mortis
851 1251 992 1326 articulo,
1008 1251 1033 1312 si
1049 1250 1165 1330 pariter
1178 1264 1254 1311 vere

507 1345 701 1422 poenitentes
723 1351 754 1407 et
776 1345 918 1420 confessi,
941 1361 974 1408 ao
996 1341 1084 1407 Sacra
1107 1342 1254 1406 Commu·

506 1437 601 1500 nione
622 1438 741 1514 refecti,
764 1439 826 1513 vel,
849 1444 1002 1518 quatenus
1029 1437 1060 1499 id
1082 1436 1180 1498 facere
1200 1450 1254 1497 ne-

504 1531 676 1610 quiverint,
699 1533 808 1596 saltem
832 1532 969 1608 contriti,
992 1547 1108 1594 nomen
1129 1530 1198 1594 iesu
1219 1547 1253 1594 ac

505 1627 564 1688 BB.
589 1625 730 1704 Virginis
750 1625 861 1688 Mariae
882 1642 947 1701 ore,
969 1625 994 1688 si
1015 1625 1186 1704 potuerint,
1202 1623 1251 1686 siu

504 1728 621 1796 autem,
648 1720 739 1783 corde
769 1719 881 1783 devote
909 1717 1134 1793 invocaverint,
1158 1719 1249 1780 etiam

504 1814 693 1894 plenariam3
716 1828 839 1876 necnon
862 1813 978 1879 eisdem
999 1811 1206 1875 confratribus
1221 1819 1251 1874 et

503 1907 731 1984 consororibus,
748 1909 801 1987 qui
819 1907 1019 1970 indominica
1036 1906 1252 1970 Sanctissimae

504 2002 663 2064 Trinitatis
685 2011 716 2064 et
737 2002 769 2064 in
791 2001 899 2065 diebus
921 1999 1150 2079 conceptionis,
1167 1997 1252 2060 Nati·

504 2095 624 2170 vitatis,
655 2094 927 2169 annuntiationis,
961 2092 1187 2156 Purificationis
1219 2099 1250 2153 et

502 2188 732 2267 Assumptionis
753 2189 891 2251 eiusdem
913 2189 946 2250 B.
972 2187 1082 2250 hieriae
1101 2184 1248 2262 Virginis,

503 2281 537 2342 in
558 2281 762 2344 Dedicationis
784 2280 815 2344 S.
839 2283 994 2346 Michaelis
1016 2279 1202 2358 Archangeli
1219 2287 1250 2340 et

504 2371 534 2438 S.
557 2375 708 2438 Francisci
730 2377 767 2439 de
790 2377 903 2439 Assisio
928 2384 1152 2456 protectorum,
1175 2385 1250 2434 vere

504 2469 699 2547 poenitentes
721 2478 752 2532 ot
773 2469 904 2533 confessi
930 2468 1168 2533 Sanctissimum
1189 2467 1250 2529 Bu·

504 2562 664 2625 cbaristiae
687 2562 921 2626 Sacramentum
943 2562 1146 2640 sumpserint,
1163 2567 1194 2622 et
1209 2559 1250 2622 ibi

505 2654 1249 2736 prochristianorumprincipumconcordiaetc.,

505 2748 676 2827 plenariam
706 2749 851 2812 similiter
882 2750 1024 2812 omnium
1055 2755 1250 2826 peccatorum

504 2856 633 2903 suorum
655 2841 884 2920 indulgentiam
906 2851 938 2905 et
958 2842 1175 2906 remissionem
1194 2839 1251 2902 mi-

503 2935 700 2998 sericorditer
721 2935 753 2998 in
775 2937 902 3000 domino
923 2935 1132 3000 concedimus.

546 3045 581 3091 ιι.
605 3029 734 3111 insuper
762 3030 870 3094 iisdem
900 3029 1107 3093 confratribus
1129 3036 1160 3092 et
1180 3043 1250 3090 oon·

505 3122 673 3198 sororibus,
696 3124 750 3201 qni
772 3123 958 3201 processioni
974 3138 1028 3203 per
1043 3122 1164 3185 easdem
1180 3137 1253 3184 con-

506 3215 726 3293 fraternitates,
749 3217 814 3278 sive
845 3217 1016 3292 societates,
1038 3217 1104 3278 sive
1124 3231 1254 3296 congre·

506 3309 656 3386 gationes,
673 3309 769 3372 indie
789 3309 867 3372 festo
881 3311 1096 3390 conceptionis
1115 3308 1253 3372 eiusdem

506 3403 540 3464 B.
563 3402 673 3466 liariae
695 3402 844 3480 Virginis,
866 3404 1000 3482 singuiis
1020 3403 1109 3466 annis
1125 3403 1191 3465 fieri
1205 3419 1252 3465 so·

507 3496 578 3558 litae
609 3495 822 3573 interfuerint,
853 3505 914 3559 tres
942 3512 1039 3560 annos
1065 3505 1096 3558 et
1123 3495 1252 3558 totidem

506 3592 728 3668 quadragenas,
761 3605 896 3665 necnon,
924 3590 978 3670 qui
1005 3589 1254 3667 congregationi-

508 3685 648 3747 bustam
679 3684 808 3764 publicis
839 3699 932 3763 quam
961 3684 1088 3763 privatis
1116 3682 1252 3761 ipsarum

507 3776 808 3852 confraternitatum,
821 3777 887 3838 sive
898 3777 1091 3852 societatum,
1104 3776 1171 3838 sive
1181 3791 1251 3838 oon·

507 3870 737 3947 gregariorum,
760 3870 813 3934 ubi
835 3869 1015 3933 earumdem
1036 3870 1161 3946 negotia
1176 3876 1252 3932 trac-

508 3971 625 4038 tantur,
652 3965 768 4040 pariter
795 3964 1011 4039 interfuerint,
1039 3970 1168 4026 centum
1189 3963 1253 4026 dies

507 4073 563 4135 pro
582 4057 721 4135 qualibet
741 4057 820 4120 vice.

547 4167 595 4213 ιιι.
619 4151 780 4215 Praeterea
800 4161 863 4215 tam
879 4151 987 4214 iisdem
1002 4149 1208 4214 confratribus
1224 4157 1254 4212 et
1292 4157 1295 4166 “

507 4247 733 4322 consororibus,
756 4263 849 4325 quam
879 4247 946 4308 aliis
977 4246 1142 4325 utriusque
1162 4261 1254 4306 senus

507 4339 769 4416 christifidelibus,
792 4341 847 4419 qui
866 4341 999 4419 singolis
1029 4341 1135 4404 diebus
1156 4338 1252 4414 festis,

508 4433 621 4510 vigiliis
644 4442 675 4496 et
688 4435 841 4497 sabbathis
856 4435 996 4498 eiusdem
1010 4434 1044 4496 B.
1058 4433 1169 4496 iliariae
1187 4431 1253 4494 Vir-

508 4527 590 4604 ginis
611 4527 644 4588 in
665 4528 800 4591 ecclesiis
820 4528 1026 4606 praefatarum
1052 4525 1254 4590 confraterni-

509 4627 620 4696 tatum,
641 4621 708 4683 sive
727 4622 921 4697 societatum,
944 4623 1010 4684 sive
1040 4618 1275 4697 congregatio-¹

509 4729 588 4776 num
619 4713 832 4790 interfuerint,
855 4723 886 4777 et
907 4715 949 4777 ibi
981 4715 1102 4777 litanias
1123 4720 1156 4776 et
1176 4713 1254 4775 anti·

508 4809 649 4888 phonam,
665 4807 756 4872 Soloe
777 4807 900 4888 ilcpirto
915 4808 1105 4883 audiverint,
1120 4814 1173 4870 aut
1188 4805 1255 4868 illas

507 4904 719 4979 recitaverint,
742 4904 863 4982 quoties
884 4904 914 4966 id
941 4901 1083 4978 iecerint,
1107 4902 1255 4964 ducentos

510 4999 592 5075 dies3
614 5014 736 5078 necnon
759 4999 868 5062 iisdem
883 4998 1089 5061 confratribus
1103 5004 1255 5059 etoonso·

509 5094 632 5155 roribus
654 5102 788 5169 tantum,
812 5095 866 5172 qui
887 5110 1013 5173 corpora
1034 5095 1255 5158 defunctorum

510 5187 701 5250 confratrum
720 5195 751 5250 et
779 5203 982 5256 consororum
1012 5195 1048 5255 ad
1076 5193 1256 5257 ecclesiasti-

510 5305 576 5352 cam
603 5288 797 5366 sepulturam
828 5289 965 5352 comitati
995 5289 1125 5365 fuerint,
1148 5296 1179 5351 et
1200 5305 1256 5368 pro

511 5383 605 5462 ipsius
631 5381 769 5446 defuncti
799 5384 901 5446 anima
932 5398 1037 5463 preces
1059 5383 1120 5446 Beo
1142 5383 1257 5446 elinde-

511 5478 586 5551 rint,
610 5477 757 5539 ducentos
778 5477 841 5539 dies
861 5493 916 5556 pro
930 5477 1067 5556 qualibet
1082 5477 1163 5539 vice:
1181 5492 1256 5555 quo-

511 5574 568 5635 ties
587 5589 661 5634 vero
676 5572 881 5636 conscientiae
895 5588 968 5634 suae
982 5587 1111 5650 vespere
1126 5587 1255 5634 eramen

512 5667 655 5740 fecerint,
681 5675 713 5728 et
738 5667 922 5745 protectioni
950 5667 1088 5728 eiusdem
1116 5666 1258 5728 Beatissi-

512 5776 579 5822 mae
611 5759 749 5837 Virginis
780 5760 891 5822 hiariae
921 5765 952 5822 et
973 5760 1084 5837 hugeii
1116 5761 1257 5823 Custodis

511 5871 577 5916 sese
597 5855 897 5928 commendaverint,
920 5855 1010 5916 toties
1032 5862 1160 5916 centum
1181 5854 1255 5917 dies.

554 5950 762 6025 1v.iisvero,
793 5949 857 6028 qui,
881 5947 912 6011 in
940 5947 1092 6010 honorem
1116 5948 1256 6011 eiusdem

1030 566 1095 612 ιιιιι.
1118 565 1208 612 nour.
1233 567 1273 611 nra
1294 566 1323 614 a.
1347 568 1376 613 r.
1401 566 1526 626 ranem.

1309 685 1526 748 immaculatae
1557 686 1694 764 Virginis
1722 686 1845 762 biariae,
1868 685 2054 766 pauperibus

1308 778 1430 858 puellis,
1453 795 1494 842 ne
1514 781 1547 842 in
1568 780 1680 844 diaboii
1708 787 1888 860 potestatem
1915 780 2052 855 veniant,

1308 873 1514 936 subvenerint
1535 881 1565 936 et
1587 875 1739 938 auxilium
1761 874 1983 954 praestiterint,
2001 883 2055 936 aut

1308 967 1418 1045 quovis
1440 970 1531 1030 modo
1552 968 1732 1032 earumdem
1753 969 1917 1048 pudicitiae
1931 985 2055 1031 conser-

1309 1061 1425 1123 vandae
1457 1063 1646 1126 occasionem
1676 1062 1887 1142 praebuerint,
1919 1061 2054 1141 quoties·

1308 1169 1441 1232 cumque
1463 1155 1538 1217 baec
1559 1155 1693 1233 egerint,
1716 1171 1836 1217 annum
1858 1170 1977 1232 nnum;
2000 1153 2052 1234 qui

1309 1261 1383 1308 vero
1415 1248 1480 1326 paci
1501 1255 1532 1310 et
1560 1245 1676 1311 unioni
1701 1249 1785 1311 inter
1816 1247 1921 1311 fideles
1942 1248 2054 1311 consti-

1309 1339 1441 1402 tuendae
1461 1356 1552 1418 opera
1572 1342 1729 1418 dederint,
1752 1350 1805 1405 aut
1826 1351 1985 1421 peccatum
2006 1360 2052 1405 re-

1308 1433 1469 1511 liquerint,
1491 1443 1545 1498 aot
1565 1435 1726 1515 hospitalia
1748 1445 1779 1498 et
1799 1445 1968 1501 carceratos
1983 1436 2054 1498 visi-

1308 1527 1453 1602 taverint,
1476 1534 1507 1589 et
1528 1528 1707 1605 ignorantes
1728 1530 1900 1593 doctrinam
1915 1529 2054 1592 christia·

1307 1635 1378 1682 nam
1401 1621 1576 1696 docuerint,
1608 1622 1768 1700 sexaginta
1789 1622 1853 1684 dies
1880 1638 1936 1701 pro
1957 1619 2053 1700 qnali-

1308 1714 1359 1776 bet
1380 1714 1465 1776 vice:
1490 1715 1526 1776 iis
1548 1731 1635 1791 vero,
1658 1717 1711 1796 qui
1732 1715 1868 1779 officium
1890 1716 1924 1776 B.
1941 1715 2053 1778 biariae

1306 1807 1445 1884 Virginis
1467 1809 1578 1871 devote
1598 1809 1811 1885 recitaverint,
1828 1809 2052 1890 quinquaginta

1305 1901 1368 1964 dies
1383 1917 1439 1980 pro
1453 1902 1589 1981 qualibet
1605 1904 1682 1980 vice,
1699 1903 1798 1981 etqui
1813 1903 1952 1982 quotidie
1967 1919 2054 1981 prae-

1305 1996 1403 2058 fatum
1424 1995 1559 2060 officium
1582 2013 1637 2077 per
1657 2013 1797 2061 mensem
1811 1997 1997 2060 continuum
2012 1998 2054 2059 si·

1305 2089 1422 2151 militer
1453 2090 1664 2167 recitaverint,
1693 2091 1719 2152 si
1751 2091 1880 2154 confessi
1909 2103 1940 2153 et
1969 2107 2052 2153 sacra

1305 2183 1527 2246 communione
1547 2184 1656 2248 refecti
1677 2184 1805 2261 fuerint,
1822 2192 1942 2263 septem
1956 2200 2052 2247 annos

1304 2285 1336 2338 et
1358 2277 1486 2341 totidem
1508 2280 1717 2356 quadragenas
1732 2274 1829 2342 semel
1843 2295 1900 2358 pro
1914 2279 2053 2359 quolibet

1307 2387 1413 2434 mense
1434 2371 1472 2434 de
1493 2373 1641 2436 iniunctis
1669 2374 1724 2448 eis,
1745 2389 1801 2437 sen
1829 2373 1902 2437 alias
1922 2389 2051 2452 quomo·

1304 2465 1419 2528 doiibet
1441 2467 1551 2530 debitis
1566 2468 1777 2548 poenitentiis,
1794 2469 1826 2530 in
1843 2467 1941 2530 forma
1954 2468 2050 2531 eccie-

1305 2559 1368 2623 siae
1389 2571 1535 2625 consueta
1556 2562 1740 2628 relaxamus,

1346 2672 1374 2714 v.
1400 2656 1558 2718 Praeterea
1588 2673 1696 2720 omnes
1722 2666 1753 2721 et
1779 2659 1918 2736 singulas
1949 2657 2051 2721 iudni·

1307 2749 1437 2827 gentias,
1471 2759 1666 2830 peecatorum
1698 2753 1906 2826 remissiones,
1940 2768 2051 2832 poena-

1306 2859 1440 2922 rumque
1460 2845 1665 2909 relaxationes
1686 2863 1703 2910 a
1724 2839 1891 2925 quibusvis
1905 2846 2052 2908 Romanis

1308 2937 1508 3002 Pontificibus
1535 2939 1819 3017 praedecessoribus
1847 2939 1960 3002 nostris
1981 2955 2053 3002 con-

1307 3049 1415 3108 cessas,
1431 3032 1480 3109 iis,
1496 3034 1550 3112 qui
1566 3033 1786 3098 Viam-Crucis
1799 3033 1989 3112 peregerint,
2004 3049 2054 3096 co-

1308 3143 1415 3189 ronam
1438 3128 1635 3191 Beatissimae
1657 3128 1793 3205 Virginis
1819 3128 1942 3202 itariae,
1964 3137 1995 3189 et
2016 3127 2053 3189 li·

1308 3222 1404 3282 tanias
1419 3222 1558 3285 eiusdem
1574 3222 1724 3300 Virginis,
1741 3223 1791 3285 vel
1806 3237 1952 3284 coronam
1963 3223 1998 3283 b.
2013 3221 2050 3284 N.

1307 3313 1374 3376 iesu
1395 3314 1509 3378 Christi
1538 3315 1750 3391 recitaverint,
1773 3316 1845 3394 ipsis
1866 3315 1960 3378 etiam
1981 3331 2054 3377 con-

1308 3407 1555 3485 gregationibus,
1575 3410 1640 3470 sive
1661 3410 1869 3485 societatibus,
1893 3409 1960 3470 sive
1981 3424 2053 3470 con-

1307 3498 1552 3565 fraternitatibns
1572 3504 1630 3566 sub
1649 3504 1848 3566 invocatione
1873 3503 2054 3581 conceptio-

1307 3597 1356 3658 nis
1376 3598 1573 3660 Beatissimae
1595 3601 1706 3664 Mariae
1727 3600 1866 3678 Virginis
1887 3615 1921 3661 ea
1937 3596 2051 3672 omnia,

1307 3709 1385 3771 quae
1408 3692 1625 3759 Viam-Crucis
1656 3697 1885 3774 peragentibus,
1908 3711 2053 3758 coronam

1308 3798 1339 3852 et
1360 3790 1481 3851 litanias
1512 3789 1546 3850 Β.
1569 3788 1720 3867 Virginis,
1754 3805 1874 3852 necnon
1907 3805 2053 3852 coronam

1307 3883 1341 3944 b.
1366 3882 1403 3944 N.
1427 3884 1494 3945 iesu
1516 3883 1630 3947 Christi
1652 3883 1853 3946 recitantibus
1867 3881 2052 3961 praescripta

1308 3984 1514 4054 praestantur,
1542 3976 1650 4038 itidem
1678 3975 2053 4055 praestantibus‘pariter

1308 4069 1506 4133 concedimus
1528 4077 1559 4132 et
1580 4070 1742 4147 largimur.
1921 4089 1926 4120 ι

1347 4165 1566 4243 ιιι.,1)θιιίιιιιε,
1590 4181 1629 4226 ne
1651 4171 1714 4226 tam
1744 4164 1832 4241 pium
1863 4180 1939 4242 opus
1970 4163 2053 4226 debi-

1309 4266 1440 4338 tumque
1470 4275 1543 4337 erga
1571 4259 1784 4321 Beatissimam
1812 4258 1899 4335 Virg.
1928 4258 2054 4319 Mariam

1308 4353 1492 4432 obsequium
1520 4369 1574 4431 per
1605 4352 1742 4414 eiusdem
1769 4353 1844 4415 iusti
1869 4369 1885 4412 a
1915 4351 2054 4414 Valentia

1307 4447 1427 4510 obitum
1442 4446 1681 4522 intermittatur,
1694 4447 1745 4508 sed
1762 4445 1864 4524 potius
1879 4445 1976 4522 magis
1990 4461 2053 4508 ma-

1308 4540 1415 4618 gisque
1447 4541 1647 4617 adaugeatur,
1676 4539 1722 4601 ilii
1750 4541 1921 4614 dumtaxat,
1944 4540 2053 4620 quiin

1307 4634 1403 4711 ipsius
1435 4633 1511 4696 iusti
1532 4651 1546 4694 a
1569 4633 1711 4696 Valentia
1742 4632 1844 4695 locum
1866 4639 1896 4694 et
1918 4633 2053 4696 officium

1307 4749 1363 4812 pro
1379 4737 1517 4806 tempore
1534 4728 1763 4806 inperpetuum
1777 4727 1969 4802 successerit,
1983 4728 2055 4789 mis·

1308 4825 1441 4889 sionario
1463 4831 1493 4885 et
1514 4821 1773 4900 congregationis,
1796 4821 1863 4882 sive
1889 4821 2053 4897 societatis,

1307 4921 1373 4982 sive
1395 4916 1657 4981 confraternitatis
1678 4915 1710 4976 in
1725 4915 1852 4977 civitate
1866 4915 2052 4992 iiaraoaybo,

1308 5021 1343 5078 ut
1365 5011 1585 5093 praemittitur,
1608 5010 1781 5083 institutae,
1803 5017 1923 5070 erectae
1937 5025 1970 5070 ac
1985 5007 2055 5070 fun-

1309 5110 1395 5172 datae
1415 5105 1561 5168 directori
1582 5103 1758 5166 facultatem
1786 5102 1951 5164 tribuimus
1972 5108 2003 5162 et
2025 5117 2057 5162 e-

1309 5201 1472 5278 largimur,
1496 5206 1531 5260 nt
1552 5197 1624 5260 alias
1645 5197 1676 5258 in
1703 5195 1799 5258 indiis
1827 5195 2053 5269 tantummodo,

1309 5301 1340 5356 et
1362 5293 1456 5372 petita
1477 5306 1600 5369 semper
1620 5299 1712 5368 atque
1733 5290 1858 5351 obtenta
1876 5288 1913 5350 ab
1934 5287 2057 5349 ordina-

1310 5387 1362 5448 riis
1384 5387 1523 5450 iocorum
1550 5383 1739 5446 antistitibus
1769 5382 1903 5456 licentia,
1926 5396 2058 5458 congre-

1310 5480 1459 5556 gationes,
1481 5479 1548 5540 sive
1568 5477 1738 5552 societates,
1759 5475 1826 5537 sive
1852 5473 2056 5538 confraterni-

2083 519 2138 600 An,
2152 549 2184 602 o.
2207 549 2278 606 1750

1310 5583 1398 5648 tates,
1422 5574 1479 5634 sub
1500 5572 1697 5633 invocatione
1710 5569 1825 5646 pariter
1840 5569 2056 5647 conceptionis
2089 5637 2091 5640 ,

1311 5666 1449 5729 eiusdem
1470 5664 1668 5746 Beatissimae
1689 5662 1827 5739 Virginis
1844 5663 1954 5724 hiariae
1969 5661 2057 5723 insti-

1311 5768 1410 5849 tuere,
1434 5760 1554 5835 erigere
1575 5765 1606 5820 et
1627 5756 1767 5832 fundare,
1796 5771 1918 5818 necnon
1940 5771 2056 5816 memo·

1310 5865 1395 5916 ratae
1425 5851 1676 5928 congregationi,
1708 5851 1774 5910 sive
1803 5849 1959 5924 societati,
1991 5848 2056 5909 sive

1310 5945 1556 6010 confraternitati
1586 5944 1720 6007 civitatis
1747 5942 1922 6021 Maraoaybo
1949 5956 2059 6019 aggre-
