<?xml version="1.0" encoding="UTF-8"?>
<!DOCTYPE html PUBLIC "-//W3C//DTD XHTML 1.0 Transitional//EN"
    "http://www.w3.org/TR/xhtml1/DTD/xhtml1-transitional.dtd">
<html xmlns="http://www.w3.org/1999/xhtml" xml:lang="en" lang="en">
 <head>
  <title>
</title>
<meta http-equiv="Content-Type" content="text/html;charset=utf-8" />
  <meta name='ocr-system' content='tesseract 3.04.00' />
  <meta name='ocr-capabilities' content='ocr_page ocr_carea ocr_par ocr_line ocrx_word'/>
</head>
<body>
  <div class='ocr_page' id='page_1' title='image "./iurispontificii02martgoog/iurispontificii02martgoog_0501.png"; bbox 0 0 4856 6984; ppageno 0'>
   <div class='ocr_carea' id='block_1_1' title="bbox 159 537 348 590">
    <p class='ocr_par' dir='ltr' id='par_1_1' title="bbox 159 537 348 590">
     <span class='ocr_line' id='line_1_1' title="bbox 159 537 348 590; baseline 0 -2"><span class='ocrx_word' id='word_1_1' title='bbox 159 539 211 588; x_wconf 76' lang='lat' dir='ltr'>An.</span> <span class='ocrx_word' id='word_1_2' title='bbox 225 537 255 588; x_wconf 81' lang='lat'>0.</span> <span class='ocrx_word' id='word_1_3' title='bbox 280 538 348 590; x_wconf 75' lang='lat'>1752</span> 
     </span>
    </p>
   </div>
   <div class='ocr_carea' id='block_1_2' title="bbox 1009 545 1289 592">
    <p class='ocr_par' dir='ltr' id='par_1_2' title="bbox 1009 545 1289 592">
     <span class='ocr_line' id='line_1_2' title="bbox 1009 545 1289 592; baseline 0 -2"><span class='ocrx_word' id='word_1_4' title='bbox 1009 545 1203 592; x_wconf 76' lang='lat' dir='ltr'>ouaaolcvds</span> <span class='ocrx_word' id='word_1_5' title='bbox 1226 545 1289 590; x_wconf 83' lang='lat' dir='ltr'>lllll.</span> 
     </span>
    </p>
   </div>
   <div class='ocr_carea' id='block_1_3' title="bbox 1842 519 2137 584">
    <p class='ocr_par' dir='ltr' id='par_1_3' title="bbox 1842 519 2137 584">
     <span class='ocr_line' id='line_1_3' title="bbox 1842 519 2137 584; baseline -0.014 -8"><span class='ocrx_word' id='word_1_6' title='bbox 1842 519 1899 584; x_wconf 68' lang='lat'>485</span> <span class='ocrx_word' id='word_1_7' title='bbox 1950 519 2003 574; x_wconf 77' lang='lat' dir='ltr'>Au.</span> <span class='ocrx_word' id='word_1_8' title='bbox 2017 521 2048 574; x_wconf 79' lang='lat' dir='ltr'>O.</span> <span class='ocrx_word' id='word_1_9' title='bbox 2070 519 2137 573; x_wconf 80' lang='lat'>1752</span> 
     </span>
    </p>
   </div>
   <div class='ocr_carea' id='block_1_4' title="bbox 377 662 1919 933">
    <p class='ocr_par' dir='ltr' id='par_1_4' title="bbox 377 662 1919 933">
     <span class='ocr_line' id='line_1_4' title="bbox 379 662 1915 747; baseline -0.003 -19"><span class='ocrx_word' id='word_1_10' title='bbox 379 666 470 728; x_wconf 90' lang='lat' dir='ltr'>missa</span> <span class='ocrx_word' id='word_1_11' title='bbox 485 667 664 744; x_wconf 89' lang='lat' dir='ltr'>praestanda</span> <span class='ocrx_word' id='word_1_12' title='bbox 678 666 872 742; x_wconf 79' lang='lat' dir='ltr'>accesserint,</span> <span class='ocrx_word' id='word_1_13' title='bbox 889 663 1121 730; x_wconf 78' lang='lat' dir='ltr'><strong>contumacibus</strong></span> <span class='ocrx_word' id='word_1_14' title='bbox 1178 668 1389 747; x_wconf 80' lang='lat' dir='ltr'>iustitiaeque</span> <span class='ocrx_word' id='word_1_15' title='bbox 1410 665 1646 746; x_wconf 82' lang='lat' dir='ltr'>promptissimo</span> <span class='ocrx_word' id='word_1_16' title='bbox 1676 669 1781 727; x_wconf 85' lang='lat' dir='ltr'>tacere</span> <span class='ocrx_word' id='word_1_17' title='bbox 1802 662 1915 742; x_wconf 73' lang='lat' dir='ltr'>offecit,</span> 
     </span>
     <span class='ocr_line' id='line_1_5' title="bbox 378 756 1919 840; baseline -0.003 -19"><span class='ocrx_word' id='word_1_18' title='bbox 378 760 411 821; x_wconf 95' lang='lat' dir='ltr'>in</span> <span class='ocrx_word' id='word_1_19' title='bbox 427 761 549 840; x_wconf 91' lang='lat' dir='ltr'>propria</span> <span class='ocrx_word' id='word_1_20' title='bbox 564 759 738 839; x_wconf 82' lang='lat' dir='ltr'>perditione</span> <span class='ocrx_word' id='word_1_21' title='bbox 752 760 916 823; x_wconf 80' lang='lat' dir='ltr'>derelictis.</span> <span class='ocrx_word' id='word_1_22' title='bbox 931 761 1032 835; x_wconf 83' lang='lat' dir='ltr'>Quum</span> <span class='ocrx_word' id='word_1_23' title='bbox 1048 776 1120 821; x_wconf 91' lang='lat' dir='ltr'>vero</span> <span class='ocrx_word' id='word_1_24' title='bbox 1176 769 1214 824; x_wconf 89' lang='lat' dir='ltr'>at</span> <span class='ocrx_word' id='word_1_25' title='bbox 1237 763 1339 825; x_wconf 81' lang='lat' dir='ltr'>auritio</span> <span class='ocrx_word' id='word_1_26' title='bbox 1353 779 1411 824; x_wconf 87' lang='lat' dir='ltr'>sae</span> <span class='ocrx_word' id='word_1_27' title='bbox 1433 760 1551 826; x_wconf 82' lang='lat' dir='ltr'>lactari</span> <span class='ocrx_word' id='word_1_28' title='bbox 1565 764 1702 840; x_wconf 81' lang='lat' dir='ltr'>possent,</span> <span class='ocrx_word' id='word_1_29' title='bbox 1719 756 1795 838; x_wconf 85' lang='lat' dir='ltr'>qaia</span> <span class='ocrx_word' id='word_1_30' title='bbox 1810 757 1857 818; x_wconf 85' lang='lat' dir='ltr'>sic</span> <span class='ocrx_word' id='word_1_31' title='bbox 1872 771 1919 817; x_wconf 88' lang='lat' dir='ltr'>re·</span> 
     </span>
     <span class='ocr_line' id='line_1_6' title="bbox 377 853 1377 933; baseline 0.005 -18"><span class='ocrx_word' id='word_1_32' title='bbox 377 855 575 918; x_wconf 88' lang='lat' dir='ltr'>haecomnia</span> <span class='ocrx_word' id='word_1_33' title='bbox 597 873 612 916; x_wconf 93' lang='lat' dir='ltr'>a</span> <span class='ocrx_word' id='word_1_34' title='bbox 634 862 675 932; x_wconf 94' lang='lat' dir='ltr'>te,</span> <span class='ocrx_word' id='word_1_35' title='bbox 692 855 801 918; x_wconf 89' lang='lat' dir='ltr'>dilecte</span> <span class='ocrx_word' id='word_1_36' title='bbox 823 856 879 933; x_wconf 87' lang='lat' dir='ltr'>tili,</span> <span class='ocrx_word' id='word_1_37' title='bbox 895 855 1047 918; x_wconf 70' lang='lat' dir='ltr'>iusta‘tui</span> <span class='ocrx_word' id='word_1_38' title='bbox 1064 853 1120 915; x_wconf 92' lang='lat' dir='ltr'>mi·</span> <span class='ocrx_word' id='word_1_39' title='bbox 1177 858 1249 918; x_wconf 86' lang='lat' dir='ltr'>acti</span> <span class='ocrx_word' id='word_1_40' title='bbox 1272 863 1377 920; x_wconf 83' lang='lat' dir='ltr'>creat.</span> 
     </span>
    </p>
   </div>
   <div class='ocr_carea' id='block_1_5' title="bbox 135 949 1120 5981">
    <p class='ocr_par' dir='ltr' id='par_1_5' title="bbox 378 949 1119 1030">
     <span class='ocr_line' id='line_1_7' title="bbox 378 949 1119 1030; baseline -0.001 -18"><span class='ocrx_word' id='word_1_41' title='bbox 378 951 499 1012; x_wconf 85' lang='lat' dir='ltr'>misterii</span> <span class='ocrx_word' id='word_1_42' title='bbox 511 951 759 1027; x_wconf 89' lang='lat' dir='ltr'>debitum,nobis</span> <span class='ocrx_word' id='word_1_43' title='bbox 771 951 936 1030; x_wconf 88' lang='lat' dir='ltr'>diligenter</span> <span class='ocrx_word' id='word_1_44' title='bbox 948 949 1119 1012; x_wconf 88' lang='lat' dir='ltr'>relatalue-</span> 
     </span>
    </p>

    <p class='ocr_par' dir='ltr' id='par_1_6' title="bbox 144 1043 1120 1496">
     <span class='ocr_line' id='line_1_8' title="bbox 379 1043 1120 1124; baseline 0 -20"><span class='ocrx_word' id='word_1_45' title='bbox 379 1043 455 1117; x_wconf 89' lang='lat' dir='ltr'>rint,</span> <span class='ocrx_word' id='word_1_46' title='bbox 478 1049 509 1104; x_wconf 90' lang='lat' dir='ltr'>et</span> <span class='ocrx_word' id='word_1_47' title='bbox 530 1058 585 1121; x_wconf 89' lang='lat' dir='ltr'>pro</span> <span class='ocrx_word' id='word_1_48' title='bbox 607 1051 780 1124; x_wconf 88' lang='lat' dir='ltr'>opportuna</span> <span class='ocrx_word' id='word_1_49' title='bbox 800 1044 981 1107; x_wconf 80' lang='lat' dir='ltr'>facultatum</span> <span class='ocrx_word' id='word_1_50' title='bbox 999 1058 1120 1106; x_wconf 92' lang='lat' dir='ltr'>conces·</span> 
     </span>
     <span class='ocr_line' id='line_1_9' title="bbox 157 1136 1118 1206; baseline -0.008 0"><span class='ocrx_word' id='word_1_51' title='bbox 157 1145 361 1206; x_wconf 65' lang='lat' dir='ltr'>eontseqresa-</span> <span class='ocrx_word' id='word_1_52' title='bbox 378 1136 465 1198; x_wconf 90' lang='lat' dir='ltr'>sione</span> <span class='ocrx_word' id='word_1_53' title='bbox 485 1154 521 1200; x_wconf 91' lang='lat' dir='ltr'>su</span> <span class='ocrx_word' id='word_1_54' title='bbox 566 1137 707 1200; x_wconf 89' lang='lat' dir='ltr'>licatum·</span> <span class='ocrx_word' id='word_1_55' title='bbox 731 1154 787 1200; x_wconf 92' lang='lat' dir='ltr'>nos</span> <span class='ocrx_word' id='word_1_56' title='bbox 810 1153 883 1199; x_wconf 90' lang='lat' dir='ltr'>vero</span> <span class='ocrx_word' id='word_1_57' title='bbox 900 1137 935 1198; x_wconf 93' lang='lat' dir='ltr'>ad</span> <span class='ocrx_word' id='word_1_58' title='bbox 951 1152 1018 1198; x_wconf 89' lang='lat' dir='ltr'>rem</span> <span class='ocrx_word' id='word_1_59' title='bbox 1033 1152 1118 1198; x_wconf 89' lang='lat' dir='ltr'>accu-</span> 
     </span>
     <span class='ocr_line' id='line_1_10' title="bbox 144 1153 1119 1314; baseline -0.003 -21"><span class='ocrx_word' id='word_1_60' title='bbox 144 1195 360 1314; x_wconf 48' lang='grc' dir='ltr'>ἷιῗῑῖῗὲἰὲιρέἳῧῖῗ</span> <span class='ocrx_word' id='word_1_61' title='bbox 378 1239 443 1292; x_wconf 89' lang='lat' dir='ltr'>rate</span> <span class='ocrx_word' id='word_1_62' title='bbox 457 1153 681 1309; x_wconf 57' lang='lat' dir='ltr'>inspffienoam</span> <span class='ocrx_word' id='word_1_63' title='bbox 699 1185 730 1294; x_wconf 70' lang='lat' dir='ltr'>et</span> <span class='ocrx_word' id='word_1_64' title='bbox 745 1231 992 1311; x_wconf 85' lang='lat' dir='ltr'>perpendendam</span> <span class='ocrx_word' id='word_1_65' title='bbox 1007 1229 1119 1291; x_wconf 90' lang='lat' dir='ltr'>nonni-</span> 
     </span>
     <span class='ocr_line' id='line_1_11' title="bbox 144 1303 1118 1414; baseline -0.002 -29"><span class='ocrx_word' id='word_1_66' title='bbox 144 1303 265 1414; x_wconf 53' lang='lat' dir='ltr'>ffinmm</span> <span class='ocrx_word' id='word_1_67' title='bbox 281 1313 359 1348; x_wconf 51' lang='lat'><strong>⁵⁰⁸⁰*</strong></span> <span class='ocrx_word' id='word_1_68' title='bbox 377 1323 422 1385; x_wconf 89' lang='lat' dir='ltr'>hil</span> <span class='ocrx_word' id='word_1_69' title='bbox 444 1326 592 1403; x_wconf 93' lang='lat' dir='ltr'>temporis</span> <span class='ocrx_word' id='word_1_70' title='bbox 619 1325 859 1404; x_wconf 72' lang='lat' dir='ltr'>sumpserimus,</span> <span class='ocrx_word' id='word_1_71' title='bbox 889 1340 974 1386; x_wconf 92' lang='lat' dir='ltr'>nunc</span> <span class='ocrx_word' id='word_1_72' title='bbox 996 1321 1118 1385; x_wconf 87' lang='lat' dir='ltr'>tandem</span> 
     </span>
     <span class='ocr_line' id='line_1_12' title="bbox 377 1418 1120 1496; baseline -0.003 -16"><span class='ocrx_word' id='word_1_73' title='bbox 377 1418 573 1482; x_wconf 86' lang='lat' dir='ltr'>decrevimus</span> <span class='ocrx_word' id='word_1_74' title='bbox 595 1419 782 1482; x_wconf 87' lang='lat' dir='ltr'>sententiam</span> <span class='ocrx_word' id='word_1_75' title='bbox 800 1426 937 1480; x_wconf 90' lang='lat' dir='ltr'>nostram</span> <span class='ocrx_word' id='word_1_76' title='bbox 960 1418 1013 1481; x_wconf 91' lang='lat' dir='ltr'>bae</span> <span class='ocrx_word' id='word_1_77' title='bbox 1027 1433 1120 1496; x_wconf 91' lang='lat' dir='ltr'>super</span> 
     </span>
    </p>

    <p class='ocr_par' dir='ltr' id='par_1_7' title="bbox 141 1512 1119 2059">
     <span class='ocr_line' id='line_1_13' title="bbox 378 1512 1119 1591; baseline 0 -19"><span class='ocrx_word' id='word_1_78' title='bbox 378 1527 423 1589; x_wconf 88' lang='lat' dir='ltr'>re,</span> <span class='ocrx_word' id='word_1_79' title='bbox 436 1527 514 1590; x_wconf 91' lang='lat' dir='ltr'>quae</span> <span class='ocrx_word' id='word_1_80' title='bbox 528 1513 633 1590; x_wconf 85' lang='lat' dir='ltr'>magni</span> <span class='ocrx_word' id='word_1_81' title='bbox 649 1513 801 1576; x_wconf 86' lang='lat' dir='ltr'>momenti</span> <span class='ocrx_word' id='word_1_82' title='bbox 813 1512 922 1575; x_wconf 85' lang='lat' dir='ltr'>ellectu</span> <span class='ocrx_word' id='word_1_83' title='bbox 936 1527 1042 1591; x_wconf 89' lang='lat' dir='ltr'>parere</span> <span class='ocrx_word' id='word_1_84' title='bbox 1053 1519 1119 1590; x_wconf 92' lang='lat' dir='ltr'>pot-</span> 
     </span>
     <span class='ocr_line' id='line_1_14' title="bbox 154 1609 1118 1774; baseline 0.006 -18"><span class='ocrx_word' id='word_1_85' title='bbox 154 1612 436 1774; x_wconf 44' lang='lat' dir='ltr'>aequimodas-8815,</span> <span class='ocrx_word' id='word_1_86' title='bbox 456 1621 490 1760; x_wconf 62' lang='lat' dir='ltr'>[lan</span> <span class='ocrx_word' id='word_1_87' title='bbox 511 1616 631 1763; x_wconf 32' lang='lat' dir='ltr'>{capparis</span> <span class='ocrx_word' id='word_1_88' title='bbox 648 1609 828 1764; x_wconf 46' lang='lat' dir='ltr'>dgffligrssgein</span> <span class='ocrx_word' id='word_1_89' title='bbox 845 1701 973 1764; x_wconf 91' lang='lat' dir='ltr'>dubium</span> <span class='ocrx_word' id='word_1_90' title='bbox 996 1717 1118 1764; x_wconf 89' lang='lat' dir='ltr'>revoca-</span> 
     </span>
     <span class='ocr_line' id='line_1_15' title="bbox 142 1753 1117 1874; baseline 0.006 -24"><span class='ocrx_word' id='word_1_91' title='bbox 142 1753 359 1870; x_wconf 53' lang='lat' dir='ltr'>{ffisd‘ssnsn‘ffe&#39;r&#39;r&#39;d</span> <span class='ocrx_word' id='word_1_92' title='bbox 379 1802 440 1868; x_wconf 88' lang='lat' dir='ltr'>tur,</span> <span class='ocrx_word' id='word_1_93' title='bbox 463 1795 611 1874; x_wconf 90' lang='lat' dir='ltr'>quidquid</span> <span class='ocrx_word' id='word_1_94' title='bbox 630 1797 666 1857; x_wconf 93' lang='lat' dir='ltr'>in</span> <span class='ocrx_word' id='word_1_95' title='bbox 689 1795 770 1857; x_wconf 88' lang='lat' dir='ltr'>bollo</span> <span class='ocrx_word' id='word_1_96' title='bbox 791 1796 872 1858; x_wconf 93' lang='lat' dir='ltr'>iusto</span> <span class='ocrx_word' id='word_1_97' title='bbox 893 1795 1024 1874; x_wconf 90' lang='lat' dir='ltr'>capitur,</span> <span class='ocrx_word' id='word_1_98' title='bbox 1037 1796 1117 1874; x_wconf 90' lang='lat' dir='ltr'>quod</span> 
     </span>
     <span class='ocr_line' id='line_1_16' title="bbox 141 1865 1118 1967; baseline 0 -19"><span class='ocrx_word' id='word_1_99' title='bbox 141 1865 212 1906; x_wconf 76' lang='lat'><strong>&#39;⁰⁵¹⁰</strong></span> <span class='ocrx_word' id='word_1_100' title='bbox 228 1865 318 1908; x_wconf 55' lang='lat'>⁰⁰²⁰*</span> <span class='ocrx_word' id='word_1_101' title='bbox 376 1888 411 1949; x_wconf 89' lang='lat' dir='ltr'>ad</span> <span class='ocrx_word' id='word_1_102' title='bbox 426 1887 549 1951; x_wconf 89' lang='lat' dir='ltr'>hostem</span> <span class='ocrx_word' id='word_1_103' title='bbox 563 1889 750 1967; x_wconf 87' lang='lat' dir='ltr'>pertinebat,</span> <span class='ocrx_word' id='word_1_104' title='bbox 763 1890 795 1952; x_wconf 89' lang='lat' dir='ltr'>in</span> <span class='ocrx_word' id='word_1_105' title='bbox 807 1889 933 1950; x_wconf 88' lang='lat' dir='ltr'>victoris</span> <span class='ocrx_word' id='word_1_106' title='bbox 943 1887 1118 1950; x_wconf 91' lang='lat' dir='ltr'>dominium</span> 
     </span>
     <span class='ocr_line' id='line_1_17' title="bbox 376 1981 1119 2059; baseline 0 -17"><span class='ocrx_word' id='word_1_107' title='bbox 376 1981 525 2059; x_wconf 88' lang='lat' dir='ltr'>transire;</span> <span class='ocrx_word' id='word_1_108' title='bbox 548 1982 672 2045; x_wconf 89' lang='lat' dir='ltr'>mobilia</span> <span class='ocrx_word' id='word_1_109' title='bbox 692 1983 809 2046; x_wconf 90' lang='lat' dir='ltr'>scilicet</span> <span class='ocrx_word' id='word_1_110' title='bbox 829 1981 862 2044; x_wconf 90' lang='lat' dir='ltr'>in</span> <span class='ocrx_word' id='word_1_111' title='bbox 885 1981 968 2044; x_wconf 91' lang='lat' dir='ltr'>illius</span> <span class='ocrx_word' id='word_1_112' title='bbox 989 1990 1119 2059; x_wconf 90' lang='lat' dir='ltr'>potesta·</span> 
     </span>
    </p>

    <p class='ocr_par' dir='ltr' id='par_1_8' title="bbox 375 2074 1118 2155">
     <span class='ocr_line' id='line_1_18' title="bbox 375 2074 1118 2155; baseline 0 -20"><span class='ocrx_word' id='word_1_113' title='bbox 375 2081 451 2150; x_wconf 92' lang='lat' dir='ltr'>tem,</span> <span class='ocrx_word' id='word_1_114' title='bbox 473 2077 527 2154; x_wconf 92' lang='lat' dir='ltr'>qui</span> <span class='ocrx_word' id='word_1_115' title='bbox 541 2077 661 2155; x_wconf 91' lang='lat' dir='ltr'>primus</span> <span class='ocrx_word' id='word_1_116' title='bbox 682 2093 715 2138; x_wconf 92' lang='lat' dir='ltr'>ea</span> <span class='ocrx_word' id='word_1_117' title='bbox 731 2076 936 2154; x_wconf 85' lang='lat' dir='ltr'>occupaverit,</span> <span class='ocrx_word' id='word_1_118' title='bbox 949 2074 1118 2138; x_wconf 86' lang='lat' dir='ltr'>immobilia</span> 
     </span>
    </p>

    <p class='ocr_par' dir='ltr' id='par_1_9' title="bbox 375 2168 1116 2248">
     <span class='ocr_line' id='line_1_19' title="bbox 375 2168 1116 2248; baseline 0.003 -20"><span class='ocrx_word' id='word_1_119' title='bbox 375 2184 450 2229; x_wconf 87' lang='lat' dir='ltr'>vero</span> <span class='ocrx_word' id='word_1_120' title='bbox 471 2168 504 2230; x_wconf 92' lang='lat' dir='ltr'>in</span> <span class='ocrx_word' id='word_1_121' title='bbox 527 2169 701 2231; x_wconf 89' lang='lat' dir='ltr'>dominium</span> <span class='ocrx_word' id='word_1_122' title='bbox 722 2169 870 2248; x_wconf 86' lang='lat' dir='ltr'>supremi</span> <span class='ocrx_word' id='word_1_123' title='bbox 883 2168 1041 2247; x_wconf 90' lang='lat' dir='ltr'>principis,</span> <span class='ocrx_word' id='word_1_124' title='bbox 1064 2169 1116 2247; x_wconf 89' lang='lat' dir='ltr'>qui</span> 
     </span>
    </p>

    <p class='ocr_par' dir='ltr' id='par_1_10' title="bbox 375 2261 1117 2342">
     <span class='ocr_line' id='line_1_20' title="bbox 375 2261 1117 2342; baseline 0.001 -20"><span class='ocrx_word' id='word_1_125' title='bbox 375 2261 492 2324; x_wconf 91' lang='lat' dir='ltr'>bellum</span> <span class='ocrx_word' id='word_1_126' title='bbox 514 2263 633 2337; x_wconf 89' lang='lat' dir='ltr'>intulit,</span> <span class='ocrx_word' id='word_1_127' title='bbox 646 2271 680 2326; x_wconf 94' lang='lat' dir='ltr'>nt</span> <span class='ocrx_word' id='word_1_128' title='bbox 699 2263 757 2325; x_wconf 88' lang='lat' dir='ltr'>sibi</span> <span class='ocrx_word' id='word_1_129' title='bbox 779 2279 833 2342; x_wconf 92' lang='lat' dir='ltr'>pro</span> <span class='ocrx_word' id='word_1_130' title='bbox 854 2263 949 2342; x_wconf 90' lang='lat' dir='ltr'>ipsius</span> <span class='ocrx_word' id='word_1_131' title='bbox 971 2262 1044 2324; x_wconf 90' lang='lat' dir='ltr'>belli</span> <span class='ocrx_word' id='word_1_132' title='bbox 1065 2279 1117 2324; x_wconf 84' lang='lat' dir='ltr'>ex·</span> 
     </span>
    </p>

    <p class='ocr_par' dir='ltr' id='par_1_11' title="bbox 374 2354 1118 2435">
     <span class='ocr_line' id='line_1_21' title="bbox 374 2354 1118 2435; baseline 0 -19"><span class='ocrx_word' id='word_1_133' title='bbox 374 2355 478 2432; x_wconf 87' lang='lat' dir='ltr'>pensis</span> <span class='ocrx_word' id='word_1_134' title='bbox 497 2354 671 2432; x_wconf 80' lang='lat' dir='ltr'>satisfaciat,</span> <span class='ocrx_word' id='word_1_135' title='bbox 692 2356 856 2435; x_wconf 89' lang='lat' dir='ltr'>aliquando</span> <span class='ocrx_word' id='word_1_136' title='bbox 878 2355 982 2430; x_wconf 89' lang='lat' dir='ltr'>etiam,</span> <span class='ocrx_word' id='word_1_137' title='bbox 999 2364 1034 2417; x_wconf 91' lang='lat' dir='ltr'>ut</span> <span class='ocrx_word' id='word_1_138' title='bbox 1055 2371 1118 2417; x_wconf 90' lang='lat' dir='ltr'>ma-</span> 
     </span>
    </p>

    <p class='ocr_par' dir='ltr' id='par_1_12' title="bbox 375 2447 1116 2524">
     <span class='ocr_line' id='line_1_22' title="bbox 375 2447 1116 2524; baseline 0.004 -16"><span class='ocrx_word' id='word_1_139' title='bbox 375 2447 454 2509; x_wconf 89' lang='lat' dir='ltr'>iores</span> <span class='ocrx_word' id='word_1_140' title='bbox 475 2447 511 2508; x_wconf 90' lang='lat' dir='ltr'>ad</span> <span class='ocrx_word' id='word_1_141' title='bbox 534 2449 745 2512; x_wconf 81' lang='lat' dir='ltr'>defensionem</span> <span class='ocrx_word' id='word_1_142' title='bbox 767 2450 848 2512; x_wconf 90' lang='lat' dir='ltr'>vires</span> <span class='ocrx_word' id='word_1_143' title='bbox 869 2457 983 2524; x_wconf 88' lang='lat' dir='ltr'>sumat,</span> <span class='ocrx_word' id='word_1_144' title='bbox 1000 2466 1033 2512; x_wconf 90' lang='lat' dir='ltr'>ac</span> <span class='ocrx_word' id='word_1_145' title='bbox 1053 2466 1116 2511; x_wconf 90' lang='lat' dir='ltr'>sea</span> 
     </span>
    </p>

    <p class='ocr_par' dir='ltr' id='par_1_13' title="bbox 374 2541 1115 2623">
     <span class='ocr_line' id='line_1_23' title="bbox 374 2541 1115 2623; baseline 0.005 -21"><span class='ocrx_word' id='word_1_146' title='bbox 374 2541 486 2604; x_wconf 81' lang='lat' dir='ltr'>tuturis</span> <span class='ocrx_word' id='word_1_147' title='bbox 508 2543 671 2606; x_wconf 81' lang='lat' dir='ltr'>eventibus</span> <span class='ocrx_word' id='word_1_148' title='bbox 692 2551 825 2605; x_wconf 91' lang='lat' dir='ltr'>tueatur.</span> <span class='ocrx_word' id='word_1_149' title='bbox 843 2543 968 2623; x_wconf 76' lang='lat' dir='ltr'>Sylvius</span> <span class='ocrx_word' id='word_1_150' title='bbox 990 2543 1025 2606; x_wconf 88' lang='lat' dir='ltr'>ia</span> <span class='ocrx_word' id='word_1_151' title='bbox 1038 2543 1115 2617; x_wconf 87' lang='grc'><strong><em>2-2,</em></strong></span> 
     </span>
    </p>

    <p class='ocr_par' dir='ltr' id='par_1_14' title="bbox 374 2633 1118 2712">
     <span class='ocr_line' id='line_1_24' title="bbox 374 2633 1118 2712; baseline 0.009 -19"><span class='ocrx_word' id='word_1_152' title='bbox 374 2652 401 2712; x_wconf 89' lang='lat' dir='ltr'>q.</span> <span class='ocrx_word' id='word_1_153' title='bbox 426 2633 481 2706; x_wconf 85' lang='grc'>40,</span> <span class='ocrx_word' id='word_1_154' title='bbox 508 2642 574 2696; x_wconf 87' lang='lat' dir='ltr'>art.</span> <span class='ocrx_word' id='word_1_155' title='bbox 599 2637 630 2708; x_wconf 91' lang='lat'>1,</span> <span class='ocrx_word' id='word_1_156' title='bbox 660 2652 686 2712; x_wconf 88' lang='lat' dir='ltr'>q.</span> <span class='ocrx_word' id='word_1_157' title='bbox 714 2635 748 2708; x_wconf 86' lang='lat'>6,</span> <span class='ocrx_word' id='word_1_158' title='bbox 777 2642 915 2699; x_wconf 81' lang='lat' dir='ltr'>cercetas.</span> <span class='ocrx_word' id='word_1_159' title='bbox 949 2641 1022 2700; x_wconf 78' lang='lat' dir='ltr'>det</span> <span class='ocrx_word' id='word_1_160' title='bbox 1046 2655 1118 2700; x_wconf 85' lang='lat' dir='ltr'>coa·</span> 
     </span>
    </p>

    <p class='ocr_par' dir='ltr' id='par_1_15' title="bbox 375 2727 1113 2808">
     <span class='ocr_line' id='line_1_25' title="bbox 375 2727 1113 2808; baseline 0.005 -20"><span class='ocrx_word' id='word_1_161' title='bbox 375 2727 454 2789; x_wconf 86' lang='lat' dir='ltr'>clas.</span> <span class='ocrx_word' id='word_1_162' title='bbox 479 2728 512 2790; x_wconf 84' lang='lat'>7.</span> <span class='ocrx_word' id='word_1_163' title='bbox 537 2730 741 2790; x_wconf 89' lang='lat' dir='ltr'>Covarruvias</span> <span class='ocrx_word' id='word_1_164' title='bbox 769 2730 804 2790; x_wconf 87' lang='lat' dir='ltr'>ia</span> <span class='ocrx_word' id='word_1_165' title='bbox 825 2730 848 2790; x_wconf 85' lang='lat'><strong><em>2</em></strong></span> <span class='ocrx_word' id='word_1_166' title='bbox 878 2738 964 2808; x_wconf 87' lang='lat' dir='ltr'>part.</span> <span class='ocrx_word' id='word_1_167' title='bbox 996 2730 1113 2793; x_wconf 84' lang='lat' dir='ltr'>Reiect.</span> 
     </span>
    </p>

    <p class='ocr_par' dir='ltr' id='par_1_16' title="bbox 374 2820 1115 2903">
     <span class='ocr_line' id='line_1_26' title="bbox 374 2820 1115 2903; baseline 0.007 -20"><span class='ocrx_word' id='word_1_168' title='bbox 374 2821 486 2899; x_wconf 81' lang='lat' dir='ltr'>Repeti.</span> <span class='ocrx_word' id='word_1_169' title='bbox 510 2820 672 2882; x_wconf 87' lang='lat' dir='ltr'>Possessor</span> <span class='ocrx_word' id='word_1_170' title='bbox 692 2823 797 2886; x_wconf 87' lang='lat' dir='ltr'>malae</span> <span class='ocrx_word' id='word_1_171' title='bbox 822 2824 906 2903; x_wconf 82' lang='lat' dir='ltr'>fidei,</span> <span class='ocrx_word' id='word_1_172' title='bbox 929 2826 948 2900; x_wconf 70' lang='grc' dir='ltr'><strong>ἓ</strong></span> <span class='ocrx_word' id='word_1_173' title='bbox 973 2825 1027 2896; x_wconf 86' lang='grc'>11,</span> <span class='ocrx_word' id='word_1_174' title='bbox 1057 2823 1115 2888; x_wconf 85' lang='lat' dir='ltr'>sub</span> 
     </span>
    </p>

    <p class='ocr_par' dir='ltr' id='par_1_17' title="bbox 373 2911 1115 2993">
     <span class='ocr_line' id='line_1_27' title="bbox 373 2911 1115 2993; baseline 0.008 -19"><span class='ocrx_word' id='word_1_175' title='bbox 373 2930 462 2976; x_wconf 79' lang='lat' dir='ltr'>aura.</span> <span class='ocrx_word' id='word_1_176' title='bbox 486 2914 518 2976; x_wconf 86' lang='lat'>6.</span> <span class='ocrx_word' id='word_1_177' title='bbox 535 2911 686 2978; x_wconf 87' lang='lat' dir='ltr'>Similiter</span> <span class='ocrx_word' id='word_1_178' title='bbox 700 2924 786 2978; x_wconf 84' lang='lat' dir='ltr'>extra</span> <span class='ocrx_word' id='word_1_179' title='bbox 801 2917 1043 2980; x_wconf 89' lang='lat' dir='ltr'>controversiam</span> <span class='ocrx_word' id='word_1_180' title='bbox 1057 2927 1115 2993; x_wconf 87' lang='lat' dir='ltr'>est,</span> 
     </span>
    </p>

    <p class='ocr_par' dir='ltr' id='par_1_18' title="bbox 373 3008 1115 3180">
     <span class='ocr_line' id='line_1_28' title="bbox 374 3008 1114 3089; baseline 0.004 -20"><span class='ocrx_word' id='word_1_181' title='bbox 374 3009 406 3070; x_wconf 92' lang='lat' dir='ltr'>in</span> <span class='ocrx_word' id='word_1_182' title='bbox 429 3008 510 3071; x_wconf 91' lang='lat' dir='ltr'>bello</span> <span class='ocrx_word' id='word_1_183' title='bbox 538 3009 665 3084; x_wconf 88' lang='lat' dir='ltr'>iniusto,</span> <span class='ocrx_word' id='word_1_184' title='bbox 690 3015 791 3071; x_wconf 92' lang='lat' dir='ltr'>totum</span> <span class='ocrx_word' id='word_1_185' title='bbox 814 3010 855 3084; x_wconf 93' lang='lat' dir='ltr'>id,</span> <span class='ocrx_word' id='word_1_186' title='bbox 879 3012 960 3089; x_wconf 93' lang='lat' dir='ltr'>quod</span> <span class='ocrx_word' id='word_1_187' title='bbox 984 3010 1114 3088; x_wconf 91' lang='lat' dir='ltr'>capitur,</span> 
     </span>
     <span class='ocr_line' id='line_1_29' title="bbox 373 3100 1115 3180; baseline 0.003 -18"><span class='ocrx_word' id='word_1_188' title='bbox 373 3100 617 3178; x_wconf 79' lang='lat' dir='ltr'>restituendum3</span> <span class='ocrx_word' id='word_1_189' title='bbox 640 3117 739 3179; x_wconf 92' lang='lat' dir='ltr'>quum</span> <span class='ocrx_word' id='word_1_190' title='bbox 760 3104 917 3180; x_wconf 91' lang='lat' dir='ltr'>occupatio</span> <span class='ocrx_word' id='word_1_191' title='bbox 938 3103 1115 3164; x_wconf 88' lang='lat' dir='ltr'>huiusmodi</span> 
     </span>
    </p>

    <p class='ocr_par' dir='ltr' id='par_1_19' title="bbox 135 3194 1116 3462">
     <span class='ocr_line' id='line_1_30' title="bbox 173 3194 1116 3274; baseline 0.007 -22"><span class='ocrx_word' id='word_1_192' title='bbox 173 3211 232 3272; x_wconf 75' lang='lat' dir='ltr'>uoq</span> <span class='ocrx_word' id='word_1_193' title='bbox 248 3209 310 3272; x_wconf 67' lang='lat' dir='ltr'>raam</span> <span class='ocrx_word' id='word_1_194' title='bbox 325 3221 354 3255; x_wconf 75' lang='lat' dir='ltr'>er</span> <span class='ocrx_word' id='word_1_195' title='bbox 374 3194 451 3256; x_wconf 89' lang='lat' dir='ltr'>nihil</span> <span class='ocrx_word' id='word_1_196' title='bbox 473 3195 554 3256; x_wconf 92' lang='lat' dir='ltr'>aliud</span> <span class='ocrx_word' id='word_1_197' title='bbox 577 3195 626 3269; x_wconf 91' lang='lat' dir='ltr'>sit,</span> <span class='ocrx_word' id='word_1_198' title='bbox 650 3211 741 3273; x_wconf 90' lang='lat' dir='ltr'>quam</span> <span class='ocrx_word' id='word_1_199' title='bbox 769 3195 906 3257; x_wconf 87' lang='lat' dir='ltr'>formalis</span> <span class='ocrx_word' id='word_1_200' title='bbox 928 3198 1044 3274; x_wconf 91' lang='lat' dir='ltr'>rapina.</span> <span class='ocrx_word' id='word_1_201' title='bbox 1074 3197 1116 3259; x_wconf 90' lang='lat' dir='ltr'>lta</span> 
     </span>
     <span class='ocr_line' id='line_1_31' title="bbox 135 3261 1116 3368; baseline 0.003 -16"><span class='ocrx_word' id='word_1_202' title='bbox 135 3261 210 3306; x_wconf 56' lang='grc' dir='ltr'>ΜΟ</span> <span class='ocrx_word' id='word_1_203' title='bbox 225 3267 330 3308; x_wconf 76' lang='lat'><strong>¹⁰¹¹¹⁵¹⁰&#39;</strong></span> <span class='ocrx_word' id='word_1_204' title='bbox 373 3291 461 3352; x_wconf 90' lang='lat' dir='ltr'>docet</span> <span class='ocrx_word' id='word_1_205' title='bbox 482 3288 513 3351; x_wconf 91' lang='lat' dir='ltr'>S.</span> <span class='ocrx_word' id='word_1_206' title='bbox 538 3290 668 3352; x_wconf 86' lang='lat' dir='ltr'>Thomas</span> <span class='ocrx_word' id='word_1_207' title='bbox 695 3290 771 3362; x_wconf 86' lang='grc'><strong><em>2-2,</em></strong></span> <span class='ocrx_word' id='word_1_208' title='bbox 796 3295 915 3368; x_wconf 82' lang='lat' dir='ltr'>paueat.</span> <span class='ocrx_word' id='word_1_209' title='bbox 933 3291 988 3366; x_wconf 85' lang='lat'>66,</span> <span class='ocrx_word' id='word_1_210' title='bbox 1012 3297 1116 3354; x_wconf 79' lang='lat' dir='ltr'>art.8</span> 
     </span>
     <span class='ocr_line' id='line_1_32' title="bbox 373 3380 1116 3462; baseline 0.001 -17"><span class='ocrx_word' id='word_1_211' title='bbox 373 3380 415 3445; x_wconf 86' lang='lat' dir='ltr'>ad</span> <span class='ocrx_word' id='word_1_212' title='bbox 435 3383 595 3460; x_wconf 54' lang='lat' dir='ltr'>prisacam</span> <span class='ocrx_word' id='word_1_213' title='bbox 617 3399 657 3445; x_wconf 93' lang='lat' dir='ltr'>en</span> <span class='ocrx_word' id='word_1_214' title='bbox 679 3385 746 3446; x_wconf 90' lang='lat' dir='ltr'>eius</span> <span class='ocrx_word' id='word_1_215' title='bbox 774 3385 882 3446; x_wconf 90' lang='lat' dir='ltr'>verba:</span> <span class='ocrx_word' id='word_1_216' title='bbox 909 3385 1003 3447; x_wconf 83' lang='lat' dir='ltr'>Circa</span> <span class='ocrx_word' id='word_1_217' title='bbox 1025 3403 1116 3462; x_wconf 89' lang='lat' dir='ltr'>qaae·</span> 
     </span>
    </p>

    <p class='ocr_par' dir='ltr' id='par_1_20' title="bbox 373 3477 1117 3651">
     <span class='ocr_line' id='line_1_33' title="bbox 373 3477 1117 3560; baseline 0.003 -21"><span class='ocrx_word' id='word_1_218' title='bbox 373 3477 445 3540; x_wconf 81' lang='lat' dir='ltr'>data</span> <span class='ocrx_word' id='word_1_219' title='bbox 468 3478 734 3560; x_wconf 77' lang='lat' dir='ltr'>distinguendum</span> <span class='ocrx_word' id='word_1_220' title='bbox 755 3485 818 3541; x_wconf 85' lang='lat' dir='ltr'>est.-</span> <span class='ocrx_word' id='word_1_221' title='bbox 840 3479 915 3557; x_wconf 87' lang='lat' dir='ltr'>qaia</span> <span class='ocrx_word' id='word_1_222' title='bbox 936 3479 965 3540; x_wconf 85' lang='lat' dir='ltr'>si</span> <span class='ocrx_word' id='word_1_223' title='bbox 981 3479 1042 3552; x_wconf 83' lang='lat' dir='ltr'>illi,</span> <span class='ocrx_word' id='word_1_224' title='bbox 1061 3479 1117 3557; x_wconf 87' lang='lat' dir='ltr'>qai</span> 
     </span>
     <span class='ocr_line' id='line_1_34' title="bbox 373 3571 1116 3651; baseline -0.007 -13"><span class='ocrx_word' id='word_1_225' title='bbox 373 3573 612 3651; x_wconf 76' lang='lat' dir='ltr'>depraedantes</span> <span class='ocrx_word' id='word_1_226' title='bbox 634 3571 746 3645; x_wconf 84' lang='lat' dir='ltr'>beatas,</span> <span class='ocrx_word' id='word_1_227' title='bbox 772 3571 909 3636; x_wconf 83' lang='lat' dir='ltr'>babeant</span> <span class='ocrx_word' id='word_1_228' title='bbox 929 3571 1044 3636; x_wconf 84' lang='lat' dir='ltr'>bellam</span> <span class='ocrx_word' id='word_1_229' title='bbox 1065 3573 1116 3634; x_wconf 86' lang='lat' dir='ltr'>ia-</span> 
     </span>
    </p>

    <p class='ocr_par' dir='ltr' id='par_1_21' title="bbox 372 3662 1116 3744">
     <span class='ocr_line' id='line_1_35' title="bbox 372 3662 1116 3744; baseline 0 -17"><span class='ocrx_word' id='word_1_230' title='bbox 372 3674 469 3740; x_wconf 83' lang='lat' dir='ltr'>staaa,</span> <span class='ocrx_word' id='word_1_231' title='bbox 501 3683 560 3738; x_wconf 75' lang='lat' dir='ltr'>ca„</span> <span class='ocrx_word' id='word_1_232' title='bbox 579 3681 659 3744; x_wconf 86' lang='lat' dir='ltr'>quae</span> <span class='ocrx_word' id='word_1_233' title='bbox 684 3681 739 3743; x_wconf 88' lang='lat' dir='ltr'>per</span> <span class='ocrx_word' id='word_1_234' title='bbox 767 3666 953 3728; x_wconf 81' lang='lat' dir='ltr'>violentiam</span> <span class='ocrx_word' id='word_1_235' title='bbox 982 3662 1017 3727; x_wconf 88' lang='lat' dir='ltr'>ia</span> <span class='ocrx_word' id='word_1_236' title='bbox 1039 3664 1116 3728; x_wconf 86' lang='lat' dir='ltr'>dello</span> 
     </span>
    </p>

    <p class='ocr_par' dir='ltr' id='par_1_22' title="bbox 372 3757 1116 3839">
     <span class='ocr_line' id='line_1_36' title="bbox 372 3757 1116 3839; baseline 0 -17"><span class='ocrx_word' id='word_1_237' title='bbox 372 3761 560 3838; x_wconf 81' lang='lat' dir='ltr'>acquirant,</span> <span class='ocrx_word' id='word_1_238' title='bbox 582 3775 691 3822; x_wconf 83' lang='lat' dir='ltr'>earam</span> <span class='ocrx_word' id='word_1_239' title='bbox 705 3759 908 3839; x_wconf 75' lang='lat' dir='ltr'>efficiamur,-</span> <span class='ocrx_word' id='word_1_240' title='bbox 929 3763 960 3820; x_wconf 89' lang='lat' dir='ltr'>et</span> <span class='ocrx_word' id='word_1_241' title='bbox 982 3757 1038 3820; x_wconf 82' lang='lat' dir='ltr'>doc</span> <span class='ocrx_word' id='word_1_242' title='bbox 1052 3774 1116 3822; x_wconf 86' lang='lat' dir='ltr'>coa</span> 
     </span>
    </p>

    <p class='ocr_par' dir='ltr' id='par_1_23' title="bbox 371 3851 1116 4022">
     <span class='ocr_line' id='line_1_37' title="bbox 373 3851 1116 3930; baseline -0.003 -16"><span class='ocrx_word' id='word_1_243' title='bbox 373 3851 464 3917; x_wconf 85' lang='lat' dir='ltr'>babet</span> <span class='ocrx_word' id='word_1_244' title='bbox 488 3853 647 3916; x_wconf 82' lang='lat' dir='ltr'>rationem</span> <span class='ocrx_word' id='word_1_245' title='bbox 669 3853 822 3930; x_wconf 85' lang='lat' dir='ltr'>rapiaae;</span> <span class='ocrx_word' id='word_1_246' title='bbox 843 3851 928 3914; x_wconf 84' lang='lat' dir='ltr'>cade</span> <span class='ocrx_word' id='word_1_247' title='bbox 942 3869 998 3914; x_wconf 84' lang='lat' dir='ltr'>uec</span> <span class='ocrx_word' id='word_1_248' title='bbox 1012 3851 1053 3914; x_wconf 90' lang='lat' dir='ltr'>ad</span> <span class='ocrx_word' id='word_1_249' title='bbox 1069 3868 1116 3912; x_wconf 84' lang='lat' dir='ltr'>re-</span> 
     </span>
     <span class='ocr_line' id='line_1_38' title="bbox 371 3943 1115 4022; baseline -0.004 -14"><span class='ocrx_word' id='word_1_250' title='bbox 371 3947 577 4010; x_wconf 80' lang='lat' dir='ltr'>stitutionem</span> <span class='ocrx_word' id='word_1_251' title='bbox 594 3950 747 4007; x_wconf 85' lang='lat' dir='ltr'>teneatur</span> <span class='ocrx_word' id='word_1_252' title='bbox 764 3949 822 4005; x_wconf 86' lang='lat' dir='ltr'>etc.</span> <span class='ocrx_word' id='word_1_253' title='bbox 842 3943 876 4006; x_wconf 85' lang='lat' dir='ltr'>Si</span> <span class='ocrx_word' id='word_1_254' title='bbox 897 3961 970 4006; x_wconf 82' lang='lat' dir='ltr'>aare</span> <span class='ocrx_word' id='word_1_255' title='bbox 981 3943 1045 4016; x_wconf 86' lang='lat' dir='ltr'>illi,</span> <span class='ocrx_word' id='word_1_256' title='bbox 1061 3944 1115 4022; x_wconf 88' lang='lat' dir='ltr'>qai</span> 
     </span>
    </p>

    <p class='ocr_par' dir='ltr' id='par_1_24' title="bbox 370 4035 1116 4118">
     <span class='ocr_line' id='line_1_39' title="bbox 370 4035 1116 4118; baseline -0.003 -18"><span class='ocrx_word' id='word_1_257' title='bbox 370 4039 522 4118; x_wconf 83' lang='lat' dir='ltr'>praedata</span> <span class='ocrx_word' id='word_1_258' title='bbox 550 4039 732 4117; x_wconf 80' lang='lat' dir='ltr'>accipiant,</span> <span class='ocrx_word' id='word_1_259' title='bbox 764 4036 904 4100; x_wconf 81' lang='lat' dir='ltr'>babeant</span> <span class='ocrx_word' id='word_1_260' title='bbox 930 4035 1046 4099; x_wconf 84' lang='lat' dir='ltr'>bellam</span> <span class='ocrx_word' id='word_1_261' title='bbox 1068 4037 1116 4098; x_wconf 87' lang='lat' dir='ltr'>ia·</span> 
     </span>
    </p>

    <p class='ocr_par' dir='ltr' id='par_1_25' title="bbox 370 4129 1116 4209">
     <span class='ocr_line' id='line_1_40' title="bbox 370 4129 1116 4209; baseline -0.008 -13"><span class='ocrx_word' id='word_1_262' title='bbox 370 4134 507 4204; x_wconf 83' lang='lat' dir='ltr'>iustum,</span> <span class='ocrx_word' id='word_1_263' title='bbox 523 4132 674 4209; x_wconf 82' lang='lat' dir='ltr'>rapinam</span> <span class='ocrx_word' id='word_1_264' title='bbox 688 4131 907 4204; x_wconf 78' lang='lat' dir='ltr'>committant,</span> <span class='ocrx_word' id='word_1_265' title='bbox 923 4135 954 4192; x_wconf 87' lang='lat' dir='ltr'>et</span> <span class='ocrx_word' id='word_1_266' title='bbox 968 4130 1010 4192; x_wconf 91' lang='lat' dir='ltr'>od</span> <span class='ocrx_word' id='word_1_267' title='bbox 1025 4129 1116 4192; x_wconf 82' lang='lat' dir='ltr'>testi-</span> 
     </span>
    </p>

    <p class='ocr_par' dir='ltr' id='par_1_26' title="bbox 372 4222 1116 4301">
     <span class='ocr_line' id='line_1_41' title="bbox 372 4222 1116 4301; baseline -0.005 -13"><span class='ocrx_word' id='word_1_268' title='bbox 372 4227 530 4288; x_wconf 84' lang='lat' dir='ltr'>tutioaem</span> <span class='ocrx_word' id='word_1_269' title='bbox 553 4227 715 4288; x_wconf 84' lang='lat' dir='ltr'>teaeatar.</span> <span class='ocrx_word' id='word_1_270' title='bbox 740 4222 873 4286; x_wconf 87' lang='lat' dir='ltr'>illustria</span> <span class='ocrx_word' id='word_1_271' title='bbox 887 4232 961 4284; x_wconf 91' lang='lat' dir='ltr'>sunt</span> <span class='ocrx_word' id='word_1_272' title='bbox 975 4223 1116 4301; x_wconf 85' lang='lat' dir='ltr'>exempla</span> 
     </span>
    </p>

    <p class='ocr_par' dir='ltr' id='par_1_27' title="bbox 370 4315 1115 4393">
     <span class='ocr_line' id='line_1_42' title="bbox 370 4315 1115 4393; baseline -0.007 -12"><span class='ocrx_word' id='word_1_273' title='bbox 370 4326 516 4381; x_wconf 91' lang='lat' dir='ltr'>veterum</span> <span class='ocrx_word' id='word_1_274' title='bbox 543 4317 770 4390; x_wconf 83' lang='lat' dir='ltr'>Romanorum,</span> <span class='ocrx_word' id='word_1_275' title='bbox 794 4316 846 4393; x_wconf 92' lang='lat' dir='ltr'>qui</span> <span class='ocrx_word' id='word_1_276' title='bbox 874 4331 972 4393; x_wconf 92' lang='lat' dir='ltr'>quum</span> <span class='ocrx_word' id='word_1_277' title='bbox 994 4315 1115 4378; x_wconf 90' lang='lat' dir='ltr'>iniusti-</span> 
     </span>
    </p>

    <p class='ocr_par' dir='ltr' id='par_1_28' title="bbox 370 4409 1114 4582">
     <span class='ocr_line' id='line_1_43' title="bbox 372 4409 1114 4488; baseline -0.005 -14"><span class='ocrx_word' id='word_1_278' title='bbox 372 4413 446 4474; x_wconf 90' lang='lat' dir='ltr'>tiam</span> <span class='ocrx_word' id='word_1_279' title='bbox 472 4410 548 4474; x_wconf 91' lang='lat' dir='ltr'>belli</span> <span class='ocrx_word' id='word_1_280' title='bbox 574 4409 707 4488; x_wconf 90' lang='lat' dir='ltr'>suscepti</span> <span class='ocrx_word' id='word_1_281' title='bbox 735 4414 943 4484; x_wconf 89' lang='lat' dir='ltr'>agnoverunt,</span> <span class='ocrx_word' id='word_1_282' title='bbox 969 4409 1114 4486; x_wconf 92' lang='lat' dir='ltr'>quicquid</span> 
     </span>
     <span class='ocr_line' id='line_1_44' title="bbox 370 4501 1114 4582; baseline -0.004 -16"><span class='ocrx_word' id='word_1_283' title='bbox 370 4505 577 4578; x_wconf 91' lang='lat' dir='ltr'>abstulerant,</span> <span class='ocrx_word' id='word_1_284' title='bbox 600 4509 743 4582; x_wconf 88' lang='lat' dir='ltr'>prompte</span> <span class='ocrx_word' id='word_1_285' title='bbox 770 4502 987 4576; x_wconf 88' lang='lat' dir='ltr'>restituerunt,</span> <span class='ocrx_word' id='word_1_286' title='bbox 1010 4519 1044 4562; x_wconf 92' lang='lat' dir='ltr'>ac</span> <span class='ocrx_word' id='word_1_287' title='bbox 1065 4501 1114 4563; x_wconf 82' lang='lat' dir='ltr'>de-</span> 
     </span>
    </p>

    <p class='ocr_par' dir='ltr' id='par_1_29' title="bbox 372 4592 1114 4674">
     <span class='ocr_line' id='line_1_45' title="bbox 372 4592 1114 4674; baseline -0.005 -14"><span class='ocrx_word' id='word_1_288' title='bbox 372 4598 529 4674; x_wconf 89' lang='lat' dir='ltr'>trimenta,</span> <span class='ocrx_word' id='word_1_289' title='bbox 551 4609 766 4674; x_wconf 89' lang='lat' dir='ltr'>quaecumque</span> <span class='ocrx_word' id='word_1_290' title='bbox 792 4594 883 4656; x_wconf 89' lang='lat' dir='ltr'>victis</span> <span class='ocrx_word' id='word_1_291' title='bbox 905 4603 936 4656; x_wconf 88' lang='lat' dir='ltr'>et</span> <span class='ocrx_word' id='word_1_292' title='bbox 958 4592 1114 4656; x_wconf 89' lang='lat' dir='ltr'>debellatis</span> 
     </span>
    </p>

    <p class='ocr_par' dir='ltr' id='par_1_30' title="bbox 370 4688 1115 4774">
     <span class='ocr_line' id='line_1_46' title="bbox 370 4688 1115 4774; baseline -0.007 -19"><span class='ocrx_word' id='word_1_293' title='bbox 370 4693 490 4774; x_wconf 91' lang='lat' dir='ltr'>populis</span> <span class='ocrx_word' id='word_1_294' title='bbox 512 4691 687 4771; x_wconf 91' lang='lat' dir='ltr'>praeliando</span> <span class='ocrx_word' id='word_1_295' title='bbox 709 4689 892 4765; x_wconf 90' lang='lat' dir='ltr'>intulerant,</span> <span class='ocrx_word' id='word_1_296' title='bbox 911 4705 1033 4752; x_wconf 92' lang='lat' dir='ltr'>summa</span> <span class='ocrx_word' id='word_1_297' title='bbox 1054 4688 1115 4750; x_wconf 81' lang='lat' dir='ltr'>side</span> 
     </span>
    </p>

    <p class='ocr_par' dir='ltr' id='par_1_31' title="bbox 370 4782 1115 4868">
     <span class='ocr_line' id='line_1_47' title="bbox 370 4782 1115 4868; baseline -0.008 -18"><span class='ocrx_word' id='word_1_298' title='bbox 370 4792 563 4868; x_wconf 88' lang='lat' dir='ltr'>repararunt.</span> <span class='ocrx_word' id='word_1_299' title='bbox 591 4784 724 4846; x_wconf 88' lang='lat' dir='ltr'>Haecin</span> <span class='ocrx_word' id='word_1_300' title='bbox 746 4783 826 4845; x_wconf 90' lang='lat' dir='ltr'>Livii</span> <span class='ocrx_word' id='word_1_301' title='bbox 854 4782 989 4844; x_wconf 85' lang='lat' dir='ltr'>historiis</span> <span class='ocrx_word' id='word_1_302' title='bbox 1011 4799 1115 4844; x_wconf 91' lang='lat' dir='ltr'>occur-</span> 
     </span>
    </p>

    <p class='ocr_par' dir='ltr' id='par_1_32' title="bbox 370 4875 1114 4957">
     <span class='ocr_line' id='line_1_48' title="bbox 370 4875 1114 4957; baseline -0.007 -15"><span class='ocrx_word' id='word_1_303' title='bbox 370 4888 461 4957; x_wconf 88' lang='lat' dir='ltr'>runt;</span> <span class='ocrx_word' id='word_1_304' title='bbox 484 4895 518 4940; x_wconf 91' lang='lat' dir='ltr'>ac</span> <span class='ocrx_word' id='word_1_305' title='bbox 539 4877 598 4940; x_wconf 90' lang='lat' dir='ltr'>duo</span> <span class='ocrx_word' id='word_1_306' title='bbox 620 4877 799 4940; x_wconf 87' lang='lat' dir='ltr'>huiusmodi</span> <span class='ocrx_word' id='word_1_307' title='bbox 825 4875 966 4954; x_wconf 85' lang='lat' dir='ltr'>exempla</span> <span class='ocrx_word' id='word_1_308' title='bbox 988 4893 1004 4938; x_wconf 91' lang='lat' dir='ltr'>a</span> <span class='ocrx_word' id='word_1_309' title='bbox 1025 4875 1114 4937; x_wconf 86' lang='lat' dir='ltr'>Vale-</span> 
     </span>
    </p>

    <p class='ocr_par' dir='ltr' id='par_1_33' title="bbox 370 4969 1114 5048">
     <span class='ocr_line' id='line_1_49' title="bbox 370 4969 1114 5048; baseline -0.005 -14"><span class='ocrx_word' id='word_1_310' title='bbox 370 4973 416 5035; x_wconf 93' lang='lat' dir='ltr'>rio</span> <span class='ocrx_word' id='word_1_311' title='bbox 437 4971 569 5034; x_wconf 86' lang='lat' dir='ltr'>ldauimo</span> <span class='ocrx_word' id='word_1_312' title='bbox 590 4969 784 5043; x_wconf 75' lang='lat' dir='ltr'>reseruntur,</span> <span class='ocrx_word' id='word_1_313' title='bbox 800 4969 931 5030; x_wconf 91' lang='lat' dir='ltr'>alterum</span> <span class='ocrx_word' id='word_1_314' title='bbox 948 4970 1030 5048; x_wconf 94' lang='lat' dir='ltr'>quod</span> <span class='ocrx_word' id='word_1_315' title='bbox 1045 4983 1114 5047; x_wconf 90' lang='lat' dir='ltr'>per·</span> 
     </span>
    </p>

    <p class='ocr_par' dir='ltr' id='par_1_34' title="bbox 371 5060 1112 5137">
     <span class='ocr_line' id='line_1_50' title="bbox 371 5060 1112 5137; baseline -0.008 -9"><span class='ocrx_word' id='word_1_316' title='bbox 371 5067 449 5128; x_wconf 90' lang='lat' dir='ltr'>tinet</span> <span class='ocrx_word' id='word_1_317' title='bbox 470 5066 505 5126; x_wconf 90' lang='lat' dir='ltr'>ad</span> <span class='ocrx_word' id='word_1_318' title='bbox 520 5062 652 5126; x_wconf 85' lang='lat' dir='ltr'>Faliscos</span> <span class='ocrx_word' id='word_1_319' title='bbox 667 5079 682 5122; x_wconf 93' lang='lat' dir='ltr'>a</span> <span class='ocrx_word' id='word_1_320' title='bbox 696 5062 810 5137; x_wconf 86' lang='lat' dir='ltr'>Quinta</span> <span class='ocrx_word' id='word_1_321' title='bbox 825 5061 949 5122; x_wconf 92' lang='lat' dir='ltr'>Lutatio</span> <span class='ocrx_word' id='word_1_322' title='bbox 970 5060 1112 5137; x_wconf 88' lang='lat' dir='ltr'>domitos,</span> 
     </span>
    </p>

    <p class='ocr_par' dir='ltr' id='par_1_35' title="bbox 370 5152 1114 5221">
     <span class='ocr_line' id='line_1_51' title="bbox 370 5152 1114 5221; baseline -0.008 -1"><span class='ocrx_word' id='word_1_323' title='bbox 370 5158 504 5221; x_wconf 88' lang='lat' dir='ltr'>alterum</span> <span class='ocrx_word' id='word_1_324' title='bbox 525 5159 560 5220; x_wconf 90' lang='lat' dir='ltr'>ad</span> <span class='ocrx_word' id='word_1_325' title='bbox 577 5157 782 5218; x_wconf 81' lang='lat' dir='ltr'>Camerinosa</span> <span class='ocrx_word' id='word_1_326' title='bbox 797 5153 906 5216; x_wconf 92' lang='lat' dir='ltr'>Publio</span> <span class='ocrx_word' id='word_1_327' title='bbox 922 5152 1048 5216; x_wconf 84' lang='lat' dir='ltr'>Claudio</span> <span class='ocrx_word' id='word_1_328' title='bbox 1063 5152 1114 5214; x_wconf 95' lang='lat' dir='ltr'>de-</span> 
     </span>
    </p>

    <p class='ocr_par' dir='ltr' id='par_1_36' title="bbox 370 5246 1113 5328">
     <span class='ocr_line' id='line_1_52' title="bbox 370 5246 1113 5328; baseline -0.007 -15"><span class='ocrx_word' id='word_1_329' title='bbox 370 5252 478 5325; x_wconf 92' lang='lat' dir='ltr'>victos,</span> <span class='ocrx_word' id='word_1_330' title='bbox 495 5257 587 5328; x_wconf 89' lang='lat' dir='ltr'>atque</span> <span class='ocrx_word' id='word_1_331' title='bbox 601 5264 657 5327; x_wconf 88' lang='lat' dir='ltr'>per</span> <span class='ocrx_word' id='word_1_332' title='bbox 672 5248 770 5309; x_wconf 89' lang='lat' dir='ltr'>varias</span> <span class='ocrx_word' id='word_1_333' title='bbox 785 5247 867 5309; x_wconf 88' lang='lat' dir='ltr'>orbis</span> <span class='ocrx_word' id='word_1_334' title='bbox 881 5247 983 5326; x_wconf 84' lang='lat' dir='ltr'>plagas</span> <span class='ocrx_word' id='word_1_335' title='bbox 998 5246 1113 5325; x_wconf 88' lang='lat' dir='ltr'>disper-</span> 
     </span>
    </p>

    <p class='ocr_par' dir='ltr' id='par_1_37' title="bbox 369 5339 1113 5406">
     <span class='ocr_line' id='line_1_53' title="bbox 369 5339 1113 5406; baseline -0.004 -1"><span class='ocrx_word' id='word_1_336' title='bbox 369 5360 428 5406; x_wconf 89' lang='lat' dir='ltr'>sos.</span> <span class='ocrx_word' id='word_1_337' title='bbox 463 5345 542 5406; x_wconf 82' lang='lat' dir='ltr'>Gom</span> <span class='ocrx_word' id='word_1_338' title='bbox 568 5339 703 5403; x_wconf 82' lang='lat' dir='ltr'>Pollius</span> <span class='ocrx_word' id='word_1_339' title='bbox 735 5340 893 5406; x_wconf 78' lang='lat' dir='ltr'>Claudias</span> <span class='ocrx_word' id='word_1_340' title='bbox 923 5339 1113 5403; x_wconf 80' lang='lat' dir='ltr'>Camerinos</span> 
     </span>
    </p>

    <p class='ocr_par' dir='ltr' id='par_1_38' title="bbox 370 5433 1114 5514">
     <span class='ocr_line' id='line_1_54' title="bbox 370 5433 1114 5514; baseline -0.004 -15"><span class='ocrx_word' id='word_1_341' title='bbox 370 5438 471 5499; x_wconf 87' lang='lat' dir='ltr'>ducta</span> <span class='ocrx_word' id='word_1_342' title='bbox 482 5443 579 5514; x_wconf 85' lang='lat' dir='ltr'>atque</span> <span class='ocrx_word' id='word_1_343' title='bbox 592 5434 749 5511; x_wconf 82' lang='lat' dir='ltr'>auspiciis</span> <span class='ocrx_word' id='word_1_344' title='bbox 763 5434 833 5495; x_wconf 88' lang='lat' dir='ltr'>sais</span> <span class='ocrx_word' id='word_1_345' title='bbox 845 5440 952 5510; x_wconf 85' lang='lat' dir='ltr'>captos</span> <span class='ocrx_word' id='word_1_346' title='bbox 967 5433 1114 5498; x_wconf 81' lang='lat' dir='ltr'>animad-</span> 
     </span>
    </p>

    <p class='ocr_par' dir='ltr' id='par_1_39' title="bbox 369 5525 1113 5605">
     <span class='ocr_line' id='line_1_55' title="bbox 369 5525 1113 5605; baseline -0.005 -13"><span class='ocrx_word' id='word_1_347' title='bbox 369 5527 531 5603; x_wconf 84' lang='lat' dir='ltr'>aertcbot;</span> <span class='ocrx_word' id='word_1_348' title='bbox 555 5533 660 5591; x_wconf 87' lang='lat' dir='ltr'>tamea</span> <span class='ocrx_word' id='word_1_349' title='bbox 676 5528 752 5604; x_wconf 85' lang='lat' dir='ltr'>quia</span> <span class='ocrx_word' id='word_1_350' title='bbox 769 5542 887 5604; x_wconf 83' lang='lat' dir='ltr'>param</span> <span class='ocrx_word' id='word_1_351' title='bbox 910 5525 1033 5605; x_wconf 86' lang='lat' dir='ltr'>liquida</span> <span class='ocrx_word' id='word_1_352' title='bbox 1054 5526 1113 5605; x_wconf 81' lang='lat' dir='ltr'>fide</span> 
     </span>
    </p>

    <p class='ocr_par' dir='ltr' id='par_1_40' title="bbox 371 5616 1113 5702">
     <span class='ocr_line' id='line_1_56' title="bbox 371 5616 1113 5702; baseline -0.004 -18"><span class='ocrx_word' id='word_1_353' title='bbox 371 5623 404 5684; x_wconf 86' lang='lat' dir='ltr'>id</span> <span class='ocrx_word' id='word_1_354' title='bbox 425 5629 548 5702; x_wconf 81' lang='lat' dir='ltr'>gestam</span> <span class='ocrx_word' id='word_1_355' title='bbox 570 5618 609 5684; x_wconf 86' lang='lat' dir='ltr'>ab</span> <span class='ocrx_word' id='word_1_356' title='bbox 631 5619 825 5698; x_wconf 84' lang='lat' dir='ltr'>Imperatore</span> <span class='ocrx_word' id='word_1_357' title='bbox 840 5616 1022 5690; x_wconf 83' lang='lat' dir='ltr'>uidebatur,</span> <span class='ocrx_word' id='word_1_358' title='bbox 1046 5619 1113 5698; x_wconf 86' lang='lat' dir='ltr'>(Sa-</span> 
     </span>
    </p>

    <p class='ocr_par' dir='ltr' id='par_1_41' title="bbox 371 5711 1112 5795">
     <span class='ocr_line' id='line_1_57' title="bbox 371 5711 1112 5795; baseline -0.005 -15"><span class='ocrx_word' id='word_1_359' title='bbox 371 5713 474 5795; x_wconf 89' lang='lat' dir='ltr'>natus)</span> <span class='ocrx_word' id='word_1_360' title='bbox 495 5714 729 5777; x_wconf 83' lang='lat' dir='ltr'>maaimacuro</span> <span class='ocrx_word' id='word_1_361' title='bbox 752 5711 943 5790; x_wconf 80' lang='lat' dir='ltr'>conquisitos</span> <span class='ocrx_word' id='word_1_362' title='bbox 966 5712 1112 5787; x_wconf 82' lang='lat' dir='ltr'>redemit,</span> 
     </span>
    </p>

    <p class='ocr_par' dir='ltr' id='par_1_42' title="bbox 370 5804 1113 5886">
     <span class='ocr_line' id='line_1_58' title="bbox 370 5804 1113 5886; baseline -0.005 -16"><span class='ocrx_word' id='word_1_363' title='bbox 370 5809 472 5886; x_wconf 86' lang='lat' dir='ltr'>iisque</span> <span class='ocrx_word' id='word_1_364' title='bbox 493 5804 663 5870; x_wconf 80' lang='lat' dir='ltr'>babitandi</span> <span class='ocrx_word' id='word_1_365' title='bbox 687 5805 798 5884; x_wconf 76' lang='lat' dir='ltr'>gratia</span> <span class='ocrx_word' id='word_1_366' title='bbox 827 5805 930 5867; x_wconf 87' lang='lat' dir='ltr'>locam</span> <span class='ocrx_word' id='word_1_367' title='bbox 957 5805 993 5867; x_wconf 85' lang='lat' dir='ltr'>ia</span> <span class='ocrx_word' id='word_1_368' title='bbox 1015 5805 1113 5866; x_wconf 82' lang='lat' dir='ltr'>Aucta·</span> 
     </span>
    </p>

    <p class='ocr_par' dir='ltr' id='par_1_43' title="bbox 372 5897 1110 5981">
     <span class='ocr_line' id='line_1_59' title="bbox 372 5897 1110 5981; baseline -0.004 -17"><span class='ocrx_word' id='word_1_369' title='bbox 372 5903 441 5964; x_wconf 87' lang='lat' dir='ltr'>tiae</span> <span class='ocrx_word' id='word_1_370' title='bbox 461 5899 654 5981; x_wconf 77' lang='lat' dir='ltr'>assignavit,</span> <span class='ocrx_word' id='word_1_371' title='bbox 676 5903 708 5960; x_wconf 87' lang='lat' dir='ltr'>et</span> <span class='ocrx_word' id='word_1_372' title='bbox 728 5897 863 5976; x_wconf 84' lang='lat' dir='ltr'>praedia</span> <span class='ocrx_word' id='word_1_373' title='bbox 880 5898 1030 5962; x_wconf 83' lang='lat' dir='ltr'>restituit</span> <span class='ocrx_word' id='word_1_374' title='bbox 1051 5905 1110 5961; x_wconf 89' lang='lat' dir='ltr'>etc.</span> 
     </span>
    </p>
   </div>
   <div class='ocr_carea' id='block_1_6' title="bbox 1216 949 2148 1051">
    <p class='ocr_par' dir='ltr' id='par_1_44' title="bbox 1216 949 2148 1051">
     <span class='ocr_line' id='line_1_60' title="bbox 1216 949 2148 1051; baseline -0.03 -24"><span class='ocrx_word' id='word_1_375' title='bbox 1216 953 1234 1027; x_wconf 71' lang='grc' dir='ltr'><strong>ἓ</strong></span> <span class='ocrx_word' id='word_1_376' title='bbox 1255 951 1284 1012; x_wconf 77' lang='grc'>5·</span> <span class='ocrx_word' id='word_1_377' title='bbox 1303 952 1381 1014; x_wconf 81' lang='lat' dir='ltr'>Hinc</span> <span class='ocrx_word' id='word_1_378' title='bbox 1396 959 1489 1032; x_wconf 89' lang='lat' dir='ltr'>putet,</span> <span class='ocrx_word' id='word_1_379' title='bbox 1505 968 1603 1031; x_wconf 93' lang='lat' dir='ltr'>quum</span> <span class='ocrx_word' id='word_1_380' title='bbox 1618 949 1748 1024; x_wconf 90' lang='lat' dir='ltr'>bellum,</span> <span class='ocrx_word' id='word_1_381' title='bbox 1764 963 1824 1027; x_wconf 91' lang='lat' dir='ltr'>quo</span> <span class='ocrx_word' id='word_1_382' title='bbox 1839 949 1917 1010; x_wconf 81' lang='lat' dir='ltr'>Tur·</span> <span class='ocrx_word' id='word_1_383' title='bbox 1937 950 2148 1051; x_wconf 56' lang='lat' dir='ltr'>suldllllllai</span> 
     </span>
    </p>
   </div>
   <div class='ocr_carea' id='block_1_7' title="bbox 1175 1041 2150 1328">
    <p class='ocr_par' dir='ltr' id='par_1_45' title="bbox 1175 1041 2150 1328">
     <span class='ocr_line' id='line_1_61' title="bbox 1175 1041 2148 1124; baseline -0.003 -18"><span class='ocrx_word' id='word_1_384' title='bbox 1175 1062 1227 1107; x_wconf 87' lang='lat' dir='ltr'>cae</span> <span class='ocrx_word' id='word_1_385' title='bbox 1249 1046 1433 1109; x_wconf 74' lang='lat' dir='ltr'>antibarum</span> <span class='ocrx_word' id='word_1_386' title='bbox 1465 1051 1668 1124; x_wconf 81' lang='lat' dir='ltr'>occuparunt,</span> <span class='ocrx_word' id='word_1_387' title='bbox 1698 1042 1784 1106; x_wconf 88' lang='lat' dir='ltr'>omni</span> <span class='ocrx_word' id='word_1_388' title='bbox 1810 1041 1916 1122; x_wconf 87' lang='lat' dir='ltr'>procul</span> <span class='ocrx_word' id='word_1_389' title='bbox 1937 1058 2004 1120; x_wconf 76' lang='lat' dir='ltr'>perro</span> <span class='ocrx_word' id='word_1_390' title='bbox 2031 1056 2148 1120; x_wconf 67' lang='lat' dir='ltr'>suuapu,</span> 
     </span>
     <span class='ocr_line' id='line_1_62' title="bbox 1175 1111 2149 1227; baseline -0.003 -27"><span class='ocrx_word' id='word_1_391' title='bbox 1175 1138 1267 1200; x_wconf 91' lang='lat' dir='ltr'>dubio</span> <span class='ocrx_word' id='word_1_392' title='bbox 1287 1137 1382 1201; x_wconf 85' lang='lat' dir='ltr'>fuerit</span> <span class='ocrx_word' id='word_1_393' title='bbox 1403 1138 1567 1214; x_wconf 92' lang='lat' dir='ltr'>iniustum,</span> <span class='ocrx_word' id='word_1_394' title='bbox 1580 1137 1725 1216; x_wconf 90' lang='lat' dir='ltr'>quicquid</span> <span class='ocrx_word' id='word_1_395' title='bbox 1739 1153 1773 1198; x_wconf 89' lang='lat' dir='ltr'>ea</span> <span class='ocrx_word' id='word_1_396' title='bbox 1789 1133 1919 1198; x_wconf 80' lang='lat' dir='ltr'>occasio</span> <span class='ocrx_word' id='word_1_397' title='bbox 1936 1111 2149 1227; x_wconf 53' lang='lat' dir='ltr'>lfflssglssffiqgsssffi</span> 
     </span>
     <span class='ocr_line' id='line_1_63' title="bbox 1175 1222 2150 1328; baseline 0.002 -37"><span class='ocrx_word' id='word_1_398' title='bbox 1175 1246 1214 1292; x_wconf 92' lang='lat' dir='ltr'>ne</span> <span class='ocrx_word' id='word_1_399' title='bbox 1236 1231 1274 1292; x_wconf 91' lang='lat' dir='ltr'>ab</span> <span class='ocrx_word' id='word_1_400' title='bbox 1294 1231 1366 1311; x_wconf 89' lang='lat' dir='ltr'>ipsis</span> <span class='ocrx_word' id='word_1_401' title='bbox 1386 1238 1510 1311; x_wconf 89' lang='lat' dir='ltr'>captum</span> <span class='ocrx_word' id='word_1_402' title='bbox 1525 1240 1556 1294; x_wconf 87' lang='lat' dir='ltr'>et</span> <span class='ocrx_word' id='word_1_403' title='bbox 1570 1237 1751 1310; x_wconf 91' lang='lat' dir='ltr'>occupatum</span> <span class='ocrx_word' id='word_1_404' title='bbox 1767 1228 1836 1304; x_wconf 91' lang='lat' dir='ltr'>luit,</span> <span class='ocrx_word' id='word_1_405' title='bbox 1851 1227 1916 1290; x_wconf 88' lang='lat' dir='ltr'>sive</span> <span class='ocrx_word' id='word_1_406' title='bbox 1937 1222 2150 1328; x_wconf 55' lang='lat' dir='ltr'>&#39;Sl&#39;auifiigtsssiuc</span> 
     </span>
    </p>
   </div>
   <div class='ocr_carea' id='block_1_8' title="bbox 1166 1323 2149 5886">
    <p class='ocr_par' dir='ltr' id='par_1_46' title="bbox 1175 1323 2149 1590">
     <span class='ocr_line' id='line_1_64' title="bbox 1175 1323 2149 1400; baseline -0.004 -16"><span class='ocrx_word' id='word_1_407' title='bbox 1175 1325 1289 1386; x_wconf 89' lang='lat' dir='ltr'>mobile</span> <span class='ocrx_word' id='word_1_408' title='bbox 1309 1325 1375 1386; x_wconf 92' lang='lat' dir='ltr'>sive</span> <span class='ocrx_word' id='word_1_409' title='bbox 1396 1325 1557 1388; x_wconf 88' lang='lat' dir='ltr'>immobile</span> <span class='ocrx_word' id='word_1_410' title='bbox 1571 1325 1675 1400; x_wconf 88' lang='lat' dir='ltr'>luerit,</span> <span class='ocrx_word' id='word_1_411' title='bbox 1689 1323 1781 1386; x_wconf 89' lang='lat' dir='ltr'>ideas</span> <span class='ocrx_word' id='word_1_412' title='bbox 1802 1323 1917 1385; x_wconf 87' lang='lat' dir='ltr'>iniuste</span> <span class='ocrx_word' id='word_1_413' title='bbox 1937 1325 2149 1388; x_wconf 67' lang='lat' dir='ltr'>repressimus</span> 
     </span>
     <span class='ocr_line' id='line_1_65' title="bbox 1176 1389 2073 1498; baseline -0.002 -20"><span class='ocrx_word' id='word_1_414' title='bbox 1176 1434 1349 1496; x_wconf 89' lang='lat' dir='ltr'>usurpasse,</span> <span class='ocrx_word' id='word_1_415' title='bbox 1372 1434 1540 1498; x_wconf 90' lang='lat' dir='ltr'>veramque</span> <span class='ocrx_word' id='word_1_416' title='bbox 1561 1419 1593 1480; x_wconf 88' lang='lat' dir='ltr'>in</span> <span class='ocrx_word' id='word_1_417' title='bbox 1619 1434 1655 1479; x_wconf 93' lang='lat' dir='ltr'>eo</span> <span class='ocrx_word' id='word_1_418' title='bbox 1677 1417 1814 1496; x_wconf 91' lang='lat' dir='ltr'>rapinam</span> <span class='ocrx_word' id='word_1_419' title='bbox 1836 1431 1918 1478; x_wconf 89' lang='lat' dir='ltr'>com·</span> <span class='ocrx_word' id='word_1_420' title='bbox 1936 1389 2073 1424; x_wconf 73' lang='lat' dir='ltr'>invaseras.</span> 
     </span>
     <span class='ocr_line' id='line_1_66' title="bbox 1175 1509 1918 1590; baseline -0.004 -18"><span class='ocrx_word' id='word_1_421' title='bbox 1175 1512 1312 1588; x_wconf 80' lang='lat' dir='ltr'>misisse3</span> <span class='ocrx_word' id='word_1_422' title='bbox 1335 1527 1430 1590; x_wconf 88' lang='lat' dir='ltr'>quare</span> <span class='ocrx_word' id='word_1_423' title='bbox 1443 1512 1546 1574; x_wconf 91' lang='lat' dir='ltr'>omnis</span> <span class='ocrx_word' id='word_1_424' title='bbox 1567 1511 1701 1574; x_wconf 91' lang='lat' dir='ltr'>iustitiae</span> <span class='ocrx_word' id='word_1_425' title='bbox 1716 1509 1792 1572; x_wconf 89' lang='lat' dir='ltr'>ratio</span> <span class='ocrx_word' id='word_1_426' title='bbox 1814 1516 1918 1588; x_wconf 92' lang='lat' dir='ltr'>postu-</span> 
     </span>
    </p>

    <p class='ocr_par' dir='ltr' id='par_1_47' title="bbox 1175 1601 1918 1684">
     <span class='ocr_line' id='line_1_67' title="bbox 1175 1601 1918 1684; baseline -0.005 -17"><span class='ocrx_word' id='word_1_427' title='bbox 1175 1606 1263 1681; x_wconf 88' lang='lat' dir='ltr'>laret,</span> <span class='ocrx_word' id='word_1_428' title='bbox 1276 1613 1312 1668; x_wconf 90' lang='lat' dir='ltr'>ut</span> <span class='ocrx_word' id='word_1_429' title='bbox 1322 1606 1359 1667; x_wconf 90' lang='lat' dir='ltr'>ab</span> <span class='ocrx_word' id='word_1_430' title='bbox 1371 1606 1442 1684; x_wconf 88' lang='lat' dir='ltr'>ipsis</span> <span class='ocrx_word' id='word_1_431' title='bbox 1457 1611 1566 1668; x_wconf 91' lang='lat' dir='ltr'>cuncta</span> <span class='ocrx_word' id='word_1_432' title='bbox 1577 1604 1819 1666; x_wconf 88' lang='lat' dir='ltr'>restituerentur</span> <span class='ocrx_word' id='word_1_433' title='bbox 1830 1601 1918 1664; x_wconf 85' lang='lat' dir='ltr'>Chri-</span> 
     </span>
    </p>

    <p class='ocr_par' dir='ltr' id='par_1_48' title="bbox 1174 1695 1917 1777">
     <span class='ocr_line' id='line_1_68' title="bbox 1174 1695 1917 1777; baseline -0.005 -17"><span class='ocrx_word' id='word_1_434' title='bbox 1174 1697 1367 1773; x_wconf 85' lang='lat' dir='ltr'>stilrdelibus‚</span> <span class='ocrx_word' id='word_1_435' title='bbox 1384 1714 1459 1777; x_wconf 88' lang='lat' dir='ltr'>quos</span> <span class='ocrx_word' id='word_1_436' title='bbox 1473 1696 1606 1761; x_wconf 78' lang='lat' dir='ltr'>fortunis</span> <span class='ocrx_word' id='word_1_437' title='bbox 1627 1697 1693 1758; x_wconf 88' lang='lat' dir='ltr'>suis</span> <span class='ocrx_word' id='word_1_438' title='bbox 1714 1695 1829 1758; x_wconf 90' lang='lat' dir='ltr'>iniuste</span> <span class='ocrx_word' id='word_1_439' title='bbox 1849 1709 1917 1774; x_wconf 81' lang='lat' dir='ltr'>spo</span> 
     </span>
    </p>

    <p class='ocr_par' dir='ltr' id='par_1_49' title="bbox 1174 1789 1917 1866">
     <span class='ocr_line' id='line_1_69' title="bbox 1174 1789 1917 1866; baseline -0.001 -15"><span class='ocrx_word' id='word_1_440' title='bbox 1174 1790 1300 1866; x_wconf 91' lang='lat' dir='ltr'>liarunt,</span> <span class='ocrx_word' id='word_1_441' title='bbox 1324 1790 1386 1866; x_wconf 92' lang='lat' dir='ltr'>vel,</span> <span class='ocrx_word' id='word_1_442' title='bbox 1410 1790 1469 1852; x_wconf 90' lang='lat' dir='ltr'>illis</span> <span class='ocrx_word' id='word_1_443' title='bbox 1490 1791 1553 1852; x_wconf 89' lang='lat' dir='ltr'>vita</span> <span class='ocrx_word' id='word_1_444' title='bbox 1574 1789 1699 1865; x_wconf 83' lang='lat' dir='ltr'>iunctis,</span> <span class='ocrx_word' id='word_1_445' title='bbox 1717 1805 1826 1852; x_wconf 89' lang='lat' dir='ltr'>eorum</span> <span class='ocrx_word' id='word_1_446' title='bbox 1847 1789 1917 1851; x_wconf 87' lang='lat' dir='ltr'>bue-</span> 
     </span>
    </p>

    <p class='ocr_par' dir='ltr' id='par_1_50' title="bbox 1174 1884 1916 1948">
     <span class='ocr_line' id='line_1_70' title="bbox 1174 1884 1916 1948; baseline -0.003 -2"><span class='ocrx_word' id='word_1_447' title='bbox 1174 1884 1299 1946; x_wconf 92' lang='lat' dir='ltr'>redibus</span> <span class='ocrx_word' id='word_1_448' title='bbox 1319 1892 1350 1946; x_wconf 90' lang='lat' dir='ltr'>et</span> <span class='ocrx_word' id='word_1_449' title='bbox 1371 1885 1606 1948; x_wconf 85' lang='lat' dir='ltr'>successoribus.</span> <span class='ocrx_word' id='word_1_450' title='bbox 1632 1885 1689 1948; x_wconf 90' lang='lat' dir='ltr'>Sed</span> <span class='ocrx_word' id='word_1_451' title='bbox 1708 1884 1764 1946; x_wconf 89' lang='lat' dir='ltr'>boc</span> <span class='ocrx_word' id='word_1_452' title='bbox 1785 1900 1849 1946; x_wconf 89' lang='lat' dir='ltr'>non</span> <span class='ocrx_word' id='word_1_453' title='bbox 1871 1891 1916 1945; x_wconf 88' lang='lat' dir='ltr'>est</span> 
     </span>
    </p>

    <p class='ocr_par' dir='ltr' id='par_1_51' title="bbox 1174 1977 1916 2057">
     <span class='ocr_line' id='line_1_71' title="bbox 1174 1977 1916 2057; baseline 0 -19"><span class='ocrx_word' id='word_1_454' title='bbox 1174 1978 1343 2057; x_wconf 88' lang='lat' dir='ltr'>praesentis</span> <span class='ocrx_word' id='word_1_455' title='bbox 1365 1979 1551 2056; x_wconf 87' lang='lat' dir='ltr'>quaestionis</span> <span class='ocrx_word' id='word_1_456' title='bbox 1565 1978 1756 2054; x_wconf 82' lang='lat' dir='ltr'>subiectum3</span> <span class='ocrx_word' id='word_1_457' title='bbox 1777 1985 1810 2039; x_wconf 88' lang='lat' dir='ltr'>et</span> <span class='ocrx_word' id='word_1_458' title='bbox 1831 1977 1856 2038; x_wconf 91' lang='lat' dir='ltr'>si</span> <span class='ocrx_word' id='word_1_459' title='bbox 1872 1994 1916 2039; x_wconf 89' lang='lat' dir='ltr'>es·</span> 
     </span>
    </p>

    <p class='ocr_par' dir='ltr' id='par_1_52' title="bbox 1173 2070 1916 2150">
     <span class='ocr_line' id='line_1_72' title="bbox 1173 2070 1916 2150; baseline 0.003 -20"><span class='ocrx_word' id='word_1_460' title='bbox 1173 2078 1231 2147; x_wconf 90' lang='lat' dir='ltr'>set,</span> <span class='ocrx_word' id='word_1_461' title='bbox 1252 2070 1364 2133; x_wconf 85' lang='lat' dir='ltr'>trustra</span> <span class='ocrx_word' id='word_1_462' title='bbox 1387 2071 1424 2134; x_wconf 94' lang='lat' dir='ltr'>de</span> <span class='ocrx_word' id='word_1_463' title='bbox 1445 2089 1481 2134; x_wconf 92' lang='lat' dir='ltr'>eo</span> <span class='ocrx_word' id='word_1_464' title='bbox 1509 2080 1665 2150; x_wconf 80' lang='lat' dir='ltr'>ageretur,</span> <span class='ocrx_word' id='word_1_465' title='bbox 1692 2073 1772 2150; x_wconf 93' lang='lat' dir='ltr'>quod</span> <span class='ocrx_word' id='word_1_466' title='bbox 1794 2071 1826 2132; x_wconf 90' lang='lat' dir='ltr'>in</span> <span class='ocrx_word' id='word_1_467' title='bbox 1848 2088 1916 2150; x_wconf 91' lang='lat' dir='ltr'>per-</span> 
     </span>
    </p>

    <p class='ocr_par' dir='ltr' id='par_1_53' title="bbox 1173 2163 1912 2244">
     <span class='ocr_line' id='line_1_73' title="bbox 1173 2163 1912 2244; baseline 0.003 -20"><span class='ocrx_word' id='word_1_468' title='bbox 1173 2163 1243 2226; x_wconf 91' lang='lat' dir='ltr'>ditis</span> <span class='ocrx_word' id='word_1_469' title='bbox 1271 2171 1301 2226; x_wconf 91' lang='lat' dir='ltr'>et</span> <span class='ocrx_word' id='word_1_470' title='bbox 1331 2166 1496 2244; x_wconf 85' lang='lat' dir='ltr'>desperatis</span> <span class='ocrx_word' id='word_1_471' title='bbox 1527 2165 1619 2228; x_wconf 88' lang='lat' dir='ltr'>rebus</span> <span class='ocrx_word' id='word_1_472' title='bbox 1649 2165 1825 2229; x_wconf 88' lang='lat' dir='ltr'>babendum</span> <span class='ocrx_word' id='word_1_473' title='bbox 1855 2176 1912 2227; x_wconf 91' lang='lat' dir='ltr'>est.</span> 
     </span>
    </p>

    <p class='ocr_par' dir='ltr' id='par_1_54' title="bbox 1172 2258 2148 2896">
     <span class='ocr_line' id='line_1_74' title="bbox 1172 2258 2146 2340; baseline 0.003 -20"><span class='ocrx_word' id='word_1_474' title='bbox 1172 2258 1365 2333; x_wconf 87' lang='lat' dir='ltr'>Quaestionis</span> <span class='ocrx_word' id='word_1_475' title='bbox 1379 2261 1468 2322; x_wconf 90' lang='lat' dir='ltr'>cardo</span> <span class='ocrx_word' id='word_1_476' title='bbox 1485 2260 1620 2322; x_wconf 88' lang='lat' dir='ltr'>vertitur</span> <span class='ocrx_word' id='word_1_477' title='bbox 1635 2261 1712 2321; x_wconf 87' lang='lat' dir='ltr'>cirea</span> <span class='ocrx_word' id='word_1_478' title='bbox 1727 2260 1819 2335; x_wconf 90' lang='lat' dir='ltr'>bona,</span> <span class='ocrx_word' id='word_1_479' title='bbox 1837 2276 1914 2340; x_wconf 89' lang='lat' dir='ltr'>quae</span> <span class='ocrx_word' id='word_1_480' title='bbox 1960 2269 2096 2334; x_wconf 73' lang='lat' dir='ltr'>Quaeritur</span> <span class='ocrx_word' id='word_1_481' title='bbox 2108 2279 2146 2330; x_wconf 80' lang='lat' dir='ltr'>,aa</span> 
     </span>
     <span class='ocr_line' id='line_1_75' title="bbox 1174 2322 2148 2438; baseline 0.007 -26"><span class='ocrx_word' id='word_1_482' title='bbox 1174 2351 1290 2413; x_wconf 84' lang='lat' dir='ltr'>Turcae</span> <span class='ocrx_word' id='word_1_483' title='bbox 1321 2350 1495 2414; x_wconf 88' lang='lat' dir='ltr'>christianis</span> <span class='ocrx_word' id='word_1_484' title='bbox 1520 2353 1743 2428; x_wconf 89' lang='lat' dir='ltr'>vendiderunt,</span> <span class='ocrx_word' id='word_1_485' title='bbox 1772 2360 1802 2415; x_wconf 89' lang='lat' dir='ltr'>et</span> <span class='ocrx_word' id='word_1_486' title='bbox 1830 2369 1914 2416; x_wconf 91' lang='lat' dir='ltr'>nunc</span> <span class='ocrx_word' id='word_1_487' title='bbox 1934 2322 2148 2438; x_wconf 54' lang='grc' dir='ltr'>ἓὲἶέιοᾞῗῗὼρᾷἓῗ</span> 
     </span>
     <span class='ocr_line' id='line_1_76' title="bbox 1172 2428 2147 2528; baseline 0.009 -23"><span class='ocrx_word' id='word_1_488' title='bbox 1172 2445 1209 2506; x_wconf 91' lang='lat' dir='ltr'>ab</span> <span class='ocrx_word' id='word_1_489' title='bbox 1238 2446 1429 2524; x_wconf 88' lang='lat' dir='ltr'>emptoribus</span> <span class='ocrx_word' id='word_1_490' title='bbox 1463 2447 1660 2524; x_wconf 90' lang='lat' dir='ltr'>detinentur;</span> <span class='ocrx_word' id='word_1_491' title='bbox 1693 2447 1914 2525; x_wconf 82' lang='lat' dir='ltr'>quaeriturque</span> <span class='ocrx_word' id='word_1_492' title='bbox 1933 2428 2147 2528; x_wconf 51' lang='lat' dir='ltr'>{ffllffifigfflgffiiff</span> 
     </span>
     <span class='ocr_line' id='line_1_77' title="bbox 1175 2537 2148 2636; baseline 0.004 -36"><span class='ocrx_word' id='word_1_493' title='bbox 1175 2547 1292 2614; x_wconf 90' lang='lat' dir='ltr'>utrum,</span> <span class='ocrx_word' id='word_1_494' title='bbox 1315 2539 1368 2617; x_wconf 90' lang='lat' dir='ltr'>qui</span> <span class='ocrx_word' id='word_1_495' title='bbox 1389 2557 1423 2602; x_wconf 91' lang='lat' dir='ltr'>ea</span> <span class='ocrx_word' id='word_1_496' title='bbox 1438 2540 1584 2616; x_wconf 88' lang='lat' dir='ltr'>emerint,</span> <span class='ocrx_word' id='word_1_497' title='bbox 1600 2540 1716 2618; x_wconf 89' lang='lat' dir='ltr'>quique</span> <span class='ocrx_word' id='word_1_498' title='bbox 1737 2549 1913 2619; x_wconf 90' lang='lat' dir='ltr'>emptorum</span> <span class='ocrx_word' id='word_1_499' title='bbox 1933 2537 2092 2636; x_wconf 56' lang='lat' dir='ltr'>{ffimffi</span> <span class='ocrx_word' id='word_1_500' title='bbox 2109 2546 2148 2634; x_wconf 54' lang='lat'>⁰³3·</span> 
     </span>
     <span class='ocr_line' id='line_1_78' title="bbox 1173 2623 2148 2710; baseline 0.004 -16"><span class='ocrx_word' id='word_1_501' title='bbox 1173 2633 1320 2696; x_wconf 87' lang='lat' dir='ltr'>haeredes</span> <span class='ocrx_word' id='word_1_502' title='bbox 1332 2641 1384 2694; x_wconf 91' lang='lat' dir='ltr'>aut</span> <span class='ocrx_word' id='word_1_503' title='bbox 1399 2633 1531 2710; x_wconf 85' lang='lat' dir='ltr'>legitimi</span> <span class='ocrx_word' id='word_1_504' title='bbox 1548 2651 1738 2696; x_wconf 86' lang='lat' dir='ltr'>successores</span> <span class='ocrx_word' id='word_1_505' title='bbox 1752 2643 1836 2710; x_wconf 92' lang='lat' dir='ltr'>sunt,</span> <span class='ocrx_word' id='word_1_506' title='bbox 1849 2641 1912 2696; x_wconf 89' lang='lat' dir='ltr'>tata</span> <span class='ocrx_word' id='word_1_507' title='bbox 1934 2639 2025 2688; x_wconf 77' lang='lat' dir='ltr'>vurcis&#39;</span> <span class='ocrx_word' id='word_1_508' title='bbox 2041 2623 2148 2706; x_wconf 60' lang='lat' dir='ltr'>occisa</span> 
     </span>
     <span class='ocr_line' id='line_1_79' title="bbox 1172 2699 2147 2806; baseline 0.002 -19"><span class='ocrx_word' id='word_1_509' title='bbox 1172 2726 1357 2789; x_wconf 87' lang='lat' dir='ltr'>conscientia</span> <span class='ocrx_word' id='word_1_510' title='bbox 1379 2728 1516 2790; x_wconf 89' lang='lat' dir='ltr'>retinere</span> <span class='ocrx_word' id='word_1_511' title='bbox 1545 2727 1596 2789; x_wconf 91' lang='lat' dir='ltr'>illa</span> <span class='ocrx_word' id='word_1_512' title='bbox 1620 2728 1751 2806; x_wconf 92' lang='lat' dir='ltr'>possint,</span> <span class='ocrx_word' id='word_1_513' title='bbox 1781 2744 1819 2789; x_wconf 92' lang='lat' dir='ltr'>an</span> <span class='ocrx_word' id='word_1_514' title='bbox 1841 2743 1914 2788; x_wconf 92' lang='lat' dir='ltr'>vero</span> <span class='ocrx_word' id='word_1_515' title='bbox 1933 2699 2147 2796; x_wconf 43' lang='lat' dir='ltr'>{amenquarti-</span> 
     </span>
     <span class='ocr_line' id='line_1_80' title="bbox 1172 2814 1915 2896; baseline 0 -14"><span class='ocrx_word' id='word_1_516' title='bbox 1172 2820 1277 2882; x_wconf 89' lang='lat' dir='ltr'>eadem</span> <span class='ocrx_word' id='word_1_517' title='bbox 1293 2819 1440 2896; x_wconf 85' lang='lat' dir='ltr'>legitimis</span> <span class='ocrx_word' id='word_1_518' title='bbox 1455 2821 1588 2882; x_wconf 91' lang='lat' dir='ltr'>dominis</span> <span class='ocrx_word' id='word_1_519' title='bbox 1609 2814 1773 2883; x_wconf 71' lang='lat' dir='ltr'>restituere</span> <span class='ocrx_word' id='word_1_520' title='bbox 1788 2828 1915 2882; x_wconf 88' lang='lat' dir='ltr'>tenean-</span> 
     </span>
    </p>

    <p class='ocr_par' dir='ltr' id='par_1_55' title="bbox 1172 2913 1915 2992">
     <span class='ocr_line' id='line_1_81' title="bbox 1172 2913 1915 2992; baseline 0.003 -18"><span class='ocrx_word' id='word_1_521' title='bbox 1172 2919 1241 2988; x_wconf 89' lang='lat' dir='ltr'>tur;</span> <span class='ocrx_word' id='word_1_522' title='bbox 1265 2913 1358 2992; x_wconf 90' lang='lat' dir='ltr'>idque</span> <span class='ocrx_word' id='word_1_523' title='bbox 1372 2930 1409 2976; x_wconf 92' lang='lat' dir='ltr'>eo</span> <span class='ocrx_word' id='word_1_524' title='bbox 1429 2913 1538 2990; x_wconf 89' lang='lat' dir='ltr'>magis,</span> <span class='ocrx_word' id='word_1_525' title='bbox 1555 2915 1636 2992; x_wconf 93' lang='lat' dir='ltr'>quod</span> <span class='ocrx_word' id='word_1_526' title='bbox 1652 2915 1754 2991; x_wconf 91' lang='lat' dir='ltr'>agitur</span> <span class='ocrx_word' id='word_1_527' title='bbox 1775 2913 1915 2976; x_wconf 86' lang='lat' dir='ltr'>debonis</span> 
     </span>
    </p>

    <p class='ocr_par' dir='ltr' id='par_1_56' title="bbox 1172 3006 1914 3086">
     <span class='ocr_line' id='line_1_82' title="bbox 1172 3006 1914 3086; baseline 0.003 -20"><span class='ocrx_word' id='word_1_528' title='bbox 1172 3007 1207 3068; x_wconf 92' lang='lat' dir='ltr'>ad</span> <span class='ocrx_word' id='word_1_529' title='bbox 1234 3006 1376 3070; x_wconf 90' lang='lat' dir='ltr'>ecclesias</span> <span class='ocrx_word' id='word_1_530' title='bbox 1403 3014 1433 3068; x_wconf 93' lang='lat' dir='ltr'>et</span> <span class='ocrx_word' id='word_1_531' title='bbox 1461 3006 1646 3069; x_wconf 90' lang='lat' dir='ltr'>monasteria</span> <span class='ocrx_word' id='word_1_532' title='bbox 1673 3007 1914 3086; x_wconf 84' lang='lat' dir='ltr'>pertinentibus,</span> 
     </span>
    </p>

    <p class='ocr_par' dir='ltr' id='par_1_57' title="bbox 1172 3094 1914 3179">
     <span class='ocr_line' id='line_1_83' title="bbox 1172 3094 1914 3179; baseline 0.003 -19"><span class='ocrx_word' id='word_1_533' title='bbox 1172 3094 1306 3178; x_wconf 87' lang='lat' dir='ltr'>quorum</span> <span class='ocrx_word' id='word_1_534' title='bbox 1321 3100 1435 3162; x_wconf 91' lang='lat' dir='ltr'>iniusta</span> <span class='ocrx_word' id='word_1_535' title='bbox 1450 3101 1588 3163; x_wconf 88' lang='lat' dir='ltr'>detentio</span> <span class='ocrx_word' id='word_1_536' title='bbox 1601 3117 1803 3162; x_wconf 87' lang='lat' dir='ltr'>censurarum</span> <span class='ocrx_word' id='word_1_537' title='bbox 1819 3117 1914 3179; x_wconf 87' lang='lat' dir='ltr'>poena</span> 
     </span>
    </p>

    <p class='ocr_par' dir='ltr' id='par_1_58' title="bbox 1172 3194 1912 3273">
     <span class='ocr_line' id='line_1_84' title="bbox 1172 3194 1912 3273; baseline 0 -17"><span class='ocrx_word' id='word_1_538' title='bbox 1172 3194 1357 3270; x_wconf 72' lang='lat' dir='ltr'>mulctatur,</span> <span class='ocrx_word' id='word_1_539' title='bbox 1389 3195 1547 3273; x_wconf 91' lang='lat' dir='ltr'>quodque,</span> <span class='ocrx_word' id='word_1_540' title='bbox 1579 3211 1677 3272; x_wconf 94' lang='lat' dir='ltr'>quum</span> <span class='ocrx_word' id='word_1_541' title='bbox 1707 3195 1912 3272; x_wconf 86' lang='lat' dir='ltr'>ecclesiastici,</span> 
     </span>
    </p>

    <p class='ocr_par' dir='ltr' id='par_1_59' title="bbox 1171 3287 2147 3648">
     <span class='ocr_line' id='line_1_85' title="bbox 1173 3287 2147 3366; baseline 0.004 -17"><span class='ocrx_word' id='word_1_542' title='bbox 1173 3305 1234 3350; x_wconf 93' lang='lat' dir='ltr'>non</span> <span class='ocrx_word' id='word_1_543' title='bbox 1257 3304 1343 3350; x_wconf 87' lang='lat' dir='ltr'>secus</span> <span class='ocrx_word' id='word_1_544' title='bbox 1365 3306 1398 3352; x_wconf 93' lang='lat' dir='ltr'>ac</span> <span class='ocrx_word' id='word_1_545' title='bbox 1419 3289 1588 3366; x_wconf 88' lang='lat' dir='ltr'>peregrini,</span> <span class='ocrx_word' id='word_1_546' title='bbox 1612 3288 1644 3348; x_wconf 94' lang='lat' dir='ltr'>in</span> <span class='ocrx_word' id='word_1_547' title='bbox 1666 3287 1767 3363; x_wconf 88' lang='lat' dir='ltr'>bellis,</span> <span class='ocrx_word' id='word_1_548' title='bbox 1783 3289 1913 3352; x_wconf 90' lang='lat' dir='ltr'>minime</span> <span class='ocrx_word' id='word_1_549' title='bbox 1960 3297 2095 3362; x_wconf 71' lang='lat' dir='ltr'>ruvrugra</span> <span class='ocrx_word' id='word_1_550' title='bbox 2109 3308 2147 3344; x_wconf 79' lang='lat' dir='ltr'>ec·</span> 
     </span>
     <span class='ocr_line' id='line_1_86' title="bbox 1171 3351 2147 3461; baseline 0.008 -19"><span class='ocrx_word' id='word_1_551' title='bbox 1171 3383 1234 3443; x_wconf 91' lang='lat' dir='ltr'>sint</span> <span class='ocrx_word' id='word_1_552' title='bbox 1254 3390 1356 3461; x_wconf 88' lang='lat' dir='ltr'>partes</span> <span class='ocrx_word' id='word_1_553' title='bbox 1381 3382 1566 3461; x_wconf 89' lang='lat' dir='ltr'>reipublicae</span> <span class='ocrx_word' id='word_1_554' title='bbox 1586 3383 1744 3457; x_wconf 89' lang='lat' dir='ltr'>nocentis,</span> <span class='ocrx_word' id='word_1_555' title='bbox 1767 3380 1910 3458; x_wconf 84' lang='lat' dir='ltr'>efflagitat</span> <span class='ocrx_word' id='word_1_556' title='bbox 1932 3351 2147 3460; x_wconf 54' lang='grc' dir='ltr'>ξιιῖῗῗῖῗιᾞὲἷὲἶ</span> 
     </span>
     <span class='ocr_line' id='line_1_87' title="bbox 1172 3461 2147 3557; baseline 0.008 -21"><span class='ocrx_word' id='word_1_557' title='bbox 1172 3475 1234 3553; x_wconf 91' lang='lat' dir='ltr'>ipsa</span> <span class='ocrx_word' id='word_1_558' title='bbox 1247 3476 1335 3550; x_wconf 91' lang='lat' dir='ltr'>ratio,</span> <span class='ocrx_word' id='word_1_559' title='bbox 1351 3483 1386 3538; x_wconf 91' lang='lat' dir='ltr'>ut</span> <span class='ocrx_word' id='word_1_560' title='bbox 1402 3477 1459 3538; x_wconf 87' lang='lat' dir='ltr'>nec</span> <span class='ocrx_word' id='word_1_561' title='bbox 1474 3475 1612 3551; x_wconf 92' lang='lat' dir='ltr'>illorum,</span> <span class='ocrx_word' id='word_1_562' title='bbox 1629 3491 1685 3538; x_wconf 88' lang='lat' dir='ltr'>uec</span> <span class='ocrx_word' id='word_1_563' title='bbox 1700 3477 1830 3538; x_wconf 91' lang='lat' dir='ltr'>istarum</span> <span class='ocrx_word' id='word_1_564' title='bbox 1845 3492 1914 3554; x_wconf 90' lang='lat' dir='ltr'>per·</span> <span class='ocrx_word' id='word_1_565' title='bbox 1933 3461 2147 3557; x_wconf 57' lang='lat' dir='ltr'>[Jsstffiffffinnssssll</span> 
     </span>
     <span class='ocr_line' id='line_1_88' title="bbox 1171 3564 1972 3648; baseline 0.002 -18"><span class='ocrx_word' id='word_1_566' title='bbox 1171 3585 1265 3631; x_wconf 91' lang='lat' dir='ltr'>sonae</span> <span class='ocrx_word' id='word_1_567' title='bbox 1286 3567 1464 3645; x_wconf 89' lang='lat' dir='ltr'>laedantur,</span> <span class='ocrx_word' id='word_1_568' title='bbox 1487 3585 1587 3648; x_wconf 90' lang='lat' dir='ltr'>neque</span> <span class='ocrx_word' id='word_1_569' title='bbox 1609 3569 1698 3631; x_wconf 91' lang='lat' dir='ltr'>bonis</span> <span class='ocrx_word' id='word_1_570' title='bbox 1723 3569 1786 3631; x_wconf 89' lang='lat' dir='ltr'>suis</span> <span class='ocrx_word' id='word_1_571' title='bbox 1808 3577 1913 3632; x_wconf 81' lang='lat' dir='ltr'>estur·</span> <span class='ocrx_word' id='word_1_572' title='bbox 1934 3564 1972 3610; x_wconf 63' lang='lat'>¹³⁸·</span> 
     </span>
    </p>

    <p class='ocr_par' dir='ltr' id='par_1_60' title="bbox 1171 3661 1912 3740">
     <span class='ocr_line' id='line_1_89' title="bbox 1171 3661 1912 3740; baseline 0 -16"><span class='ocrx_word' id='word_1_573' title='bbox 1171 3663 1295 3738; x_wconf 86' lang='lat' dir='ltr'>beatur,</span> <span class='ocrx_word' id='word_1_574' title='bbox 1308 3670 1342 3726; x_wconf 94' lang='lat' dir='ltr'>ut</span> <span class='ocrx_word' id='word_1_575' title='bbox 1359 3662 1474 3740; x_wconf 90' lang='lat' dir='ltr'>legitur</span> <span class='ocrx_word' id='word_1_576' title='bbox 1484 3662 1517 3724; x_wconf 92' lang='lat' dir='ltr'>in</span> <span class='ocrx_word' id='word_1_577' title='bbox 1528 3662 1692 3724; x_wconf 85' lang='lat' dir='ltr'>Decretali:</span> <span class='ocrx_word' id='word_1_578' title='bbox 1709 3661 1912 3736; x_wconf 78' lang='lat' dir='ltr'>lataoaaatus,</span> 
     </span>
    </p>

    <p class='ocr_par' dir='ltr' id='par_1_61' title="bbox 1172 3756 1914 3836">
     <span class='ocr_line' id='line_1_90' title="bbox 1172 3756 1914 3836; baseline -0.003 -16"><span class='ocrx_word' id='word_1_579' title='bbox 1172 3759 1207 3820; x_wconf 86' lang='lat' dir='ltr'>dc</span> <span class='ocrx_word' id='word_1_580' title='bbox 1230 3761 1343 3836; x_wconf 80' lang='lat' dir='ltr'>tregua</span> <span class='ocrx_word' id='word_1_581' title='bbox 1365 3762 1396 3819; x_wconf 87' lang='lat' dir='ltr'>et</span> <span class='ocrx_word' id='word_1_582' title='bbox 1417 3772 1511 3834; x_wconf 86' lang='lat' dir='ltr'>poce;</span> <span class='ocrx_word' id='word_1_583' title='bbox 1533 3756 1597 3831; x_wconf 91' lang='lat' dir='ltr'>ubi,</span> <span class='ocrx_word' id='word_1_584' title='bbox 1610 3757 1799 3820; x_wconf 88' lang='lat' dir='ltr'>necessitatis</span> <span class='ocrx_word' id='word_1_585' title='bbox 1815 3757 1914 3836; x_wconf 90' lang='lat' dir='ltr'>publi-</span> 
     </span>
    </p>

    <p class='ocr_par' dir='ltr' id='par_1_62' title="bbox 1171 3851 1912 3931">
     <span class='ocr_line' id='line_1_91' title="bbox 1171 3851 1912 3931; baseline 0 -17"><span class='ocrx_word' id='word_1_586' title='bbox 1171 3868 1222 3914; x_wconf 89' lang='lat' dir='ltr'>cae</span> <span class='ocrx_word' id='word_1_587' title='bbox 1243 3857 1341 3927; x_wconf 87' lang='lat' dir='ltr'>oaus&#39;a,</span> <span class='ocrx_word' id='word_1_588' title='bbox 1359 3853 1415 3914; x_wconf 88' lang='lat' dir='ltr'>boc</span> <span class='ocrx_word' id='word_1_589' title='bbox 1432 3851 1532 3929; x_wconf 92' lang='lat' dir='ltr'>ipsum</span> <span class='ocrx_word' id='word_1_590' title='bbox 1553 3851 1752 3931; x_wconf 87' lang='lat' dir='ltr'>privilegium</span> <span class='ocrx_word' id='word_1_591' title='bbox 1775 3854 1811 3914; x_wconf 89' lang='lat' dir='ltr'>ad</span> <span class='ocrx_word' id='word_1_592' title='bbox 1833 3867 1912 3914; x_wconf 92' lang='lat' dir='ltr'>mer·</span> 
     </span>
    </p>

    <p class='ocr_par' dir='ltr' id='par_1_63' title="bbox 1170 3944 1913 4021">
     <span class='ocr_line' id='line_1_92' title="bbox 1170 3944 1913 4021; baseline 0.004 -15"><span class='ocrx_word' id='word_1_593' title='bbox 1170 3950 1287 4006; x_wconf 87' lang='lat' dir='ltr'>catores</span> <span class='ocrx_word' id='word_1_594' title='bbox 1314 3945 1406 4006; x_wconf 88' lang='lat' dir='ltr'>etiam</span> <span class='ocrx_word' id='word_1_595' title='bbox 1427 3951 1460 4005; x_wconf 90' lang='lat' dir='ltr'>et</span> <span class='ocrx_word' id='word_1_596' title='bbox 1484 3944 1631 4020; x_wconf 85' lang='lat' dir='ltr'>agricolas</span> <span class='ocrx_word' id='word_1_597' title='bbox 1658 3945 1855 4021; x_wconf 81' lang='lat' dir='ltr'>extenditur,</span> <span class='ocrx_word' id='word_1_598' title='bbox 1878 3955 1913 4009; x_wconf 95' lang='lat' dir='ltr'>ut</span> 
     </span>
    </p>

    <p class='ocr_par' dir='ltr' id='par_1_64' title="bbox 1171 4037 1912 4117">
     <span class='ocr_line' id='line_1_93' title="bbox 1171 4037 1912 4117; baseline 0.004 -19"><span class='ocrx_word' id='word_1_599' title='bbox 1171 4037 1286 4115; x_wconf 91' lang='lat' dir='ltr'>optime</span> <span class='ocrx_word' id='word_1_600' title='bbox 1308 4038 1342 4100; x_wconf 94' lang='lat' dir='ltr'>ad</span> <span class='ocrx_word' id='word_1_601' title='bbox 1364 4038 1493 4100; x_wconf 88' lang='lat' dir='ltr'>citatum</span> <span class='ocrx_word' id='word_1_602' title='bbox 1515 4044 1636 4099; x_wconf 80' lang='lat' dir='ltr'>testum</span> <span class='ocrx_word' id='word_1_603' title='bbox 1657 4040 1912 4117; x_wconf 90' lang='lat' dir='ltr'>perpenduntre-</span> 
     </span>
    </p>

    <p class='ocr_par' dir='ltr' id='par_1_65' title="bbox 1171 4131 2145 4395">
     <span class='ocr_line' id='line_1_94' title="bbox 1171 4131 2144 4231; baseline 0.006 -39"><span class='ocrx_word' id='word_1_604' title='bbox 1171 4139 1321 4210; x_wconf 89' lang='lat' dir='ltr'>petentcs.</span> <span class='ocrx_word' id='word_1_605' title='bbox 1345 4132 1537 4210; x_wconf 84' lang='lat' dir='ltr'>Quamquam</span> <span class='ocrx_word' id='word_1_606' title='bbox 1558 4139 1661 4192; x_wconf 89' lang='lat' dir='ltr'>autem</span> <span class='ocrx_word' id='word_1_607' title='bbox 1686 4131 1715 4193; x_wconf 93' lang='lat' dir='ltr'>id</span> <span class='ocrx_word' id='word_1_608' title='bbox 1736 4149 1824 4211; x_wconf 89' lang='lat' dir='ltr'>saepe</span> <span class='ocrx_word' id='word_1_609' title='bbox 1849 4149 1913 4194; x_wconf 93' lang='lat' dir='ltr'>sae-</span> <span class='ocrx_word' id='word_1_610' title='bbox 1932 4185 1939 4231; x_wconf 60' lang='grc'>1</span> <span class='ocrx_word' id='word_1_611' title='bbox 1958 4134 2144 4198; x_wconf 67' lang='lat' dir='ltr'>canonicarum</span> 
     </span>
     <span class='ocr_line' id='line_1_95' title="bbox 1171 4198 2145 4304; baseline 0.001 -18"><span class='ocrx_word' id='word_1_612' title='bbox 1171 4225 1239 4302; x_wconf 92' lang='lat' dir='ltr'>pius</span> <span class='ocrx_word' id='word_1_613' title='bbox 1254 4224 1364 4302; x_wconf 88' lang='lat' dir='ltr'>reipsa</span> <span class='ocrx_word' id='word_1_614' title='bbox 1379 4238 1443 4285; x_wconf 89' lang='lat' dir='ltr'>non</span> <span class='ocrx_word' id='word_1_615' title='bbox 1458 4223 1654 4286; x_wconf 90' lang='lat' dir='ltr'>observetur:</span> <span class='ocrx_word' id='word_1_616' title='bbox 1682 4224 1763 4299; x_wconf 85' lang='lat' dir='ltr'>Quas</span> <span class='ocrx_word' id='word_1_617' title='bbox 1779 4241 1912 4287; x_wconf 84' lang='lat' dir='ltr'>canones</span> <span class='ocrx_word' id='word_1_618' title='bbox 1932 4198 2145 4304; x_wconf 54' lang='grc' dir='ltr'>ιῧῗὲωοονιῖἔῗῑὲἧῗ</span> 
     </span>
     <span class='ocr_line' id='line_1_96' title="bbox 1172 4298 1990 4395; baseline 0.005 -17"><span class='ocrx_word' id='word_1_619' title='bbox 1172 4316 1382 4380; x_wconf 83' lang='lat' dir='ltr'>rationabiles</span> <span class='ocrx_word' id='word_1_620' title='bbox 1404 4335 1440 4378; x_wconf 88' lang='lat' dir='ltr'>aa</span> <span class='ocrx_word' id='word_1_621' title='bbox 1461 4321 1600 4389; x_wconf 86' lang='lat' dir='ltr'>saactos,</span> <span class='ocrx_word' id='word_1_622' title='bbox 1624 4325 1781 4395; x_wconf 83' lang='lat' dir='ltr'>quautam</span> <span class='ocrx_word' id='word_1_623' title='bbox 1803 4318 1844 4381; x_wconf 90' lang='lat' dir='ltr'>ad</span> <span class='ocrx_word' id='word_1_624' title='bbox 1866 4319 1911 4391; x_wconf 86' lang='lat' dir='ltr'>id,</span> <span class='ocrx_word' id='word_1_625' title='bbox 1932 4298 1990 4341; x_wconf 60' lang='lat'>‘¹³⁶&#39;</span> 
     </span>
    </p>

    <p class='ocr_par' dir='ltr' id='par_1_66' title="bbox 1171 4410 1912 4489">
     <span class='ocr_line' id='line_1_97' title="bbox 1171 4410 1912 4489; baseline -0.001 -16"><span class='ocrx_word' id='word_1_626' title='bbox 1171 4411 1251 4489; x_wconf 87' lang='lat' dir='ltr'>qaod</span> <span class='ocrx_word' id='word_1_627' title='bbox 1277 4411 1409 4488; x_wconf 86' lang='lat' dir='ltr'>positivi</span> <span class='ocrx_word' id='word_1_628' title='bbox 1438 4411 1523 4474; x_wconf 83' lang='lat' dir='ltr'>iaris</span> <span class='ocrx_word' id='word_1_629' title='bbox 1548 4412 1705 4489; x_wconf 83' lang='lat' dir='ltr'>pertinet,</span> <span class='ocrx_word' id='word_1_630' title='bbox 1728 4427 1771 4473; x_wconf 89' lang='lat' dir='ltr'>aa</span> <span class='ocrx_word' id='word_1_631' title='bbox 1793 4410 1912 4474; x_wconf 86' lang='lat' dir='ltr'>abasas</span> 
     </span>
    </p>

    <p class='ocr_par' dir='ltr' id='par_1_67' title="bbox 1172 4503 1912 4576">
     <span class='ocr_line' id='line_1_98' title="bbox 1172 4503 1912 4576; baseline 0.004 -10"><span class='ocrx_word' id='word_1_632' title='bbox 1172 4503 1338 4576; x_wconf 84' lang='lat' dir='ltr'>deleverit,</span> <span class='ocrx_word' id='word_1_633' title='bbox 1372 4505 1491 4566; x_wconf 86' lang='lat' dir='ltr'>aesaio:</span> <span class='ocrx_word' id='word_1_634' title='bbox 1520 4505 1613 4568; x_wconf 89' lang='lat' dir='ltr'>verba</span> <span class='ocrx_word' id='word_1_635' title='bbox 1637 4515 1711 4569; x_wconf 92' lang='lat' dir='ltr'>sunt</span> <span class='ocrx_word' id='word_1_636' title='bbox 1743 4507 1912 4569; x_wconf 73' lang='lat' dir='ltr'>cardinalis</span> 
     </span>
    </p>

    <p class='ocr_par' dir='ltr' id='par_1_68' title="bbox 1170 4596 1912 4670">
     <span class='ocr_line' id='line_1_99' title="bbox 1170 4596 1912 4670; baseline 0.003 -11"><span class='ocrx_word' id='word_1_637' title='bbox 1170 4597 1306 4659; x_wconf 88' lang='lat' dir='ltr'>Caietani</span> <span class='ocrx_word' id='word_1_638' title='bbox 1340 4598 1376 4658; x_wconf 87' lang='lat' dir='ltr'>ia</span> <span class='ocrx_word' id='word_1_639' title='bbox 1406 4599 1476 4660; x_wconf 86' lang='lat' dir='ltr'>cias</span> <span class='ocrx_word' id='word_1_640' title='bbox 1510 4614 1656 4670; x_wconf 85' lang='lat' dir='ltr'>summa,</span> <span class='ocrx_word' id='word_1_641' title='bbox 1689 4596 1803 4662; x_wconf 86' lang='lat' dir='ltr'>aerbo:</span> <span class='ocrx_word' id='word_1_642' title='bbox 1836 4599 1912 4662; x_wconf 92' lang='lat' dir='ltr'>Belli</span> 
     </span>
    </p>

    <p class='ocr_par' dir='ltr' id='par_1_69' title="bbox 1170 4690 1910 4766">
     <span class='ocr_line' id='line_1_100' title="bbox 1170 4690 1910 4766; baseline 0.001 -13"><span class='ocrx_word' id='word_1_643' title='bbox 1170 4691 1280 4753; x_wconf 89' lang='lat' dir='ltr'>damna</span> <span class='ocrx_word' id='word_1_644' title='bbox 1318 4691 1337 4766; x_wconf 67' lang='grc' dir='ltr'><strong>ἓ</strong></span> <span class='ocrx_word' id='word_1_645' title='bbox 1371 4691 1395 4754; x_wconf 80' lang='grc'><em>4</em></span> <span class='ocrx_word' id='word_1_646' title='bbox 1429 4690 1465 4752; x_wconf 91' lang='lat' dir='ltr'>de</span> <span class='ocrx_word' id='word_1_647' title='bbox 1500 4693 1648 4764; x_wconf 85' lang='lat' dir='ltr'>damais,·</span> <span class='ocrx_word' id='word_1_648' title='bbox 1689 4693 1766 4755; x_wconf 92' lang='lat' dir='ltr'>illud</span> <span class='ocrx_word' id='word_1_649' title='bbox 1808 4699 1910 4754; x_wconf 87' lang='lat' dir='ltr'>tamen</span> 
     </span>
    </p>

    <p class='ocr_par' dir='ltr' id='par_1_70' title="bbox 1170 4784 1912 4862">
     <span class='ocr_line' id='line_1_101' title="bbox 1170 4784 1912 4862; baseline 0.003 -16"><span class='ocrx_word' id='word_1_650' title='bbox 1170 4800 1232 4846; x_wconf 90' lang='lat' dir='ltr'>non</span> <span class='ocrx_word' id='word_1_651' title='bbox 1255 4784 1365 4859; x_wconf 91' lang='lat' dir='ltr'>obstat,</span> <span class='ocrx_word' id='word_1_652' title='bbox 1388 4785 1556 4862; x_wconf 89' lang='lat' dir='ltr'>quominus</span> <span class='ocrx_word' id='word_1_653' title='bbox 1578 4786 1804 4862; x_wconf 87' lang='lat' dir='ltr'>praedictorum</span> <span class='ocrx_word' id='word_1_654' title='bbox 1823 4802 1912 4848; x_wconf 91' lang='lat' dir='ltr'>cano·</span> 
     </span>
    </p>

    <p class='ocr_par' dir='ltr' id='par_1_71' title="bbox 1169 4877 1912 4957">
     <span class='ocr_line' id='line_1_102' title="bbox 1169 4877 1912 4957; baseline 0.001 -17"><span class='ocrx_word' id='word_1_655' title='bbox 1169 4893 1247 4940; x_wconf 91' lang='lat' dir='ltr'>num</span> <span class='ocrx_word' id='word_1_656' title='bbox 1278 4877 1354 4938; x_wconf 91' lang='lat' dir='ltr'>ratio</span> <span class='ocrx_word' id='word_1_657' title='bbox 1384 4877 1522 4939; x_wconf 86' lang='lat' dir='ltr'>habenda</span> <span class='ocrx_word' id='word_1_658' title='bbox 1553 4878 1603 4954; x_wconf 94' lang='lat' dir='ltr'>sit,</span> <span class='ocrx_word' id='word_1_659' title='bbox 1636 4880 1754 4957; x_wconf 88' lang='lat' dir='ltr'>quoties</span> <span class='ocrx_word' id='word_1_660' title='bbox 1783 4881 1820 4942; x_wconf 91' lang='lat' dir='ltr'>de</span> <span class='ocrx_word' id='word_1_661' title='bbox 1848 4880 1912 4942; x_wconf 91' lang='lat' dir='ltr'>ani-</span> 
     </span>
    </p>

    <p class='ocr_par' dir='ltr' id='par_1_72' title="bbox 1169 4969 1912 5034">
     <span class='ocr_line' id='line_1_103' title="bbox 1169 4969 1912 5034; baseline 0.003 -2"><span class='ocrx_word' id='word_1_662' title='bbox 1169 4985 1290 5032; x_wconf 87' lang='lat' dir='ltr'>marum</span> <span class='ocrx_word' id='word_1_663' title='bbox 1318 4969 1489 5032; x_wconf 89' lang='lat' dir='ltr'>directione</span> <span class='ocrx_word' id='word_1_664' title='bbox 1511 4971 1543 5032; x_wconf 91' lang='lat' dir='ltr'>in</span> <span class='ocrx_word' id='word_1_665' title='bbox 1570 4970 1636 5033; x_wconf 91' lang='lat' dir='ltr'>loro</span> <span class='ocrx_word' id='word_1_666' title='bbox 1657 4973 1861 5034; x_wconf 85' lang='lat' dir='ltr'>conscientiae</span> <span class='ocrx_word' id='word_1_667' title='bbox 1883 4991 1912 5033; x_wconf 91' lang='lat' dir='ltr'>a·</span> 
     </span>
    </p>

    <p class='ocr_par' dir='ltr' id='par_1_73' title="bbox 1168 5072 1268 5140">
     <span class='ocr_line' id='line_1_104' title="bbox 1168 5072 1268 5140; baseline -0.04 -14"><span class='ocrx_word' id='word_1_668' title='bbox 1168 5072 1268 5140; x_wconf 86' lang='lat' dir='ltr'>gatur.</span> 
     </span>
    </p>

    <p class='ocr_par' dir='ltr' id='par_1_74' title="bbox 1166 5157 2142 5886">
     <span class='ocr_line' id='line_1_105' title="bbox 1208 5157 2142 5235; baseline 0.007 -16"><span class='ocrx_word' id='word_1_669' title='bbox 1208 5159 1226 5233; x_wconf 68' lang='grc' dir='ltr'><strong>ἓ</strong></span> <span class='ocrx_word' id='word_1_670' title='bbox 1246 5157 1275 5219; x_wconf 86' lang='grc'>6.</span> <span class='ocrx_word' id='word_1_671' title='bbox 1300 5157 1343 5218; x_wconf 85' lang='lat' dir='ltr'>De</span> <span class='ocrx_word' id='word_1_672' title='bbox 1363 5157 1549 5235; x_wconf 89' lang='lat' dir='ltr'>peregrinis,</span> <span class='ocrx_word' id='word_1_673' title='bbox 1571 5158 1692 5220; x_wconf 91' lang='lat' dir='ltr'>clericis</span> <span class='ocrx_word' id='word_1_674' title='bbox 1713 5165 1743 5221; x_wconf 91' lang='lat' dir='ltr'>et</span> <span class='ocrx_word' id='word_1_675' title='bbox 1764 5160 1909 5235; x_wconf 91' lang='lat' dir='ltr'>eeclesiis,</span> <span class='ocrx_word' id='word_1_676' title='bbox 1959 5164 2142 5226; x_wconf 66' lang='lat' dir='ltr'>praemissam</span> 
     </span>
     <span class='ocr_line' id='line_1_106' title="bbox 1168 5217 2142 5333; baseline 0.004 -22"><span class='ocrx_word' id='word_1_677' title='bbox 1168 5251 1202 5312; x_wconf 86' lang='lat' dir='ltr'>ad</span> <span class='ocrx_word' id='word_1_678' title='bbox 1214 5266 1342 5312; x_wconf 92' lang='lat' dir='ltr'>sensum</span> <span class='ocrx_word' id='word_1_679' title='bbox 1354 5249 1491 5312; x_wconf 89' lang='lat' dir='ltr'>laudatae</span> <span class='ocrx_word' id='word_1_680' title='bbox 1503 5250 1678 5327; x_wconf 78' lang='lat' dir='ltr'>accretalis,</span> <span class='ocrx_word' id='word_1_681' title='bbox 1692 5252 1829 5330; x_wconf 91' lang='lat' dir='ltr'>loquitur</span> <span class='ocrx_word' id='word_1_682' title='bbox 1844 5252 1911 5333; x_wconf 83' lang='lat' dir='ltr'>Syl·</span> <span class='ocrx_word' id='word_1_683' title='bbox 1930 5217 2142 5319; x_wconf 46' lang='grc' dir='ltr'>ἶὲιῗᾶῗῶιὲῗῖᾞῧ</span> 
     </span>
     <span class='ocr_line' id='line_1_107' title="bbox 1168 5341 1911 5424; baseline 0.004 -20"><span class='ocrx_word' id='word_1_684' title='bbox 1168 5343 1237 5404; x_wconf 88' lang='lat' dir='ltr'>vius</span> <span class='ocrx_word' id='word_1_685' title='bbox 1253 5341 1316 5402; x_wconf 88' lang='lat' dir='ltr'>loco</span> <span class='ocrx_word' id='word_1_686' title='bbox 1332 5343 1445 5405; x_wconf 85' lang='lat' dir='ltr'>citato.-</span> <span class='ocrx_word' id='word_1_687' title='bbox 1462 5344 1600 5406; x_wconf 81' lang='lat' dir='ltr'>coactus.</span> <span class='ocrx_word' id='word_1_688' title='bbox 1617 5345 1649 5415; x_wconf 83' lang='lat'>5,</span> <span class='ocrx_word' id='word_1_689' title='bbox 1669 5343 1813 5422; x_wconf 83' lang='lat' dir='ltr'>Spoliare</span> <span class='ocrx_word' id='word_1_690' title='bbox 1826 5362 1911 5424; x_wconf 87' lang='lat' dir='ltr'>pere-</span> 
     </span>
     <span class='ocr_line' id='line_1_108' title="bbox 1168 5434 1911 5515; baseline 0.008 -21"><span class='ocrx_word' id='word_1_691' title='bbox 1168 5436 1277 5515; x_wconf 75' lang='lat' dir='ltr'>griaos</span> <span class='ocrx_word' id='word_1_692' title='bbox 1299 5442 1329 5497; x_wconf 88' lang='lat' dir='ltr'>et</span> <span class='ocrx_word' id='word_1_693' title='bbox 1351 5434 1499 5513; x_wconf 80' lang='lat' dir='ltr'>hospitas,</span> <span class='ocrx_word' id='word_1_694' title='bbox 1525 5436 1581 5514; x_wconf 83' lang='lat' dir='ltr'>qai</span> <span class='ocrx_word' id='word_1_695' title='bbox 1603 5443 1681 5500; x_wconf 83' lang='lat' dir='ltr'>seat</span> <span class='ocrx_word' id='word_1_696' title='bbox 1704 5439 1739 5500; x_wconf 89' lang='lat' dir='ltr'>ia</span> <span class='ocrx_word' id='word_1_697' title='bbox 1760 5434 1837 5500; x_wconf 84' lang='lat' dir='ltr'>arde</span> <span class='ocrx_word' id='word_1_698' title='bbox 1857 5437 1911 5500; x_wconf 84' lang='lat' dir='ltr'>lto-</span> 
     </span>
     <span class='ocr_line' id='line_1_109' title="bbox 1166 5527 1910 5608; baseline 0.005 -20"><span class='ocrx_word' id='word_1_699' title='bbox 1166 5527 1250 5600; x_wconf 84' lang='lat' dir='ltr'>stiii,</span> <span class='ocrx_word' id='word_1_700' title='bbox 1275 5544 1337 5589; x_wconf 88' lang='lat' dir='ltr'>aaa</span> <span class='ocrx_word' id='word_1_701' title='bbox 1359 5527 1445 5600; x_wconf 88' lang='lat' dir='ltr'>licet,</span> <span class='ocrx_word' id='word_1_702' title='bbox 1470 5528 1535 5592; x_wconf 87' lang='lat' dir='ltr'>aisi</span> <span class='ocrx_word' id='word_1_703' title='bbox 1567 5533 1688 5592; x_wconf 83' lang='lat' dir='ltr'>coastat</span> <span class='ocrx_word' id='word_1_704' title='bbox 1710 5530 1746 5592; x_wconf 91' lang='lat' dir='ltr'>de</span> <span class='ocrx_word' id='word_1_705' title='bbox 1767 5530 1910 5608; x_wconf 83' lang='lat' dir='ltr'>ipsoram</span> 
     </span>
     <span class='ocr_line' id='line_1_110' title="bbox 1168 5619 1911 5702; baseline 0.008 -21"><span class='ocrx_word' id='word_1_706' title='bbox 1168 5619 1276 5698; x_wconf 88' lang='lat' dir='ltr'>calpa,</span> <span class='ocrx_word' id='word_1_707' title='bbox 1306 5621 1381 5700; x_wconf 87' lang='lat' dir='ltr'>qaia</span> <span class='ocrx_word' id='word_1_708' title='bbox 1411 5637 1474 5682; x_wconf 90' lang='lat' dir='ltr'>aaa</span> <span class='ocrx_word' id='word_1_709' title='bbox 1503 5631 1583 5686; x_wconf 84' lang='lat' dir='ltr'>scat</span> <span class='ocrx_word' id='word_1_710' title='bbox 1610 5639 1687 5702; x_wconf 85' lang='lat' dir='ltr'>pars</span> <span class='ocrx_word' id='word_1_711' title='bbox 1717 5622 1911 5702; x_wconf 83' lang='lat' dir='ltr'>reipublicae</span> 
     </span>
     <span class='ocr_line' id='line_1_111' title="bbox 1168 5715 1966 5797; baseline 0 -19"><span class='ocrx_word' id='word_1_712' title='bbox 1168 5715 1334 5778; x_wconf 85' lang='lat' dir='ltr'>aduersae:</span> <span class='ocrx_word' id='word_1_713' title='bbox 1365 5731 1463 5793; x_wconf 86' lang='lat' dir='ltr'>aeque</span> <span class='ocrx_word' id='word_1_714' title='bbox 1488 5717 1585 5779; x_wconf 86' lang='lat' dir='ltr'>etiam</span> <span class='ocrx_word' id='word_1_715' title='bbox 1607 5717 1682 5780; x_wconf 85' lang='lat' dir='ltr'>licet</span> <span class='ocrx_word' id='word_1_716' title='bbox 1706 5715 1844 5795; x_wconf 82' lang='lat' dir='ltr'>spoliare</span> <span class='ocrx_word' id='word_1_717' title='bbox 1865 5735 1911 5778; x_wconf 86' lang='lat' dir='ltr'>cc·</span> <span class='ocrx_word' id='word_1_718' title='bbox 1962 5789 1966 5797; x_wconf 24' lang='lat'>⁸</span> 
     </span>
     <span class='ocr_line' id='line_1_112' title="bbox 1168 5807 1906 5886; baseline 0.008 -19"><span class='ocrx_word' id='word_1_719' title='bbox 1168 5807 1298 5881; x_wconf 81' lang='lat' dir='ltr'>ctesias,</span> <span class='ocrx_word' id='word_1_720' title='bbox 1336 5807 1551 5880; x_wconf 79' lang='lat' dir='ltr'>monasteria,</span> <span class='ocrx_word' id='word_1_721' title='bbox 1583 5809 1630 5870; x_wconf 87' lang='lat' dir='ltr'>ael</span> <span class='ocrx_word' id='word_1_722' title='bbox 1661 5811 1906 5886; x_wconf 84' lang='lat' dir='ltr'>ecclesiasticos,</span> 
     </span>
    </p>
   </div>
   <div class='ocr_carea' id='block_1_9' title="bbox 1168 5899 1910 5968">
    <p class='ocr_par' dir='ltr' id='par_1_75' title="bbox 1168 5899 1910 5968">
     <span class='ocr_line' id='line_1_113' title="bbox 1168 5899 1910 5968; baseline 0.008 -6"><span class='ocrx_word' id='word_1_723' title='bbox 1168 5901 1296 5964; x_wconf 86' lang='lat' dir='ltr'>etiamsi</span> <span class='ocrx_word' id='word_1_724' title='bbox 1318 5917 1357 5964; x_wconf 82' lang='lat' dir='ltr'>ea</span> <span class='ocrx_word' id='word_1_725' title='bbox 1379 5919 1478 5964; x_wconf 86' lang='lat' dir='ltr'>caasa</span> <span class='ocrx_word' id='word_1_726' title='bbox 1497 5899 1690 5966; x_wconf 78' lang='lat' dir='ltr'>rationabili</span> <span class='ocrx_word' id='word_1_727' title='bbox 1710 5903 1788 5968; x_wconf 88' lang='lat' dir='ltr'>data</span> <span class='ocrx_word' id='word_1_728' title='bbox 1803 5906 1848 5967; x_wconf 88' lang='lat' dir='ltr'>sit</span> <span class='ocrx_word' id='word_1_729' title='bbox 1867 5906 1910 5968; x_wconf 87' lang='lat' dir='ltr'>ci·</span> 
     </span>
    </p>
   </div>
   <div class='ocr_carea' id='block_1_10' title="bbox 0 0 2432 6984">
    <p class='ocr_par' dir='ltr' id='par_1_76' title="bbox 0 0 2432 6984">
     <span class='ocr_line' id='line_1_114' title="bbox 0 0 2432 6984; baseline 0 0"><span class='ocrx_word' id='word_1_730' title='bbox 0 0 2432 6984; x_wconf 95' lang='lat' dir='ltr'> </span> 
     </span>
    </p>
   </div>
  </div>
 </body>
</html>
