4856 6984
96 613 155 663 Au.
172 615 208 666 C.
233 617 300 667 1752

333 747 443 826 pimus,
467 747 560 812 taxati
592 745 806 824 reperiuntur,
838 746 982 824 quodque
1004 743 1078 806 dile-

330 847 396 902 ctus
418 839 563 904 similiter
584 839 668 900 iilius
700 846 805 900 noster
827 837 965 914 Angelus
988 836 1077 898 alaria

331 931 481 1010 praefatae
497 931 527 994 S.
542 931 577 992 ll.
595 931 631 993 E.
649 930 820 993 cardinalis
834 930 982 1004 Quirinus
997 944 1077 990 nun-

330 1033 458 1105 cupatus
479 1026 647 1092 modernus
671 1024 836 1102 Episcopus
858 1022 1026 1084 Brixiensis
1046 1021 1077 1084 in

330 1119 545 1182 commendam
566 1119 601 1180 ad
629 1117 677 1178 sui
707 1117 803 1178 vitam
822 1131 861 1176 ex
882 1115 1079 1176 concessione

330 1221 361 1274 et
381 1211 610 1288 dispensatione
623 1209 801 1288 apostolicis
816 1210 850 1271 ad
867 1224 1012 1286 praesens
1027 1208 1078 1268 ob

332 1305 421 1378 tinet,
444 1321 477 1368 ac
498 1305 531 1364 in
552 1302 688 1364 similem
716 1303 932 1365 commendam
954 1317 991 1362 ex
1013 1301 1078 1379 pari

330 1397 526 1460 concessione
557 1396 719 1474 apostolica
751 1397 786 1458 ad
818 1395 916 1456 vitam
944 1394 1078 1456 obtineri

331 1490 505 1564 consuevit,
529 1504 565 1549 ex
589 1505 675 1550 nunc
698 1496 790 1566 prout
805 1503 841 1548 ex
860 1496 946 1561 tunc,
962 1495 1078 1548 etcum

331 1584 469 1661 primum
491 1581 568 1644 illud
591 1597 646 1659 per
668 1597 800 1654 cessum,
815 1581 910 1642 etiam
932 1595 1078 1640 excausa

331 1675 580 1755 permutationis,
604 1673 653 1735 vel
675 1675 835 1735 decessum
856 1687 911 1734 333
931 1671 1078 1748 privatio-

332 1785 416 1842 nem,
439 1774 493 1832 aut
515 1768 657 1844 quamvis
677 1766 766 1827 aliam
793 1763 1007 1826 dimissionem
1030 1761 1079 1824 vel

331 1861 540 1934 amissionem,
563 1859 634 1922 dicti
656 1858 769 1934 angeli
783 1857 895 1920 Mariae
912 1856 1080 1920 Cardiualis

331 1965 362 2018 31
385 1955 539 2038 Episcopi,
561 1963 614 2016 aut
634 1953 707 2014 31133
727 1953 838 2030 quovis
855 1951 945 2012 modo
961 1966 998 2011 ex
1014 1951 1080 2011 eius

332 2065 472 2127 persona,
495 2045 677 2109 commenda
701 2045 832 2124 praelata
857 2052 1006 2117 cessante,
1029 2059 1081 2104 va·

331 2159 397 2204 care
419 2141 598 2217 contigerit,
623 2140 743 2201 etiamsi
771 2147 844 2214 etc,
868 2139 1080 2199 1133333133-

332 2243 427 2298 nente
444 2233 533 2294 titulo
545 2233 747 2293 commendas
759 2229 947 2302 huiusmodi,
962 2229 1080 2290 induas

332 2335 444 2404 partes,
467 2341 521 2388 333
545 2327 619 2388 duas
640 2324 784 2402 deinceps
806 2321 1003 2384 commendas
1025 2336 1080 2398 per

332 2437 387 2486 noe
410 2429 444 2481 ut
466 2418 545 2479 inira
567 2417 740 2494 erigendae,
757 2430 892 2494 quorum
913 2431 986 2489 una,
1002 2429 1080 2492 quae

332 2513 468 2576 redditus
489 2529 527 2573 ex
551 2513 638 2574 bonis
655 2511 686 2572 in
702 2510 860 2572 austriaca
876 2508 993 2569 ditione
1007 2523 1079 2569 con·

331 2604 513 2673 sistentibus
535 2603 567 2664 in
590 2618 712 2664 summa
733 2603 925 2663 llorenorum
949 2599 1035 2662 mille
1050 2607 1080 2662 et

330 2707 460 2764 eentum
481 2703 625 2758 monetae
653 2694 817 2772 praefatae,
841 2704 876 2754 ut
898 2694 1013 2770 pariter
1034 2710 1081 2754 ac-

331 2791 482 2868 cepimns,
498 2788 532 2848 ad
548 2803 692 2867 praeseus
708 2789 810 2861 babet,
826 2785 1021 2860 Goritiensis;
1038 2786 1079 2846 al-

334 2891 397 2944 tera
419 2899 503 2956 vero,
526 2899 605 2961 quare
636 2881 775 2943 redditus
797 2897 835 2940 ex
857 2880 945 2941 honis
968 2880 998 2940 in
1025 2877 1080 2940 Ve-

332 2983 406 3038 neto
428 2976 566 3038 dominio
588 2973 793 3036 existentibus
821 2973 914 3034 etiam
936 2973 971 3032 ad
994 2987 1080 3050 prae·

331 3085 404 3131 sens
425 3068 528 3142 habet,
552 3067 710 3129 Utinensis
742 3066 913 3142 respective
934 3064 1081 3126 dioecesis

332 3162 538 3235 denominari,
561 3177 594 3223 ac
621 3158 804 3238 primodicta
835 3157 1013 3232 Goritiensi,
1036 3173 1082 3217 33-

332 3257 434 3318 cundo
455 3255 531 3316 dicta
553 3269 627 3314 vero
649 3251 849 3314 commendae
871 3256 905 3312 ut
928 3249 1082 3311 13133331-

333 3349 462 3425 genuae,
485 3347 628 3408 Utinensi
651 3345 895 3423 archiepiscopis
925 3359 981 3422 pro
1004 3352 1080 3405 tem-

333 3455 408 3518 pore
430 3439 645 3512 existentibus,
668 3447 699 3500 et
721 3454 785 3499 non
807 3438 872 3499 aliis
893 3437 1034 3515 personis
1049 3436 1081 3497 in

333 3533 549 3596 commendam
571 3531 733 3608 apostolica
753 3530 934 3592 auctoritate
949 3528 1082 3606 praelata

334 3626 460 3688 concedi
482 3633 512 3686 et
533 3624 682 3700 assignari
705 3622 847 3698 debeant,
871 3623 1037 3683 dividimus
1051 3626 1083 3680 et

334 3735 522 3796 separamus,
544 3726 577 3778 et
600 3716 771 3794 respective
793 3717 825 3776 in
847 3730 942 3776 unam
964 3725 994 3774 et
1010 3714 1083 3774 alte·

336 3826 402 3872 ram
433 3813 632 3872 commendas
659 3809 779 3872 Ordinis
808 3819 838 3870 et
860 3807 1085 3870 denominatio·

336 3905 395 3979 nis,
419 3919 472 3966 seu
497 3904 580 3965 tituli
602 3903 740 3964 eiusdem
757 3902 938 3963 monasterii
955 3901 985 3964 S.
1004 3900 1083 3961 Petri

335 3997 373 4060 de
394 3997 547 4071 Rosacci0‚
572 4005 606 4058 ut
627 3995 815 4073 praefertur,
846 3995 958 4057 divisas
988 4001 1085 4054 3133-

336 4100 465 4170 paratas,
488 4105 567 4168 quae
590 4099 693 4151 tamen
722 4088 847 4150 noviter
868 4087 900 4148 in
923 4087 1086 4148 111313113-

336 4199 440 4244 merae
462 4180 651 4259 apostolicae
673 4179 837 4258 praefatae,
860 4178 961 4240 habito
984 4191 1085 4254 respe-

335 4283 387 4338 ctu
409 4277 444 4336 ad
467 4289 575 4336 earum
592 4273 763 4350 respective
778 4271 908 4345 hactus,
926 4278 1083 4344 taxentur,

337 4369 444 4430 eadem
466 4366 629 4445 apostolica
651 4366 833 4428 auctoritate
854 4363 998 4425 similiter
1016 4379 1087 4440 per-

338 4471 431 4542 petuo
453 4461 603 4537 erigimus
624 4469 655 4520 et
680 4458 884 4520 instituimus.

139 4579 238 4640 utaque
253 4577 319 4622 otoo·
378 4565 397 4638 §
418 4562 447 4624 6.
472 4553 668 4617 Declarantes
690 4551 897 4616 nihilominus
920 4565 1012 4612 unam
1029 4549 1087 4610 ab

101 4644 147 4730 {3⁵ss
162 4641 319 4730 ιιῗιῗὲξῗιῗῗξ
341 4659 452 4720 hatiam
474 4656 614 4732 Belinge,
637 4669 692 4713 seu
714 4653 752 4713 de
773 4649 901 4711 Bellona
924 4648 972 4710 vel
996 4646 1086 4709 Bule-

101 4737 317 4783 ⁰²⁰⁰¹¹¹¹¹²⁰¹¹s¹³⁰'
339 4768 410 4828 gna,
434 4758 464 4812 31
485 4751 614 4811 alteram
636 4744 880 4828 praeposituram
902 4742 1005 4805 Stricti
1021 4739 1086 4802 Ste-

339 4847 445 4924 phani,
467 4847 639 4924 respective
662 4851 854 4920 nuncupatas
875 4840 1016 4902 ecclesias
1038 4855 1087 4900 su-

340 4942 500 5019 pradictas,
525 4943 557 5001 in
579 4938 715 5017 praelato
738 4935 896 4998 territorio
915 4933 1086 5005 Gradiscae,

340 5040 374 5096 ut
396 5033 580 5110 praefertur,
604 5031 771 5092 existentes
799 5028 857 5088 sub
877 5024 1009 5088 dioecesi
1030 5024 1088 5086 Go-

294 5125 305 5147 '
339 5127 459 5189 31113331
491 5123 635 5204 praelata,
660 5138 809 5200 versaque
841 5121 907 5184 vice
935 5123 1087 5179 monaste-

340 5222 421 5282 rium
434 5219 594 5282 abbatiam
610 5225 823 5294 nuncupatum
843 5213 944 5278 Sancti
959 5213 1034 5276 Galli
1050 5209 1088 5270 de

340 5314 438 5376 alozio
459 5328 513 5373 seu
535 5311 683 5372 alosaceu.
705 5307 832 5386 praelati
847 5307 969 5370 Ordinis
985 5305 1087 5369 Sancti

340 5405 507 5479 Benedicti,
531 5404 618 5465 cuius
647 5402 778 5477 fructae,
808 5401 945 5463 redditus
967 5408 998 5461 31
1019 5413 1089 5477 pro-

339 5509 452 5561 ventus
473 5499 508 5559 ad
532 5503 685 5559 trecentos
717 5495 851 5556 llorenos
881 5493 948 5554 auri
973 5491 1089 5552 similes

339 5591 371 5653 in
393 5590 479 5652 libris
501 5590 640 5650 eiusdem
663 5589 810 5656 Gamerae
834 5585 1037 5664 apostolicae,
1055 5591 1094 5646 ut¹

339 5686 453 5763 pariter
475 5683 565 5746 etiam
598 5683 783 5759 accepimus,
807 5681 899 5742 taxati
926 5680 1089 5758 reperiun-

340 5786 401 5852 tur,
424 5776 567 5855 quodque
588 5777 687 5837 dictus
709 5773 815 5835 Daniel
838 5771 990 5850 praelatae
1011 5770 1088 5833 San-

337 5877 403 5930 ctae
425 5869 580 5930 Romanae
602 5867 752 5930 Ecclesiae
773 5865 943 5928 Gardinalis
958 5863 1089 5926 Patriac-

339 5962 393 6024 cha
415 5961 554 6023 helanus
576 5967 785 6037 nuncupatus,
801 5975 834 6021 ac
849 5957 1087 6034 monasterium,

967 627 1162 672 aasabtcvt's
1185 627 1246 670 xlv.

1806 607 1864 668 [199
1915 603 1968 656 au.
1983 605 2013 656 G.
2035 603 2103 655 1752

1135 742 1294 804 abbatiam
1315 744 1409 806 etiam
1425 748 1654 820 nuncupatum,
1671 739 1702 804 S.
1721 740 1832 803 alariae
1847 743 1884 804 de

1135 835 1239 910 Sexto,
1262 835 1391 913 praelati
1414 835 1535 900 Ordinis
1558 833 1589 897 S.
1613 835 1782 910 Benedicti,
1805 835 1885 896 eius·

1133 927 1205 989 dem
1228 929 1434 1006 aquilejensis
1455 929 1628 1007 respective
1649 928 1806 1002 dioecesis,
1829 943 1884 1005 per

1135 1037 1201 1097 nos,
1225 1029 1259 1083 ut
1274 1022 1460 1100 praefertur,
1476 1038 1657 1101 suppressae
1671 1029 1703 1082 et
1718 1021 1883 1096 extinctae,

1134 1133 1167 1178 ac
1187 1117 1276 1178 cuius
1297 1115 1426 1189 tructus,
1450 1118 1587 1179 redditus
1609 1124 1640 1179 et
1662 1121 1833 1193 proventus
1849 1115 1883 1176 ad

1135 1211 1307 1272 biscentum
1328 1211 1486 1287 sexaginta
1509 1213 1642 1272 lloreuos
1664 1208 1731 1272 auri
1748 1225 1836 1287 pares
1851 1207 1884 1270 iu

1135 1305 1248 1366 eisdem
1272 1305 1357 1366 libris
1384 1304 1538 1383 praelatae
1564 1304 1711 1366 Gamerae
1732 1299 1884 1381 apostoli-

1133 1415 1196 1473 cae,
1221 1406 1254 1460 ut
1281 1397 1425 1460 similiter
1456 1397 1641 1476 accepimus,
1675 1397 1769 1458 taxati
1798 1411 1886 1473 repe-

1136 1493 1273 1565 riuntur,
1296 1498 1327 1552 et
1348 1489 1428 1568 quod
1451 1490 1583 1552 dilectus
1598 1489 1715 1567 pariter
1730 1489 1813 1550 lilius
1830 1503 1885 1550 no-

1134 1592 1197 1644 ster
1212 1584 1420 1660 Hieronymus
1435 1581 1587 1660 praelatae
1602 1580 1633 1643 S.
1644 1581 1677 1642 ll.
1689 1581 1723 1642 E.
1742 1581 1885 1644 03331133-
1904 1589 1909 1602 ·

1135 1676 1172 1737 113
1194 1677 1344 1739 Columna
1367 1685 1577 1755 nuncupatus,
1601 1677 1633 1737 in
1655 1676 1883 1748 commendam,

1134 1770 1169 1830 ad
1192 1785 1300 1831 eorum
1323 1770 1495 1846 respective
1509 1770 1617 1844 vitam,
1633 1783 1672 1828 ex
1687 1767 1886 1831 concessione

1134 1871 1164 1924 et
1186 1849 1415 1940 dispensatione
1435 1862 1608 1939 apostolicis
1627 1861 1662 1922 ad
1679 1876 1822 1939 praesens
1838 1875 1887 1921 re·

1134 1959 1270 2035 33331133
1286 1957 1440 2030 obtinent,
1455 1969 1596 2033 quaeque
1609 1955 1640 2016 iu
1656 1954 1791 2015 similem
1803 1969 1887 2015 com-

1137 2053 1279 2114 mendam
1302 2067 1339 2112 ex
1362 2050 1424 2127 pari
1447 2050 1646 2112 concessione
1668 2049 1831 2126 apostolica
1850 2049 1886 2109 ad

1135 2148 1229 2207 vitam
1252 2145 1383 2207 obtineri
1406 2148 1651 2216 consueverunt,
1675 2142 1733 2204 sub
1754 2142 1884 2204 dioecesi

1135 2237 1277 2300 Utinensi
1300 2237 1442 2314 deinceps
1468 2236 1639 2315 respective
1660 2234 1884 2312 comprehendi

1134 2333 1262 2405 debere,
1296 2331 1439 2407 quodque
1472 2329 1569 2391 luturi
1592 2327 1765 2407 capitulum
1786 2335 1817 2388 et
1838 2344 1885 2388 ca-

1134 2424 1236 2485 nonici
1259 2422 1403 2484 ecclesiae
1426 2421 1584 2484 Utinensis
1607 2438 1661 2500 per
1679 2421 1751 2483 alias
1766 2429 1886 2484 nostras

1135 2518 1237 2578 literas
1259 2516 1291 2577 in
1312 2516 1601 2594 archiepiscopalem
1622 2524 1654 2576 et
1675 2515 1886 2594 metropolita-

1135 2625 1206 2671 nam
1239 2610 1395 2671 ecclesinm
1429 2609 1581 2684 erigendi,
1615 2609 1820 2687 imposterum
1843 2616 1887 2668 te-

1135 2711 1270 2766 neantur
1292 2712 1322 2764 et
1344 2701 1469 2778 obligati
1493 2701 1638 2776 existant,
1656 2703 1724 2764 vice
1745 2717 1887 2763 summae
1950 2709 1994 2770 aa,
2008 2705 2120 2803 sproxto-

1135 2795 1302 2872 vigiutisex
1324 2795 1508 2856 ducatorum
1529 2794 1596 2854 auri
1617 2793 1654 2854 de
1676 2809 1797 2856 camera
1812 2810 1885 2856 cum
1906 2768 2122 2868 ffifflpssrnt'd'tia'

1136 2888 1233 2949 tribus
1255 2887 1371 2964 quartis
1392 2885 1519 2947 alterius
1545 2887 1645 2948 ducati
1668 2886 1790 2960 similia,
1814 2902 1886 2948 333-
1906 2866 2039 2912 statutus.

1135 2978 1307 3041 ficientium
1329 2985 1413 3040 scuta
1442 2977 1703 3056 quaxlragintasex
1725 2987 1757 3039 et
1778 2977 1886 3040 obulos

1135 3070 1291 3147 octoginta
1314 3077 1453 3131 monetae
1475 3085 1630 3144 romanae,
1646 3069 1780 3146 singulis
1795 3071 1886 3148 quiu-

1136 3164 1268 3237 denniis,
1298 3162 1478 3225 officialibus
1506 3162 1712 3226 cancellariae
1734 3163 1886 3241 apostoli·

1135 3273 1197 3331 cae,
1220 3257 1340 3317 ratione
1362 3255 1486 3317 unionis
1515 3263 1683 3334 perpetuae
1704 3255 1887 3334 parochialis

1136 3349 1280 3411 ecclesiae
1302 3348 1332 3411 S.
1358 3348 1443 3410 Pauli
1467 3350 1504 3410 de
1526 3349 1663 3410 tovatno
1694 3347 1768 3410 olim
1790 3348 1886 3426 aqui-

1137 3441 1263 3518 lejensis
1284 3441 1443 3516 dioecesis,
1467 3458 1590 3504 necnon
1618 3442 1737 3502 ratione
1758 3441 1886 3504 alterius

1138 3535 1263 3597 unionis
1295 3543 1464 3613 perpetuae
1497 3535 1712 3609 thesaurariae,
1736 3534 1888 3612 praelatae

1140 3628 1349 3690 Patraarohatts
1371 3628 1447 3689 olim
1462 3628 1606 3690 ecclesiae
1620 3627 1828 3706 aquileJeusis
1845 3627 1890 3690 di-

1139 3721 1275 3797 gnitatis,
1300 3721 1376 3783 inibi
1398 3737 1460 3782 non
1478 3729 1578 3784 tamen
1595 3730 1663 3799 post
1678 3721 1888 3800 pontificalem

1139 3817 1265 3878 maioris
1296 3817 1469 3890 existentis,
1492 3817 1593 3878 eidem
1625 3816 1820 3894 patriarchali
1842 3833 1890 3878 ec-

1139 3910 1259 3985 clesiae,
1281 3927 1335 3972 seu
1358 3911 1442 3973 illius
1474 3925 1600 3972 mensae
1622 3910 1816 3989 patriarchali
1837 3920 1890 3973 aut

1139 4005 1301 4083 capitulari
1323 4004 1448 4082 pariter,
1471 4018 1528 4081 per
1554 4019 1622 4078 333,
1646 4012 1681 4066 31
1703 4003 1889 4080 praeterear,

1139 4099 1310 4176 suppressis
1331 4106 1362 4159 et
1383 4097 1529 4159 extinctis
1554 4097 1626 4158 alias
1654 4096 1816 4174 apostolica
1838 4115 1890 4160 au·

1140 4193 1283 4254 ctoritate
1304 4191 1475 4268 respective
1501 4189 1662 4266 laetarum,
1685 4193 1720 4254 ad
1749 4191 1889 4265 alteram,

1139 4285 1310 4347 solutiones
1330 4300 1472 4346 summae
1485 4294 1644 4362 sexaginta
1659 4284 1753 4346 unius
1768 4285 1893 4346 ducato-

1142 4393 1212 4441 rum
1234 4379 1300 4441 auri
1321 4377 1485 4453 similium,
1509 4394 1582 4440 cum
1604 4378 1702 4440 tribus
1718 4377 1835 4455 quartis
1850 4375 1892 4437 al·

1143 4472 1238 4533 terius
1259 4470 1359 4533 ducati
1382 4472 1475 4548 paris,
1498 4472 1722 4534 conhcentium
1736 4486 1891 4532 summam

1140 4571 1268 4625 centum
1290 4573 1320 4624 et
1341 4573 1410 4626 octo
1430 4573 1592 4627 scutorum
1613 4572 1757 4627 monetae
1776 4562 1893 4641 praela-

1142 4664 1199 4730 tae,
1221 4665 1253 4717 et
1274 4656 1441 4718 obulorum
1462 4659 1601 4737 quinque
1623 4659 1761 4720 eiusdem
1784 4672 1890 4718 mone·

1142 4758 1199 4825 tae,
1224 4751 1340 4812 eisdem
1362 4751 1558 4813 cancellariae
1580 4751 1731 4829 praelatae
1757 4749 1894 4811 311131311-

1143 4843 1197 4905 bus
1219 4844 1312 4905 etiam
1344 4845 1477 4920 singulis
1500 4845 1700 4923 quindenniis
1722 4843 1894 4923 respective

1141 4935 1328 5009 debitorum,
1352 4939 1525 5015 respective
1547 4937 1709 5000 iaciendas.

1181 5033 1199 5105 ς
1222 5032 1250 5092 7.
1275 5032 1512 5094 considerantes
1535 5033 1638 5110 itaque
1659 5034 1792 5109 dignum
1814 5047 1890 5104 esse,
1938 5039 2020 5083 onera
2039 5035 2124 5080 massa-

1141 5123 1220 5201 quod
1237 5124 1271 5185 in
1285 5124 1415 5202 praelata
1432 5125 1555 5186 ecclesia
1567 5124 1746 5200 Goritiensi,
1757 5132 1791 5187 ut
1805 5141 1892 5204 prae-
1911 5092 2126 5196 pppaetppnpppa

1142 5215 1251 5290 lectur,
1275 5224 1387 5291 erecta,
1412 5233 1509 5294 vasque
1535 5217 1572 5278 ab
1593 5217 1659 5278 eius
1688 5217 1813 5278 exordio
1835 5231 1891 5294 pro
1911 5195 2126 5301 ssfi{{?³,g'f‘,t{¹?,f]

1144 5309 1794 5372 333333133333333333333331133
1809 5323 1891 5370 com·
1911 5299 2125 5412 33ffifflssffl⁰⁶⁰

1144 5403 1289 5464 moditate
1311 5401 1421 5480 aliquis
1444 5402 1541 5462 maior
1556 5403 1720 5465 missarum
1736 5401 1893 5464 33131333-
2080 5388 2084 5398 '

1143 5495 1251 5556 darum
1284 5509 1436 5556 numerus
1467 5495 1660 5571 reperiatur3
1693 5495 1838 5572 quodque
1859 5492 1892 5554 in

1143 5587 1219 5648 olim
1247 5586 1441 5665 patriarchali
1473 5585 1598 5648 ecclesia
1620 5584 1812 5664 aquilejensi
1839 5599 1894 5662 per

1145 5697 1210 5753 nos,
1235 5689 1269 5742 ut
1290 5679 1476 5757 praefertur,
1507 5693 1669 5756 suppressa
1691 5686 1722 5740 et
1743 5677 1892 5750 extincta,

1144 5774 1182 5834 ob
1201 5773 1350 5848 exiguum
1367 5771 1620 5850 presbyterorum
1636 5770 1712 5832 inibi
1728 5785 1894 5832 remanen-

1146 5865 1223 5927 tium
1252 5863 1545 5938 numerum,.solita
1576 5862 1788 5924 anniversaria
1816 5863 1895 5924 cele·

1146 5958 1226 6020 brari
1248 5957 1436 6035 nequibunt,
1462 5955 1670 6031 decernimus,
1693 5957 1776 6034 quod
1797 5957 1895 6034 impo-
