<?xml version="1.0" encoding="UTF-8"?>
<!DOCTYPE html PUBLIC "-//W3C//DTD XHTML 1.0 Transitional//EN"
    "http://www.w3.org/TR/xhtml1/DTD/xhtml1-transitional.dtd">
<html xmlns="http://www.w3.org/1999/xhtml" xml:lang="en" lang="en">
 <head>
  <title>
</title>
<meta http-equiv="Content-Type" content="text/html;charset=utf-8" />
  <meta name='ocr-system' content='tesseract 3.04.00' />
  <meta name='ocr-capabilities' content='ocr_page ocr_carea ocr_par ocr_line ocrx_word'/>
</head>
<body>
  <div class='ocr_page' id='page_1' title='image "./iurispontificii02martgoog_0411.png"; bbox 0 0 4828 6990; ppageno 0'>
   <div class='ocr_carea' id='block_1_1' title="bbox 933 563 1215 610">
    <p class='ocr_par' dir='ltr' id='par_1_1' title="bbox 933 563 1215 610">
     <span class='ocr_line' id='line_1_1' title="bbox 933 563 1215 610; baseline 0 -3"><span class='ocrx_word' id='word_1_1' title='bbox 933 563 1129 610; x_wconf 72' lang='lat' dir='ltr'><strong>theaetetus</strong></span> <span class='ocrx_word' id='word_1_2' title='bbox 1154 565 1215 608; x_wconf 84' lang='lat' dir='ltr'><strong>xlv.</strong></span> 
     </span>
    </p>
   </div>
   <div class='ocr_carea' id='block_1_2' title="bbox 79 683 1046 2352">
    <p class='ocr_par' dir='ltr' id='par_1_2' title="bbox 79 683 1046 2352">
     <span class='ocr_line' id='line_1_2' title="bbox 300 683 1045 762; baseline -0.003 -16"><span class='ocrx_word' id='word_1_3' title='bbox 300 683 399 746; x_wconf 83' lang='lat' dir='ltr'>bitum</span> <span class='ocrx_word' id='word_1_4' title='bbox 424 683 564 746; x_wconf 80' lang='lat' dir='ltr'><strong>hebraeis</strong></span> <span class='ocrx_word' id='word_1_5' title='bbox 584 702 600 745; x_wconf 92' lang='lat' dir='ltr'><strong>a</strong></span> <span class='ocrx_word' id='word_1_6' title='bbox 620 683 1045 762; x_wconf 70' lang='grc' dir='ltr'><strong>116616666ις6666666161666</strong></span> 
     </span>
     <span class='ocr_line' id='line_1_3' title="bbox 299 776 1046 856; baseline -0.001 -17"><span class='ocrx_word' id='word_1_7' title='bbox 299 776 1046 856; x_wconf 82' lang='lat' dir='ltr'><strong>conconcubiuarumlocoabipsohahitastuissa</strong></span> 
     </span>
     <span class='ocr_line' id='line_1_4' title="bbox 298 866 1046 948; baseline -0.003 -16"><span class='ocrx_word' id='word_1_8' title='bbox 298 886 382 932; x_wconf 88' lang='lat' dir='ltr'><strong>sacer</strong></span> <span class='ocrx_word' id='word_1_9' title='bbox 404 879 508 933; x_wconf 83' lang='lat' dir='ltr'><strong>textus</strong></span> <span class='ocrx_word' id='word_1_10' title='bbox 530 870 654 945; x_wconf 88' lang='lat' dir='ltr'><strong>indicat,</strong></span> <span class='ocrx_word' id='word_1_11' title='bbox 671 888 741 933; x_wconf 83' lang='lat' dir='ltr'><strong>cunr</strong></span> <span class='ocrx_word' id='word_1_12' title='bbox 754 866 967 948; x_wconf 83' lang='lat' dir='ltr'><strong>septingentas</strong></span> <span class='ocrx_word' id='word_1_13' title='bbox 989 869 1046 931; x_wconf 82' lang='lat' dir='ltr'><strong>lie-</strong></span> 
     </span>
     <span class='ocr_line' id='line_1_5' title="bbox 299 963 1046 1040; baseline 0 -16"><span class='ocrx_word' id='word_1_14' title='bbox 299 963 413 1040; x_wconf 82' lang='lat' dir='ltr'><strong>ginasa</strong></span> <span class='ocrx_word' id='word_1_15' title='bbox 426 964 571 1028; x_wconf 73' lang='lat' dir='ltr'><strong>trecentis</strong></span> <span class='ocrx_word' id='word_1_16' title='bbox 587 964 766 1026; x_wconf 83' lang='lat' dir='ltr'>concubinis</span> <span class='ocrx_word' id='word_1_17' title='bbox 785 963 915 1025; x_wconf 91' lang='lat' dir='ltr'><strong>omnino</strong></span> <span class='ocrx_word' id='word_1_18' title='bbox 937 963 1046 1024; x_wconf 90' lang='lat' dir='ltr'><strong>distin·</strong></span> 
     </span>
     <span class='ocr_line' id='line_1_6' title="bbox 298 1056 1046 1135; baseline -0.003 -15"><span class='ocrx_word' id='word_1_19' title='bbox 298 1065 382 1133; x_wconf 84' lang='lat' dir='ltr'><strong>gunt.</strong></span> <span class='ocrx_word' id='word_1_20' title='bbox 408 1056 532 1120; x_wconf 78' lang='lat' dir='ltr'><strong>Accedit</strong></span> <span class='ocrx_word' id='word_1_21' title='bbox 554 1064 709 1135; x_wconf 88' lang='lat' dir='ltr'><strong>praeterea</strong></span> <span class='ocrx_word' id='word_1_22' title='bbox 743 1057 920 1134; x_wconf 79' lang='lat' dir='ltr'><strong>sampsonis</strong></span> <span class='ocrx_word' id='word_1_23' title='bbox 941 1073 1046 1119; x_wconf 86' lang='lat' dir='ltr'><strong>exem·</strong></span> 
     </span>
     <span class='ocr_line' id='line_1_7' title="bbox 298 1150 1045 1230; baseline 0.001 -18"><span class='ocrx_word' id='word_1_24' title='bbox 298 1151 397 1228; x_wconf 91' lang='lat' dir='ltr'><strong>plum,</strong></span> <span class='ocrx_word' id='word_1_25' title='bbox 425 1151 479 1230; x_wconf 86' lang='lat' dir='ltr'><strong>qui</strong></span> <span class='ocrx_word' id='word_1_26' title='bbox 505 1150 632 1214; x_wconf 87' lang='lat' dir='ltr'><strong>Datilum</strong></span> <span class='ocrx_word' id='word_1_27' title='bbox 660 1162 790 1213; x_wconf 84' lang='grc'><strong>6666666</strong></span> <span class='ocrx_word' id='word_1_28' title='bbox 813 1150 920 1213; x_wconf 90' lang='lat' dir='ltr'><strong>habuit</strong></span> <span class='ocrx_word' id='word_1_29' title='bbox 942 1168 980 1212; x_wconf 81' lang='lat' dir='ltr'><strong>ex</strong></span> <span class='ocrx_word' id='word_1_30' title='bbox 1002 1152 1045 1227; x_wconf 89' lang='lat' dir='ltr'><strong>gi-</strong></span> 
     </span>
     <span class='ocr_line' id='line_1_8' title="bbox 299 1244 1044 1322; baseline 0.001 -18"><span class='ocrx_word' id='word_1_31' title='bbox 299 1253 429 1320; x_wconf 86' lang='lat' dir='ltr'><strong>gantum</strong></span> <span class='ocrx_word' id='word_1_32' title='bbox 451 1245 600 1322; x_wconf 86' lang='lat' dir='ltr'><strong>progenie</strong></span> <span class='ocrx_word' id='word_1_33' title='bbox 621 1251 732 1306; x_wconf 88' lang='lat' dir='ltr'><strong>ortam.</strong></span> <span class='ocrx_word' id='word_1_34' title='bbox 763 1245 801 1308; x_wconf 85' lang='lat' dir='ltr'><strong>Et</strong></span> <span class='ocrx_word' id='word_1_35' title='bbox 822 1251 966 1307; x_wconf 80' lang='lat' dir='ltr'><strong>sexcenta</strong></span> <span class='ocrx_word' id='word_1_36' title='bbox 988 1244 1044 1306; x_wconf 87' lang='lat' dir='ltr'><strong>aliu</strong></span> 
     </span>
     <span class='ocr_line' id='line_1_9' title="bbox 299 1337 1045 1418; baseline 0 -20"><span class='ocrx_word' id='word_1_37' title='bbox 299 1339 591 1416; x_wconf 79' lang='lat' dir='ltr'><strong>praetermittimus,</strong></span> <span class='ocrx_word' id='word_1_38' title='bbox 607 1355 742 1418; x_wconf 86' lang='lat' dir='ltr'><strong>quornm</strong></span> <span class='ocrx_word' id='word_1_39' title='bbox 763 1338 828 1400; x_wconf 86' lang='lat' dir='ltr'><strong>rim</strong></span> <span class='ocrx_word' id='word_1_40' title='bbox 851 1338 989 1414; x_wconf 88' lang='lat' dir='ltr'><strong>ingenue</strong></span> <span class='ocrx_word' id='word_1_41' title='bbox 1003 1337 1045 1398; x_wconf 88' lang='lat' dir='ltr'><strong>ia-</strong></span> 
     </span>
     <span class='ocr_line' id='line_1_10' title="bbox 300 1431 1044 1508; baseline 0 -16"><span class='ocrx_word' id='word_1_42' title='bbox 300 1438 383 1493; x_wconf 91' lang='lat' dir='ltr'><strong>tetur</strong></span> <span class='ocrx_word' id='word_1_43' title='bbox 410 1431 632 1494; x_wconf 87' lang='lat' dir='ltr'><strong>celeberrimus</strong></span> <span class='ocrx_word' id='word_1_44' title='bbox 662 1433 838 1508; x_wconf 79' lang='lat' dir='ltr'><strong>theologos</strong></span> <span class='ocrx_word' id='word_1_45' title='bbox 865 1432 1044 1495; x_wconf 88' lang='lat' dir='ltr'><strong>Dominicus</strong></span> 
     </span>
     <span class='ocr_line' id='line_1_11' title="bbox 299 1525 1043 1604; baseline -0.004 -16"><span class='ocrx_word' id='word_1_46' title='bbox 299 1525 392 1588; x_wconf 88' lang='lat' dir='ltr'><strong>Solus</strong></span> <span class='ocrx_word' id='word_1_47' title='bbox 413 1525 449 1586; x_wconf 83' lang='lat' dir='ltr'><strong>ln</strong></span> <span class='ocrx_word' id='word_1_48' title='bbox 466 1527 493 1586; x_wconf 41' lang='lat'><strong>,4</strong></span> <span class='ocrx_word' id='word_1_49' title='bbox 518 1535 613 1597; x_wconf 72' lang='lat' dir='ltr'><strong>sent„</strong></span> <span class='ocrx_word' id='word_1_50' title='bbox 637 1527 713 1588; x_wconf 84' lang='lat' dir='ltr'><strong>dist.</strong></span> <span class='ocrx_word' id='word_1_51' title='bbox 733 1528 788 1598; x_wconf 90' lang='lat'><strong>39,</strong></span> <span class='ocrx_word' id='word_1_52' title='bbox 808 1531 927 1604; x_wconf 79' lang='lat' dir='ltr'><strong>quaest.</strong></span> <span class='ocrx_word' id='word_1_53' title='bbox 940 1525 1043 1596; x_wconf 84' lang='lat' dir='ltr'><strong>unia,</strong></span> 
     </span>
     <span class='ocr_line' id='line_1_12' title="bbox 297 1618 1044 1695; baseline -0.001 -14"><span class='ocrx_word' id='word_1_54' title='bbox 297 1626 364 1681; x_wconf 89' lang='lat' dir='ltr'><strong>art.</strong></span> <span class='ocrx_word' id='word_1_55' title='bbox 389 1622 420 1690; x_wconf 89' lang='lat'><strong>1,</strong></span> <span class='ocrx_word' id='word_1_56' title='bbox 444 1618 515 1682; x_wconf 92' lang='lat' dir='ltr'><strong>licet</strong></span> <span class='ocrx_word' id='word_1_57' title='bbox 536 1620 561 1682; x_wconf 91' lang='lat' dir='ltr'><strong>is</strong></span> <span class='ocrx_word' id='word_1_58' title='bbox 582 1621 701 1681; x_wconf 90' lang='lat' dir='ltr'><strong>sentire</strong></span> <span class='ocrx_word' id='word_1_59' title='bbox 722 1619 876 1695; x_wconf 86' lang='lat' dir='ltr'><strong>videatur,</strong></span> <span class='ocrx_word' id='word_1_60' title='bbox 893 1619 944 1680; x_wconf 90' lang='lat' dir='ltr'><strong>iila</strong></span> <span class='ocrx_word' id='word_1_61' title='bbox 966 1620 1044 1680; x_wconf 90' lang='lat' dir='ltr'><strong>Deu-</strong></span> 
     </span>
     <span class='ocr_line' id='line_1_13' title="bbox 299 1712 1042 1791; baseline -0.001 -16"><span class='ocrx_word' id='word_1_62' title='bbox 299 1713 464 1776; x_wconf 90' lang='lat' dir='ltr'><strong>teronomii</strong></span> <span class='ocrx_word' id='word_1_63' title='bbox 480 1714 572 1774; x_wconf 88' lang='lat' dir='ltr'><strong>verba</strong></span> <span class='ocrx_word' id='word_1_64' title='bbox 584 1715 620 1774; x_wconf 93' lang='lat' dir='ltr'><strong>de</strong></span> <span class='ocrx_word' id='word_1_65' title='bbox 636 1712 859 1791; x_wconf 90' lang='lat' dir='ltr'><strong>impedimento</strong></span> <span class='ocrx_word' id='word_1_66' title='bbox 874 1729 964 1790; x_wconf 85' lang='lat' dir='ltr'><strong>agere</strong></span> <span class='ocrx_word' id='word_1_67' title='bbox 980 1729 1042 1774; x_wconf 91' lang='lat' dir='ltr'><strong>non</strong></span> 
     </span>
     <span class='ocr_line' id='line_1_14' title="bbox 298 1806 1000 1886; baseline -0.001 -18"><span class='ocrx_word' id='word_1_68' title='bbox 298 1807 500 1885; x_wconf 82' lang='lat' dir='ltr'><strong>impediente,</strong></span> <span class='ocrx_word' id='word_1_69' title='bbox 517 1816 552 1870; x_wconf 92' lang='lat' dir='ltr'><strong>ut</strong></span> <span class='ocrx_word' id='word_1_70' title='bbox 574 1806 732 1886; x_wconf 88' lang='lat' dir='ltr'><strong>inquiunt,</strong></span> <span class='ocrx_word' id='word_1_71' title='bbox 749 1807 800 1868; x_wconf 89' lang='lat' dir='ltr'><strong>sed</strong></span> <span class='ocrx_word' id='word_1_72' title='bbox 823 1808 1000 1870; x_wconf 85' lang='lat' dir='ltr'><strong>dirimente.</strong></span> 
     </span>
     <span class='ocr_line' id='line_1_15' title="bbox 94 1900 1042 1977; baseline 0.002 -17"><span class='ocrx_word' id='word_1_73' title='bbox 94 1913 176 1960; x_wconf 69' lang='lat' dir='ltr'><strong>saitem</strong></span> <span class='ocrx_word' id='word_1_74' title='bbox 192 1923 277 1974; x_wconf 59' lang='lat' dir='ltr'><strong>rasos·</strong></span> <span class='ocrx_word' id='word_1_75' title='bbox 338 1903 357 1977; x_wconf 67' lang='grc' dir='ltr'><strong>ἓ</strong></span> <span class='ocrx_word' id='word_1_76' title='bbox 377 1902 408 1963; x_wconf 85' lang='lat' dir='ltr'><strong>u.</strong></span> <span class='ocrx_word' id='word_1_77' title='bbox 420 1901 535 1964; x_wconf 85' lang='lat' dir='ltr'><strong>Deinde</strong></span> <span class='ocrx_word' id='word_1_78' title='bbox 552 1917 637 1974; x_wconf 87' lang='lat' dir='ltr'><strong>veru,</strong></span> <span class='ocrx_word' id='word_1_79' title='bbox 650 1901 707 1961; x_wconf 91' lang='lat' dir='ltr'><strong>etsi</strong></span> <span class='ocrx_word' id='word_1_80' title='bbox 720 1900 782 1962; x_wconf 90' lang='lat' dir='ltr'><strong>Soti</strong></span> <span class='ocrx_word' id='word_1_81' title='bbox 799 1901 955 1962; x_wconf 89' lang='lat' dir='ltr'><strong>sententia</strong></span> <span class='ocrx_word' id='word_1_82' title='bbox 971 1917 1042 1962; x_wconf 89' lang='lat' dir='ltr'><strong>vera</strong></span> 
     </span>
     <span class='ocr_line' id='line_1_16' title="bbox 79 1975 1043 2072; baseline -0.015 -4"><span class='ocrx_word' id='word_1_83' title='bbox 79 1975 276 2068; x_wconf 52' lang='lat' dir='ltr'><strong>{ffiiofflmmffi</strong></span> <span class='ocrx_word' id='word_1_84' title='bbox 298 2003 388 2070; x_wconf 86' lang='lat' dir='ltr'><strong>esset,</strong></span> <span class='ocrx_word' id='word_1_85' title='bbox 411 1994 799 2072; x_wconf 87' lang='lat' dir='ltr'><strong>tamenimpedimentum</strong></span> <span class='ocrx_word' id='word_1_86' title='bbox 814 1993 964 2056; x_wconf 88' lang='lat' dir='ltr'><strong>dirimens</strong></span> <span class='ocrx_word' id='word_1_87' title='bbox 979 2010 1043 2055; x_wconf 90' lang='lat' dir='ltr'><strong>non</strong></span> 
     </span>
     <span class='ocr_line' id='line_1_17' title="bbox 79 2075 1042 2174; baseline -0.002 -24"><span class='ocrx_word' id='word_1_88' title='bbox 79 2079 209 2174; x_wconf 52' lang='lat' dir='ltr'><strong>mm</strong></span> <span class='ocrx_word' id='word_1_89' title='bbox 232 2075 277 2118; x_wconf 74' lang='lat'><strong>⁶²·</strong></span> <span class='ocrx_word' id='word_1_90' title='bbox 296 2089 331 2150; x_wconf 92' lang='lat' dir='ltr'><strong>ad</strong></span> <span class='ocrx_word' id='word_1_91' title='bbox 355 2090 519 2151; x_wconf 88' lang='lat' dir='ltr'><strong>universos</strong></span> <span class='ocrx_word' id='word_1_92' title='bbox 540 2089 670 2149; x_wconf 90' lang='lat' dir='ltr'><strong>omnino</strong></span> <span class='ocrx_word' id='word_1_93' title='bbox 701 2087 829 2166; x_wconf 88' lang='lat' dir='ltr'><strong>populos</strong></span> <span class='ocrx_word' id='word_1_94' title='bbox 858 2089 1042 2165; x_wconf 87' lang='lat' dir='ltr'><strong>pertineret,</strong></span> 
     </span>
     <span class='ocr_line' id='line_1_18' title="bbox 296 2183 1043 2261; baseline 0 -17"><span class='ocrx_word' id='word_1_95' title='bbox 296 2184 348 2244; x_wconf 91' lang='lat' dir='ltr'><strong>sed</strong></span> <span class='ocrx_word' id='word_1_96' title='bbox 369 2183 403 2243; x_wconf 92' lang='lat' dir='ltr'><strong>ad</strong></span> <span class='ocrx_word' id='word_1_97' title='bbox 426 2191 547 2261; x_wconf 90' lang='lat' dir='ltr'><strong>septem</strong></span> <span class='ocrx_word' id='word_1_98' title='bbox 570 2183 710 2244; x_wconf 85' lang='lat' dir='ltr'><strong>nationes</strong></span> <span class='ocrx_word' id='word_1_99' title='bbox 732 2189 867 2258; x_wconf 88' lang='lat' dir='ltr'><strong>tanturn,</strong></span> <span class='ocrx_word' id='word_1_100' title='bbox 885 2183 963 2245; x_wconf 90' lang='lat' dir='ltr'><strong>idest</strong></span> <span class='ocrx_word' id='word_1_101' title='bbox 985 2183 1043 2244; x_wconf 89' lang='lat' dir='ltr'><strong>He-</strong></span> 
     </span>
     <span class='ocr_line' id='line_1_19' title="bbox 298 2275 1044 2352; baseline -0.005 -12"><span class='ocrx_word' id='word_1_102' title='bbox 298 2277 419 2351; x_wconf 91' lang='lat' dir='ltr'><strong>thaeos,</strong></span> <span class='ocrx_word' id='word_1_103' title='bbox 451 2275 659 2352; x_wconf 84' lang='lat' dir='ltr'><strong>Gergezaeos,</strong></span> <span class='ocrx_word' id='word_1_104' title='bbox 693 2277 914 2350; x_wconf 79' lang='lat' dir='ltr'><strong>Amorrhaeos,</strong></span> <span class='ocrx_word' id='word_1_105' title='bbox 948 2275 1044 2338; x_wconf 85' lang='lat' dir='ltr'><strong>Cana·</strong></span> 
     </span>
    </p>
   </div>
   <div class='ocr_carea' id='block_1_3' title="bbox 297 2368 1053 2447">
    <p class='ocr_par' dir='ltr' id='par_1_3' title="bbox 297 2368 1053 2447">
     <span class='ocr_line' id='line_1_20' title="bbox 297 2368 1053 2447; baseline -0.001 -16"><span class='ocrx_word' id='word_1_106' title='bbox 297 2385 398 2444; x_wconf 88' lang='lat' dir='ltr'><strong>uaeas,</strong></span> <span class='ocrx_word' id='word_1_107' title='bbox 410 2369 609 2443; x_wconf 87' lang='lat' dir='ltr'><strong>Pherezaecs,</strong></span> <span class='ocrx_word' id='word_1_108' title='bbox 623 2368 771 2442; x_wconf 85' lang='lat' dir='ltr'><strong>Heraens,</strong></span> <span class='ocrx_word' id='word_1_109' title='bbox 785 2369 956 2442; x_wconf 90' lang='lat' dir='ltr'><strong>iebusaeos,</strong></span> <span class='ocrx_word' id='word_1_110' title='bbox 965 2385 1053 2447; x_wconf 83' lang='lat' dir='ltr'><strong>quae·</strong></span> 
     </span>
    </p>
   </div>
   <div class='ocr_carea' id='block_1_4' title="bbox 82 2461 1043 5921">
    <p class='ocr_par' dir='ltr' id='par_1_4' title="bbox 292 2461 1043 4985">
     <span class='ocr_line' id='line_1_21' title="bbox 295 2461 1041 2540; baseline -0.001 -16"><span class='ocrx_word' id='word_1_111' title='bbox 295 2461 411 2524; x_wconf 87' lang='lat' dir='ltr'><strong>seilicet</strong></span> <span class='ocrx_word' id='word_1_112' title='bbox 431 2463 600 2524; x_wconf 89' lang='lat' dir='ltr'><strong>Deuteron.</strong></span> <span class='ocrx_word' id='word_1_113' title='bbox 624 2477 692 2538; x_wconf 81' lang='lat' dir='ltr'><strong>cop</strong></span> <span class='ocrx_word' id='word_1_114' title='bbox 711 2462 733 2522; x_wconf 88' lang='lat'><em>7</em></span> <span class='ocrx_word' id='word_1_115' title='bbox 749 2462 989 2540; x_wconf 81' lang='lat' dir='ltr'><strong>exprimuntur3</strong></span> <span class='ocrx_word' id='word_1_116' title='bbox 1013 2463 1041 2524; x_wconf 89' lang='lat' dir='ltr'><strong>id</strong></span> 
     </span>
     <span class='ocr_line' id='line_1_22' title="bbox 296 2554 1043 2634; baseline 0.003 -19"><span class='ocrx_word' id='word_1_117' title='bbox 296 2571 369 2616; x_wconf 87' lang='lat' dir='ltr'><strong>raro</strong></span> <span class='ocrx_word' id='word_1_118' title='bbox 392 2554 479 2616; x_wconf 90' lang='lat' dir='ltr'><strong>nullo</strong></span> <span class='ocrx_word' id='word_1_119' title='bbox 507 2560 594 2633; x_wconf 90' lang='lat' dir='ltr'><strong>pactu</strong></span> <span class='ocrx_word' id='word_1_120' title='bbox 622 2554 756 2629; x_wconf 86' lang='lat' dir='ltr'><strong>sufficit,</strong></span> <span class='ocrx_word' id='word_1_121' title='bbox 776 2563 810 2618; x_wconf 91' lang='lat' dir='ltr'><strong>ut</strong></span> <span class='ocrx_word' id='word_1_122' title='bbox 838 2555 1043 2634; x_wconf 88' lang='lat' dir='ltr'><strong>impedimen-</strong></span> 
     </span>
     <span class='ocr_line' id='line_1_23' title="bbox 297 2647 1042 2728; baseline 0.001 -19"><span class='ocrx_word' id='word_1_123' title='bbox 297 2656 363 2710; x_wconf 90' lang='lat' dir='ltr'><strong>tum</strong></span> <span class='ocrx_word' id='word_1_124' title='bbox 375 2647 559 2728; x_wconf 88' lang='lat' dir='ltr'><strong>disparitatis</strong></span> <span class='ocrx_word' id='word_1_125' title='bbox 570 2647 672 2710; x_wconf 92' lang='lat' dir='ltr'><strong>cultus</strong></span> <span class='ocrx_word' id='word_1_126' title='bbox 685 2649 716 2709; x_wconf 94' lang='lat' dir='ltr'><strong>in</strong></span> <span class='ocrx_word' id='word_1_127' title='bbox 728 2648 867 2711; x_wconf 89' lang='lat' dir='ltr'><strong>hebraica</strong></span> <span class='ocrx_word' id='word_1_128' title='bbox 879 2649 948 2726; x_wconf 85' lang='lat' dir='ltr'><strong>lege</strong></span> <span class='ocrx_word' id='word_1_129' title='bbox 961 2649 1042 2711; x_wconf 92' lang='lat' dir='ltr'><strong>inter</strong></span> 
     </span>
     <span class='ocr_line' id='line_1_24' title="bbox 296 2740 1042 2804; baseline 0.007 -4"><span class='ocrx_word' id='word_1_130' title='bbox 296 2741 440 2802; x_wconf 88' lang='lat' dir='ltr'><strong>hebraeos</strong></span> <span class='ocrx_word' id='word_1_131' title='bbox 462 2747 492 2802; x_wconf 91' lang='lat' dir='ltr'><strong>et</strong></span> <span class='ocrx_word' id='word_1_132' title='bbox 508 2740 655 2802; x_wconf 89' lang='lat' dir='ltr'><strong>mulieres</strong></span> <span class='ocrx_word' id='word_1_133' title='bbox 676 2741 803 2804; x_wconf 86' lang='lat' dir='ltr'><strong>alterius</strong></span> <span class='ocrx_word' id='word_1_134' title='bbox 821 2741 923 2804; x_wconf 90' lang='lat' dir='ltr'><strong>cultus</strong></span> <span class='ocrx_word' id='word_1_135' title='bbox 944 2749 974 2804; x_wconf 90' lang='lat' dir='ltr'><strong>et</strong></span> <span class='ocrx_word' id='word_1_136' title='bbox 989 2760 1042 2804; x_wconf 92' lang='lat' dir='ltr'><strong>cu-</strong></span> 
     </span>
     <span class='ocr_line' id='line_1_25' title="bbox 296 2833 1041 2912; baseline 0.007 -19"><span class='ocrx_word' id='word_1_137' title='bbox 296 2833 468 2911; x_wconf 85' lang='lat' dir='ltr'><strong>iuscunque</strong></span> <span class='ocrx_word' id='word_1_138' title='bbox 484 2834 627 2905; x_wconf 94' lang='lat' dir='ltr'><strong>nationis,</strong></span> <span class='ocrx_word' id='word_1_139' title='bbox 644 2833 834 2910; x_wconf 87' lang='lat' dir='ltr'><strong>stabiliatur;</strong></span> <span class='ocrx_word' id='word_1_140' title='bbox 851 2835 937 2896; x_wconf 84' lang='lat' dir='ltr'><strong>turta</strong></span> <span class='ocrx_word' id='word_1_141' title='bbox 952 2851 1041 2912; x_wconf 88' lang='lat' dir='ltr'><strong>egre-</strong></span> 
     </span>
     <span class='ocr_line' id='line_1_26' title="bbox 295 2926 1039 3006; baseline 0.005 -20"><span class='ocrx_word' id='word_1_142' title='bbox 295 2926 376 3003; x_wconf 82' lang='lat' dir='ltr'><strong>giam</strong></span> <span class='ocrx_word' id='word_1_143' title='bbox 391 2926 423 2990; x_wconf 81' lang='grc'><strong>8.</strong></span> <span class='ocrx_word' id='word_1_144' title='bbox 437 2927 573 2989; x_wconf 79' lang='lat' dir='ltr'><strong>&#39;thomae</strong></span> <span class='ocrx_word' id='word_1_145' title='bbox 586 2926 771 3000; x_wconf 89' lang='lat' dir='ltr'><strong>doctrinam,</strong></span> <span class='ocrx_word' id='word_1_146' title='bbox 788 2929 840 3006; x_wconf 87' lang='lat' dir='ltr'><strong>qui</strong></span> <span class='ocrx_word' id='word_1_147' title='bbox 857 2929 892 2990; x_wconf 90' lang='lat' dir='ltr'><strong>ia</strong></span> <span class='ocrx_word' id='word_1_148' title='bbox 906 2929 930 2990; x_wconf 88' lang='grc'><em>4</em></span> <span class='ocrx_word' id='word_1_149' title='bbox 943 2933 1039 3000; x_wconf 71' lang='lat' dir='ltr'><strong>serit„</strong></span> 
     </span>
     <span class='ocr_line' id='line_1_27' title="bbox 295 3018 1041 3098; baseline 0.003 -18"><span class='ocrx_word' id='word_1_150' title='bbox 295 3018 370 3080; x_wconf 84' lang='lat' dir='ltr'><strong>dist.</strong></span> <span class='ocrx_word' id='word_1_151' title='bbox 397 3020 453 3090; x_wconf 87' lang='grc'><strong>39,</strong></span> <span class='ocrx_word' id='word_1_152' title='bbox 478 3025 600 3096; x_wconf 82' lang='lat' dir='ltr'><strong>quaest.</strong></span> <span class='ocrx_word' id='word_1_153' title='bbox 628 3021 659 3091; x_wconf 91' lang='lat'><strong>1,</strong></span> <span class='ocrx_word' id='word_1_154' title='bbox 682 3025 747 3082; x_wconf 91' lang='lat' dir='ltr'><strong>ort.</strong></span> <span class='ocrx_word' id='word_1_155' title='bbox 775 3021 805 3078; x_wconf 88' lang='lat'><strong>1.</strong></span> <span class='ocrx_word' id='word_1_156' title='bbox 830 3021 878 3084; x_wconf 88' lang='lat' dir='ltr'><strong>Ad</strong></span> <span class='ocrx_word' id='word_1_157' title='bbox 899 3023 1041 3098; x_wconf 73' lang='lat' dir='ltr'><strong>primurn</strong></span> 
     </span>
     <span class='ocr_line' id='line_1_28' title="bbox 294 3109 1042 3193; baseline 0.003 -21"><span class='ocrx_word' id='word_1_158' title='bbox 294 3113 336 3174; x_wconf 89' lang='lat' dir='ltr'><strong>sic</strong></span> <span class='ocrx_word' id='word_1_159' title='bbox 349 3109 490 3190; x_wconf 88' lang='lat' dir='ltr'><strong>sc&#39;ripsit:</strong></span> <span class='ocrx_word' id='word_1_160' title='bbox 508 3111 698 3184; x_wconf 80' lang='lat' dir='ltr'><strong>Dicendum,</strong></span> <span class='ocrx_word' id='word_1_161' title='bbox 716 3113 796 3191; x_wconf 80' lang='lat' dir='ltr'><strong>auod</strong></span> <span class='ocrx_word' id='word_1_162' title='bbox 810 3113 847 3174; x_wconf 86' lang='grc'><strong>66</strong></span> <span class='ocrx_word' id='word_1_163' title='bbox 862 3113 960 3175; x_wconf 88' lang='lat' dir='ltr'><strong>ueteri</strong></span> <span class='ocrx_word' id='word_1_164' title='bbox 976 3113 1042 3193; x_wconf 82' lang='lat' dir='ltr'><strong>lcpe</strong></span> 
     </span>
     <span class='ocr_line' id='line_1_29' title="bbox 295 3203 1039 3284; baseline 0.003 -18"><span class='ocrx_word' id='word_1_165' title='bbox 295 3204 331 3266; x_wconf 90' lang='lat' dir='ltr'><strong>de</strong></span> <span class='ocrx_word' id='word_1_166' title='bbox 351 3203 514 3282; x_wconf 79' lang='lat' dir='ltr'><strong>aliquibus</strong></span> <span class='ocrx_word' id='word_1_167' title='bbox 537 3204 718 3284; x_wconf 79' lang='lat' dir='ltr'><strong>infidelibus</strong></span> <span class='ocrx_word' id='word_1_168' title='bbox 740 3214 809 3269; x_wconf 86' lang='lat' dir='ltr'><strong>erut</strong></span> <span class='ocrx_word' id='word_1_169' title='bbox 835 3207 1039 3284; x_wconf 84' lang='lat' dir='ltr'><strong>permissura,</strong></span> 
     </span>
     <span class='ocr_line' id='line_1_30' title="bbox 294 3298 1042 3379; baseline 0.003 -21"><span class='ocrx_word' id='word_1_170' title='bbox 294 3305 332 3359; x_wconf 89' lang='lat' dir='ltr'><strong>ut</strong></span> <span class='ocrx_word' id='word_1_171' title='bbox 353 3313 427 3359; x_wconf 89' lang='lat' dir='ltr'><strong>eura</strong></span> <span class='ocrx_word' id='word_1_172' title='bbox 449 3299 490 3359; x_wconf 90' lang='lat' dir='ltr'><strong>iis</strong></span> <span class='ocrx_word' id='word_1_173' title='bbox 509 3303 636 3375; x_wconf 80' lang='lat' dir='ltr'><strong>possuit</strong></span> <span class='ocrx_word' id='word_1_174' title='bbox 658 3298 744 3362; x_wconf 84' lang='lat' dir='ltr'><strong>inire</strong></span> <span class='ocrx_word' id='word_1_175' title='bbox 765 3299 929 3379; x_wconf 79' lang='lat' dir='ltr'><strong>coniugia,</strong></span> <span class='ocrx_word' id='word_1_176' title='bbox 952 3305 983 3360; x_wconf 91' lang='lat' dir='ltr'><strong>et</strong></span> <span class='ocrx_word' id='word_1_177' title='bbox 1005 3299 1042 3361; x_wconf 90' lang='lat' dir='ltr'><strong>de</strong></span> 
     </span>
     <span class='ocr_line' id='line_1_31' title="bbox 294 3389 1040 3471; baseline -0.001 -17"><span class='ocrx_word' id='word_1_178' title='bbox 294 3389 457 3467; x_wconf 80' lang='lat' dir='ltr'><strong>aliquibus</strong></span> <span class='ocrx_word' id='word_1_179' title='bbox 479 3390 691 3468; x_wconf 72' lang='lat' dir='ltr'><strong>prohibitore,</strong></span> <span class='ocrx_word' id='word_1_180' title='bbox 707 3394 893 3471; x_wconf 80' lang='lat' dir='ltr'><strong>specialiter</strong></span> <span class='ocrx_word' id='word_1_181' title='bbox 914 3393 1040 3471; x_wconf 84' lang='lat' dir='ltr'><strong>quidem</strong></span> 
     </span>
     <span class='ocr_line' id='line_1_32' title="bbox 294 3482 1041 3565; baseline 0 -19"><span class='ocrx_word' id='word_1_182' title='bbox 294 3490 365 3546; x_wconf 90' lang='lat' dir='ltr'><strong>crat</strong></span> <span class='ocrx_word' id='word_1_183' title='bbox 385 3482 587 3562; x_wconf 86' lang='lat' dir='ltr'><strong>prohibitum</strong></span> <span class='ocrx_word' id='word_1_184' title='bbox 605 3486 641 3548; x_wconf 89' lang='lat' dir='ltr'><strong>de</strong></span> <span class='ocrx_word' id='word_1_185' title='bbox 657 3485 838 3565; x_wconf 77' lang='lat' dir='ltr'><strong>infidelibus</strong></span> <span class='ocrx_word' id='word_1_186' title='bbox 861 3486 1041 3550; x_wconf 81' lang='lat' dir='ltr'><strong>habitanti-</strong></span> 
     </span>
     <span class='ocr_line' id='line_1_33' title="bbox 294 3582 1041 3662; baseline -0.008 -14"><span class='ocrx_word' id='word_1_187' title='bbox 294 3583 352 3648; x_wconf 87' lang='lat' dir='ltr'><strong>bus</strong></span> <span class='ocrx_word' id='word_1_188' title='bbox 384 3585 419 3646; x_wconf 90' lang='lat' dir='ltr'><strong>in</strong></span> <span class='ocrx_word' id='word_1_189' title='bbox 455 3589 544 3648; x_wconf 83' lang='lat' dir='ltr'><strong>terra</strong></span> <span class='ocrx_word' id='word_1_190' title='bbox 586 3582 736 3656; x_wconf 86' lang='lat' dir='ltr'><strong>Caaaaa,</strong></span> <span class='ocrx_word' id='word_1_191' title='bbox 773 3584 826 3662; x_wconf 89' lang='lat' dir='ltr'><strong>qui</strong></span> <span class='ocrx_word' id='word_1_192' title='bbox 856 3590 1041 3644; x_wconf 90' lang='lat' dir='ltr'><strong>memoratas</strong></span> 
     </span>
     <span class='ocr_line' id='line_1_34' title="bbox 294 3677 1041 3757; baseline 0 -18"><span class='ocrx_word' id='word_1_193' title='bbox 294 3678 384 3757; x_wconf 87' lang='lat' dir='ltr'><strong>paulo</strong></span> <span class='ocrx_word' id='word_1_194' title='bbox 410 3687 485 3740; x_wconf 21' lang='lat' dir='ltr'><strong>,aute</strong></span> <span class='ocrx_word' id='word_1_195' title='bbox 513 3685 622 3754; x_wconf 84' lang='lat' dir='ltr'><strong>gentes</strong></span> <span class='ocrx_word' id='word_1_196' title='bbox 649 3677 930 3755; x_wconf 90' lang='lat' dir='ltr'><strong>comprehendunt.</strong></span> <span class='ocrx_word' id='word_1_197' title='bbox 954 3677 1041 3751; x_wconf 85' lang='lat' dir='ltr'><strong>Quod</strong></span> 
     </span>
     <span class='ocr_line' id='line_1_35' title="bbox 294 3769 1041 3851; baseline -0.003 -19"><span class='ocrx_word' id='word_1_198' title='bbox 294 3789 368 3834; x_wconf 87' lang='lat' dir='ltr'><strong>vero</strong></span> <span class='ocrx_word' id='word_1_199' title='bbox 383 3773 536 3851; x_wconf 87' lang='lat' dir='ltr'><strong>praedicta</strong></span> <span class='ocrx_word' id='word_1_200' title='bbox 550 3771 617 3848; x_wconf 85' lang='lat' dir='ltr'><strong>lege</strong></span> <span class='ocrx_word' id='word_1_201' title='bbox 628 3771 863 3833; x_wconf 88' lang='lat' dir='ltr'><strong>Deuteronomii</strong></span> <span class='ocrx_word' id='word_1_202' title='bbox 878 3771 919 3834; x_wconf 91' lang='lat' dir='ltr'><strong>ad</strong></span> <span class='ocrx_word' id='word_1_203' title='bbox 935 3785 1003 3847; x_wconf 88' lang='lat' dir='ltr'><strong>cup.</strong></span> <span class='ocrx_word' id='word_1_204' title='bbox 1019 3769 1041 3830; x_wconf 88' lang='grc'><strong>7</strong></span> 
     </span>
     <span class='ocr_line' id='line_1_36' title="bbox 293 3863 1040 3930; baseline -0.005 0"><span class='ocrx_word' id='word_1_205' title='bbox 293 3869 450 3930; x_wconf 82' lang='lat' dir='ltr'><strong>dumtaxat</strong></span> <span class='ocrx_word' id='word_1_206' title='bbox 473 3872 660 3928; x_wconf 90' lang='lat' dir='ltr'><strong>tenerentur</strong></span> <span class='ocrx_word' id='word_1_207' title='bbox 690 3871 790 3926; x_wconf 90' lang='lat' dir='ltr'><strong>terrae</strong></span> <span class='ocrx_word' id='word_1_208' title='bbox 811 3863 932 3927; x_wconf 87' lang='lat' dir='ltr'><strong>Ganaan</strong></span> <span class='ocrx_word' id='word_1_209' title='bbox 955 3867 1040 3929; x_wconf 89' lang='lat' dir='ltr'><strong>habi-</strong></span> 
     </span>
     <span class='ocr_line' id='line_1_37' title="bbox 294 3959 1039 4034; baseline 0 -12"><span class='ocrx_word' id='word_1_210' title='bbox 294 3968 421 4034; x_wconf 88' lang='lat' dir='ltr'><strong>tatores,</strong></span> <span class='ocrx_word' id='word_1_211' title='bbox 450 3975 513 4024; x_wconf 91' lang='lat' dir='ltr'><strong>uon</strong></span> <span class='ocrx_word' id='word_1_212' title='bbox 543 3967 647 4020; x_wconf 89' lang='lat' dir='ltr'><strong>autern</strong></span> <span class='ocrx_word' id='word_1_213' title='bbox 671 3959 802 4032; x_wconf 90' lang='lat' dir='ltr'><strong>coeteri,</strong></span> <span class='ocrx_word' id='word_1_214' title='bbox 836 3959 906 4022; x_wconf 91' lang='lat' dir='ltr'><strong>licet</strong></span> <span class='ocrx_word' id='word_1_215' title='bbox 928 3959 1039 4022; x_wconf 89' lang='lat' dir='ltr'><strong>addicti</strong></span> 
     </span>
     <span class='ocr_line' id='line_1_38' title="bbox 293 4051 1039 4132; baseline -0.004 -12"><span class='ocrx_word' id='word_1_216' title='bbox 293 4057 430 4120; x_wconf 89' lang='lat' dir='ltr'><strong>diversae</strong></span> <span class='ocrx_word' id='word_1_217' title='bbox 450 4053 575 4132; x_wconf 92' lang='lat' dir='ltr'><strong>penitus</strong></span> <span class='ocrx_word' id='word_1_218' title='bbox 597 4051 755 4128; x_wconf 84' lang='lat' dir='ltr'><strong>religioni,</strong></span> <span class='ocrx_word' id='word_1_219' title='bbox 772 4052 801 4114; x_wconf 91' lang='lat' dir='ltr'><strong>id</strong></span> <span class='ocrx_word' id='word_1_220' title='bbox 823 4051 904 4116; x_wconf 90' lang='lat' dir='ltr'><strong>clare</strong></span> <span class='ocrx_word' id='word_1_221' title='bbox 924 4056 1039 4132; x_wconf 88' lang='lat' dir='ltr'><strong>perspi-</strong></span> 
     </span>
     <span class='ocr_line' id='line_1_39' title="bbox 292 4146 1037 4225; baseline -0.003 -13"><span class='ocrx_word' id='word_1_222' title='bbox 292 4150 373 4212; x_wconf 92' lang='lat' dir='ltr'><strong>citur</strong></span> <span class='ocrx_word' id='word_1_223' title='bbox 395 4165 431 4210; x_wconf 83' lang='lat' dir='ltr'><strong>ex</strong></span> <span class='ocrx_word' id='word_1_224' title='bbox 455 4147 529 4224; x_wconf 86' lang='lat' dir='ltr'><strong>Gap.</strong></span> <span class='ocrx_word' id='word_1_225' title='bbox 557 4146 594 4209; x_wconf 73' lang='lat' dir='ltr'><strong>nt</strong></span> <span class='ocrx_word' id='word_1_226' title='bbox 624 4147 763 4207; x_wconf 89' lang='lat' dir='ltr'><strong>eiusdem</strong></span> <span class='ocrx_word' id='word_1_227' title='bbox 791 4147 1037 4225; x_wconf 85' lang='lat' dir='ltr'><strong>Deuteronomii,</strong></span> 
     </span>
     <span class='ocr_line' id='line_1_40' title="bbox 293 4239 1038 4318; baseline 0 -12"><span class='ocrx_word' id='word_1_228' title='bbox 293 4244 346 4306; x_wconf 91' lang='lat' dir='ltr'><strong>ubi</strong></span> <span class='ocrx_word' id='word_1_229' title='bbox 377 4241 547 4304; x_wconf 90' lang='lat' dir='ltr'><strong>victoribus</strong></span> <span class='ocrx_word' id='word_1_230' title='bbox 578 4239 716 4300; x_wconf 86' lang='lat' dir='ltr'><strong>hebraeis</strong></span> <span class='ocrx_word' id='word_1_231' title='bbox 745 4241 939 4318; x_wconf 92' lang='lat' dir='ltr'><strong>conceditur,</strong></span> <span class='ocrx_word' id='word_1_232' title='bbox 970 4259 1038 4306; x_wconf 90' lang='lat' dir='ltr'><strong>eam</strong></span> 
     </span>
     <span class='ocr_line' id='line_1_41' title="bbox 292 4339 1038 4421; baseline -0.007 -17"><span class='ocrx_word' id='word_1_233' title='bbox 292 4343 442 4421; x_wconf 87' lang='lat' dir='ltr'><strong>captivam</strong></span> <span class='ocrx_word' id='word_1_234' title='bbox 464 4357 594 4403; x_wconf 85' lang='lat' dir='ltr'><strong>uxorem</strong></span> <span class='ocrx_word' id='word_1_235' title='bbox 612 4341 736 4413; x_wconf 91' lang='lat' dir='ltr'><strong>ducere,</strong></span> <span class='ocrx_word' id='word_1_236' title='bbox 753 4340 839 4402; x_wconf 93' lang='lat' dir='ltr'><strong>cuius</strong></span> <span class='ocrx_word' id='word_1_237' title='bbox 853 4339 951 4402; x_wconf 86' lang='lat' dir='ltr'><strong>torma</strong></span> <span class='ocrx_word' id='word_1_238' title='bbox 966 4339 1038 4417; x_wconf 90' lang='lat' dir='ltr'><strong>ipsis</strong></span> 
     </span>
     <span class='ocr_line' id='line_1_42' title="bbox 292 4436 1038 4514; baseline 0.005 -16"><span class='ocrx_word' id='word_1_239' title='bbox 292 4437 416 4514; x_wconf 90' lang='lat' dir='ltr'><strong>egregia</strong></span> <span class='ocrx_word' id='word_1_240' title='bbox 439 4436 610 4499; x_wconf 83' lang='lat' dir='ltr'><strong>videretur.</strong></span> <span class='ocrx_word' id='word_1_241' title='bbox 637 4441 678 4501; x_wconf 82' lang='lat' dir='ltr'><strong>Et</strong></span> <span class='ocrx_word' id='word_1_242' title='bbox 700 4440 820 4503; x_wconf 88' lang='lat' dir='ltr'><strong>uideris</strong></span> <span class='ocrx_word' id='word_1_243' title='bbox 850 4441 884 4502; x_wconf 88' lang='lat' dir='ltr'><strong>ln</strong></span> <span class='ocrx_word' id='word_1_244' title='bbox 907 4457 1038 4504; x_wconf 88' lang='lat' dir='ltr'><strong>nurnero</strong></span> 
     </span>
     <span class='ocr_line' id='line_1_43' title="bbox 294 4530 1039 4611; baseline 0.007 -19"><span class='ocrx_word' id='word_1_245' title='bbox 294 4534 496 4610; x_wconf 83' lang='lat' dir='ltr'><strong>captivarunt</strong></span> <span class='ocrx_word' id='word_1_246' title='bbox 522 4530 688 4593; x_wconf 84' lang='lat' dir='ltr'><strong>mulierem</strong></span> <span class='ocrx_word' id='word_1_247' title='bbox 710 4533 939 4611; x_wconf 68' lang='lat' dir='ltr'><strong>pulchrrume</strong></span> <span class='ocrx_word' id='word_1_248' title='bbox 962 4535 1039 4597; x_wconf 89' lang='lat' dir='ltr'><strong>ada-</strong></span> 
     </span>
     <span class='ocr_line' id='line_1_44' title="bbox 292 4626 1036 4704; baseline 0.005 -20"><span class='ocrx_word' id='word_1_249' title='bbox 292 4626 428 4687; x_wconf 83' lang='lat' dir='ltr'><strong>maveris</strong></span> <span class='ocrx_word' id='word_1_250' title='bbox 445 4641 526 4697; x_wconf 86' lang='lat' dir='ltr'><strong>carn,</strong></span> <span class='ocrx_word' id='word_1_251' title='bbox 541 4626 741 4704; x_wconf 82' lang='lat' dir='ltr'><strong>coluerisque</strong></span> <span class='ocrx_word' id='word_1_252' title='bbox 756 4627 869 4691; x_wconf 83' lang='lat' dir='ltr'><strong>hebere</strong></span> <span class='ocrx_word' id='word_1_253' title='bbox 891 4644 1036 4699; x_wconf 81' lang='grc'><strong>6666666,</strong></span> 
     </span>
     <span class='ocr_line' id='line_1_45' title="bbox 293 4717 1037 4800; baseline 0.005 -21"><span class='ocrx_word' id='word_1_254' title='bbox 293 4717 430 4780; x_wconf 83' lang='lat' dir='ltr'><strong>dormias</strong></span> <span class='ocrx_word' id='word_1_255' title='bbox 453 4735 525 4780; x_wconf 82' lang='lat' dir='ltr'><strong>curn</strong></span> <span class='ocrx_word' id='word_1_256' title='bbox 541 4719 612 4793; x_wconf 84' lang='lat' dir='ltr'><strong>illa,</strong></span> <span class='ocrx_word' id='word_1_257' title='bbox 629 4725 660 4781; x_wconf 90' lang='lat' dir='ltr'><strong>et</strong></span> <span class='ocrx_word' id='word_1_258' title='bbox 675 4722 740 4782; x_wconf 88' lang='lat' dir='ltr'><strong>erit</strong></span> <span class='ocrx_word' id='word_1_259' title='bbox 754 4739 840 4783; x_wconf 85' lang='lat' dir='ltr'><strong>uuor</strong></span> <span class='ocrx_word' id='word_1_260' title='bbox 856 4728 933 4784; x_wconf 88' lang='lat' dir='ltr'><strong>tuo:</strong></span> <span class='ocrx_word' id='word_1_261' title='bbox 956 4723 1037 4800; x_wconf 86' lang='lat' dir='ltr'><strong>quod</strong></span> 
     </span>
     <span class='ocr_line' id='line_1_46' title="bbox 292 4811 1036 4890; baseline 0 -15"><span class='ocrx_word' id='word_1_262' title='bbox 292 4812 417 4890; x_wconf 83' lang='lat' dir='ltr'><strong>quidem</strong></span> <span class='ocrx_word' id='word_1_263' title='bbox 432 4822 464 4875; x_wconf 92' lang='lat' dir='ltr'><strong>et</strong></span> <span class='ocrx_word' id='word_1_264' title='bbox 475 4811 505 4874; x_wconf 92' lang='lat' dir='ltr'><strong>S.</strong></span> <span class='ocrx_word' id='word_1_265' title='bbox 520 4815 651 4876; x_wconf 86' lang='lat' dir='ltr'><strong>&#39;ihomas</strong></span> <span class='ocrx_word' id='word_1_266' title='bbox 666 4815 896 4890; x_wconf 81' lang='lat' dir='ltr'><strong>animadvertit,</strong></span> <span class='ocrx_word' id='word_1_267' title='bbox 909 4813 966 4876; x_wconf 90' lang='lat' dir='ltr'><strong>loe.</strong></span> <span class='ocrx_word' id='word_1_268' title='bbox 979 4814 1036 4875; x_wconf 83' lang='lat' dir='ltr'><strong>cit.</strong></span> 
     </span>
     <span class='ocr_line' id='line_1_47' title="bbox 295 4906 823 4985; baseline 0.008 -18"><span class='ocrx_word' id='word_1_269' title='bbox 295 4906 328 4967; x_wconf 88' lang='lat' dir='ltr'><strong>iu</strong></span> <span class='ocrx_word' id='word_1_270' title='bbox 351 4908 554 4985; x_wconf 83' lang='lat' dir='ltr'><strong>responsione</strong></span> <span class='ocrx_word' id='word_1_271' title='bbox 574 4909 616 4971; x_wconf 90' lang='lat' dir='ltr'><strong>ad</strong></span> <span class='ocrx_word' id='word_1_272' title='bbox 638 4909 823 4971; x_wconf 87' lang='lat' dir='ltr'><strong>secundun.</strong></span> 
     </span>
    </p>

    <p class='ocr_par' dir='ltr' id='par_1_5' title="bbox 82 5001 1038 5101">
     <span class='ocr_line' id='line_1_48' title="bbox 82 5001 1038 5101; baseline 0 -38"><span class='ocrx_word' id='word_1_273' title='bbox 82 5001 275 5101; x_wconf 52' lang='lat' dir='ltr'><strong>ffiffl&#39;l‘ffissss‘i</strong></span> <span class='ocrx_word' id='word_1_274' title='bbox 332 5001 401 5075; x_wconf 76' lang='lat' dir='ltr'><strong>§tt</strong></span> <span class='ocrx_word' id='word_1_275' title='bbox 427 5002 505 5064; x_wconf 89' lang='lat' dir='ltr'><strong>Cum</strong></span> <span class='ocrx_word' id='word_1_276' title='bbox 533 5011 637 5064; x_wconf 90' lang='lat' dir='ltr'><strong>autem</strong></span> <span class='ocrx_word' id='word_1_277' title='bbox 666 5002 775 5064; x_wconf 81' lang='lat' dir='ltr'><strong>Esdras</strong></span> <span class='ocrx_word' id='word_1_278' title='bbox 801 5003 880 5064; x_wconf 84' lang='lat' dir='ltr'><strong>tilios</strong></span> <span class='ocrx_word' id='word_1_279' title='bbox 909 5003 1000 5064; x_wconf 90' lang='lat' dir='ltr'><strong>lsrael</strong></span> <span class='ocrx_word' id='word_1_280' title='bbox 1022 5020 1038 5063; x_wconf 92' lang='lat' dir='ltr'><strong>a</strong></span> 
     </span>
    </p>

    <p class='ocr_par' dir='ltr' id='par_1_6' title="bbox 82 5066 1038 5206">
     <span class='ocr_line' id='line_1_49' title="bbox 82 5066 1038 5206; baseline 0.009 -57"><span class='ocrx_word' id='word_1_281' title='bbox 82 5106 105 5150; x_wconf 79' lang='lat' dir='ltr'><strong>a</strong></span> <span class='ocrx_word' id='word_1_282' title='bbox 120 5066 273 5206; x_wconf 50' lang='lat' dir='ltr'><strong>suffasciatum</strong></span> <span class='ocrx_word' id='word_1_283' title='bbox 295 5095 476 5156; x_wconf 89' lang='lat' dir='ltr'><strong>mulieribus</strong></span> <span class='ocrx_word' id='word_1_284' title='bbox 497 5094 682 5172; x_wconf 86' lang='lat' dir='ltr'><strong>alienigenis</strong></span> <span class='ocrx_word' id='word_1_285' title='bbox 702 5097 901 5174; x_wconf 87' lang='lat' dir='ltr'><strong>separaverit,</strong></span> <span class='ocrx_word' id='word_1_286' title='bbox 925 5111 987 5158; x_wconf 91' lang='lat' dir='ltr'><strong>non</strong></span> <span class='ocrx_word' id='word_1_287' title='bbox 1003 5096 1038 5158; x_wconf 93' lang='lat' dir='ltr'><strong>il·</strong></span> 
     </span>
    </p>

    <p class='ocr_par' dir='ltr' id='par_1_7' title="bbox 82 5163 1040 5921">
     <span class='ocr_line' id='line_1_50' title="bbox 82 5163 1038 5266; baseline 0 -16"><span class='ocrx_word' id='word_1_288' title='bbox 82 5170 135 5213; x_wconf 52' lang='lat'><strong>³⁰⁰³</strong></span> <span class='ocrx_word' id='word_1_289' title='bbox 164 5163 273 5208; x_wconf 60' lang='lat' dir='ltr'><strong>&#39;hm‘</strong></span> <span class='ocrx_word' id='word_1_290' title='bbox 294 5187 344 5251; x_wconf 92' lang='lat' dir='ltr'><strong>iud</strong></span> <span class='ocrx_word' id='word_1_291' title='bbox 367 5187 440 5250; x_wconf 94' lang='lat' dir='ltr'><strong>hinc</strong></span> <span class='ocrx_word' id='word_1_292' title='bbox 460 5197 609 5266; x_wconf 83' lang='lat' dir='ltr'><strong>sequatur</strong></span> <span class='ocrx_word' id='word_1_293' title='bbox 631 5204 755 5251; x_wconf 74' lang='grc'><strong>6666666</strong></span> <span class='ocrx_word' id='word_1_294' title='bbox 776 5197 832 5264; x_wconf 88' lang='lat' dir='ltr'><strong>est,</strong></span> <span class='ocrx_word' id='word_1_295' title='bbox 850 5191 929 5266; x_wconf 89' lang='lat' dir='ltr'><strong>quod</strong></span> <span class='ocrx_word' id='word_1_296' title='bbox 952 5191 977 5251; x_wconf 91' lang='lat' dir='ltr'><strong>is</strong></span> <span class='ocrx_word' id='word_1_297' title='bbox 993 5190 1038 5252; x_wconf 89' lang='lat' dir='ltr'><strong>ui-</strong></span> 
     </span>
     <span class='ocr_line' id='line_1_51' title="bbox 293 5282 1038 5361; baseline 0.001 -17"><span class='ocrx_word' id='word_1_298' title='bbox 293 5283 409 5344; x_wconf 88' lang='lat' dir='ltr'><strong>mirum</strong></span> <span class='ocrx_word' id='word_1_299' title='bbox 431 5282 665 5344; x_wconf 89' lang='lat' dir='ltr'><strong>Deuteronomii</strong></span> <span class='ocrx_word' id='word_1_300' title='bbox 694 5289 783 5360; x_wconf 90' lang='lat' dir='ltr'><strong>caput</strong></span> <span class='ocrx_word' id='word_1_301' title='bbox 807 5284 975 5361; x_wconf 91' lang='lat' dir='ltr'><strong>septimum</strong></span> <span class='ocrx_word' id='word_1_302' title='bbox 997 5285 1038 5346; x_wconf 91' lang='lat' dir='ltr'><strong>ita</strong></span> 
     </span>
     <span class='ocr_line' id='line_1_52' title="bbox 293 5374 1039 5455; baseline 0.003 -18"><span class='ocrx_word' id='word_1_303' title='bbox 293 5377 514 5455; x_wconf 91' lang='lat' dir='ltr'><strong>interpretatus</strong></span> <span class='ocrx_word' id='word_1_304' title='bbox 535 5375 586 5450; x_wconf 89' lang='lat' dir='ltr'><strong>sit,</strong></span> <span class='ocrx_word' id='word_1_305' title='bbox 608 5384 643 5437; x_wconf 92' lang='lat' dir='ltr'><strong>ut</strong></span> <span class='ocrx_word' id='word_1_306' title='bbox 658 5374 697 5437; x_wconf 92' lang='lat' dir='ltr'><strong>oh</strong></span> <span class='ocrx_word' id='word_1_307' title='bbox 711 5377 921 5454; x_wconf 92' lang='lat' dir='ltr'><strong>disparitatem</strong></span> <span class='ocrx_word' id='word_1_308' title='bbox 936 5377 1039 5441; x_wconf 90' lang='lat' dir='ltr'><strong>cultus</strong></span> 
     </span>
     <span class='ocr_line' id='line_1_53' title="bbox 293 5468 1038 5548; baseline 0.001 -18"><span class='ocrx_word' id='word_1_309' title='bbox 293 5470 377 5532; x_wconf 91' lang='lat' dir='ltr'><strong>irrita</strong></span> <span class='ocrx_word' id='word_1_310' title='bbox 399 5468 575 5548; x_wconf 86' lang='lat' dir='ltr'><strong>iniectaque</strong></span> <span class='ocrx_word' id='word_1_311' title='bbox 600 5469 794 5532; x_wconf 87' lang='lat' dir='ltr'><strong>matrimonia</strong></span> <span class='ocrx_word' id='word_1_312' title='bbox 820 5485 885 5534; x_wconf 86' lang='lat' dir='ltr'><strong>esse</strong></span> <span class='ocrx_word' id='word_1_313' title='bbox 900 5471 1038 5548; x_wconf 82' lang='lat' dir='ltr'><strong>iusserit3</strong></span> 
     </span>
     <span class='ocr_line' id='line_1_54' title="bbox 292 5563 1039 5643; baseline 0.001 -18"><span class='ocrx_word' id='word_1_314' title='bbox 292 5563 434 5641; x_wconf 88' lang='lat' dir='ltr'><strong>quinimo</strong></span> <span class='ocrx_word' id='word_1_315' title='bbox 464 5563 542 5625; x_wconf 92' lang='lat' dir='ltr'><strong>illud</strong></span> <span class='ocrx_word' id='word_1_316' title='bbox 571 5563 603 5624; x_wconf 93' lang='lat' dir='ltr'><strong>in</strong></span> <span class='ocrx_word' id='word_1_317' title='bbox 633 5578 701 5624; x_wconf 88' lang='lat' dir='ltr'><strong>eam</strong></span> <span class='ocrx_word' id='word_1_318' title='bbox 730 5572 848 5642; x_wconf 88' lang='lat' dir='ltr'><strong>partem</strong></span> <span class='ocrx_word' id='word_1_319' title='bbox 877 5565 970 5643; x_wconf 90' lang='lat' dir='ltr'><strong>accipi</strong></span> <span class='ocrx_word' id='word_1_320' title='bbox 988 5581 1039 5643; x_wconf 93' lang='lat' dir='ltr'><strong>po·</strong></span> 
     </span>
     <span class='ocr_line' id='line_1_55' title="bbox 294 5656 1039 5730; baseline 0.005 -13"><span class='ocrx_word' id='word_1_321' title='bbox 294 5663 366 5730; x_wconf 89' lang='lat' dir='ltr'><strong>test,</strong></span> <span class='ocrx_word' id='word_1_322' title='bbox 382 5663 417 5718; x_wconf 92' lang='lat' dir='ltr'><strong>ut</strong></span> <span class='ocrx_word' id='word_1_323' title='bbox 433 5664 583 5718; x_wconf 89' lang='lat' dir='ltr'><strong>manente</strong></span> <span class='ocrx_word' id='word_1_324' title='bbox 597 5656 706 5719; x_wconf 91' lang='lat' dir='ltr'><strong>eodem</strong></span> <span class='ocrx_word' id='word_1_325' title='bbox 722 5657 915 5719; x_wconf 90' lang='lat' dir='ltr'><strong>matrimonii</strong></span> <span class='ocrx_word' id='word_1_326' title='bbox 931 5659 1039 5721; x_wconf 91' lang='lat' dir='ltr'><strong>rincu-</strong></span> 
     </span>
     <span class='ocr_line' id='line_1_56' title="bbox 294 5749 1040 5828; baseline 0.003 -18"><span class='ocrx_word' id='word_1_327' title='bbox 294 5749 339 5823; x_wconf 95' lang='lat' dir='ltr'><strong>lo,</strong></span> <span class='ocrx_word' id='word_1_328' title='bbox 361 5749 514 5828; x_wconf 88' lang='lat' dir='ltr'><strong>separatio</strong></span> <span class='ocrx_word' id='word_1_329' title='bbox 535 5751 632 5828; x_wconf 89' lang='lat' dir='ltr'><strong>quoad</strong></span> <span class='ocrx_word' id='word_1_330' title='bbox 658 5750 782 5812; x_wconf 91' lang='lat' dir='ltr'><strong>thorum</strong></span> <span class='ocrx_word' id='word_1_331' title='bbox 805 5752 911 5828; x_wconf 83' lang='lat' dir='ltr'><strong>heret3</strong></span> <span class='ocrx_word' id='word_1_332' title='bbox 935 5753 975 5814; x_wconf 91' lang='lat' dir='ltr'><strong>ita</strong></span> <span class='ocrx_word' id='word_1_333' title='bbox 998 5759 1040 5812; x_wconf 91' lang='lat' dir='ltr'><strong>ta-</strong></span> 
     </span>
     <span class='ocr_line' id='line_1_57' title="bbox 294 5842 1039 5921; baseline 0.004 -17"><span class='ocrx_word' id='word_1_334' title='bbox 294 5857 367 5904; x_wconf 91' lang='lat' dir='ltr'><strong>men</strong></span> <span class='ocrx_word' id='word_1_335' title='bbox 390 5851 426 5904; x_wconf 94' lang='lat' dir='ltr'><strong>ut</strong></span> <span class='ocrx_word' id='word_1_336' title='bbox 447 5842 516 5905; x_wconf 90' lang='lat' dir='ltr'><strong>iure</strong></span> <span class='ocrx_word' id='word_1_337' title='bbox 531 5843 722 5921; x_wconf 78' lang='lat' dir='ltr'><strong>polygamiae</strong></span> <span class='ocrx_word' id='word_1_338' title='bbox 737 5844 857 5906; x_wconf 86' lang='lat' dir='ltr'><strong>nubere</strong></span> <span class='ocrx_word' id='word_1_339' title='bbox 872 5843 979 5907; x_wconf 89' lang='lat' dir='ltr'><strong>liceret</strong></span> <span class='ocrx_word' id='word_1_340' title='bbox 995 5847 1039 5908; x_wconf 90' lang='lat' dir='ltr'><strong>vi-</strong></span> 
     </span>
    </p>
   </div>
   <div class='ocr_carea' id='block_1_5' title="bbox 294 5935 1040 6011">
    <p class='ocr_par' dir='ltr' id='par_1_8' title="bbox 294 5935 1040 6011">
     <span class='ocr_line' id='line_1_58' title="bbox 294 5935 1040 6011; baseline 0.008 -15"><span class='ocrx_word' id='word_1_341' title='bbox 294 5935 348 6011; x_wconf 92' lang='lat' dir='ltr'><strong>ris,</strong></span> <span class='ocrx_word' id='word_1_342' title='bbox 371 5935 455 5998; x_wconf 85' lang='lat' dir='ltr'><strong>netas</strong></span> <span class='ocrx_word' id='word_1_343' title='bbox 476 5944 556 5998; x_wconf 90' lang='lat' dir='ltr'><strong>esset</strong></span> <span class='ocrx_word' id='word_1_344' title='bbox 577 5936 761 6000; x_wconf 90' lang='lat' dir='ltr'><strong>mulieribus</strong></span> <span class='ocrx_word' id='word_1_345' title='bbox 775 5939 813 6001; x_wconf 91' lang='lat' dir='ltr'><strong>de</strong></span> <span class='ocrx_word' id='word_1_346' title='bbox 836 5938 971 6001; x_wconf 89' lang='lat' dir='ltr'><strong>thalamo</strong></span> <span class='ocrx_word' id='word_1_347' title='bbox 991 5957 1040 6002; x_wconf 89' lang='lat' dir='ltr'><strong>co·</strong></span> 
     </span>
    </p>
   </div>
   <div class='ocr_carea' id='block_1_6' title="bbox 1771 545 2069 608">
    <p class='ocr_par' dir='ltr' id='par_1_9' title="bbox 1771 545 2069 608">
     <span class='ocr_line' id='line_1_59' title="bbox 1771 545 2069 608; baseline 0.013 -12"><span class='ocrx_word' id='word_1_348' title='bbox 1771 548 1830 608; x_wconf 79' lang='lat'><strong>395</strong></span> <span class='ocrx_word' id='word_1_349' title='bbox 1880 545 1934 597; x_wconf 84' lang='lat' dir='ltr'><strong>An.</strong></span> <span class='ocrx_word' id='word_1_350' title='bbox 1949 548 1979 599; x_wconf 83' lang='lat' dir='ltr'><strong>O.</strong></span> <span class='ocrx_word' id='word_1_351' title='bbox 2002 549 2069 600; x_wconf 81' lang='lat'>1749</span> 
     </span>
    </p>
   </div>
   <div class='ocr_carea' id='block_1_7' title="bbox 1100 684 2079 1795">
    <p class='ocr_par' dir='ltr' id='par_1_10' title="bbox 1100 684 2079 1795">
     <span class='ocr_line' id='line_1_60' title="bbox 1103 684 1850 760; baseline 0 -16"><span class='ocrx_word' id='word_1_352' title='bbox 1103 684 1216 760; x_wconf 84' lang='lat' dir='ltr'><strong>gitare,</strong></span> <span class='ocrx_word' id='word_1_353' title='bbox 1247 685 1355 759; x_wconf 90' lang='lat' dir='ltr'><strong>donec,</strong></span> <span class='ocrx_word' id='word_1_354' title='bbox 1382 685 1516 748; x_wconf 83' lang='lat' dir='ltr'><strong>nutriri</strong></span> <span class='ocrx_word' id='word_1_355' title='bbox 1542 684 1775 758; x_wconf 85' lang='lat' dir='ltr'><strong>occumberent,</strong></span> <span class='ocrx_word' id='word_1_356' title='bbox 1797 689 1850 745; x_wconf 93' lang='lat' dir='ltr'><strong>aut</strong></span> 
     </span>
     <span class='ocr_line' id='line_1_61' title="bbox 1102 775 1847 856; baseline 0 -18"><span class='ocrx_word' id='word_1_357' title='bbox 1102 779 1185 856; x_wconf 90' lang='lat' dir='ltr'><strong>ipsae</strong></span> <span class='ocrx_word' id='word_1_358' title='bbox 1205 775 1241 838; x_wconf 92' lang='lat' dir='ltr'><strong>ad</strong></span> <span class='ocrx_word' id='word_1_359' title='bbox 1264 779 1414 842; x_wconf 88' lang='lat' dir='ltr'><strong>iudaicam</strong></span> <span class='ocrx_word' id='word_1_360' title='bbox 1443 781 1623 842; x_wconf 88' lang='lat' dir='ltr'><strong>accederent</strong></span> <span class='ocrx_word' id='word_1_361' title='bbox 1644 777 1847 854; x_wconf 67' lang='lat' dir='ltr'><strong>religionem</strong></span> 
     </span>
     <span class='ocr_line' id='line_1_62' title="bbox 1102 871 1849 949; baseline -0.005 -15"><span class='ocrx_word' id='word_1_362' title='bbox 1102 879 1137 934; x_wconf 92' lang='lat' dir='ltr'><strong>ut</strong></span> <span class='ocrx_word' id='word_1_363' title='bbox 1157 871 1312 949; x_wconf 89' lang='lat' dir='ltr'><strong>sapienter</strong></span> <span class='ocrx_word' id='word_1_364' title='bbox 1332 872 1549 936; x_wconf 86' lang='lat' dir='ltr'><strong>animadvertit</strong></span> <span class='ocrx_word' id='word_1_365' title='bbox 1571 871 1704 948; x_wconf 86' lang='lat' dir='ltr'><strong>insignis</strong></span> <span class='ocrx_word' id='word_1_366' title='bbox 1719 871 1849 935; x_wconf 82' lang='lat' dir='ltr'><strong>Theolo-</strong></span> 
     </span>
     <span class='ocr_line' id='line_1_63' title="bbox 1102 963 1847 1040; baseline -0.003 -13"><span class='ocrx_word' id='word_1_367' title='bbox 1102 982 1158 1040; x_wconf 83' lang='lat' dir='ltr'><strong>gus</strong></span> <span class='ocrx_word' id='word_1_368' title='bbox 1176 965 1350 1030; x_wconf 80' lang='lat' dir='ltr'><strong>Guilelmus</strong></span> <span class='ocrx_word' id='word_1_369' title='bbox 1371 967 1472 1029; x_wconf 87' lang='lat' dir='ltr'><strong>Estius</strong></span> <span class='ocrx_word' id='word_1_370' title='bbox 1487 964 1541 1028; x_wconf 85' lang='lat' dir='ltr'><strong>lib.</strong></span> <span class='ocrx_word' id='word_1_371' title='bbox 1555 965 1578 1025; x_wconf 82' lang='lat'><strong><em>4</em></strong></span> <span class='ocrx_word' id='word_1_372' title='bbox 1590 971 1686 1037; x_wconf 83' lang='lat' dir='ltr'><strong>scat,</strong></span> <span class='ocrx_word' id='word_1_373' title='bbox 1700 965 1775 1026; x_wconf 85' lang='lat' dir='ltr'><strong>dist.</strong></span> <span class='ocrx_word' id='word_1_374' title='bbox 1789 963 1847 1036; x_wconf 86' lang='lat'><strong>39,</strong></span> 
     </span>
     <span class='ocr_line' id='line_1_64' title="bbox 1101 1057 1848 1136; baseline -0.005 -14"><span class='ocrx_word' id='word_1_375' title='bbox 1101 1059 1120 1132; x_wconf 69' lang='grc' dir='ltr'><strong>ἓ</strong></span> <span class='ocrx_word' id='word_1_376' title='bbox 1143 1064 1176 1131; x_wconf 90' lang='lat'><strong>3,</strong></span> <span class='ocrx_word' id='word_1_377' title='bbox 1191 1076 1271 1122; x_wconf 82' lang='grc'><strong>6666.</strong></span> <span class='ocrx_word' id='word_1_378' title='bbox 1292 1060 1423 1136; x_wconf 87' lang='lat' dir='ltr'><strong>Quodsi</strong></span> <span class='ocrx_word' id='word_1_379' title='bbox 1438 1060 1526 1122; x_wconf 86' lang='lat' dir='ltr'><strong>dieas</strong></span> <span class='ocrx_word' id='word_1_380' title='bbox 1543 1060 1691 1122; x_wconf 85' lang='lat' dir='ltr'><strong>Esdram.</strong></span> <span class='ocrx_word' id='word_1_381' title='bbox 1708 1057 1741 1120; x_wconf 92' lang='lat' dir='ltr'><strong>ld</strong></span> <span class='ocrx_word' id='word_1_382' title='bbox 1755 1058 1848 1120; x_wconf 90' lang='lat' dir='ltr'><strong>etiam</strong></span> 
     </span>
     <span class='ocr_line' id='line_1_65' title="bbox 1102 1151 1848 1230; baseline -0.007 -14"><span class='ocrx_word' id='word_1_383' title='bbox 1102 1153 1133 1216; x_wconf 86' lang='lat' dir='ltr'><strong>S.</strong></span> <span class='ocrx_word' id='word_1_384' title='bbox 1158 1154 1325 1230; x_wconf 76' lang='lat' dir='ltr'><strong>Augustini</strong></span> <span class='ocrx_word' id='word_1_385' title='bbox 1348 1155 1530 1216; x_wconf 88' lang='lat' dir='ltr'><strong>auctoritate</strong></span> <span class='ocrx_word' id='word_1_386' title='bbox 1556 1154 1770 1230; x_wconf 88' lang='lat' dir='ltr'><strong>confirmatur,</strong></span> <span class='ocrx_word' id='word_1_387' title='bbox 1794 1151 1848 1228; x_wconf 85' lang='lat' dir='ltr'><strong>qui</strong></span> 
     </span>
     <span class='ocr_line' id='line_1_66' title="bbox 1103 1245 1845 1326; baseline -0.001 -18"><span class='ocrx_word' id='word_1_388' title='bbox 1103 1247 1137 1308; x_wconf 90' lang='lat' dir='ltr'><strong>ln</strong></span> <span class='ocrx_word' id='word_1_389' title='bbox 1159 1245 1214 1309; x_wconf 84' lang='lat' dir='ltr'><strong>lta.</strong></span> <span class='ocrx_word' id='word_1_390' title='bbox 1237 1247 1273 1308; x_wconf 89' lang='lat' dir='ltr'><strong>de</strong></span> <span class='ocrx_word' id='word_1_391' title='bbox 1294 1247 1492 1310; x_wconf 80' lang='lat' dir='ltr'><strong>adulterinis</strong></span> <span class='ocrx_word' id='word_1_392' title='bbox 1514 1247 1686 1326; x_wconf 84' lang='lat' dir='ltr'><strong>corilupils,</strong></span> <span class='ocrx_word' id='word_1_393' title='bbox 1706 1262 1773 1323; x_wconf 88' lang='lat' dir='ltr'><strong>cap.</strong></span> <span class='ocrx_word' id='word_1_394' title='bbox 1791 1247 1845 1317; x_wconf 85' lang='lat'><strong>18,</strong></span> 
     </span>
     <span class='ocr_line' id='line_1_67' title="bbox 1101 1340 1847 1418; baseline 0 -18"><span class='ocrx_word' id='word_1_395' title='bbox 1101 1340 1139 1402; x_wconf 92' lang='lat' dir='ltr'><strong>de</strong></span> <span class='ocrx_word' id='word_1_396' title='bbox 1159 1341 1367 1403; x_wconf 89' lang='lat' dir='ltr'><strong>matrimoniis</strong></span> <span class='ocrx_word' id='word_1_397' title='bbox 1396 1341 1433 1402; x_wconf 90' lang='lat' dir='ltr'><strong>ab</strong></span> <span class='ocrx_word' id='word_1_398' title='bbox 1460 1340 1554 1402; x_wconf 82' lang='lat' dir='ltr'><strong>Esdra</strong></span> <span class='ocrx_word' id='word_1_399' title='bbox 1584 1340 1746 1418; x_wconf 84' lang='lat' dir='ltr'><strong>separatis,</strong></span> <span class='ocrx_word' id='word_1_400' title='bbox 1770 1347 1847 1400; x_wconf 92' lang='lat' dir='ltr'><strong>lam·</strong></span> 
     </span>
     <span class='ocr_line' id='line_1_68' title="bbox 1101 1433 1847 1512; baseline -0.001 -17"><span class='ocrx_word' id='word_1_401' title='bbox 1101 1451 1193 1512; x_wconf 87' lang='lat' dir='ltr'><strong>quarn</strong></span> <span class='ocrx_word' id='word_1_402' title='bbox 1215 1436 1252 1496; x_wconf 88' lang='lat' dir='ltr'><strong>de</strong></span> <span class='ocrx_word' id='word_1_403' title='bbox 1274 1437 1356 1496; x_wconf 88' lang='lat' dir='ltr'><strong>veris</strong></span> <span class='ocrx_word' id='word_1_404' title='bbox 1384 1435 1537 1512; x_wconf 87' lang='lat' dir='ltr'><strong>loquitur,</strong></span> <span class='ocrx_word' id='word_1_405' title='bbox 1562 1434 1632 1496; x_wconf 91' lang='lat' dir='ltr'><strong>licet</strong></span> <span class='ocrx_word' id='word_1_406' title='bbox 1660 1449 1724 1494; x_wconf 91' lang='lat' dir='ltr'><strong>non</strong></span> <span class='ocrx_word' id='word_1_407' title='bbox 1746 1433 1847 1510; x_wconf 86' lang='lat' dir='ltr'><strong>legiti-</strong></span> 
     </span>
     <span class='ocr_line' id='line_1_69' title="bbox 1101 1527 1845 1605; baseline 0 -17"><span class='ocrx_word' id='word_1_408' title='bbox 1101 1528 1169 1601; x_wconf 92' lang='lat' dir='ltr'><strong>mis,</strong></span> <span class='ocrx_word' id='word_1_409' title='bbox 1193 1535 1301 1605; x_wconf 90' lang='lat' dir='ltr'><strong>utpote</strong></span> <span class='ocrx_word' id='word_1_410' title='bbox 1325 1529 1490 1590; x_wconf 89' lang='lat' dir='ltr'><strong>contractis</strong></span> <span class='ocrx_word' id='word_1_411' title='bbox 1516 1527 1571 1588; x_wconf 90' lang='lat' dir='ltr'><strong>Dei</strong></span> <span class='ocrx_word' id='word_1_412' title='bbox 1597 1533 1760 1605; x_wconf 91' lang='lat' dir='ltr'><strong>praecepto</strong></span> <span class='ocrx_word' id='word_1_413' title='bbox 1782 1542 1845 1588; x_wconf 91' lang='lat' dir='ltr'><strong>non</strong></span> 
     </span>
     <span class='ocr_line' id='line_1_70' title="bbox 1100 1622 1300 1698; baseline -0.005 -16"><span class='ocrx_word' id='word_1_414' title='bbox 1100 1622 1300 1698; x_wconf 76' lang='lat' dir='ltr'><strong>suffragante.</strong></span> 
     </span>
     <span class='ocr_line' id='line_1_71' title="bbox 1139 1715 2079 1795; baseline 0.01 -19"><span class='ocrx_word' id='word_1_415' title='bbox 1139 1716 1157 1790; x_wconf 69' lang='grc' dir='ltr'><strong>ἓ</strong></span> <span class='ocrx_word' id='word_1_416' title='bbox 1180 1715 1207 1777; x_wconf 89' lang='grc'><strong>7.</strong></span> <span class='ocrx_word' id='word_1_417' title='bbox 1232 1719 1277 1778; x_wconf 84' lang='lat' dir='ltr'><strong>Ex</strong></span> <span class='ocrx_word' id='word_1_418' title='bbox 1299 1717 1387 1779; x_wconf 87' lang='lat' dir='ltr'><strong>dictis</strong></span> <span class='ocrx_word' id='word_1_419' title='bbox 1409 1717 1517 1795; x_wconf 87' lang='lat' dir='ltr'><strong>liquet,</strong></span> <span class='ocrx_word' id='word_1_420' title='bbox 1539 1719 1693 1782; x_wconf 89' lang='lat' dir='ltr'><strong>incertum</strong></span> <span class='ocrx_word' id='word_1_421' title='bbox 1715 1733 1792 1790; x_wconf 93' lang='lat' dir='ltr'><strong>esse,</strong></span> <span class='ocrx_word' id='word_1_422' title='bbox 1809 1732 1846 1777; x_wconf 83' lang='lat' dir='ltr'><strong>ex</strong></span> <span class='ocrx_word' id='word_1_423' title='bbox 1906 1740 1983 1794; x_wconf 75' lang='lat' dir='ltr'><strong>neges</strong></span> <span class='ocrx_word' id='word_1_424' title='bbox 2003 1738 2079 1795; x_wconf 79' lang='lat' dir='ltr'><strong>impe-</strong></span> 
     </span>
    </p>
   </div>
   <div class='ocr_carea' id='block_1_8' title="bbox 1099 1790 2080 1902">
    <p class='ocr_par' dir='ltr' id='par_1_11' title="bbox 1099 1790 2080 1902">
     <span class='ocr_line' id='line_1_72' title="bbox 1099 1790 2080 1902; baseline 0.002 -31"><span class='ocrx_word' id='word_1_425' title='bbox 1099 1810 1182 1886; x_wconf 86' lang='lat' dir='ltr'><strong>Lege</strong></span> <span class='ocrx_word' id='word_1_426' title='bbox 1194 1811 1332 1886; x_wconf 81' lang='lat' dir='ltr'><strong>nosaico,</strong></span> <span class='ocrx_word' id='word_1_427' title='bbox 1345 1813 1543 1873; x_wconf 87' lang='lat' dir='ltr'><strong>matrimonia</strong></span> <span class='ocrx_word' id='word_1_428' title='bbox 1554 1812 1756 1873; x_wconf 91' lang='lat' dir='ltr'><strong>hebraeorum</strong></span> <span class='ocrx_word' id='word_1_429' title='bbox 1770 1809 1845 1871; x_wconf 90' lang='lat' dir='ltr'><strong>inita</strong></span> <span class='ocrx_word' id='word_1_430' title='bbox 1866 1790 2080 1902; x_wconf 46' lang='lat' dir='ltr'><strong>ffissffffifssgfflssg</strong></span> 
     </span>
    </p>
   </div>
   <div class='ocr_carea' id='block_1_9' title="bbox 1099 1899 2080 2008">
    <p class='ocr_par' dir='ltr' id='par_1_12' title="bbox 1099 1899 2080 2008">
     <span class='ocr_line' id='line_1_73' title="bbox 1099 1899 2080 2008; baseline 0.004 -34"><span class='ocrx_word' id='word_1_431' title='bbox 1099 1929 1170 1974; x_wconf 91' lang='lat' dir='ltr'><strong>cum</strong></span> <span class='ocrx_word' id='word_1_432' title='bbox 1192 1911 1376 1974; x_wconf 85' lang='lat' dir='ltr'><strong>mulieribus</strong></span> <span class='ocrx_word' id='word_1_433' title='bbox 1398 1911 1525 1985; x_wconf 82' lang='lat' dir='ltr'><strong>exteris,</strong></span> <span class='ocrx_word' id='word_1_434' title='bbox 1541 1920 1572 1974; x_wconf 91' lang='lat' dir='ltr'><strong>et</strong></span> <span class='ocrx_word' id='word_1_435' title='bbox 1592 1909 1754 1986; x_wconf 88' lang='lat' dir='ltr'><strong>religionis</strong></span> <span class='ocrx_word' id='word_1_436' title='bbox 1775 1910 1847 1971; x_wconf 90' lang='lat' dir='ltr'><strong>alia·</strong></span> <span class='ocrx_word' id='word_1_437' title='bbox 1866 1899 2080 2008; x_wconf 53' lang='lat' dir='ltr'><strong>fflffifflfflff.</strong></span> 
     </span>
    </p>
   </div>
   <div class='ocr_carea' id='block_1_10' title="bbox 1094 2003 2079 5930">
    <p class='ocr_par' dir='ltr' id='par_1_13' title="bbox 1099 2003 2079 2178">
     <span class='ocr_line' id='line_1_74' title="bbox 1100 2003 2079 2104; baseline -0.004 -36"><span class='ocrx_word' id='word_1_438' title='bbox 1100 2021 1172 2081; x_wconf 91' lang='grc'><strong>666,</strong></span> <span class='ocrx_word' id='word_1_439' title='bbox 1201 2007 1306 2068; x_wconf 90' lang='lat' dir='ltr'><strong>haberi</strong></span> <span class='ocrx_word' id='word_1_440' title='bbox 1336 2006 1423 2067; x_wconf 89' lang='lat' dir='ltr'><strong>irrita</strong></span> <span class='ocrx_word' id='word_1_441' title='bbox 1456 2013 1609 2084; x_wconf 90' lang='lat' dir='ltr'><strong>oportere.</strong></span> <span class='ocrx_word' id='word_1_442' title='bbox 1644 2003 1752 2081; x_wconf 80' lang='lat' dir='ltr'><strong>Neque</strong></span> <span class='ocrx_word' id='word_1_443' title='bbox 1774 2004 1846 2064; x_wconf 90' lang='lat' dir='ltr'><strong>hine</strong></span> <span class='ocrx_word' id='word_1_444' title='bbox 1865 2007 1937 2104; x_wconf 55' lang='lat' dir='ltr'><strong>luntre</strong></span> <span class='ocrx_word' id='word_1_445' title='bbox 1959 2017 2011 2051; x_wconf 83' lang='lat' dir='ltr'><strong>non</strong></span> <span class='ocrx_word' id='word_1_446' title='bbox 2031 2018 2079 2052; x_wconf 75' lang='lat' dir='ltr'><strong>ta-</strong></span> 
     </span>
     <span class='ocr_line' id='line_1_75' title="bbox 1099 2069 1925 2178; baseline -0.001 -19"><span class='ocrx_word' id='word_1_447' title='bbox 1099 2103 1185 2176; x_wconf 84' lang='lat' dir='ltr'><strong>argui</strong></span> <span class='ocrx_word' id='word_1_448' title='bbox 1208 2108 1319 2178; x_wconf 89' lang='lat' dir='ltr'><strong>potest,</strong></span> <span class='ocrx_word' id='word_1_449' title='bbox 1336 2102 1443 2161; x_wconf 88' lang='lat' dir='ltr'><strong>eadem</strong></span> <span class='ocrx_word' id='word_1_450' title='bbox 1458 2099 1526 2176; x_wconf 91' lang='lat' dir='ltr'><strong>lege</strong></span> <span class='ocrx_word' id='word_1_451' title='bbox 1541 2105 1667 2160; x_wconf 90' lang='lat' dir='ltr'><strong>cautum</strong></span> <span class='ocrx_word' id='word_1_452' title='bbox 1689 2097 1795 2170; x_wconf 87' lang='lat' dir='ltr'><strong>luisse,</strong></span> <span class='ocrx_word' id='word_1_453' title='bbox 1811 2103 1846 2158; x_wconf 89' lang='lat' dir='ltr'><strong>ut</strong></span> <span class='ocrx_word' id='word_1_454' title='bbox 1876 2069 1925 2104; x_wconf 49' lang='grc' dir='ltr'><strong>ω’</strong></span> 
     </span>
    </p>

    <p class='ocr_par' dir='ltr' id='par_1_14' title="bbox 1099 2192 1846 2458">
     <span class='ocr_line' id='line_1_76' title="bbox 1100 2192 1846 2266; baseline -0.001 -12"><span class='ocrx_word' id='word_1_455' title='bbox 1100 2195 1159 2255; x_wconf 85' lang='grc'><strong>6161</strong></span> <span class='ocrx_word' id='word_1_456' title='bbox 1186 2195 1367 2256; x_wconf 87' lang='lat' dir='ltr'><strong>huiusmodi</strong></span> <span class='ocrx_word' id='word_1_457' title='bbox 1395 2194 1591 2255; x_wconf 89' lang='lat' dir='ltr'><strong>matrimonia</strong></span> <span class='ocrx_word' id='word_1_458' title='bbox 1624 2192 1846 2266; x_wconf 59' lang='grc'><strong>1666666661)</strong></span> 
     </span>
     <span class='ocr_line' id='line_1_77' title="bbox 1099 2285 1846 2366; baseline -0.003 -18"><span class='ocrx_word' id='word_1_459' title='bbox 1099 2287 1310 2366; x_wconf 89' lang='lat' dir='ltr'><strong>disparitatem</strong></span> <span class='ocrx_word' id='word_1_460' title='bbox 1340 2287 1458 2360; x_wconf 90' lang='lat' dir='ltr'><strong>cultus,</strong></span> <span class='ocrx_word' id='word_1_461' title='bbox 1487 2285 1646 2348; x_wconf 88' lang='lat' dir='ltr'><strong>dirimenti</strong></span> <span class='ocrx_word' id='word_1_462' title='bbox 1679 2291 1846 2348; x_wconf 90' lang='lat' dir='ltr'><strong>teneantur</strong></span> 
     </span>
     <span class='ocr_line' id='line_1_78' title="bbox 1100 2379 1846 2458; baseline -0.003 -16"><span class='ocrx_word' id='word_1_463' title='bbox 1100 2380 1333 2458; x_wconf 89' lang='lat' dir='ltr'><strong>impedimento.</strong></span> <span class='ocrx_word' id='word_1_464' title='bbox 1358 2379 1440 2443; x_wconf 89' lang='lat' dir='ltr'><strong>idern</strong></span> <span class='ocrx_word' id='word_1_465' title='bbox 1456 2395 1580 2458; x_wconf 83' lang='lat' dir='ltr'><strong>quoque</strong></span> <span class='ocrx_word' id='word_1_466' title='bbox 1593 2379 1792 2440; x_wconf 89' lang='lat' dir='ltr'><strong>sentiendum</strong></span> <span class='ocrx_word' id='word_1_467' title='bbox 1808 2379 1846 2440; x_wconf 93' lang='lat' dir='ltr'><strong>de</strong></span> 
     </span>
    </p>

    <p class='ocr_par' dir='ltr' id='par_1_15' title="bbox 1099 2471 1844 2553">
     <span class='ocr_line' id='line_1_79' title="bbox 1099 2471 1844 2553; baseline -0.005 -17"><span class='ocrx_word' id='word_1_468' title='bbox 1099 2475 1275 2553; x_wconf 91' lang='lat' dir='ltr'><strong>principum</strong></span> <span class='ocrx_word' id='word_1_469' title='bbox 1298 2474 1417 2550; x_wconf 88' lang='lat' dir='ltr'><strong>legibus</strong></span> <span class='ocrx_word' id='word_1_470' title='bbox 1445 2473 1642 2534; x_wconf 86' lang='lat' dir='ltr'><strong>arbitramur.</strong></span> <span class='ocrx_word' id='word_1_471' title='bbox 1673 2471 1738 2533; x_wconf 82' lang='lat' dir='ltr'><strong>Lex</strong></span> <span class='ocrx_word' id='word_1_472' title='bbox 1759 2471 1844 2533; x_wconf 92' lang='lat' dir='ltr'><strong>enim</strong></span> 
     </span>
    </p>

    <p class='ocr_par' dir='ltr' id='par_1_16' title="bbox 1100 2567 1844 2645">
     <span class='ocr_line' id='line_1_80' title="bbox 1100 2567 1844 2645; baseline -0.003 -15"><span class='ocrx_word' id='word_1_473' title='bbox 1100 2569 1199 2643; x_wconf 91' lang='lat' dir='ltr'><strong>unica,</strong></span> <span class='ocrx_word' id='word_1_474' title='bbox 1223 2584 1300 2645; x_wconf 82' lang='lat' dir='ltr'><strong>quae</strong></span> <span class='ocrx_word' id='word_1_475' title='bbox 1321 2571 1356 2630; x_wconf 92' lang='lat' dir='ltr'><strong>ad</strong></span> <span class='ocrx_word' id='word_1_476' title='bbox 1378 2569 1457 2630; x_wconf 90' lang='lat' dir='ltr'><strong>hanc</strong></span> <span class='ocrx_word' id='word_1_477' title='bbox 1478 2583 1545 2629; x_wconf 93' lang='lat' dir='ltr'><strong>rem</strong></span> <span class='ocrx_word' id='word_1_478' title='bbox 1568 2568 1734 2645; x_wconf 89' lang='lat' dir='ltr'><strong>pertineat,</strong></span> <span class='ocrx_word' id='word_1_479' title='bbox 1747 2567 1844 2628; x_wconf 88' lang='lat' dir='ltr'><strong>Theo·</strong></span> 
     </span>
    </p>

    <p class='ocr_par' dir='ltr' id='par_1_17' title="bbox 1098 2659 1845 2740">
     <span class='ocr_line' id='line_1_81' title="bbox 1098 2659 1845 2740; baseline -0.001 -18"><span class='ocrx_word' id='word_1_480' title='bbox 1098 2662 1174 2723; x_wconf 87' lang='lat' dir='ltr'><strong>dosii</strong></span> <span class='ocrx_word' id='word_1_481' title='bbox 1196 2671 1252 2736; x_wconf 91' lang='lat' dir='ltr'><strong>est,</strong></span> <span class='ocrx_word' id='word_1_482' title='bbox 1277 2679 1354 2740; x_wconf 88' lang='lat' dir='ltr'><strong>quae</strong></span> <span class='ocrx_word' id='word_1_483' title='bbox 1377 2662 1497 2740; x_wconf 92' lang='lat' dir='ltr'><strong>incipit,</strong></span> <span class='ocrx_word' id='word_1_484' title='bbox 1522 2664 1566 2725; x_wconf 86' lang='lat' dir='ltr'><strong>Ala</strong></span> <span class='ocrx_word' id='word_1_485' title='bbox 1581 2662 1663 2740; x_wconf 85' lang='lat' dir='ltr'><strong>puis,</strong></span> <span class='ocrx_word' id='word_1_486' title='bbox 1679 2662 1738 2724; x_wconf 91' lang='lat' dir='ltr'><strong>sub</strong></span> <span class='ocrx_word' id='word_1_487' title='bbox 1756 2659 1845 2723; x_wconf 89' lang='lat' dir='ltr'><strong>tilulo</strong></span> 
     </span>
    </p>

    <p class='ocr_par' dir='ltr' id='par_1_18' title="bbox 1099 2755 1842 2827">
     <span class='ocr_line' id='line_1_82' title="bbox 1099 2755 1842 2827; baseline -0.004 -9"><span class='ocrx_word' id='word_1_488' title='bbox 1099 2757 1217 2818; x_wconf 85' lang='lat' dir='ltr'><strong>Codicis</strong></span> <span class='ocrx_word' id='word_1_489' title='bbox 1239 2757 1274 2817; x_wconf 89' lang='lat' dir='ltr'><strong>ds</strong></span> <span class='ocrx_word' id='word_1_490' title='bbox 1297 2755 1436 2827; x_wconf 87' lang='lat' dir='ltr'><strong>ludaeis,</strong></span> <span class='ocrx_word' id='word_1_491' title='bbox 1453 2757 1540 2818; x_wconf 91' lang='lat' dir='ltr'><strong>cuius</strong></span> <span class='ocrx_word' id='word_1_492' title='bbox 1555 2757 1629 2817; x_wconf 88' lang='lat' dir='ltr'><strong>haec</strong></span> <span class='ocrx_word' id='word_1_493' title='bbox 1643 2763 1717 2816; x_wconf 91' lang='lat' dir='ltr'><strong>sunt</strong></span> <span class='ocrx_word' id='word_1_494' title='bbox 1732 2756 1842 2817; x_wconf 86' lang='lat' dir='ltr'><strong>verba:</strong></span> 
     </span>
    </p>

    <p class='ocr_par' dir='ltr' id='par_1_19' title="bbox 1098 2849 1844 2930">
     <span class='ocr_line' id='line_1_83' title="bbox 1098 2849 1844 2930; baseline 0.001 -19"><span class='ocrx_word' id='word_1_495' title='bbox 1098 2850 1143 2911; x_wconf 86' lang='lat' dir='ltr'><strong>Ne</strong></span> <span class='ocrx_word' id='word_1_496' title='bbox 1165 2853 1236 2930; x_wconf 82' lang='lat' dir='ltr'><strong>puis</strong></span> <span class='ocrx_word' id='word_1_497' title='bbox 1259 2850 1514 2912; x_wconf 69' lang='lat' dir='ltr'><strong>christinianitas</strong></span> <span class='ocrx_word' id='word_1_498' title='bbox 1535 2851 1703 2912; x_wconf 86' lang='lat' dir='ltr'><strong>mulierem</strong></span> <span class='ocrx_word' id='word_1_499' title='bbox 1725 2849 1759 2909; x_wconf 86' lang='lat' dir='ltr'><strong>tn</strong></span> <span class='ocrx_word' id='word_1_500' title='bbox 1779 2865 1844 2912; x_wconf 87' lang='lat' dir='ltr'><strong>nra-</strong></span> 
     </span>
    </p>

    <p class='ocr_par' dir='ltr' id='par_1_20' title="bbox 1098 2943 1846 3022">
     <span class='ocr_line' id='line_1_84' title="bbox 1098 2943 1846 3022; baseline 0 -17"><span class='ocrx_word' id='word_1_501' title='bbox 1098 2945 1289 3006; x_wconf 80' lang='lat' dir='ltr'><strong>trintona&#39;una</strong></span> <span class='ocrx_word' id='word_1_502' title='bbox 1321 2944 1460 3006; x_wconf 88' lang='lat' dir='ltr'><strong>iudaeus</strong></span> <span class='ocrx_word' id='word_1_503' title='bbox 1490 2943 1647 3020; x_wconf 87' lang='lat' dir='ltr'><strong>accipiat,</strong></span> <span class='ocrx_word' id='word_1_504' title='bbox 1674 2959 1773 3022; x_wconf 85' lang='lat' dir='ltr'><strong>acque</strong></span> <span class='ocrx_word' id='word_1_505' title='bbox 1795 2943 1846 3005; x_wconf 88' lang='lat' dir='ltr'><strong>iu-</strong></span> 
     </span>
    </p>

    <p class='ocr_par' dir='ltr' id='par_1_21' title="bbox 1098 3035 1844 3116">
     <span class='ocr_line' id='line_1_85' title="bbox 1098 3035 1844 3116; baseline -0.004 -16"><span class='ocrx_word' id='word_1_506' title='bbox 1098 3039 1194 3101; x_wconf 85' lang='lat' dir='ltr'><strong>daeae</strong></span> <span class='ocrx_word' id='word_1_507' title='bbox 1216 3035 1417 3099; x_wconf 81' lang='grc'><strong>616666666666</strong></span> <span class='ocrx_word' id='word_1_508' title='bbox 1444 3037 1631 3116; x_wconf 76' lang='grc'><strong>6666666666</strong></span> <span class='ocrx_word' id='word_1_509' title='bbox 1661 3037 1844 3111; x_wconf 61' lang='grc'><strong>6666661666</strong></span> 
     </span>
    </p>

    <p class='ocr_par' dir='ltr' id='par_1_22' title="bbox 1096 3129 1846 3209">
     <span class='ocr_line' id='line_1_86' title="bbox 1096 3129 1846 3209; baseline -0.003 -17"><span class='ocrx_word' id='word_1_510' title='bbox 1096 3147 1173 3194; x_wconf 87' lang='grc'><strong>666</strong></span> <span class='ocrx_word' id='word_1_511' title='bbox 1194 3132 1222 3194; x_wconf 87' lang='lat' dir='ltr'><strong>si</strong></span> <span class='ocrx_word' id='word_1_512' title='bbox 1254 3131 1325 3209; x_wconf 84' lang='lat' dir='ltr'><strong>puis</strong></span> <span class='ocrx_word' id='word_1_513' title='bbox 1346 3130 1471 3207; x_wconf 80' lang='lat' dir='ltr'><strong>aliquid</strong></span> <span class='ocrx_word' id='word_1_514' title='bbox 1501 3129 1685 3192; x_wconf 78' lang='lat' dir='ltr'><strong>huiusmodi</strong></span> <span class='ocrx_word' id='word_1_515' title='bbox 1712 3131 1846 3204; x_wconf 81' lang='lat' dir='ltr'><strong>admise-</strong></span> 
     </span>
    </p>

    <p class='ocr_par' dir='ltr' id='par_1_23' title="bbox 1097 3223 1842 3297">
     <span class='ocr_line' id='line_1_87' title="bbox 1097 3223 1842 3297; baseline -0.003 -11"><span class='ocrx_word' id='word_1_516' title='bbox 1097 3225 1157 3297; x_wconf 83' lang='lat' dir='ltr'><strong>rit,</strong></span> <span class='ocrx_word' id='word_1_517' title='bbox 1184 3224 1342 3287; x_wconf 84' lang='lat' dir='ltr'><strong>adulterit</strong></span> <span class='ocrx_word' id='word_1_518' title='bbox 1371 3224 1437 3285; x_wconf 87' lang='grc'><strong>6666</strong></span> <span class='ocrx_word' id='word_1_519' title='bbox 1465 3223 1623 3284; x_wconf 83' lang='grc'><strong>66666666</strong></span> <span class='ocrx_word' id='word_1_520' title='bbox 1655 3223 1842 3285; x_wconf 83' lang='lat' dir='ltr'><strong>huiusmodi</strong></span> 
     </span>
    </p>

    <p class='ocr_par' dir='ltr' id='par_1_24' title="bbox 1097 3316 1843 3380">
     <span class='ocr_line' id='line_1_88' title="bbox 1097 3316 1843 3380; baseline 0 -2"><span class='ocrx_word' id='word_1_521' title='bbox 1097 3319 1217 3378; x_wconf 86' lang='lat' dir='ltr'><strong>crimen</strong></span> <span class='ocrx_word' id='word_1_522' title='bbox 1240 3316 1405 3380; x_wconf 87' lang='lat' dir='ltr'><strong>obtinebit.</strong></span> <span class='ocrx_word' id='word_1_523' title='bbox 1431 3317 1549 3379; x_wconf 89' lang='lat' dir='ltr'><strong>Verum</strong></span> <span class='ocrx_word' id='word_1_524' title='bbox 1570 3319 1646 3379; x_wconf 92' lang='lat' dir='ltr'><strong>duae</strong></span> <span class='ocrx_word' id='word_1_525' title='bbox 1662 3317 1723 3378; x_wconf 92' lang='lat' dir='ltr'><strong>huc</strong></span> <span class='ocrx_word' id='word_1_526' title='bbox 1737 3333 1843 3378; x_wconf 91' lang='lat' dir='ltr'><strong>occur-</strong></span> 
     </span>
    </p>

    <p class='ocr_par' dir='ltr' id='par_1_25' title="bbox 1097 3410 1843 3489">
     <span class='ocr_line' id='line_1_89' title="bbox 1097 3410 1843 3489; baseline -0.004 -14"><span class='ocrx_word' id='word_1_527' title='bbox 1097 3419 1170 3475; x_wconf 90' lang='lat' dir='ltr'><strong>runt</strong></span> <span class='ocrx_word' id='word_1_528' title='bbox 1203 3411 1411 3474; x_wconf 85' lang='lat' dir='ltr'><strong>difficultates:</strong></span> <span class='ocrx_word' id='word_1_529' title='bbox 1443 3412 1558 3489; x_wconf 89' lang='lat' dir='ltr'><strong>prima,</strong></span> <span class='ocrx_word' id='word_1_530' title='bbox 1589 3411 1669 3489; x_wconf 89' lang='lat' dir='ltr'><strong>quod</strong></span> <span class='ocrx_word' id='word_1_531' title='bbox 1698 3410 1843 3473; x_wconf 86' lang='grc'><strong>16666166</strong></span> 
     </span>
    </p>

    <p class='ocr_par' dir='ltr' id='par_1_26' title="bbox 1097 3504 1841 3586">
     <span class='ocr_line' id='line_1_90' title="bbox 1097 3504 1841 3586; baseline -0.004 -18"><span class='ocrx_word' id='word_1_532' title='bbox 1097 3515 1204 3586; x_wconf 91' lang='lat' dir='ltr'><strong>utpote</strong></span> <span class='ocrx_word' id='word_1_533' title='bbox 1225 3523 1240 3566; x_wconf 90' lang='lat' dir='ltr'><strong>a</strong></span> <span class='ocrx_word' id='word_1_534' title='bbox 1263 3507 1338 3569; x_wconf 93' lang='lat' dir='ltr'><strong>laico</strong></span> <span class='ocrx_word' id='word_1_535' title='bbox 1360 3505 1498 3585; x_wconf 91' lang='lat' dir='ltr'><strong>principe</strong></span> <span class='ocrx_word' id='word_1_536' title='bbox 1519 3504 1773 3568; x_wconf 88' lang='lat' dir='ltr'><strong>conditanuilam</strong></span> <span class='ocrx_word' id='word_1_537' title='bbox 1789 3504 1841 3566; x_wconf 89' lang='lat' dir='ltr'><strong>ha-</strong></span> 
     </span>
    </p>

    <p class='ocr_par' dir='ltr' id='par_1_27' title="bbox 1097 3600 1843 3679">
     <span class='ocr_line' id='line_1_91' title="bbox 1097 3600 1843 3679; baseline 0 -17"><span class='ocrx_word' id='word_1_538' title='bbox 1097 3601 1170 3662; x_wconf 92' lang='lat' dir='ltr'><strong>bere</strong></span> <span class='ocrx_word' id='word_1_539' title='bbox 1191 3601 1256 3662; x_wconf 91' lang='lat' dir='ltr'><strong>rim</strong></span> <span class='ocrx_word' id='word_1_540' title='bbox 1278 3600 1310 3662; x_wconf 89' lang='lat' dir='ltr'><strong>in</strong></span> <span class='ocrx_word' id='word_1_541' title='bbox 1335 3600 1542 3662; x_wconf 92' lang='lat' dir='ltr'><strong>matrimoniis</strong></span> <span class='ocrx_word' id='word_1_542' title='bbox 1557 3601 1664 3663; x_wconf 91' lang='lat' dir='ltr'><strong>debet:</strong></span> <span class='ocrx_word' id='word_1_543' title='bbox 1689 3603 1783 3679; x_wconf 76' lang='lat' dir='ltr'><strong>Leges</strong></span> <span class='ocrx_word' id='word_1_544' title='bbox 1805 3601 1843 3662; x_wconf 88' lang='lat' dir='ltr'><strong>il·</strong></span> 
     </span>
    </p>

    <p class='ocr_par' dir='ltr' id='par_1_28' title="bbox 1097 3694 1844 3773">
     <span class='ocr_line' id='line_1_92' title="bbox 1097 3694 1844 3773; baseline -0.003 -16"><span class='ocrx_word' id='word_1_545' title='bbox 1097 3696 1146 3759; x_wconf 90' lang='lat' dir='ltr'><strong>lue</strong></span> <span class='ocrx_word' id='word_1_546' title='bbox 1166 3695 1451 3772; x_wconf 78' lang='lat' dir='ltr'><strong>quomodocumque</strong></span> <span class='ocrx_word' id='word_1_547' title='bbox 1473 3694 1666 3767; x_wconf 87' lang='lat' dir='ltr'><strong>intellectae,</strong></span> <span class='ocrx_word' id='word_1_548' title='bbox 1690 3711 1753 3756; x_wconf 90' lang='lat' dir='ltr'><strong>aon</strong></span> <span class='ocrx_word' id='word_1_549' title='bbox 1774 3710 1844 3773; x_wconf 86' lang='lat' dir='ltr'><strong>pos-</strong></span> 
     </span>
    </p>

    <p class='ocr_par' dir='ltr' id='par_1_29' title="bbox 1094 3787 2076 4150">
     <span class='ocr_line' id='line_1_93' title="bbox 1095 3787 2076 3893; baseline 0.006 -41"><span class='ocrx_word' id='word_1_550' title='bbox 1095 3798 1173 3853; x_wconf 89' lang='lat' dir='ltr'><strong>sunt</strong></span> <span class='ocrx_word' id='word_1_551' title='bbox 1188 3787 1404 3868; x_wconf 83' lang='lat' dir='ltr'><strong>praescribere</strong></span> <span class='ocrx_word' id='word_1_552' title='bbox 1420 3791 1589 3853; x_wconf 82' lang='lat' dir='ltr'><strong>Ecclesiae.</strong></span> <span class='ocrx_word' id='word_1_553' title='bbox 1603 3791 1653 3854; x_wconf 89' lang='lat' dir='ltr'><strong>Sic</strong></span> <span class='ocrx_word' id='word_1_554' title='bbox 1669 3791 1773 3854; x_wconf 84' lang='lat' dir='ltr'><strong>Eslius</strong></span> <span class='ocrx_word' id='word_1_555' title='bbox 1787 3791 1839 3854; x_wconf 88' lang='lat' dir='ltr'><strong>cit.</strong></span> <span class='ocrx_word' id='word_1_556' title='bbox 1902 3795 1950 3838; x_wconf 78' lang='lat' dir='ltr'><strong>uox</strong></span> <span class='ocrx_word' id='word_1_557' title='bbox 1965 3793 2076 3893; x_wconf 52' lang='lat' dir='ltr'><strong>alguala</strong></span> 
     </span>
     <span class='ocr_line' id='line_1_94' title="bbox 1096 3854 2075 3964; baseline 0.002 -18"><span class='ocrx_word' id='word_1_558' title='bbox 1096 3886 1163 3947; x_wconf 89' lang='grc'><strong>1666</strong></span> <span class='ocrx_word' id='word_1_559' title='bbox 1183 3885 1217 3946; x_wconf 92' lang='lat' dir='ltr'><strong>ad</strong></span> <span class='ocrx_word' id='word_1_560' title='bbox 1240 3885 1270 3958; x_wconf 66' lang='grc' dir='ltr'><strong>ὅ.</strong></span> <span class='ocrx_word' id='word_1_561' title='bbox 1295 3881 1331 3946; x_wconf 87' lang='lat' dir='ltr'><strong>Si</strong></span> <span class='ocrx_word' id='word_1_562' title='bbox 1352 3886 1423 3962; x_wconf 82' lang='lat' dir='ltr'><strong>puts</strong></span> <span class='ocrx_word' id='word_1_563' title='bbox 1439 3883 1581 3946; x_wconf 87' lang='lat' dir='ltr'><strong>obiiciat.</strong></span> <span class='ocrx_word' id='word_1_564' title='bbox 1602 3857 1972 3964; x_wconf 52' lang='grc' dir='ltr'><strong>(16661666166666666661666ῃ</strong></span> <span class='ocrx_word' id='word_1_565' title='bbox 1992 3854 2075 3948; x_wconf 55' lang='lat' dir='ltr'><strong>effi}</strong></span> 
     </span>
     <span class='ocr_line' id='line_1_95' title="bbox 1095 3953 2076 4066; baseline 0.003 -26"><span class='ocrx_word' id='word_1_566' title='bbox 1095 3988 1151 4042; x_wconf 86' lang='lat' dir='ltr'><strong>est.</strong></span> <span class='ocrx_word' id='word_1_567' title='bbox 1169 3977 1247 4041; x_wconf 89' lang='lat' dir='ltr'><strong>Nam</strong></span> <span class='ocrx_word' id='word_1_568' title='bbox 1263 3979 1426 4041; x_wconf 85' lang='lat' dir='ltr'><strong>Theodosii</strong></span> <span class='ocrx_word' id='word_1_569' title='bbox 1442 3979 1522 4054; x_wconf 87' lang='lat' dir='ltr'><strong>iege,</strong></span> <span class='ocrx_word' id='word_1_570' title='bbox 1538 3979 1663 4041; x_wconf 90' lang='lat' dir='ltr'><strong>hebraei</strong></span> <span class='ocrx_word' id='word_1_571' title='bbox 1679 3995 1750 4041; x_wconf 90' lang='lat' dir='ltr'><strong>cum</strong></span> <span class='ocrx_word' id='word_1_572' title='bbox 1762 3981 1841 4043; x_wconf 91' lang='lat' dir='ltr'><strong>chri·</strong></span> <span class='ocrx_word' id='word_1_573' title='bbox 1861 3953 2076 4066; x_wconf 53' lang='lat' dir='ltr'><strong>{ttffissiffioffffiss</strong></span> 
     </span>
     <span class='ocr_line' id='line_1_96' title="bbox 1094 4063 1910 4150; baseline 0.002 -18"><span class='ocrx_word' id='word_1_574' title='bbox 1094 4073 1192 4133; x_wconf 89' lang='lat' dir='ltr'><strong>stiana</strong></span> <span class='ocrx_word' id='word_1_575' title='bbox 1215 4072 1464 4147; x_wconf 86' lang='lat' dir='ltr'><strong>matrimonium,</strong></span> <span class='ocrx_word' id='word_1_576' title='bbox 1481 4071 1520 4134; x_wconf 92' lang='lat' dir='ltr'><strong>ob</strong></span> <span class='ocrx_word' id='word_1_577' title='bbox 1534 4071 1659 4134; x_wconf 88' lang='lat' dir='ltr'><strong>sceleris</strong></span> <span class='ocrx_word' id='word_1_578' title='bbox 1674 4073 1843 4150; x_wconf 85' lang='lat' dir='ltr'><strong>indignita-</strong></span> <span class='ocrx_word' id='word_1_579' title='bbox 1861 4063 1910 4105; x_wconf 54' lang='grc' dir='ltr'><strong>ΗΠ·</strong></span> 
     </span>
    </p>

    <p class='ocr_par' dir='ltr' id='par_1_30' title="bbox 1096 4167 1844 4245">
     <span class='ocr_line' id='line_1_97' title="bbox 1096 4167 1844 4245; baseline 0.001 -17"><span class='ocrx_word' id='word_1_580' title='bbox 1096 4175 1172 4241; x_wconf 88' lang='lat' dir='ltr'><strong>tem,</strong></span> <span class='ocrx_word' id='word_1_581' title='bbox 1196 4185 1259 4231; x_wconf 90' lang='lat' dir='ltr'><strong>non</strong></span> <span class='ocrx_word' id='word_1_582' title='bbox 1283 4167 1408 4245; x_wconf 84' lang='lat' dir='ltr'><strong>quidem</strong></span> <span class='ocrx_word' id='word_1_583' title='bbox 1433 4175 1466 4230; x_wconf 91' lang='lat' dir='ltr'><strong>ut</strong></span> <span class='ocrx_word' id='word_1_584' title='bbox 1488 4167 1692 4242; x_wconf 88' lang='lat' dir='ltr'><strong>irritum‚sed</strong></span> <span class='ocrx_word' id='word_1_585' title='bbox 1709 4168 1844 4231; x_wconf 80' lang='grc'><strong>6666161-</strong></span> 
     </span>
    </p>

    <p class='ocr_par' dir='ltr' id='par_1_31' title="bbox 1097 4260 1844 4340">
     <span class='ocr_line' id='line_1_98' title="bbox 1097 4260 1844 4340; baseline -0.004 -15"><span class='ocrx_word' id='word_1_586' title='bbox 1097 4263 1225 4336; x_wconf 90' lang='lat' dir='ltr'><strong>terium,</strong></span> <span class='ocrx_word' id='word_1_587' title='bbox 1242 4262 1437 4324; x_wconf 85' lang='lat' dir='ltr'><strong>severissime</strong></span> <span class='ocrx_word' id='word_1_588' title='bbox 1449 4260 1661 4324; x_wconf 89' lang='lat' dir='ltr'><strong>damnabatur.</strong></span> <span class='ocrx_word' id='word_1_589' title='bbox 1677 4264 1770 4340; x_wconf 80' lang='lat' dir='ltr'><strong>Lepas</strong></span> <span class='ocrx_word' id='word_1_590' title='bbox 1784 4279 1844 4324; x_wconf 91' lang='lat' dir='ltr'><strong>au-</strong></span> 
     </span>
    </p>

    <p class='ocr_par' dir='ltr' id='par_1_32' title="bbox 1097 4356 1842 4435">
     <span class='ocr_line' id='line_1_99' title="bbox 1097 4356 1842 4435; baseline 0.001 -17"><span class='ocrx_word' id='word_1_591' title='bbox 1097 4361 1158 4418; x_wconf 87' lang='lat' dir='ltr'><strong>taut</strong></span> <span class='ocrx_word' id='word_1_592' title='bbox 1181 4357 1389 4435; x_wconf 87' lang='lat' dir='ltr'><strong>imperatoris</strong></span> <span class='ocrx_word' id='word_1_593' title='bbox 1411 4357 1649 4428; x_wconf 85' lang='lat' dir='ltr'><strong>dicendumest,</strong></span> <span class='ocrx_word' id='word_1_594' title='bbox 1668 4356 1756 4418; x_wconf 86' lang='lat' dir='ltr'><strong>dicta</strong></span> <span class='ocrx_word' id='word_1_595' title='bbox 1778 4373 1842 4419; x_wconf 84' lang='grc'><strong>666-</strong></span> 
     </span>
    </p>

    <p class='ocr_par' dir='ltr' id='par_1_33' title="bbox 1097 4449 1843 4528">
     <span class='ocr_line' id='line_1_100' title="bbox 1097 4449 1843 4528; baseline -0.001 -17"><span class='ocrx_word' id='word_1_596' title='bbox 1097 4449 1252 4512; x_wconf 85' lang='lat' dir='ltr'><strong>trimonio</strong></span> <span class='ocrx_word' id='word_1_597' title='bbox 1281 4457 1319 4512; x_wconf 89' lang='lat' dir='ltr'><strong>ut</strong></span> <span class='ocrx_word' id='word_1_598' title='bbox 1351 4450 1517 4513; x_wconf 82' lang='lat' dir='ltr'><strong>adulteria</strong></span> <span class='ocrx_word' id='word_1_599' title='bbox 1549 4451 1684 4528; x_wconf 85' lang='lat' dir='ltr'><strong>punire,</strong></span> <span class='ocrx_word' id='word_1_600' title='bbox 1713 4455 1843 4528; x_wconf 88' lang='lat' dir='ltr'><strong>propter</strong></span> 
     </span>
    </p>

    <p class='ocr_par' dir='ltr' id='par_1_34' title="bbox 1095 4543 1843 4623">
     <span class='ocr_line' id='line_1_101' title="bbox 1095 4543 1843 4623; baseline 0.005 -20"><span class='ocrx_word' id='word_1_601' title='bbox 1095 4545 1292 4623; x_wconf 83' lang='lat' dir='ltr'><strong>pravitatem</strong></span> <span class='ocrx_word' id='word_1_602' title='bbox 1313 4545 1448 4623; x_wconf 82' lang='lat' dir='ltr'><strong>peccati,</strong></span> <span class='ocrx_word' id='word_1_603' title='bbox 1471 4561 1534 4607; x_wconf 90' lang='lat' dir='ltr'><strong>uon</strong></span> <span class='ocrx_word' id='word_1_604' title='bbox 1555 4551 1686 4623; x_wconf 87' lang='lat' dir='ltr'><strong>propter</strong></span> <span class='ocrx_word' id='word_1_605' title='bbox 1707 4543 1843 4607; x_wconf 88' lang='lat' dir='ltr'><strong>nullita-</strong></span> 
     </span>
    </p>

    <p class='ocr_par' dir='ltr' id='par_1_35' title="bbox 1097 4639 1640 4703">
     <span class='ocr_line' id='line_1_102' title="bbox 1097 4639 1640 4703; baseline 0 -4"><span class='ocrx_word' id='word_1_606' title='bbox 1097 4645 1158 4699; x_wconf 84' lang='grc'><strong>666</strong></span> <span class='ocrx_word' id='word_1_607' title='bbox 1180 4639 1397 4700; x_wconf 85' lang='lat' dir='ltr'><strong>matrimonii:</strong></span> <span class='ocrx_word' id='word_1_608' title='bbox 1422 4639 1503 4702; x_wconf 92' lang='lat' dir='ltr'><strong>idem</strong></span> <span class='ocrx_word' id='word_1_609' title='bbox 1526 4639 1640 4703; x_wconf 79' lang='lat' dir='ltr'><strong>listins.</strong></span> 
     </span>
    </p>

    <p class='ocr_par' dir='ltr' id='par_1_36' title="bbox 1094 4731 2074 5930">
     <span class='ocr_line' id='line_1_103' title="bbox 1136 4731 2074 4810; baseline 0.004 -18"><span class='ocrx_word' id='word_1_610' title='bbox 1136 4733 1154 4807; x_wconf 68' lang='lat'>5</span> <span class='ocrx_word' id='word_1_611' title='bbox 1175 4731 1203 4792; x_wconf 89' lang='lat'><strong>8.</strong></span> <span class='ocrx_word' id='word_1_612' title='bbox 1226 4733 1433 4807; x_wconf 84' lang='lat' dir='ltr'><strong>Quamobrem</strong></span> <span class='ocrx_word' id='word_1_613' title='bbox 1454 4735 1479 4796; x_wconf 89' lang='lat' dir='ltr'><strong>si</strong></span> <span class='ocrx_word' id='word_1_614' title='bbox 1503 4735 1535 4796; x_wconf 92' lang='lat' dir='ltr'><strong>iu</strong></span> <span class='ocrx_word' id='word_1_615' title='bbox 1563 4734 1782 4810; x_wconf 87' lang='lat' dir='ltr'><strong>matrimonio,</strong></span> <span class='ocrx_word' id='word_1_616' title='bbox 1805 4736 1843 4796; x_wconf 92' lang='lat' dir='ltr'><strong>de</strong></span> <span class='ocrx_word' id='word_1_617' title='bbox 1900 4744 1951 4806; x_wconf 71' lang='lat' dir='ltr'><strong>‚De</strong></span> <span class='ocrx_word' id='word_1_618' title='bbox 1967 4741 2074 4805; x_wconf 79' lang='lat' dir='ltr'><strong>muliere</strong></span> 
     </span>
     <span class='ocr_line' id='line_1_104' title="bbox 1095 4794 2074 4910; baseline 0.007 -22"><span class='ocrx_word' id='word_1_619' title='bbox 1095 4839 1157 4904; x_wconf 88' lang='lat' dir='ltr'><strong>quo</strong></span> <span class='ocrx_word' id='word_1_620' title='bbox 1178 4839 1263 4888; x_wconf 90' lang='lat' dir='ltr'><strong>nunc</strong></span> <span class='ocrx_word' id='word_1_621' title='bbox 1282 4825 1415 4902; x_wconf 82' lang='lat' dir='ltr'><strong>agimus,</strong></span> <span class='ocrx_word' id='word_1_622' title='bbox 1433 4827 1695 4905; x_wconf 88' lang='lat' dir='ltr'><strong>impedimentum</strong></span> <span class='ocrx_word' id='word_1_623' title='bbox 1717 4829 1843 4910; x_wconf 89' lang='lat' dir='ltr'><strong>dispari·</strong></span> <span class='ocrx_word' id='word_1_624' title='bbox 1862 4794 1931 4896; x_wconf 59' lang='lat' dir='ltr'><strong>iffi.</strong></span> <span class='ocrx_word' id='word_1_625' title='bbox 1945 4807 2074 4853; x_wconf 77' lang='lat' dir='ltr'><strong>inquiron-</strong></span> 
     </span>
     <span class='ocr_line' id='line_1_105' title="bbox 1096 4919 1840 5000; baseline 0.007 -21"><span class='ocrx_word' id='word_1_626' title='bbox 1096 4919 1165 4981; x_wconf 89' lang='lat' dir='ltr'><strong>tatis</strong></span> <span class='ocrx_word' id='word_1_627' title='bbox 1177 4919 1279 4982; x_wconf 90' lang='lat' dir='ltr'><strong>cuitus</strong></span> <span class='ocrx_word' id='word_1_628' title='bbox 1291 4921 1511 4994; x_wconf 88' lang='lat' dir='ltr'><strong>intercesserit,</strong></span> <span class='ocrx_word' id='word_1_629' title='bbox 1525 4921 1753 5000; x_wconf 91' lang='lat' dir='ltr'><strong>inspiciendum</strong></span> <span class='ocrx_word' id='word_1_630' title='bbox 1769 4923 1840 4998; x_wconf 91' lang='lat' dir='ltr'><strong>erit,</strong></span> 
     </span>
     <span class='ocr_line' id='line_1_106' title="bbox 1094 5011 1841 5095; baseline 0.011 -25"><span class='ocrx_word' id='word_1_631' title='bbox 1094 5027 1133 5073; x_wconf 93' lang='lat' dir='ltr'><strong>an</strong></span> <span class='ocrx_word' id='word_1_632' title='bbox 1156 5011 1201 5072; x_wconf 91' lang='lat' dir='ltr'><strong>illi</strong></span> <span class='ocrx_word' id='word_1_633' title='bbox 1223 5011 1339 5074; x_wconf 90' lang='lat' dir='ltr'><strong>mulier</strong></span> <span class='ocrx_word' id='word_1_634' title='bbox 1359 5013 1489 5075; x_wconf 80' lang='lat' dir='ltr'><strong>obnoxia</strong></span> <span class='ocrx_word' id='word_1_635' title='bbox 1506 5014 1616 5091; x_wconf 83' lang='lat' dir='ltr'><strong>luerit3</strong></span> <span class='ocrx_word' id='word_1_636' title='bbox 1640 5015 1720 5095; x_wconf 88' lang='lat' dir='ltr'><strong>quod</strong></span> <span class='ocrx_word' id='word_1_637' title='bbox 1744 5023 1779 5078; x_wconf 92' lang='lat' dir='ltr'><strong>ut</strong></span> <span class='ocrx_word' id='word_1_638' title='bbox 1793 5031 1841 5078; x_wconf 93' lang='lat' dir='ltr'><strong>co-</strong></span> 
     </span>
     <span class='ocr_line' id='line_1_107' title="bbox 1096 5096 1841 5186; baseline 0.009 -22"><span class='ocrx_word' id='word_1_639' title='bbox 1096 5096 1273 5180; x_wconf 89' lang='lat' dir='ltr'><strong>gnoscatur,</strong></span> <span class='ocrx_word' id='word_1_640' title='bbox 1304 5105 1471 5182; x_wconf 87' lang='lat' dir='ltr'><strong>diligenter</strong></span> <span class='ocrx_word' id='word_1_641' title='bbox 1494 5116 1541 5170; x_wconf 90' lang='lat' dir='ltr'><strong>est</strong></span> <span class='ocrx_word' id='word_1_642' title='bbox 1572 5110 1841 5186; x_wconf 87' lang='lat' dir='ltr'><strong>perscrutandum,</strong></span> 
     </span>
     <span class='ocr_line' id='line_1_108' title="bbox 1096 5199 1842 5278; baseline 0.005 -20"><span class='ocrx_word' id='word_1_643' title='bbox 1096 5213 1173 5258; x_wconf 92' lang='lat' dir='ltr'><strong>uum</strong></span> <span class='ocrx_word' id='word_1_644' title='bbox 1189 5199 1261 5259; x_wconf 89' lang='lat' dir='ltr'><strong>lure</strong></span> <span class='ocrx_word' id='word_1_645' title='bbox 1275 5199 1423 5261; x_wconf 90' lang='lat' dir='ltr'><strong>canonico</strong></span> <span class='ocrx_word' id='word_1_646' title='bbox 1440 5199 1500 5261; x_wconf 90' lang='lat' dir='ltr'><strong>tale</strong></span> <span class='ocrx_word' id='word_1_647' title='bbox 1515 5200 1776 5278; x_wconf 89' lang='lat' dir='ltr'><strong>impedimentum</strong></span> <span class='ocrx_word' id='word_1_648' title='bbox 1787 5204 1842 5265; x_wconf 77' lang='lat' dir='ltr'><strong>&#39;de-</strong></span> 
     </span>
     <span class='ocr_line' id='line_1_109' title="bbox 1095 5289 1844 5367; baseline 0.009 -16"><span class='ocrx_word' id='word_1_649' title='bbox 1095 5298 1216 5352; x_wconf 88' lang='lat' dir='ltr'><strong>cretum</strong></span> <span class='ocrx_word' id='word_1_650' title='bbox 1238 5289 1351 5367; x_wconf 84' lang='lat' dir='ltr'><strong>tuerit,</strong></span> <span class='ocrx_word' id='word_1_651' title='bbox 1373 5301 1426 5355; x_wconf 92' lang='lat' dir='ltr'><strong>ant</strong></span> <span class='ocrx_word' id='word_1_652' title='bbox 1447 5295 1606 5356; x_wconf 87' lang='lat' dir='ltr'><strong>communi</strong></span> <span class='ocrx_word' id='word_1_653' title='bbox 1630 5294 1774 5357; x_wconf 89' lang='lat' dir='ltr'><strong>ecclesiae</strong></span> <span class='ocrx_word' id='word_1_654' title='bbox 1796 5313 1844 5358; x_wconf 87' lang='lat' dir='ltr'><strong>ca·</strong></span> 
     </span>
     <span class='ocr_line' id='line_1_110' title="bbox 1098 5383 1842 5465; baseline 0.008 -23"><span class='ocrx_word' id='word_1_655' title='bbox 1098 5383 1225 5444; x_wconf 88' lang='lat' dir='ltr'><strong>thelicae</strong></span> <span class='ocrx_word' id='word_1_656' title='bbox 1241 5385 1465 5446; x_wconf 89' lang='lat' dir='ltr'><strong>consuetudine</strong></span> <span class='ocrx_word' id='word_1_657' title='bbox 1479 5384 1667 5463; x_wconf 82' lang='lat' dir='ltr'><strong>stabilitum3</strong></span> <span class='ocrx_word' id='word_1_658' title='bbox 1684 5394 1842 5465; x_wconf 89' lang='lat' dir='ltr'><strong>praeterea</strong></span> 
     </span>
     <span class='ocr_line' id='line_1_111' title="bbox 1096 5475 1842 5542; baseline 0.009 -7"><span class='ocrx_word' id='word_1_659' title='bbox 1096 5490 1134 5535; x_wconf 88' lang='lat' dir='ltr'><strong>an</strong></span> <span class='ocrx_word' id='word_1_660' title='bbox 1151 5475 1265 5536; x_wconf 88' lang='lat' dir='ltr'><strong>mulier</strong></span> <span class='ocrx_word' id='word_1_661' title='bbox 1275 5475 1515 5538; x_wconf 88' lang='lat' dir='ltr'><strong>Protestantium</strong></span> <span class='ocrx_word' id='word_1_662' title='bbox 1531 5478 1649 5541; x_wconf 89' lang='lat' dir='ltr'><strong>haeresi</strong></span> <span class='ocrx_word' id='word_1_663' title='bbox 1664 5478 1775 5542; x_wconf 89' lang='lat' dir='ltr'><strong>iniecta</strong></span> <span class='ocrx_word' id='word_1_664' title='bbox 1787 5479 1842 5542; x_wconf 90' lang='lat' dir='ltr'><strong>hac</strong></span> 
     </span>
     <span class='ocr_line' id='line_1_112' title="bbox 1097 5569 1842 5636; baseline 0.009 -6"><span class='ocrx_word' id='word_1_665' title='bbox 1097 5569 1320 5631; x_wconf 86' lang='lat' dir='ltr'><strong>cousuetudine</strong></span> <span class='ocrx_word' id='word_1_666' title='bbox 1338 5577 1490 5633; x_wconf 87' lang='lat' dir='ltr'><strong>teneatur.</strong></span> <span class='ocrx_word' id='word_1_667' title='bbox 1507 5569 1585 5633; x_wconf 91' lang='lat' dir='ltr'><strong>Nam</strong></span> <span class='ocrx_word' id='word_1_668' title='bbox 1600 5572 1624 5633; x_wconf 93' lang='lat' dir='ltr'><strong>si</strong></span> <span class='ocrx_word' id='word_1_669' title='bbox 1640 5572 1756 5634; x_wconf 91' lang='lat' dir='ltr'><strong>mulier</strong></span> <span class='ocrx_word' id='word_1_670' title='bbox 1770 5589 1842 5636; x_wconf 91' lang='lat' dir='ltr'><strong>cum</strong></span> 
     </span>
     <span class='ocr_line' id='line_1_113' title="bbox 1096 5660 1842 5744; baseline 0.009 -23"><span class='ocrx_word' id='word_1_671' title='bbox 1096 5660 1203 5722; x_wconf 82' lang='lat' dir='ltr'><strong>foedus</strong></span> <span class='ocrx_word' id='word_1_672' title='bbox 1234 5661 1323 5737; x_wconf 91' lang='lat' dir='ltr'><strong>iniit,</strong></span> <span class='ocrx_word' id='word_1_673' title='bbox 1353 5663 1513 5724; x_wconf 91' lang='lat' dir='ltr'><strong>dirimenti</strong></span> <span class='ocrx_word' id='word_1_674' title='bbox 1535 5664 1591 5726; x_wconf 91' lang='lat' dir='ltr'><strong>hoc</strong></span> <span class='ocrx_word' id='word_1_675' title='bbox 1618 5666 1842 5744; x_wconf 88' lang='lat' dir='ltr'><strong>impedimento</strong></span> 
     </span>
     <span class='ocr_line' id='line_1_114' title="bbox 1097 5754 1841 5833; baseline 0.008 -17"><span class='ocrx_word' id='word_1_676' title='bbox 1097 5754 1304 5830; x_wconf 90' lang='lat' dir='ltr'><strong>detinebatur,</strong></span> <span class='ocrx_word' id='word_1_677' title='bbox 1321 5756 1378 5817; x_wconf 90' lang='lat' dir='ltr'><strong>hoc</strong></span> <span class='ocrx_word' id='word_1_678' title='bbox 1392 5757 1465 5818; x_wconf 90' lang='lat' dir='ltr'><strong>satis</strong></span> <span class='ocrx_word' id='word_1_679' title='bbox 1480 5764 1537 5833; x_wconf 89' lang='lat' dir='ltr'><strong>est,</strong></span> <span class='ocrx_word' id='word_1_680' title='bbox 1554 5765 1589 5819; x_wconf 92' lang='lat' dir='ltr'><strong>ut</strong></span> <span class='ocrx_word' id='word_1_681' title='bbox 1604 5759 1841 5822; x_wconf 90' lang='lat' dir='ltr'><strong>matrimonium</strong></span> 
     </span>
     <span class='ocr_line' id='line_1_115' title="bbox 1097 5847 1839 5930; baseline 0.008 -22"><span class='ocrx_word' id='word_1_682' title='bbox 1097 5847 1222 5909; x_wconf 91' lang='lat' dir='ltr'><strong>irritum</strong></span> <span class='ocrx_word' id='word_1_683' title='bbox 1243 5848 1405 5924; x_wconf 89' lang='lat' dir='ltr'><strong>habeatur,</strong></span> <span class='ocrx_word' id='word_1_684' title='bbox 1420 5848 1534 5912; x_wconf 86' lang='lat' dir='ltr'><strong>directe</strong></span> <span class='ocrx_word' id='word_1_685' title='bbox 1546 5851 1645 5930; x_wconf 91' lang='lat' dir='ltr'><strong>quoad</strong></span> <span class='ocrx_word' id='word_1_686' title='bbox 1662 5852 1839 5928; x_wconf 88' lang='lat' dir='ltr'><strong>mulierem,</strong></span> 
     </span>
    </p>
   </div>
   <div class='ocr_carea' id='block_1_11' title="bbox 1097 5941 1841 6024">
    <p class='ocr_par' dir='ltr' id='par_1_37' title="bbox 1097 5941 1841 6024">
     <span class='ocr_line' id='line_1_116' title="bbox 1097 5941 1841 6024; baseline 0.009 -23"><span class='ocrx_word' id='word_1_687' title='bbox 1097 5941 1222 6019; x_wconf 89' lang='lat' dir='ltr'><strong>oblique</strong></span> <span class='ocrx_word' id='word_1_688' title='bbox 1242 5942 1340 6020; x_wconf 86' lang='lat' dir='ltr'><strong>quoad</strong></span> <span class='ocrx_word' id='word_1_689' title='bbox 1363 5941 1485 6020; x_wconf 81' lang='lat' dir='ltr'><strong>virum3</strong></span> <span class='ocrx_word' id='word_1_690' title='bbox 1508 5943 1579 6005; x_wconf 90' lang='grc'><strong>11666</strong></span> <span class='ocrx_word' id='word_1_691' title='bbox 1600 5943 1649 6006; x_wconf 87' lang='grc'><strong>616</strong></span> <span class='ocrx_word' id='word_1_692' title='bbox 1673 5946 1841 6024; x_wconf 91' lang='lat' dir='ltr'><strong>superioris</strong></span> 
     </span>
    </p>
   </div>
   <div class='ocr_carea' id='block_1_12' title="bbox 0 0 2418 6983">
    <p class='ocr_par' dir='ltr' id='par_1_38' title="bbox 0 0 2418 6983">
     <span class='ocr_line' id='line_1_117' title="bbox 0 0 2418 6983; baseline 0 0"><span class='ocrx_word' id='word_1_693' title='bbox 0 0 2418 6983; x_wconf 95' lang='lat' dir='ltr'><strong> </strong></span> 
     </span>
    </p>
   </div>
  </div>
 </body>
</html>
