4708 6978
846 552 1044 602 annumeras
1064 553 1129 601 xlv.

218 677 409 742 voluntatem
423 692 547 756 semper
561 675 677 740 inesse:
703 676 786 752 Quid
799 677 828 738 si
849 675 962 738 nultus

219 771 340 852 offerat,
358 772 411 834 sed
421 770 508 834 solus
522 772 672 833 minister
687 769 849 848 baptizati
869 770 962 833 Recte

219 864 419 945 intelligitur
440 865 627 944 respondere
649 871 717 926 tota
743 871 848 926 mater
868 861 961 924 eccle·

217 959 277 1032 sio,
301 975 384 1037 puae
405 959 441 1019 in
471 957 600 1021 Sanctis
622 964 680 1030 est,
704 957 780 1036 qnia
808 961 876 1020 tota
899 972 963 1017 orn·

218 1068 281 1124 aas,
307 1057 376 1114 tota
397 1052 542 1130 singulos
572 1051 663 1128 parit
684 1066 741 1128 per
761 1049 962 1113 uoluntatem

217 1145 374 1217 rainistri,
404 1161 462 1206 sno
491 1150 522 1205 et
553 1143 678 1207 Cbristi
704 1145 830 1206 nomine
858 1141 964 1222 bapti·

217 1239 337 1302 zantis.
365 1242 448 1317 Quae
469 1238 596 1316 quidem
622 1239 780 1317 responsio
802 1238 833 1302 S.
857 1239 962 1315 lugu-

216 1336 297 1398 stino
319 1333 648 1409 auctoritatemdebet,
664 1333 718 1414 qui
739 1334 772 1396 in
794 1340 963 1396 memorata

216 1427 344 1507 epistola
365 1429 400 1490 ad
422 1427 668 1490 Boniiaciumsic
681 1427 801 1489 scribit:
826 1424 964 1505 offerun-

219 1529 277 1583 tur
297 1522 340 1584 ad
360 1520 598 1599 percipiendam
620 1521 800 1600 spiritalem
822 1522 962 1602 pratiarn

216 1631 280 1675 non
303 1611 509 1686 iambicis,
537 1630 672 1691 anorum
698 1622 871 1695 gestantur
898 1631 962 1679 ma·

217 1705 325 1778 nibus,
348 1723 442 1784 quant
465 1705 504 1770 ab
526 1707 679 1770 uniuersa
693 1710 845 1772 societate
867 1708 962 1772 Sanc-

217 1808 326 1862 torum
341 1807 436 1878 atque
457 1799 609 1880 fidetium.
634 1799 681 1864 Ab
704 1801 852 1864 amitibus
873 1819 962 1866 nara-

216 1910 274 1972 pue
286 1892 396 1973 offerri
410 1900 494 1956 reete
505 1893 752 1974 intelliguntur,
765 1893 879 1973 petibus
896 1895 962 1974 pio·

216 1991 264 2048 cet
285 1987 366 2064 pnod
388 1987 584 2066 operantur,
600 1994 630 2050 et
645 2005 781 2066 quorum
801 1996 916 2053 sancta
932 1997 962 2053 et

216 2077 388 2143 indiuidua
409 2079 551 2144 caritate
566 2079 607 2142 od
618 2082 869 2144 communionem
884 2083 964 2148 San·

1018 675 1156 739 condam
1177 692 1269 756 penes
1296 675 1508 748 cbristianos,
1531 693 1551 739 a
1577 673 1692 755 petbus
1714 675 1763 738 t'n·

1018 773 1185 842 struatur,
1201 774 1232 831 et
1247 785 1319 832 cum
1339 770 1518 848 peruenerit
1533 769 1574 832 ud
1596 785 1691 832 nsum
1712 785 1763 832 ra·

1020 863 1135 938 tionis,
1161 877 1250 941 posse
1277 863 1346 942 aopi
1367 863 1408 926 ad
1434 863 1707 940 perseuerantiam
1728 863 1763 925 iu

1017 957 1076 1036 fide
1105 957 1275 1028 eatboliea,
1304 957 1463 1035 eidemque
1490 956 1763 1034 prouidendume

1020 1056 1119 1126 patre,
1144 1050 1174 1111 si
1194 1049 1311 1114 babeat
1336 1051 1372 1111 in
1401 1047 1500 1122 bonis,
1524 1051 1711 1122 sinminns,
1728 1049 1764 1112 in

1021 1145 1207 1208 necessariis
1229 1145 1270 1208 od
1289 1144 1398 1206 miuus
1420 1143 1461 1208 ad
1482 1144 1762 1207 sustentationem.

1019 1239 1220 1302 Conveniunt
1241 1239 1452 1318 aliaequoque
1474 1237 1613 1300 eiusdem
1634 1253 1764 1315 congre·

1019 1332 1150 1410 gationis
1171 1331 1389 1406 resolutiones,
1412 1347 1544 1410 quarum
1566 1330 1660 1392 altera
1682 1347 1764 1393 ema-

1020 1425 1104 1488 navit
1125 1425 1175 1487 die
1196 1441 1289 1518 xmp.
1312 1425 1484 1489 decembris
1505 1441 1699 1500 annexarum,
1723 1425 1765 1487 al·

1022 1527 1085 1580 tera
1105 1518 1154 1582 die
1176 1535 1245 1580 ιιιι.
1269 1518 1373 1582 martii
1395 1535 1565 1592 unacum,
1582 1525 1612 1580 et
1627 1536 1644 1581 a
1658 1520 1763 1581 Leone

1021 1611 1055 1672 in
1076 1629 1135 1674 suo
1155 1611 1313 1676 Thesauro
1329 1610 1407 1674 Fari
1422 1611 1632 1674 ecclesiastici
1647 1628 1717 1690 por.
1728 1613 1762 1681 4,

1021 1722 1086 1785 rep.
1104 1705 1137 1777 4,
1161 1723 1248 1768 num.
1272 1711 1307 1778 8,
1330 1706 1387 1768 alia
1401 1705 1474 1768 huic
1495 1705 1603 1769 similis
1623 1705 1765 1784 produci-

1021 1809 1072 1864 tur
1083 1801 1115 1862 in
1126 1800 1375 1877 congregatione
1390 1800 1518 1864 concilii
1531 1799 1632 1862 habita
1648 1800 1680 1862 in
1696 1817 1766 1864 cau-

1019 1910 1050 1954 sa
1071 1894 1207 1968 Fossam,
1224 1895 1422 1972 quae'tamen
1444 1908 1516 1957 cum
1537 1893 1677 1972 registris
1693 1909 1766 1956 con·
1787 1937 1790 1946 ι

1020 1986 1094 2048 ierri
1116 2003 1180 2049 non
1202 1988 1313 2065 potuit.

1059 2079 1148 2156 §28-
1173 2078 1257 2141 Nihil
1272 2080 1353 2143 aliud
1376 2097 1461 2144 nunc
1482 2087 1587 2154 restat,
1600 2079 1765 2159 ntprimae
1823 2103 1855 2139 ιν.
1877 2093 1942 2147 outa
1963 2094 1997 2140 a·

1683 533 1742 601 329
1792 535 1847 628 Aa,
1860 541 1891 595 (l.
1912 537 1981 595 1747

1784 2147 1997 2204 olendumanan-

1021 2174 1099 2253 parti
1114 2174 1185 2236 finis
1199 2175 1390 2253 imponatur,
1404 2191 1495 2252 quam
1507 2188 1673 2252 exponere,
1690 2172 1764 2251 quid
1785 2202 1818 2300 ΕΟ
1834 2201 1946 2300 mimi-⁸
1957 2201 1997 2245 h,

1803 2265 1855 2300 rael
1885 2266 1917 2310 ap
1932 2264 1997 2300 azan-

1020 2267 1059 2328 ιιι
1080 2266 1266 2343 laciendum,
1297 2283 1368 2329 cum
1399 2267 1534 2330 infantes
1563 2265 1687 2329 hebraei
1713 2272 1766 2328 aut
1785 2309 1996 2364 mmmm

1022 2361 1195 2441 baptizandi
1216 2361 1397 2435 atterantur,
1420 2369 1473 2422 aut
1498 2367 1692 2438 compertum
1713 2359 1764 2435 sit,
1784 2360 1997 2418 verrursseuapu-

1098 2455 1103 2466 .
1217 2455 1222 2466 .
1483 2454 1488 2465 .
1784 2415 1998 2461 tatosnotitia

1021 2471 1071 2516 eos
1096 2471 1159 2517 lam
1179 2454 1272 2518 fuisse
1303 2469 1388 2516 Sacro
1411 2454 1590 2532 baptlslnate
1611 2460 1764 2531 lllliltli083
1785 2467 1902 2516 habetur.

217 2175 261 2236 ati
277 2171 424 2253 Spiritus
438 2172 654 2238 adiuvantur.
682 2175 759 2237 Tota
773 2191 846 2256 erpo
859 2181 964 2240 mater

218 2267 361 2339 aeclesia,
384 2283 464 2346 puae
485 2267 520 2330 in
544 2265 672 2330 Sanctis
694 2275 756 2340 est,
779 2284 893 2347 pueros
914 2287 963 2350 pe·

217 2364 285 2423 stat
307 2365 337 2422 et
360 2359 464 2439 offert,
487 2360 563 2438 puin
586 2367 654 2424 tota
677 2377 793 2435 omnes,
809 2367 876 2426 tota
897 2364 964 2426 sin·

217 2453 308 2532 putas
331 2453 434 2534 offert.

257 2547 276 2621 ἓ
297 2545 346 2609 27.
371 2547 574 2625 Argumentis
585 2562 639 2626 per
652 2564 685 2609 se
698 2549 884 2625 clarissimis,
898 2556 965 2614 tan·

219 2649 389 2719 torumque
409 2640 767 2703 auotoritatehominum
789 2644 966 2706 corrobora·

220 2733 256 2796 tis
278 2733 336 2795 alia
367 2733 479 2796 addere
508 2749 771 2812 supervacaneum
804 2737 960 2798 ducimus:

219 2828 370 2906 quaedam
390 2842 466 2888 vero
480 2827 759 2904 congregationum
774 2844 919 2907 responsa
931 2830 963 2892 in

219 2921 359 2984 medium
380 2919 520 2999 prolerre
541 2920 628 2983 nullo
656 2922 747 2984 modo
770 2937 834 2985 non
859 2939 964 3001 possu-

220 3031 300 3090 mus,
324 3015 407 3076 inter
427 3030 505 3092 quae
529 3013 630 3094 primo
655 3015 721 3077 loco
745 3016 908 3079 alienemus
929 3016 964 3078 il-

221 3107 272 3171 lud
288 3109 544 3186 congregauonis
561 3109 666 3172 Sancti
688 3109 784 3172 Officii
800 3111 900 3174 habita
916 3113 965 3174 die

221 3218 295 3264 ιιιιι.
311 3204 415 3266 martii
428 3219 645 3266 nocxxxvnrs
663 3207 757 3269 Circa
770 3205 964 3285 baptismum

220 3295 333 3358 datum
354 3295 511 3373 pennatae
531 3297 657 3374 puellae
678 3316 839 3362 annorum
862 3303 964 3363 tritam

221 3388 446 3470 circiterfitiae
457 3387 664 3454 hebraeorum
675 3410 695 3456 a
708 3393 868 3456 Faustina
881 3394 966 3455 cbri-

219 3482 344 3554 stiona,
368 3482 483 3544 invitis
509 3486 712 3562 parentibus,
744 3487 967 3550 Eminentissi·

220 3577 264 3638 mi
284 3577 418 3640 bomini
439 3585 652 3652 censuerunt,
682 3580 854 3657 parvulam
879 3583 967 3658 puet-

221 3667 283 3732 tam
294 3687 359 3733 esse
369 3688 440 3733 aere
454 3669 665 3750 baptizatam,
679 3681 890 3738 concurrente
900 3693 966 3738 rno-

222 3765 319 3839 terio,
351 3766 456 3847 [orma
482 3772 512 3826 et
543 3766 744 3841 intentione‚·
772 3764 966 3846 baptismum

221 3854 352 3936 probari
374 3860 471 3920 unico
493 3863 588 3929 teste,·
608 3866 639 3922 et
660 3862 805 3938 anamais
831 3863 896 3940 pilii
917 3862 967 3926 be-

223 3949 392 4015 braeorum
413 3967 477 4014 non
497 3953 621 4029 possint
642 3952 757 4016 inuitis
777 3955 966 4031 parentibus

223 4043 400 4124 baptizari,
415 4045 445 4108 si
461 4051 567 4107 tamea
583 4044 619 4107 de
633 4047 721 4125 sacto
744 4045 965 4124 baptizentur,

225 4138 327 4200 ualere
346 4137 549 4218 Baptismum
570 4147 601 4202 et
622 4139 840 4203 characterem
857 4143 967 4222 impri-

224 4231 266 4294 mi
288 4239 318 4293 et
332 4231 434 4310 filiam
449 4229 652 4311 baptizatam
665 4249 756 4311 penas
771 4235 966 4299 cbristianos

223 4324 387 4398 alendum
413 4324 579 4388 multarem
604 4325 823 4406 baptizantem
845 4331 968 4393 aeriter

223 4417 421 4490 mouendam,
443 4425 482 4481 ut
504 4420 721 4498 inposterum
750 4431 861 4486 caveat
882 4441 902 4487 a
924 4423 966 4485 si-

224 4508 372 4584 milibus,·
392 4509 627 4591 notificandum
657 4531 730 4575 aero
750 4514 878 4593 populo,
904 4532 967 4580 non

226 4602 316 4666 licere
331 4601 446 4665 inuitis
460 4603 652 4681 parentibus
666 4606 748 4686 filios
760 4605 967 4673 hebraeorum

225 4695 399 4774 baptizare,
424 4696 501 4775 puio
522 4696 597 4761 ticet
616 4699 690 4777 pinis
705 4701 749 4762 sit
771 4699 883 4773 bonus,
906 4718 968 4762 me-

224 4790 276 4853 dia
297 4806 362 4852 nou
385 4796 465 4852 sunt
497 4789 606 4864 licita,
639 4795 829 4871 praesertim
859 4799 968 4857 stante

226 4883 319 4946 Balla
342 4880 422 4946 tutti
447 4883 520 4957 tll.,·
542 4884 702 4962 imponere
727 4901 859 4964 poenam
880 4886 968 4949 mitte

225 4977 427 5048 ducatorum,
450 4982 482 5038 et
505 4979 740 5056 suspensionem
767 4977 967 5058 baptizanti·

226 5065 279 5130 bus
299 5069 383 5148 filios
405 5067 612 5132 hebraeorum
632 5071 748 5134 invitis
764 5073 963 5150 parentibus.
994 5062 997 5103 ⁵

226 5162 302 5224 Ante
322 5163 402 5224 bane
423 5162 647 5227 resolutionem
669 5165 822 5230 aliaextat
843 5169 894 5230 die
916 5185 965 5231 nr.

225 5255 335 5318 martii
357 5271 557 5332 nocturna,
574 5257 660 5320 cuius
676 5259 749 5322 haec
763 5270 838 5323 sunt
853 5262 964 5323 verba:

230 5348 414 5422 Quaeritur,
432 5366 477 5412 an
497 5351 687 5430 infantulus
705 5353 794 5432 filius
816 5354 926 5416 iudaei
948 5373 968 5419 a

227 5442 353 5503 nutrice
364 5441 548 5506 christiana
560 5441 747 5522 baptizatus
760 5447 860 5508 inscio
874 5455 968 5526 patre

228 5531 365 5605 bebraeo,
380 5535 425 5597 sit
439 5553 510 5597 aere
531 5534 720 5615 baptizatus
734 5547 765 5602 et
781 5539 967 5603 buiusmodi

227 5625 415 5706 baptismate
444 5635 612 5702 teneatur,
636 5637 666 5692 et
692 5632 780 5710 apud
805 5648 895 5711 puero
919 5631 968 5694 de·

228 5717 294 5782 beot
308 5721 498 5800 infantulus
514 5721 667 5786 educarit
681 5723 902 5803 despondetur
916 5725 968 5786 iu-

228 5813 391 5892 tantutum
412 5831 477 5876 esse
501 5831 571 5876 aere
593 5813 815 5894 baptizatum,
839 5819 966 5896 Baptis-

228 5921 369 5985 mnmpne
389 5925 454 5970 esse
481 5909 637 5984 oralidnm,
669 5912 869 5992 eumdemque
890 5912 966 5976 eda·

329 6057 381 6106 lor.
399 6057 468 6104 Parit.
484 6055 515 6104 de
529 6057 605 6122 Prop.
620 6057 682 6106 Fide
695 6059 778 6108 Partis
793 6061 811 6106 l.
827 6059 882 6106 vol.
896 6061 940 6110 Ill.

1021 2549 1148 2610 demum
1179 2549 1335 2626 quomodo
1366 2547 1489 2626 probari
1521 2545 1616 2625 possit
1641 2547 1765 2609 eosdem

1021 2641 1106 2720 aquis
1126 2640 1312 2704 salutaribus
1327 2640 1421 2703 luisse
1434 2641 1494 2702 rite
1514 2639 1671 2718 lustratos3
1687 2655 1767 2718 quae

1022 2743 1174 2811 postrema
1195 2741 1270 2796 suut
1291 2733 1383 2796 buius
1405 2735 1524 2812 primae
1543 2733 1635 2812 partis
1657 2731 1765 2810 capita,

1022 2833 1052 2888 et
1080 2842 1215 2904 qnorum
1244 2825 1482 2905 explicationem
1508 2825 1611 2905 panon
1643 2823 1766 2902 expedi-

1010 2929 1101 2981 'inus

1060 3013 1148 3089 §ee
1173 3012 1257 3076 Nihil
1278 3013 1336 3076 hoc
1357 3029 1429 3078 cum
1451 3013 1487 3076 iis
1509 3012 1681 3077 infantibus
1711 3028 1766 3076 no·

1022 3110 1140 3173 bissum
1163 3118 1220 3185 est,
1243 3109 1296 3187 qui
1317 3109 1368 3172 vel
1389 3110 1423 3171 ad
1447 3125 1568 3172 sacrum
1590 3107 1709 3170 iontem
1730 3105 1767 3168 ab

1022 3206 1058 3266 iis
1078 3205 1241 3280 feruntur,
1269 3202 1382 3282 quibus
1403 3204 1433 3267 id
1461 3203 1593 3265 faciendi
1621 3204 1668 3267 ius
1700 3218 1766 3266 esse

1022 3304 1151 3374 oonsmt,
1163 3297 1213 3360 vel
1229 3298 1283 3376 qui
1297 3298 1383 3360 iuxta
1398 3312 1554 3360 sacrarum
1569 3297 1674 3374 legum
1689 3296 1766 3371 viru,

1023 3392 1139 3466 invitis,
1163 3391 1245 3466 lieet,
1268 3389 1765 3469 reluctantibusqueparentibus,

1022 3492 1095 3548 sunt
1115 3482 1301 3563 baptizandi,
1326 3493 1360 3546 ut
1381 3491 1453 3546 ante
1474 3483 1766 3558 demonstravimus

1023 3582 1060 3642 de
1080 3579 1140 3652 llis,
1162 3579 1303 3657 inquam,
1326 3576 1496 3640 infantibus
1518 3577 1624 3640 nullus
1641 3577 1690 3640 bic
1703 3571 1769 3638 sor}

1024 3689 1073 3734 ino
1094 3679 1153 3748 est,
1176 3671 1323 3750 quoniam
1354 3678 1455 3750 patet,
1484 3671 1614 3734 omnino
1646 3687 1711 3733 esse
1731 3667 1769 3730 ad

1023 3772 1250 3828 sacrosanctum
1268 3764 1514 3842 regenerationis
1536 3762 1693 3827 lavacrum
1707 3764 1769 3826 ele-

1023 3859 1149 3920 vandos.
1180 3859 1298 3920 Adeas
1325 3857 1429 3937 itaque
1461 3862 1575 3937 spectat
1597 3857 1646 3920 hic
1667 3872 1769 3919 sermo

1024 3959 1138 4026 noster,
1161 3950 1216 4029 qui
1237 3951 1389 4030 baptismo
1414 3967 1516 4029 neque
1539 3950 1767 4031 aparentibus,

1024 4061 1126 4124 neque
1146 4045 1183 4106 ab
1204 4044 1270 4107 aliis
1292 4045 1346 4123 qui
1367 4044 1415 4108 ius
1439 4045 1472 4106 in
1494 4059 1544 4106 eos
1565 4043 1709 4118 habeant,
1725 4041 1769 4104 ol·

1025 4139 1185 4216 teruntur,
1207 4137 1260 4200 sed
1288 4137 1326 4200 ab
1353 4138 1456 4219 aliquo
1484 4139 1604 4201 nullam
1633 4135 1769 4199 habente

1024 4234 1250 4298 auctoritatem.
1275 4233 1318 4296 lle
1332 4233 1370 4294 iis
1385 4241 1542 4312 praeterea
1563 4233 1676 4309 agitur,
1693 4246 1768 4310 quo-

1025 4343 1095 4389 rum
1117 4343 1203 4389 casus
1225 4342 1290 4389 non
1316 4327 1627 4406 comprehenduntur
1655 4325 1713 4386 sub
1734 4339 1768 4386 ea

1024 4417 1239 4495 dispositione,
1273 4418 1450 4496 quaesiuit
1479 4418 1668 4497 baptismum
1696 4435 1766 4480 con·

1024 4509 1109 4586 terri,
1142 4511 1263 4573 etiamsi
1290 4513 1444 4573 maiorum
1475 4529 1642 4575 consensus
1670 4511 1766 4575 desit:

1024 4605 1082 4668 hoc
1103 4603 1229 4682 quidem
1250 4605 1283 4666 in
1305 4622 1376 4668 casu
1388 4605 1535 4683 baptizari
1557 4623 1620 4668 non
1642 4607 1766 4681 debent,

1025 4698 1077 4760 sed
1098 4697 1136 4758 ad
1157 4696 1226 4759 illos
1247 4699 1381 4774 remitti,
1409 4714 1545 4778 quorum
1565 4699 1599 4760 in
1620 4704 1768 4779 potestate

1023 4807 1057 4852 ac
1078 4790 1138 4852 fide
1158 4777 1232 4854 sunt
1262 4791 1402 4868 legitime
1431 4792 1603 4854 constituti.
1636 4791 1768 4870 Quodsi

1024 4883 1085 4945 iam
1105 4881 1299 4968 specumento
1329 4884 1445 4948 initiati
1467 4894 1581 4962 essent,
1612 4896 1664 4948 aut
1692 4887 1769 4949 deti·

1024 4979 1120 5040 nendi
1140 4986 1224 5052 sunt,
1241 4985 1294 5042 aut
1315 4978 1352 5041 ab
1373 4978 1512 5041 hebraeis
1527 4979 1706 5059 parentibus
1720 4995 1768 5042 re·

1024 5071 1191 5149 superandi
1214 5070 1416 5157 tradendique
1438 5072 1709 5146 christifidelibus
1732 5079 1768 5136 ut

1024 5162 1061 5224 ab
1092 5162 1153 5224 illis
1185 5164 1235 5242 pie
1261 5173 1428 5243 sancteque
1459 5164 1687 5243 informemur,
1720 5167 1768 5228 bic

1025 5256 1109 5318 enim
1136 5257 1278 5336 baptismi
1308 5257 1379 5321 licet
1411 5258 1519 5334 illiciti,
1551 5267 1654 5321 tamen
1684 5259 1767 5334 ueri,

1028 5349 1193 5430 validique,
1206 5351 1333 5414 etiectus
1345 5359 1400 5414 est.
1420 5351 1465 5412 Ειι
1479 5351 1662 5430 quibusdam
1677 5353 1769 5434 paulo

1025 5452 1096 5505 ante
1116 5444 1217 5507 citatis
1228 5445 1468 5507 resolutionibus
1482 5445 1539 5508 hoc
1554 5446 1687 5520 eruitur,
1703 5445 1771 5524 qui-

1026 5537 1082 5598 bus
1102 5536 1217 5600 accedit
1239 5537 1368 5602 Consilii
1390 5537 1530 5599 Toletani
1551 5538 1652 5617 quarti
1669 5547 1771 5601 textus

1025 5629 1182 5708 expositus
1204 5631 1239 5692 in
1256 5630 1334 5695 Gon.
1352 5631 1512 5704 iudaeam,
1530 5631 1768 5710 atst.2a,p.1.·

1024 5722 1216 5786 Iudaeorum
1237 5725 1332 5804 filios,
1355 5726 1403 5787 oet
1422 5724 1519 5805 filias,
1537 5741 1577 5786 ne
1596 5732 1770 5804 parentum

1024 5816 1113 5878 uitro
1124 5816 1333 5880 involvantur
1343 5817 1519 5890 erroribus,
1529 5817 1568 5882 ab
1578 5835 1689 5882 eorum
1699 5838 1771 5882 oon-

1023 5911 1125 5972 sartio
1139 5910 1288 5989 separari
1301 5911 1512 5983 decernimus,
1527 5913 1695 5991 deputatos
1710 5919 1770 5978 ont

1639 6063 1667 6114 lt
