4798 6978
358 543 411 595 nn.
426 547 456 596 e.
478 545 545 595 arse
594 547 654 608 qais

369 693 464 736 remei.
480 689 557 752 scau
575 684 746 754 vindicati,
769 699 837 762 cap.
850 680 883 752 7,
902 697 988 742 uuna.
1003 683 1036 743 5.
1061 680 1237 741 'lentarum
1252 679 1317 754 qui-

344 747 556 844 ῗῑῗιῑίὶιῗιῗιθῖὀῗιᾞ
576 781 643 841 dem
666 775 851 839 schismatici
874 775 1040 837 Ecclesiam
1070 773 1196 834 latinam
1220 769 1317 832 veluti

344 851 556 952 ssssssffsc‘iffiio‘fuf
576 874 781 936 iudaizantem
806 871 975 942 traducere,
999 875 1159 946 prepterea
1182 865 1262 944 quod
1286 863 1317 925 iu

575 982 683 1046 azyme
709 969 868 1027 consecret
888 969 919 1024 et
941 961 1060 1024 sabbata
1089 961 1248 1032 observet,
1272 973 1319 1018 re-

576 1075 714 1138 gumque
737 1057 915 1120 unctionem
939 1055 1022 1118 inter
1049 1069 1149 1116 sacres
1173 1053 1250 1113 ritus
1272 1067 1319 1112 re-

575 1155 682 1216 tineat.
707 1153 745 1214 ht
761 1151 822 1213 Leo
838 1150 967 1213 allatius
989 1149 1020 1210 in
1037 1163 1093 1210 suo
1108 1147 1234 1224 egregie
1249 1161 1320 1223 epe-

574 1265 608 1309 re
627 1246 672 1308 De
685 1245 839 1325 perpetua
864 1243 1073 1306 Censeusieue
1089 1239 1247 1301 Ecclesiae
1265 1245 1319 1301 tle-

576 1339 744 1404 cideutalis
766 1343 797 1402 ct
821 1337 1009 1406 orientatis,
1030 1333 1084 1397 lib.
1112 1335 1142 1406 3,
1168 1349 1235 1411 cap.
1264 1331 1318 1404 14,

577 1433 770 1498 temerariam
793 1432 870 1494 banc
896 1430 1021 1491 itteram
1050 1427 1251 1490 assertionem
1274 1442 1320 1486 re·

576 1526 670 1603 lellit;
693 1525 865 1604 specialiter
886 1539 960 1584 vero
982 1518 1040 1582 sud
1064 1535 1154 1581 raum.
1172 1519 1194 1578 4
1216 1519 1254 1579 ita
1270 1519 1320 1578 ad-

576 1623 943 1694 versusargrunentatur:
965 1615 1047 1690 Quia
1061 1613 1174 1676 ludaei
1186 1609 1319 1674 sabbata

575 1719 716 1786 serauut,
731 1711 786 1790 qui
800 1715 907 1772 seruat
921 1707 1054 1772 sralrbute
1066 1707 1220 1770 Iudaeum
1236 1706 1319 1786 apii:

576 1825 648 1887 erpo
676 1807 730 1885 qui
761 1807 918 1884 suffocatu
947 1818 1009 1866 ueu
1039 1801 1233 1871 manducet,
1267 1799 1319 1864 Iu·

573 1903 689 1964 dacum
712 1899 797 1978 agit,
832 1913 903 1958 curu
926 1896 1037 1958 ludaei
1059 1913 1098 1957 eu
1121 1896 1186 1973 leqe
1213 1891 1320 1972 prebi-

576 1992 715 2056 beentur
739 1993 796 2054 illu
818 1991 990 2052 comedere:
1012 1989 1065 2050 sed
1089 1989 1202 2052 Graeci
1225 1987 1316 2068 suffe·

576 2093 650 2150 ceta
673 2102 734 2148 uera
757 2085 875 2156 eduut,·
896 2100 968 2163 erqo
993 2082 1107 2145 Graecei
1134 2082 1317 2144 iudaizaut.

576 2183 693 2244 lleinde
715 2195 802 2242 nunt.
827 2179 847 2239 9
869 2179 903 2240 ad
918 2185 1130 2240 remuostram
1153 2183 1235 2238 recte
1250 2193 1321 2236 cen·

576 2277 685 2350 cludit,
707 2275 839 2337 minime
860 2290 948 2353 pesse
962 2272 1101 2334 absolute
1124 2279 1155 2333 et
1177 2271 1323 2332 indistin-

577 2378 623 2432 cte
647 2368 717 2443 dici,
741 2367 821 2445 quod
845 2368 869 2428 is
898 2367 1046 2440 iudaizet,
1079 2365 1132 2442 qui
1156 2364 1186 2426 iu
1219 2363 1320 2425 Eccle-

577 2465 619 2524 sia
635 2461 748 2540 aliquid
772 2462 835 2536 agit
857 2467 887 2521 et
908 2465 1009 2520 serrat
1024 2465 1268 2519 consentaneum
1291 2463 1321 2518 et

576 2555 678 2618 simile
711 2552 912 2617 caeremoniis
943 2553 1087 2628 antiquae
1126 2550 1213 2626 legis.
1248 2547 1322 2612 «Si

578 2650 646 2728 quis
672 2649 730 2710 suh
751 2648 846 2708 alium
874 2646 969 2708 duem
998 2653 1029 2706 et
1059 2644 1321 2720 commoditatem,

579 2744 671 2804 etiam
695 2758 731 2804 ex
751 2739 926 2802 intentione
940 2737 1042 2800 cultus
1057 2745 1087 2798 ct
1103 2745 1261 2816 tamquam
1275 2753 1322 2798 re·

579 2837 700 2912 ligiesas
715 2833 934 2907 caeremonias,
951 2848 1014 2893 nen
1036 2839 1190 2910 tamquam
1211 2833 1322 2910 spiritu

580 2930 663 2991 illius
687 2929 764 3006 legis
787 2944 843 2990 nec
872 2936 1026 3003 tamquam
1054 2926 1195 2988 habentia
1219 2926 1249 2987 in
1272 2924 1323 2987 illa

580 3024 829 3094 tundamentum,
844 3021 895 3082 sed
913 3019 961 3081 rel
984 3037 1022 3081 ea
1038 3020 1162 3098 proprie
1184 3019 1321 3092 arbitrio,

579 3118 628 3179 vel
651 3133 688 3179 ert
717 3115 817 3194 aliqua
845 3112 1068 3177 cousuetudine
1097 3113 1244 3188 humana,
1274 3111 1323 3174 vel

580 3227 617 3272 ex
640 3215 800 3289 praecepte
821 3215 852 3270 et
874 3205 1071 3268 institutione
1099 3204 1250 3266 Ecclesiae
1272 3205 1325 3265 eb-

579 3311 727 3378 serraret,
750 3317 852 3378 neque
874 3305 1022 3377 peccaret,
1046 3314 1148 3377 neque
1169 3299 1325 3361 diceretur

581 3398 744 3460 iudaizare.
778 3395 877 3472 Quare
905 3409 966 3456 nen
989 3407 1111 3472 semper
1132 3393 1269 3472 quisquis
1291 3392 1323 3454 in

581 3489 712 3554 Ecclesia
734 3487 848 3567 aliquid
870 3485 950 3563 agit,
974 3486 1053 3563 qued
1077 3503 1148 3548 cum
1170 3499 1324 3547 caeremo-

581 3586 641 3647 niis
663 3583 776 3645 veteris
797 3580 873 3658 legis
894 3579 1133 3642 similitudinem
1147 3579 1251 3654 habet,
1267 3586 1324 3641 sta·

581 3679 638 3740 tim
660 3677 807 3738 dicendus
829 3681 875 3736 est
897 3672 1096 3734 iudaizare.»

393 3794 505 3852 appone.
530 3792 562 3838 aa
620 3771 639 3844 ἓ
659 3767 708 3831 68.
732 3765 1155 3842 Quoniamvereunicuique
1174 3765 1326 3827 extribus

351 3854 470 3948 fficiam
486 3847 563 3892 “⁰⁰¹¹
582 3845 735 3941 prioribus
757 3857 891 3933 MenitiS,
905 3859 942 3918 de
956 3857 1068 3935 quibus
1091 3857 1122 3918 in
1146 3859 1200 3919 hac
1222 3865 1326 3919 nestra

582 3953 742 4034 Eneyclica
763 3953 896 4029 egimus,
909 3950 1071 4030 quamdam
1094 3950 1190 4011 veluti
1214 3967 1326 4029 appen-

582 4050 681 4112 dicem
703 4046 891 4122 addidimus3
915 4044 1094 4124 priusquam
1116 4043 1268 4105 scribendi
1292 4046 1327 4106 li-

584 4159 656 4206 nem
679 4141 835 4214 sarciamus,
860 4137 932 4200 huie
952 4137 1046 4200 etiarm
1072 4145 1181 4216 quarte
1211 4137 1327 4200 llanite

582 4251 669 4298 snam
704 4233 903 4314 appendicem
938 4231 1123 4293 subnectere
1159 4231 1326 4309 velumus,

583 4345 661 4410 quae
683 4335 713 4390 et
729 4329 765 4389 ab
786 4327 882 4406 ipsius
902 4325 1009 4388 Moniti
1031 4325 1168 4386 subiecto
1186 4333 1247 4387 eta
1263 4342 1328 4388 cer·

583 4424 659 4486 recti
681 4419 863 4496 Eucheiegii
879 4419 1015 4480 editione
1029 4417 1128 4479 aliena
1151 4433 1213 4479 nou
1235 4419 1285 4480 sit.

366 4531 565 4580 novitiarum
624 4515 713 4592 gea.
738 4515 771 4576 ln
793 4512 874 4588 Lege
902 4511 1030 4574 Levitici
1060 4524 1129 4587 cap.
1156 4512 1201 4573 12
1222 4514 1330 4574 statui·

353 4589 476 4688 ffiffssfflt'
505 4597 565 4631 ‘¹¹¹¹'
586 4620 649 4686 tur,
672 4616 706 4671 ut
728 4605 860 4682 mulier,
888 4621 966 4684 quae
998 4604 1168 4666 masculum
1197 4607 1328 4683 peperit,

585 4699 745 4764 immunda
766 4699 806 4760 sit
834 4705 950 4776 septem
974 4696 1098 4772 diebus,
1132 4697 1242 4758 deinde
1264 4698 1330 4760 aliis

585 4797 711 4872 triginta
734 4793 830 4854 tribus
851 4790 1093 4852 diebusmaueat
1115 4791 1329 4871 insanguine

585 4883 824 4967 purificationis
835 4899 931 4954 suue,·
953 4883 976 4943 si
993 4897 1067 4943 vere
1081 4882 1247 4944 foeminam
1264 4885 1332 4946 eni·

586 4999 621 5043 aa
649 4981 763 5055 luerit,
794 4977 910 5041 duabus
939 4975 1136 5038 hebdomadis
1169 4978 1330 5040 immunda

583 5077 635 5151 sit,
659 5082 689 5136 et
709 5073 869 5149 sexaginta
890 5087 944 5132 sex
964 5070 1071 5131 diebus
1104 5081 1227 5133 maneat
1247 5073 1331 5134 simi-

586 5170 657 5231 liter
680 5171 715 5230 iu
735 5167 893 5246 sanguiue
909 5163 1151 5243 purificationis
1172 5181 1269 5238 suae·
1291 5168 1331 5228 ita

587 5273 621 5325 ut
641 5261 850 5324 sanctuarium
868 5259 988 5336 ingredi
1005 5265 1149 5336 nequeat,
1166 5266 1330 5338 antequam

586 5357 725 5435 elapsum
746 5357 785 5416 sit
808 5353 982 5414 huiusmodi
1000 5359 1137 5429 tempus3
1161 5368 1257 5430 quum
1279 5371 1332 5414 au·

587 5458 652 5512 tem
674 5449 774 5527 prime
797 5446 948 5526 templum
969 5445 1089 5519 adierit,
1112 5451 1227 5507 certam
1250 5445 1330 5508 obla-

589 5544 704 5605 tionem
725 5541 834 5602 allerre
854 5539 972 5604 debeat.

374 5664 428 5707 uon
444 5659 568 5706 ausimurs
627 5635 1025 5713 §rememoraturum
1054 5633 1086 5694 iu
1118 5631 1251 5694 Ecclesia
1277 5650 1332 5713 per

356 5715 568 5826 ssfi{{{q',¹},i,tffl¹1⁰,{
587 5732 709 5810 aliquod
743 5739 865 5808 tempus
897 5728 1031 5804 viguisse
1064 5725 1169 5802 negari
1202 5728 1329 5804 neqult3

357 5821 418 5869 rcu.
588 5825 797 5902 legiturenim
820 5825 853 5884 in
868 5821 1038 5883 canonibus
1059 5819 1332 5896 poenitentialibus

588 5919 754 5994 Theodori,
776 5933 853 5996 quos
874 5915 969 5978 relert
984 5915 1035 5976 lre
1058 5913 1093 5974 iu
1106 5929 1165 5974 sue
1186 5912 1331 5992 Decreta,

1100 561 1163 602 ll'll.
1189 559 1278 602 PONT·
1303 557 1341 599 DE
1366 557 1392 599 Ρ.
1417 558 1444 602 l‘.
1471 559 1552 603 PARS
1574 559 1594 603 l.

2155 545 2205 596 Au.
2219 550 2246 598 G.
2266 553 2320 605 liae

1374 692 1513 756 quosque
1533 686 1757 741 commemorat
1773 695 1843 742 ren.
1862 677 1950 741 eard.
1971 677 2125 740 Barenius

1374 770 1408 830 ad
1432 786 1550 834 anuum
1578 771 1692 834 Christi
1720 787 1852 835 cccxvi:
1883 771 2012 843 Mulier,
2043 789 2125 850 quae

1376 863 1482 926 intrat
1505 864 1541 926 iu
1573 866 1736 928 ecetesiam
1759 870 1835 928 aute
1865 867 2021 928 muudum
2048 883 2125 928 sau-

1375 958 1505 1037 quiuem
1525 963 1596 1036 past
1607 967 1750 1038 partam,
1768 961 1797 1020 si
1812 961 1991 1024 masculum
2006 978 2126 1040 panau·

1376 1052 1434 1123 rit,
1459 1052 1601 1132 tripiuta
1631 1059 1694 1113 tres
1717 1053 1783 1115 dies
1804 1055 1984 1132 poeniteat,
2007 1055 2038 1116 si
2062 1059 2126 1135 fae·

1375 1145 1506 1218 mirram,
1525 1146 1763 1225 quinquaqinta
1778 1165 1844 1210 sea.
1871 1149 2126 1228 sequacitatem

1373 1240 1626 1316 praesumpserit
1654 1246 1729 1302 aete
1762 1249 1884 1320 tempus
1911 1244 2127 1324 praefinitum

1375 1333 1538 1396 ecclesium
1570 1334 1707 1407 intrare,
1740 1341 1786 1399 tet
1808 1336 1874 1398 dies
1902 1337 2065 1414 poeniteat
2090 1340 2127 1400 iu

1375 1441 1454 1504 pune
1476 1435 1504 1487 et
1528 1425 1622 1504 aqua,
1641 1435 1714 1505 quat
1736 1428 1866 1492 ecclesia
1888 1447 1995 1492 carere
2011 1429 2128 1493 dedam

1376 1524 1441 1581 rat.
1467 1519 1526 1584 Sed
1559 1536 1660 1598 neque
1689 1524 1797 1598 negari
1820 1531 1920 1601 petest
1941 1525 2126 1587 huiusmodi
2185 1533 2249 1594 quae
2265 1539 2326 1586 rama

1376 1613 1615 1692 prohibitionem
1630 1612 1803 1677 labentibus
1819 1618 2010 1696 temporibus
2022 1619 2056 1679 in
2069 1619 2127 1682 Ec·
2146 1585 2326 1704 fflfuffi

1376 1706 1466 1768 uesta
1494 1707 1602 1770 carina
1631 1707 1808 1786 abromum
1830 1711 1931 1772 ruisse.
1958 1709 1993 1774 si·
2015 1710 2126 1774 cauam
2146 1691 2221 1738 ⁰¹⁶⁵¹²
2235 1697 2311 1744 cain

1376 1799 1467 1871 beret,
1484 1817 1546 1878 qua
1561 1802 1721 1879 ponaer-tt,
1739 1809 1857 1867 actura
1868 1806 1996 1884 pretias
2011 1805 2127 1867 intrat

1376 1894 1550 1969 eeclesiam,
1563 1895 1653 1958 uuile
1667 1898 1791 1976 peceati
1803 1898 1938 1975 paudere
1947 1906 2126 1979 praeatus:

1376 1989 1467 2052 verba
1488 1997 1561 2050 sunt
1583 1989 1612 2052 S.
1638 1990 1779 2066 Gregorii
1800 1991 1896 2069 Papae
1917 1993 2010 2053 relata
2026 1992 2126 2054 etiam

1378 2083 1409 2144 in
1433 2083 1560 2143 Decreta
1580 2081 1718 2144 Gratiani
1743 2080 1821 2144 Cau.
1844 2082 1878 2155 2,
1902 2083 1977 2144 dist.
2000 2083 2032 2142 5.
2044 2082 2126 2148 Sub

1376 2175 1422 2237 dit
1447 2183 1551 2238 autern
1581 2174 1781 2238 Innocentius
1809 2176 1859 2240 lll.
1894 2179 1925 2240 in
1956 2177 2125 2241 decretali:

1380 2268 1497 2340 Valens,
1515 2267 1559 2330 De
1574 2270 1797 2348 purificatione
1818 2280 1887 2348 pest
1902 2279 2047 2349 parrum,
2063 2272 2130 2349 (re-

1377 2363 1468 2425 citate
1485 2363 1569 2440 prius
1584 2381 1619 2424 ee
1637 2373 1741 2426 teratu:
1767 2365 1831 2426 Lau
1847 2381 1902 2442 per·
1916 2364 2053 2443 Mopsum
2070 2365 2130 2429 da·

1379 2461 1412 2518 ta
1434 2465 1498 2529 est;
1513 2459 1636 2536 qratia,
1654 2462 1685 2516 et
1700 2458 1822 2520 ueritas
1836 2474 1892 2536 per
1911 2461 2015 2522 lesum
2031 2458 2128 2523 Chri·

1377 2555 1464 2612 stuua
1496 2552 1587 2631 {acta
1617 2549 1695 2630 est),·
1724 2550 1889 2613 mulierem
1922 2569 2127 2632 puerperam,

1378 2659 1456 2722 quae
1477 2643 1638 2720 religionis
1659 2660 1747 2706 causa
1761 2645 1799 2706 ab
1818 2645 1958 2722 ingressu
1980 2647 2129 2708 ecclesiae

1378 2739 1567 2818 aliquamdiu
1588 2739 1741 2801 abstinere
1756 2739 1844 2814 relit,
1861 2756 1924 2803 neu
1945 2742 2127 2819 prohiberi3

1378 2833 1609 2910 ingredientem
1631 2849 1694 2895 non
1716 2847 1854 2912 peccare:
1879 2832 1971 2896 uuila
1991 2834 2128 2912 preinde

1377 2925 1501 3005 peccati
1522 2923 1599 2986 mele
1621 2933 1814 3005 praecatur,
1840 2943 1897 2987 eea
1917 2927 2128 2992 ecelesiarum

1379 3022 1490 3084 aditus
1506 3027 1551 3082 est
1567 3020 1612 3081 eia
1627 3021 1836 3097 aliqueteuus
1852 3021 2070 3102 deuepaudus,
2089 3041 2129 3084 ue

1377 3131 1509 3193 peeuaru
1532 3113 1566 3175 iu
1589 3112 1716 3192 culpare
1738 3121 1920 3176 conuertere
1944 3116 2125 3179 uideamur.

1380 3209 1414 3272 Si
1439 3213 1544 3269 tamara
1572 3223 1612 3269 eae
1639 3208 1846 3270 veneratione
1870 3209 2034 3271 volueriut
2066 3211 2128 3272 ali-

1379 3300 1534 3380 quamdiu
1545 3298 1716 3372 abstinere,
1733 3300 1927 3366 decetionem
1938 3320 2051 3365 earum
2063 3321 2129 3366 neu

1380 3393 1539 3456 credimus
1552 3391 1804 3471 improbandam.
1814 3395 1954 3473 Cumque
1967 3395 2041 3458 Baba
2058 3396 2130 3458 Vir-

1381 3503 1418 3564 go
1441 3487 1544 3562 blaria,
1568 3487 1769 3565 quantumvis
1790 3486 1822 3548 iu
1845 3488 2049 3564 praeiudicata
2070 3489 2129 3551 Lc-

1381 3581 1464 3643 ritici
1487 3580 1555 3656 lege
1577 3579 1707 3642 minime
1726 3580 2057 3659 comprehenderetur,
2082 3584 2130 3645 ni·

1381 3673 1554 3736 hileminus
1575 3673 1675 3735 eidem
1697 3689 1731 3734 se
1750 3689 1783 3734 se
1804 3673 1955 3736 subiicere
1977 3675 2128 3753 veluerit,

1381 3769 1467 3842 alum,
1490 3766 1592 3844 elapso
1616 3765 1773 3845 puerperii
1795 3773 1953 3846 tempere,
1977 3784 2008 3830 se
2031 3770 2129 3848 ipsam

1382 3860 1585 3938 divinumque
1613 3859 1728 3922 Filium
1751 3860 1782 3921 in
1812 3861 1926 3939 temple
1953 3872 2130 3941 praesenta·

1382 3954 1443 4028 vit;
1459 3952 1490 4013 iu
1506 3951 1599 4014 huius
1614 3951 1848 4029 praeclarissimi
1861 3952 1932 4015 laeti
1945 3957 2129 4018 memoriam

1382 4047 1545 4108 institutus
1567 4043 1625 4108 luit
1646 4045 1736 4118 ritus,
1753 4046 1806 4124 qui
1827 4048 1998 4126 descriptus
2012 4048 2130 4124 legitur

1383 4139 1413 4201 in
1436 4139 1549 4202 Rituali
1565 4139 1703 4201 Romano
1714 4139 1800 4201 Pauli
1816 4139 1854 4202 v.
1870 4140 2027 4204 Pontificis
2042 4142 2129 4205 iussu
2198 4155 2252 4218 aare
2273 4165 2319 4198 nair

1383 4235 1477 4309 edite,
1506 4234 1591 4295 iuxta
1618 4249 1711 4311 quem
1734 4234 1847 4297 mulier
1876 4234 1994 4314 prolem
2023 4238 2127 4312 enixa,
2147 4209 2320 4312 ffaffipfflfnmss
2361 4259 2362 4314 j

1384 4332 1451 4406 pest
1473 4327 1628 4406 puerperii
1651 4327 1834 4401 terminum,
1857 4326 1892 4389 ad
1914 4328 2074 4392 ecclesiam
2096 4344 2128 4391 se
2147 4323 2255 4366 wls·
2361 4351 2362 4356 ¹

1383 4420 1514 4494 conlert,
1538 4419 1591 4482 nbi
1611 4435 1684 4499 prae
1705 4419 1823 4481 loribus
1838 4437 1853 4480 a
1868 4423 2026 4484 sacerdote
2046 4423 2130 4486 exci-

1384 4515 1479 4591 pitur,
1503 4521 1533 4576 et
1555 4513 1631 4591 aqua
1653 4512 1813 4574 benedicta
1833 4531 1905 4576 cum
1918 4531 2007 4592 prece
2028 4533 2130 4594 asper·

1385 4607 1486 4683 gitur;
1499 4606 1609 4668 deiude
1622 4615 1730 4668 teneus
1745 4614 1918 4670 extremam
1934 4615 2053 4687 partem
2068 4617 2131 4671 ste-

1385 4701 1430 4762 lae
1452 4699 1590 4762 eiusdem
1612 4701 1776 4762 sacerdotis
1796 4702 1897 4778 pergit
1919 4701 1954 4762 ad
1976 4702 2081 4779 altare,
2098 4710 2131 4766 et

1385 4809 1485 4855 ceram
1509 4809 1544 4854 eo
1560 4793 1723 4870 geuulleua
1738 4800 1816 4868 erat,
1832 4795 1945 4871 gratias
1959 4810 2052 4872 agens
2067 4797 2131 4858 llee

1385 4889 1422 4949 de
1445 4886 1601 4948 beneficiis
1622 4885 1681 4948 sibi
1703 4885 1831 4949 collatis.
1856 4886 1975 4952 Verum
1991 4891 2064 4950 haec
2079 4890 2130 4952 be·
2155 4893 2157 4901 “

1386 4979 1518 5042 nedictie
1539 4979 1680 5042 mulieris
1701 4987 1768 5060 post
1789 4986 1913 5058 partum
1935 4981 1968 5042 in
1998 4981 2131 5045 Ecclesia

1385 5074 1493 5137 Latina
1506 5073 1593 5136 nulle
1608 5073 1675 5136 iure
1691 5073 1890 5152 praecipitur,
1901 5089 2031 5154 eamque
2047 5091 2132 5153 prae-

1386 5169 1563 5230 termittens
1578 5166 1692 5229 mulier
1706 5167 1836 5228 minime
1850 5176 1965 5244 peccat,
1977 5169 2036 5230 nisi
2051 5169 2131 5231 lorte

1386 5265 1417 5326 id
1439 5275 1544 5340 ageret
1559 5275 1614 5340 per
1633 5267 1774 5338 spretum
1789 5269 1880 5338 atque
1895 5269 2129 5341 contemptum

1388 5363 1421 5420 ut
1443 5356 1559 5434 optime
1581 5363 1686 5417 menet
1708 5355 1839 5431 Quartus
1861 5357 1896 5416 iu
1917 5373 1975 5419 aue
1990 5374 2079 5437 opere
2095 5359 2131 5420 de

1387 5447 1679 5519 Benedictienibus,
1703 5449 1756 5510 tit.
1782 5451 1813 5522 3,
1836 5456 1911 5510 sect.
1934 5449 1987 5522 12,
2012 5449 2086 5514 dud.
2097 5453 2127 5512 1.

1426 5543 1515 5618 Sil.
1538 5543 1572 5604 lu
1595 5543 1706 5606 Graeca
1727 5550 1833 5605 autem
1845 5543 1979 5608 Ecclesia
2001 5561 2131 5624 puerpe-
2160 5557 2317 5624 sopitoque·

1388 5640 1425 5700 rii
1448 5639 1496 5701 les¹
1517 5649 1673 5717 tamqnam
1688 5639 1724 5699 de
1740 5647 1903 5716 praecepte
1919 5637 2063 5716 religiose
2078 5657 2131 5702 eu·
2146 5607 2316 5729 ffigssssffifffluf

1386 5733 1529 5807 steditur,
1546 5748 1603 5793 nec
1624 5731 1736 5793 mulier
1752 5738 1874 5810 partum
1896 5733 1987 5794 enixa
2002 5734 2130 5810 permit·
2147 5719 2315 5826 filgffifflffl'

1387 5827 1463 5887 titur
1485 5837 1556 5887 aute
1585 5825 1803 5904 praestitutum
1827 5833 1948 5903 tempas
1969 5828 2006 5889 ad
2035 5826 2131 5889 eecle-

1385 5921 1462 5981 siam
1493 5918 1653 5994 accedere3
1685 5919 1762 6007 quin
1794 5920 1889 5980 etiam
1918 5920 2130 5999 superioribus
