4708 6978
865 643 1063 688 nauaulcrus
1088 642 1150 686 xlv.
1705 618 1763 680 267
1814 617 1868 670 Aa.
1883 620 1913 671 c.
1935 619 2002 670 1746

236 782 254 826 ι
275 771 400 828 tantum
421 766 528 829 Missae
543 781 629 828 more
647 770 780 838 serrato,
797 760 981 824 sacrificinm
1040 757 1145 820 liarom
1168 758 1201 820 in
1217 765 1247 820 te
1261 754 1513 820 benevolentiam
1534 760 1671 815 nostram
1693 758 1785 814 testa·

236 857 388 920 ‹oderre
411 875 475 921 nou
497 859 625 937 possint,
643 857 702 918 nisi
724 856 777 935 qui
799 855 899 933 prima
920 853 981 916 diei
1038 866 1155 927 remur,
1173 867 1234 930 qua
1255 847 1505 912 benedictionem
1518 843 1784 925 apostolicamtibi

236 971 253 1014 a
274 960 360 1032 parte
370 953 587 1036 convenerint.
601 950 742 1015 Studiose
754 965 829 1026 ergo
845 947 981 1010 dilectio·
1037 939 1233 1024 peramanter
1253 940 1463 1020 impertimur.

236 1062 349 1109 «nem
373 1054 509 1109 tuamet
536 1045 730 1108 familiariter
761 1044 980 1116 admonemuS,
1077 1041 1188 1101 batam
1212 1037 1343 1110 homae,
1373 1035 1452 1112 apud
1478 1031 1508 1096 S.
1538 1032 1664 1096 hiarium
1692 1031 1784 1096 hlaio·

235 1148 310 1203 «ιιι
331 1141 412 1219 quod
435 1148 559 1202 nostrae
583 1137 805 1201 consuetudini
831 1151 870 1197 ex
884 1133 982 1196 torma
1038 1148 1104 1194 rem
1125 1131 1183 1194 sub
1210 1128 1326 1192 annulo
1355 1126 1526 1200 Piscatoris,
1550 1125 1600 1186 die
1626 1141 1658 1186 x.
1680 1126 1784 1188 martii

234 1239 419 1312 «paternae
440 1232 614 1296 traditionis
636 1229 761 1306 insedit,
775 1239 836 1292 tua
858 1243 982 1307 quoqne
1038 1241 1223 1300 uocantur,
1247 1222 1446 1302 pontlhoatus
1468 1218 1566 1284 nostri
1587 1234 1669 1280 anno
1690 1235 1731 1280 vr.

233 1345 346 1392 «cura
368 1344 431 1390 non
454 1327 608 1404 negligat,
633 1333 668 1388 ut
691 1341 744 1403 per
768 1322 872 1386 omnia
894 1321 981 1384 nobis

234 1430 305 1484 «et
327 1423 386 1484 sade
408 1430 440 1484 et
460 1420 577 1484 actibus
599 1434 854 1496 congruamus.»

71 1535 143 1582 aune
156 1541 216 1574 aeco-
271 1517 291 1590 ἓ
315 1513 361 1578 lo.
386 1515 545 1576 Postremo
561 1520 591 1574 te
602 1511 804 1574 admonemus
819 1509 920 1572 aditus
934 1510 981 1571 in·

63 1588 216 1689 {ssffl²5⁴,i‚⁵²2l
235 1607 409 1672 tarcludere
430 1607 557 1668 illorum
584 1605 797 1678 sermonibus,
819 1603 874 1682 qui
894 1603 981 1665 dicti·
1337 1600 1475 1664 lxlllv.

67 1691 214 1796 ιιξξξξξῇᾞξξ
234 1710 300 1766 tant
311 1702 460 1781 ampliora
475 1699 635 1779 privilegia
652 1699 684 1760 in
699 1697 873 1771 Maronitas,
889 1702 981 1775 atque

61 1797 214 1847 lemffledli·
233 1795 459 1858 tulo-Graecos
480 1794 587 1857 collata
609 1792 702 1856 inisse
724 1792 833 1856 aSede
854 1791 980 1869 hposto·
1038 1793 1228 1871 Episcopum
1254 1789 1415 1854 Oscensem
1436 1789 1535 1859 docet,
1552 1785 1668 1865 quibos
1684 1786 1718 1848 in
1733 1803 1785 1850 co·

63 1869 88 1901 ⁸⁸³
232 1889 300 1964 lica,
315 1897 349 1950 et
363 1888 505 1967 plurimis
526 1888 559 1950 in
581 1887 654 1950 iocis
676 1887 771 1948 libere
792 1884 930 1965 permitti
946 1899 980 1946 ea
1073 1885 1163 1949 sibus
1176 1891 1206 1947 al
1219 1879 1460 1968 conditionibus
1475 1897 1514 1942 eac
1526 1879 1782 1951 iurecommani,

231 1999 309 2064 quae
331 1983 389 2046 tibi
410 1983 442 2044 in
472 1982 643 2060 praesentia
666 1981 871 2056 denegantur.
902 1977 980 2041 Nam
1075 1979 1178 2042 eodem
1200 1977 1262 2049 die,
1286 1974 1334 2040 bis
1361 1975 1461 2040 Misso
1489 1970 1529 2036 oh
1551 1973 1653 2034 eodem
1680 1989 1785 2036 succr-

233 2076 435 2139 tulo-Graeci
465 2075 547 2138 inter
575 2073 700 2136 Latinos
730 2083 909 2148 versantur,
939 2072 1009 2154 la,
1075 2073 1146 2134 dote
1167 2069 1322 2133 celebrari
1343 2069 1443 2146 possit
1465 2067 1478 2148 (
1499 2064 1522 2147 ).

1295 1421 1532 1436 ι*

232 2171 364 2248 linoque
388 2169 538 2248 Episcopo
562 2169 788 2244 subiiciuntur3
812 2166 979 2230 Maronitae
1006 2170 1008 2183 '

231 2273 336 2326 autem
360 2264 453 2326 tidem
473 2262 629 2323 numanae
655 2260 807 2322 Ecclesiae
833 2261 979 2340 profiten-
1006 2257 1008 2349 ,
1036 2257 1208 2327 Venerabili
1231 2254 1319 2323 tratri
1332 2252 1461 2322 dnlonio
1477 2249 1629 2338 Episcopo
1640 2252 1782 2336 oscensi,

233 2365 288 2432 tes,
313 2356 445 2418 latinum
466 2357 563 2418 ritum
586 2370 698 2432 magna
720 2371 758 2416 ex
780 2363 865 2432 parte
878 2369 979 2417 susce·
1005 2356 1007 2459 i

203 2511 206 2516 .
232 2457 358 2529 perum.
381 2449 519 2524 Accedit,
532 2447 614 2528 quod
636 2449 779 2526 perpauci
794 2448 979 2525 schismatici
1005 2462 1007 2541 l
1204 2437 1448 2512 BENEDiGTUS
1465 2439 1525 2508 ΡΡ.
1540 2438 1611 2509 ttlll.

230 2545 349 2621 degunt
370 2545 404 2605 in
426 2543 462 2604 iis
484 2542 569 2617 locis,
585 2543 638 2604 ubi
653 2557 778 2618 graecae
800 2541 979 2621 disciplinae
1005 2579 1007 2647 Ῑ

230 2637 378 2700 relaxatio
409 2636 541 2698 minime
573 2637 774 2713 improbatur,
798 2636 848 2697 vel
869 2634 978 2697 saltem
1005 2650 1007 2717 ᾗ
1250 2629 1438 2699 Venerabilis
1459 2630 1567 2710 trater,

230 2729 371 2794 catholici
395 2737 457 2792 mm
487 2730 666 2809 trequentes
696 2737 789 2800 sunt,
812 2737 847 2791 ut
868 2744 978 2791 nume-
1005 2800 1007 2814 ,
1072 2729 1202 2799 aaiutettt
1221 2733 1254 2795 el
1272 2724 1470 2812 apostolicam
1490 2723 1740 2793 benedictionem.

231 2839 303 2886 rum
325 2823 593 2886 schismaticorum
622 2822 715 2898 louge
735 2829 902 2899 superent,
925 2823 978 2900 qui
1005 2868 1006 2879 ,

229 2932 302 2979 salle
333 2915 497 2978 catholicos
518 2931 649 2992 mettere
677 2925 707 2977 el
734 2914 881 2978 lacessere
914 2931 1007 2978 11011'
1073 2920 1239 2984 Declarasti
1255 2918 1355 2993 nobie,
1372 2918 1404 2981 in
1419 2932 1501 2980 sacra
1513 2915 1708 2992 visitatione,
1721 2931 1780 2994 qua
1836 2932 1957 2994 ¹narratum
1977 2933 2012 2980 eu

230 3010 503 3088 praetermittunt,
525 3009 551 3069 si
580 3008 744 3086 paululum
769 3016 860 3070 retus
891 3009 979 3071 disci·
1005 3055 1006 3068 ι
1033 3014 1204 3076 bioecesim
1227 3021 1311 3074 tuam
1325 3008 1781 3090 perlustrasti,deprehendisse
1799 2987 2013 3098 Eiiiffiffffi

231 3103 313 3182 plina
335 3103 526 3164 remittatur.
557 3101 600 3165 Ob
621 3100 675 3162 has
696 3117 818 3174 causas,
847 3110 977 3178 quaele
1005 3140 1007 3151 ·
1034 3105 1204 3170 nonnullos
1230 3113 1366 3168 rectores
1398 3103 1596 3166 ecclesiarum
1625 3101 1781 3181 parochia·
1800 3092 1919 3151 postium.

230 3198 360 3258 minime
376 3195 526 3270 afficiunt,
539 3196 682 3258 animum
698 3201 841 3256 nostrum
856 3194 980 3256 induxi·
1034 3200 1123 3275 lium,
1146 3200 1258 3276 quibus
1279 3198 1335 3260 alia
1364 3211 1487 3274 quoque
1508 3195 1635 3259 ecclesia
1656 3213 1672 3257 a
1694 3211 1781 3274 paro-

229 3307 312 3365 mus,
335 3296 370 3351 ut
391 3289 458 3350 aliis
479 3287 666 3365 largiremur
680 3302 714 3348 ea
736 3303 815 3366 quae
837 3289 891 3350 tihi
907 3305 979 3350 con·
1033 3293 1124 3357 chiali
1136 3294 1230 3370 longe
1240 3293 1378 3354 seiuncta
1391 3289 1605 3353 commendata
1617 3297 1674 3365 est,
1687 3305 1780 3368 quam

230 3385 339 3444 venire
360 3399 424 3444 non
446 3382 648 3458 arbitramur3
672 3388 769 3459 utque
780 3382 900 3458 maiori,
917 3400 978 3464 quo
1005 3388 1073 3469 job
1092 3387 1222 3462 exiguos
1248 3391 1420 3464 prouentus
1445 3383 1496 3444 aiii
1521 3382 1670 3446 sacerdoti
1697 3399 1780 3445 com·

230 3492 404 3556 possumus,
427 3475 529 3539 studio
552 3483 696 3538 tueamur
716 3476 930 3539 auctoritatem
945 3494 978 3539 ac
1005 3472 1007 3543 l
1035 3482 1160 3544 mittere
1182 3488 1356 3558 nequeunt,
1376 3477 1429 3556 qui
1448 3477 1647 3556 pro-rectoris
1663 3491 1780 3540 munus

228 3571 429 3644 sententiam,
451 3585 546 3649 quam
572 3569 772 3630 innocentius
794 3569 843 3631 lll.
867 3571 899 3632 in
923 3570 977 3631 La·
1005 3550 1007 3623 i
1033 3575 1198 3637 sustineat:
1223 3573 1295 3634 hinc
1316 3572 1396 3644 heri,
1419 3581 1453 3634 ut
1474 3579 1609 3635 rectores
1630 3571 1687 3649 ipsi
1711 3587 1780 3634 rem

230 3664 387 3726 teranensi
410 3663 558 3736 Concilio,
574 3677 638 3740 cap.
652 3662 683 3737 la,
699 3663 859 3740 amplexus
875 3671 978 3740 est,ac
1005 3710 1007 3748 ,
1034 3668 1173 3732 divinam
1195 3667 1227 3728 in
1249 3674 1381 3743 utraque
1409 3665 1535 3728 ecclesia
1565 3664 1651 3726 testis
1672 3665 1780 3728 dicbus

230 3767 362 3844 posteris
382 3763 627 3827 commendauit:
650 3763 771 3824 «Licet
794 3761 924 3824 Graecos
945 3761 978 3846 in
1004 3749 1007 3905 Ι
1034 3763 1186 3826 conticere
1207 3777 1270 3822 non
1295 3760 1457 3835 dubitent,
1480 3767 1515 3822 ut
1541 3759 1673 3838 populus
1696 3766 1781 3821 uter·

230 3878 247 3919 ιι
269 3858 377 3922 diebus
393 3857 557 3920 nostrised
573 3857 779 3918 obedientiam
796 3855 882 3918 Sedis
899 3856 979 3933 Apo·
1034 3873 1094 3935 que
1115 3872 1223 3935 parere
1244 3853 1338 3933 possit
1360 3854 1511 3916 Ecclesiae
1524 3853 1725 3932 praecipienti
1746 3853 1780 3913 sr-

230 3952 394 4015 ‹stolicae
415 3959 610 4014 revertentes
642 3949 749 4011 lovere
770 3957 802 4010 et
823 3950 977 4010 honorare
1004 3913 1007 4051 i
1034 3950 1171 4026 delibus,
1193 3958 1229 4010 ut
1255 3949 1340 4011 iestis
1361 3949 1468 4012 diebus
1499 3949 1605 4012 lltssae
1631 3948 1780 4011 sacrificio

230 4063 248 4105 ι
271 4046 416 4120 relimm,
439 4061 541 4107 mores
563 4043 686 4107 acritus
701 4057 822 4118 eorum,
837 4043 979 4120 inquan·
1004 4060 1007 4147 p
1033 4045 1192 4107 intersint.
1227 4042 1319 4105 Nobis
1341 4043 1435 4104 etiam
1466 4042 1645 4120 exposuisti,
1676 4041 1782 4104 decre-
1812 4057 2012 4120 neccarupsyq-

230 4159 249 4200 ιι
272 4148 339 4204 tum
362 4156 433 4203 cnm
458 4141 589 4202 Domino
617 4155 798 4218 possumus,
821 4139 977 4202 sustinen·
1004 4154 1007 4179 ¹
1034 4139 1168 4201 vissein
1191 4146 1242 4200 tua
1259 4137 1383 4216 Synodo
1397 4138 1426 4200 id
1445 4137 1576 4198 minime
1596 4136 1690 4198 licere
1705 4135 1780 4199 Eec·
1799 4107 1873 4154 ⁰⁶²¹⁰
1886 4111 2009 4167 ⁸⁰¹⁵⁰⁰¹³¹'

230 4233 319 4308 «do,
343 4233 376 4295 in
404 4231 452 4294 his
473 4240 578 4294 tamon
606 4232 666 4299 illis
697 4231 819 4294 deterre
845 4248 903 4295 nec
926 4248 977 4293 vo·
1004 4182 1007 4313 i
1034 4233 1154 4296 toribus
1174 4232 1374 4294 ecclesiarum
1398 4229 1637 4308 parochialium,
1660 4231 1781 4309 quoties

230 4327 394 4401 «tumus,
422 4344 478 4390 nec
509 4325 671 4402 debemus,
698 4343 776 4405 quae
803 4327 977 4405 periculum
1004 4316 1007 4387 l
1033 4327 1111 4389 alius
1131 4327 1271 4389 sacerdos
1293 4333 1413 4404 praesto
1440 4324 1498 4399 sit,
1521 4325 1575 4404 qui
1594 4340 1718 4387 sacrum
1739 4322 1780 4385 ta·

231 4440 249 4482 u
271 4429 424 4498 generant
445 4420 620 4483 animarum
641 4429 672 4483 et
693 4419 913 4500 ecclesiasticae
927 4420 979 4482 de-
1032 4437 1102 4484 cere
1134 4421 1229 4499 possit
1251 4420 1283 4481 iu
1304 4435 1368 4480 una
1396 4435 1436 4480 ex
1457 4418 1493 4479 iis
1520 4418 1668 4494 ecclesiis,
1702 4434 1780 4497 quae

231 4533 250 4574 ‹
272 4525 381 4591 rogant
404 4515 600 4576 honestati».
622 4515 707 4576 ldem
729 4512 906 4592 exemplum
931 4529 978 4576 se·
1034 4515 1205 4578 rectoribus
1227 4513 1447 4589 subiiciuntur3
1464 4513 1493 4576 id
1516 4522 1620 4576 autem
1642 4514 1782 4576 attulisse

231 4617 320 4671 cutus
333 4617 381 4670 est
397 4608 599 4670 innocentius
611 4607 662 4669 lv.
674 4607 706 4668 in
719 4606 845 4685 epistola
860 4608 895 4669 ad
909 4607 977 4684 Epi·
1034 4617 1095 4671 tam
1119 4622 1247 4684 gravem
1268 4607 1440 4668 rectoribus
1455 4607 1527 4684 ipsis
1542 4605 1728 4686 molestiam,
1745 4614 1781 4669 ut

231 4719 358 4783 scopum
380 4703 602 4776 Tusculanum,
627 4703 764 4777 legatum
793 4697 878 4762 Sedis
898 4703 978 4780 hpo·
1034 4699 1196 4777 synodalis
1222 4699 1342 4764 Decreti
1371 4701 1588 4763 executionem
1613 4717 1781 4781 parumper

231 4797 354 4858 stolicae
364 4796 443 4875 apud
456 4797 596 4875 Cyprios:
614 4796 718 4871 «Quia
731 4794 877 4857 nonnulli
887 4794 978 4856 Grae·
1004 4820 1006 4877 5
1034 4795 1158 4857 diherre
1179 4795 1349 4869 censueris,
1362 4795 1459 4857 donec
1473 4795 1662 4857 sententiam
1678 4796 1710 4858 in
1725 4795 1781 4858 hac

232 4908 250 4949 c
272 4905 379 4952 corum
401 4891 583 4952 iamdudum
605 4889 640 4950 ad
667 4889 867 4952 devotionem
893 4885 978 4950 Sedis
1004 4886 1006 4959 i
1034 4904 1068 4950 re
1089 4895 1239 4962 nostram,
1257 4895 1458 4965 nostramque
1474 4888 1668 4950 volunlatem
1690 4889 1782 4950 intel·

231 5002 251 5043 ιι
272 4983 462 5062 apostolicae
475 4983 652 5057 redeuntes,
665 4983 694 5044 ci
709 4989 893 5044 reverenter
908 4982 979 5044 obe·
1004 4969 1007 5073 i
1034 4981 1156 5058 ligeres.
1190 4980 1398 5054 Quamobrem
1420 4981 1617 5059 prudentiam
1640 4989 1726 5044 tuam
1748 4981 1779 5042 in

232 5095 250 5138 a
272 5076 362 5139 diunt
382 5085 414 5138 et
435 5076 616 5152 intendunt,
640 5075 712 5138 licet
733 5082 763 5137 et
785 5076 920 5153 expedit,
944 5081 977 5136 ut
1004 5082 1006 5127 l
1034 5074 1143 5154 primis
1164 5073 1431 5148 commendamus,
1448 5074 1608 5152 totiusque
1628 5075 1779 5153 Hispanae

233 5191 250 5229 ι
273 5187 420 5233 morosae
436 5171 818 5248 rituseorum,quantum
834 5186 906 5233 cnm
921 5170 978 5230 Do·
1004 5132 1007 5291 i
1034 5167 1137 5245 gentis
1158 5167 1191 5228 in
1214 5165 1291 5226 hanc
1313 5163 1424 5228 Sedem
1451 5166 1658 5244 apostolicam
1679 5167 1782 5230 obsor-

234 5284 251 5323 ‹
273 5265 357 5326 mino
379 5280 553 5343 possumus,
569 5263 759 5338 tollerantes,
777 5263 855 5340 ipsos
870 5263 902 5323 in
919 5262 978 5323 Eo-
1004 5310 1006 5353 Ι
1033 5260 1181 5334 vantium,
1205 5257 1244 5320 ob
1264 5273 1369 5337 quam,
1391 5259 1417 5320 si
1438 5259 1518 5322 torte
1531 5259 1647 5338 aliquid
1668 5259 1780 5322 incerti

233 5372 378 5426 «manae
412 5357 564 5419 Ecclesiae
595 5355 771 5417 ohedientia
798 5370 976 5433 praesorre-
1033 5352 1182 5432 dubiique
1204 5351 1383 5429 contigerit,
1398 5352 1436 5414 ad
1457 5353 1633 5415 Romanum
1654 5353 1781 5415 Pontid-

234 5467 250 5508 ‹
271 5466 351 5524 mus,
374 5463 564 5528 quamquam
585 5448 617 5509 in
639 5447 686 5523 iis,
703 5463 782 5526 quae
802 5448 977 5510 animarum
1033 5461 1101 5508 cem
1122 5446 1305 5521 coningere,
1327 5446 1555 5525 consiliumque
1576 5445 1611 5506 ad
1627 5446 1781 5524 explican-

234 5542 445 5622 ‹periculum
467 5549 610 5620 parerent
632 5540 683 5603 vel
704 5539 859 5602 honestati
881 5541 979 5604 eccle·
1033 5541 1084 5602 das
1106 5539 1301 5601 difficultates
1317 5540 1664 5617 deposcereconsuexit.
1688 5539 1781 5601 Dein·

233 5637 409 5698 ‹siasticae
429 5635 628 5712 derogarent,
652 5649 709 5696 nec
730 5633 895 5696 debeamus
917 5633 977 5695 illis
1034 5633 1071 5696 de
1093 5639 1163 5694 tuae
1186 5631 1302 5710 Synodi
1324 5632 1488 5696 Decretum
1515 5634 1662 5711 aequitati
1682 5649 1716 5696 ac
1735 5632 1780 5694 di·

235 5748 253 5789 c
271 5728 391 5792 deterre
412 5728 620 5807 aliquatenus,
642 5742 700 5788 nec
721 5726 897 5788 velimus.»
1034 5725 1181 5804 sciplinae
1203 5725 1355 5788 Ecclesiae
1376 5727 1510 5789 maximo
1536 5734 1779 5790 consentaneum

270 5823 289 5897 ἓ
311 5820 357 5884 ll.
382 5821 462 5883 Haec
483 5819 643 5883 scribenda
663 5818 821 5894 duximus,
837 5829 872 5880 ut
887 5835 978 5897 pecu·
1004 5772 1007 5888 i
1034 5835 1099 5881 esse
1120 5820 1361 5898 respondemus;
1385 5820 1426 5882 ita
1448 5831 1484 5884 ut
1509 5821 1689 5886 demandari
1710 5837 1782 5884 exe-

741 5961 1012 5969 ———-—-

273 6041 301 6093 tl)
316 6039 353 6082 Ex
368 6037 509 6084 'tabulario
525 6041 547 6084 S.
565 6041 589 6084 C.
605 6039 636 6084 do
651 6042 724 6096 Prop.
741 6039 810 6084 Eide.
