4708 6978
346 549 399 604 An.
413 551 444 604 0.
465 552 533 606 1747
583 549 641 614 332

563 695 668 768 aperte
689 694 781 768 patet.
813 685 1000 752 Cordinatis
1022 687 1059 747 de
1087 687 1174 764 Lupo
1197 681 1252 750 iib.
1275 686 1307 752 5,

564 799 702 862 respons.
727 781 841 844 morai.
858 782 900 846 ad
922 781 995 846 dub.
1013 782 1046 853 4,
1062 783 1120 843 hoe
1134 782 1250 845 Romae
1264 799 1310 846 ac·

563 875 671 939 cidisse
686 883 790 938 narrat
804 883 903 938 aetate
922 892 991 939 sua:
1019 876 1164 957 Gontipit
1182 875 1307 950 Romae,

564 977 602 1032 ut
622 968 761 1048 paruula
783 970 937 1048 quaedam
959 968 1066 1048 pactio
1088 987 1165 1034 casu
1187 971 1310 1032 inaeni-

564 1067 658 1125 rctur
670 1060 759 1142 ioupe
770 1060 808 1126 ub
824 1061 1032 1126 hebraearum
1048 1060 1205 1135 domibus,
1218 1081 1307 1142 quae,

564 1156 766 1234 interropato
778 1157 815 1218 dc
828 1158 900 1220 suis
918 1156 1121 1234 parentibus,
1134 1157 1307 1235 respondit,

562 1267 594 1312 se
613 1254 763 1328 parentes
785 1248 899 1314 habere
921 1249 1068 1314 hebraeos
1090 1257 1121 1314 et
1141 1251 1219 1314 veile
1239 1254 1311 1332 fieri

565 1343 791 1408 christianam.
818 1345 984 1408 Conducta
1006 1362 1079 1428 arpo
1100 1345 1141 1410 od
1163 1346 1311 1426 catechu-

563 1451 728 1499 menorum
760 1437 902 1508 domum,
934 1453 1051 1516 pareus
1077 1439 1185 1517 petiit,
1208 1438 1309 1519 fitium

563 1528 625 1594 sihi
648 1531 794 1603 restitui,
818 1547 897 1608 quae
923 1531 1028 1595 adhuc
1055 1533 1110 1595 sui
1140 1533 1225 1595 iuria
1247 1550 1308 1596 uon

564 1628 647 1696 crat,
671 1639 727 1685 nec
757 1623 898 1686 rationis
924 1639 1046 1703 compos
1069 1625 1110 1688 ad
1135 1623 1310 1688 deliberan-

564 1718 640 1780 dum
667 1717 703 1779 de
730 1715 903 1797 Retipiane.
934 1717 1107 1781 Consilium
1139 1720 1309 1798 expetitum

565 1819 611 1873 est
630 1810 848 1888 sapientissimi
872 1811 1051 1888 cardinalis,
1075 1813 1127 1890 ani
1150 1820 1308 1893 postquam

564 1903 731 1981 diligenter
752 1904 885 1982 puellam
908 1907 1123 1982 examinasset,
1146 1906 1309 1982 dubitavit,

565 2013 604 2058 an
624 1995 758 2076 perfecto
778 1997 906 2060 rationis
927 2014 986 2060 usu
1007 1999 1175 2078 praeditam
1198 1999 1310 2062 iudiea-

565 2096 628 2152 ret:
655 2089 829 2153 Cannutius
844 2106 916 2170 erpo
932 2095 1011 2154 tunc
1024 2091 1088 2172 fui,
1103 2097 1133 2154 ct
1146 2093 1310 2156 erramina·

472 2235 475 2240 .
564 2183 596 2244 ui
618 2180 767 2260 pueliam,
791 2199 847 2244 nec
861 2186 1040 2264 perfectum
1059 2186 1200 2248 rationis
1215 2201 1311 2249 usum

565 2277 725 2357 offirmare
752 2277 859 2354 patui,
887 2294 942 2338 nce
963 2278 1062 2340 etiam
1090 2279 1309 2360 sufficientem,

565 2385 692 2450 uapore,
714 2371 767 2433 scd
798 2372 903 2432 mansi
935 2369 1063 2434 dubius.
1100 2374 1179 2436 Cum
1209 2374 1310 2453 puella

563 2463 765 2541 septennium
789 2463 887 2526 adbuc
910 2480 974 2526 non
1002 2465 1234 2542 complevisset,
1257 2467 1311 2530 du-

565 2557 738 2636 bitaretque
765 2557 935 2619 cardinalis
959 2559 996 2620 de
1018 2558 1154 2638 perfecto
1183 2561 1311 2624 rationis

565 2667 635 2725 usu,
648 2650 836 2728 baptismum
848 2651 1093 2728 protrahendum
1105 2668 1171 2716 esse
1186 2671 1310 2734 respon·

565 2743 621 2820 dit,
644 2750 675 2805 et
696 2743 829 2822 pueliam
846 2744 963 2806 interea
979 2744 1057 2822 apud
1073 2750 1312 2810 catechumenos

564 2837 778 2900 detinendam:
797 2837 874 2916 Epo,
887 2837 1038 2914 quoniam
1051 2837 1159 2917 pucha
1172 2839 1232 2903 iiia
1246 2857 1312 2920 sep-

566 2931 713 2994 tennium
729 2948 791 2993 non
812 2931 1022 3010 temptaverat
1035 2939 1066 2994 et
1083 2932 1119 2994 de
1140 2935 1311 3016 sufficienti

566 3025 706 3088 rationis
729 3043 791 3088 usu
822 3023 1056 3099 dubitabatur,
1085 3027 1169 3101 diui,
1193 3027 1311 3106 baptis-

565 3137 654 3184 mam
679 3121 804 3200 auidcm
830 3120 1084 3198 suspendendum
1109 3139 1187 3196 esse,
1216 3124 1311 3186 donec

566 3230 639 3278 cum
668 3214 759 3294 piena
788 3213 928 3276 rationis
950 3231 1013 3275 usu
1043 3219 1129 3276 certo
1164 3221 1312 3279 constare

565 3315 669 3386 posset
692 3307 728 3370 da
753 3307 927 3388 sufficienti
953 3307 1023 3370 cius
1051 3308 1237 3382 uoluntate·
1263 3311 1311 3371 in-

568 3402 662 3464 terim
686 3408 791 3464 tamen
813 3417 876 3462 nan
898 3398 1015 3473 debere,
1039 3417 1094 3462 nec
1111 3415 1198 3480 posse
1220 3403 1313 3464 resti·

569 3496 632 3569 tui,
654 3496 707 3558 sed
734 3494 899 3556 custodiae
924 3510 1022 3558 causa
1052 3497 1253 3559 retinendam
1277 3497 1312 3558 in

567 3589 674 3654 eadem
696 3587 997 3652 catechumenorum
1020 3589 1118 3651 domo.
1147 3589 1311 3667 usquein

568 3691 692 3762 gestum
713 3689 770 3758 est,
793 3699 826 3744 ae
847 3681 948 3759 puella
977 3683 1138 3762 deinceps,
1161 3699 1240 3745 nova
1262 3683 1312 3745 ad-

566 3777 662 3840 bibita
683 3776 855 3853 diligentia,
874 3775 1023 3853 baptizata
1044 3776 1115 3852 iuit,
1139 3785 1174 3841 ut
1190 3778 1312 3840 videtur

567 3870 600 3933 in
622 3871 684 3932 fine
705 3869 850 3948 praedicti
874 3868 966 3932 Dubii
989 3867 1039 3931 tv.
1064 3869 1134 3932 Non
1155 3875 1227 3934 crat
1243 3888 1312 3934 cou-

570 3961 736 4032 trooersia,
749 3979 792 4024 an
805 3961 914 4039 puetto
936 3959 1133 4039 baptizanda
1155 3971 1246 4036 esset,
1261 3965 1312 4026 sed

567 4075 611 4120 an
631 4055 722 4134 patri
742 4054 920 4127 reddendo,
945 4055 980 4116 in
1002 4053 1097 4118 dubie
1120 4056 1157 4118 de
1177 4074 1240 4119 usu
1262 4075 1314 4120 ra·

569 4151 667 4213 tionis
688 4148 880 4229 sufficicnti5
904 4148 939 4210 in
960 4166 1020 4227 pua
1047 4147 1143 4212 dubie
1165 4150 1200 4212 de
1226 4152 1312 4230 sacto

568 4243 696 4305 reddita
718 4257 780 4303 nan
802 4240 891 4320 suit;
912 4240 964 4303 sed
986 4242 1023 4303 in
1044 4239 1110 4303 ioco
1133 4247 1204 4304 tuto
1224 4242 1313 4320 dapa-

567 4337 646 4410 sita,
668 4333 764 4398 donec
777 4351 835 4396 sua
858 4339 995 4413 tempore
1011 4340 1043 4396 ct
1064 4333 1232 4412 emptorata
1248 4337 1313 4398 iarn

568 4430 637 4492 eius
658 4427 841 4500 ootuoeoee,
865 4444 937 4490 cum
970 4429 1148 4490 certissima
1174 4429 1313 4492 rationis

569 4539 644 4594 usu,
668 4520 836 4600 baptizate
859 4523 939 4600 tuit.

607 4618 627 4692 ἓ
647 4615 696 4677 ab.
720 4615 841 4694 Species
856 4615 937 4690 tacti,
953 4631 1047 4694 quam
1062 4618 1152 4680 modo
1173 4615 1313 4695 exposui-

569 4727 651 4785 mus,
674 4707 712 4770 de
732 4707 834 4786 puella
849 4715 906 4784 est,
922 4724 1001 4790 quae
1021 4710 1222 4788 septennium
1236 4725 1313 4772 non-

568 4804 644 4867 dum
665 4801 861 4881 expiaverat3
887 4803 912 4864 si
939 4809 1044 4865 autem
1073 4803 1149 4867 iilud
1175 4820 1314 4882 superas·

567 4904 614 4960 set
635 4903 667 4959 et
688 4910 752 4958 uon
779 4902 933 4957 constaret
953 4896 991 4958 de
1019 4895 1155 4974 perfecto
1187 4897 1314 4960 rationis

569 5007 639 5065 usu,
655 5005 719 5050 non
741 4988 809 5050 ideo
824 4988 961 5051 hebraeis
983 4989 1162 5068 parentibus
1184 4989 1313 5054 redden-

568 5083 603 5144 da
625 5088 716 5158 esset,
728 5081 781 5144 sed
802 5081 1045 5144 christianorum
1060 5097 1152 5144 curae
1167 5085 1315 5146 mandan-

568 5178 615 5240 da.
641 5175 764 5238 Etenim
787 5174 869 5237 idem
881 5180 1105 5251 argumentum
1119 5182 1151 5237 et
1171 5175 1206 5236 ad
1228 5176 1314 5255 puel-

568 5270 630 5333 lam
651 5269 863 5343 detinendam,
879 5275 911 5330 et
931 5266 967 5328 ad
988 5268 1176 5346 baptismum
1198 5279 1313 5347 protra-

536 5434 540 5445 ,
567 5363 708 5426 bendum
724 5363 755 5423 in
772 5369 905 5439 utroque
917 5377 987 5424 casu
1001 5359 1103 5422 vatem
1116 5377 1239 5424 necesse
1254 5371 1312 5438 est,

569 5463 694 5519 auctore
718 5455 816 5530 Sesea,
834 5453 871 5515 de
885 5453 956 5517 iud.
974 5469 1041 5532 cop.
1060 5453 1117 5527 54,
1134 5471 1221 5517 num.
1245 5461 1267 5518 8
1282 5464 1312 5518 et

568 5564 644 5627 seq„-
668 5549 734 5629 Epo
749 5565 822 5610 aero
837 5546 1076 5610 adhaerendum
1097 5555 1175 5626 puto
1190 5554 1314 5611 senten-

570 5643 635 5705 tiae
666 5642 862 5720 Hearipuer,
895 5645 934 5703 ut
966 5639 1129 5719 baptizari
1151 5641 1187 5703 in
1218 5640 1313 5706 dubio

1083 565 1147 610 tun.
1172 564 1262 610 bour.
1287 563 1327 607 DE
1348 564 1378 607 P·
1402 563 1430 608 F·
1455 564 1537 611 PARS
1558 565 1582 610 Ι.

1368 699 1401 743 ea
1424 701 1501 746 crasu
1522 701 1542 746 a
1562 681 1754 761 parentibus
1775 683 2000 763 seprepandus,
2022 691 2053 748 et
2076 685 2113 746 in

1369 778 1457 840 domo
1489 777 1800 852 catechumenorum,
1829 777 1876 840 oei
1905 793 1998 856 penes
2019 779 2114 842 hane-

1367 876 1452 935 stom
1466 870 1633 934 mulierem
1647 871 1862 943 collocandus,
1878 871 1920 936 od
1941 872 2113 934 uitandum

1367 964 1560 1044 periculum,
1577 981 1616 1026 ne
1637 983 1657 1028 a
1678 963 1867 1044 parentibus
1888 963 2110 1028 subvertatur.

1368 1061 1407 1122 Et
1428 1067 1500 1122 aute
1523 1059 1643 1122 Sessam
1659 1059 1688 1121 id
1703 1061 1850 1123 docuerat
1865 1059 1956 1122 Sotus
1979 1056 2043 1121 loco
2057 1058 2111 1120 cit.

1370 1151 1453 1227 Quid
1474 1169 1546 1214 uero
1568 1153 1695 1230 quando
1718 1167 1767 1214 res
1789 1158 1868 1213 essct
1893 1150 2114 1230 aliquomodo

1367 1245 1477 1319 dubia,
1500 1261 1607 1324 nempe
1627 1244 1657 1306 si
1672 1243 1769 1308 bonae
1784 1249 1887 1306 essent
1908 1245 2116 1306 coniecturae

1367 1345 1398 1402 at
1420 1341 1554 1412 indicio,
1568 1356 1707 1420 puerum
1722 1356 1845 1404 annum
1862 1347 2006 1421 opuntem
2028 1343 2115 1402 octa·

1367 1450 1440 1496 eum
1462 1433 1733 1514 inteiiiparepuid
1753 1433 1847 1496 oeiiet
1866 1433 2022 1514 profiteri,
2039 1432 2115 1511 bap·

1369 1528 1559 1604 tismumoue
1577 1530 1715 1605 peteret?
1734 1534 1813 1590 esset
1829 1525 2059 1604 baptizandus,
2076 1543 2115 1588 ac

1366 1616 1502 1683 subinde
1522 1618 1562 1683 ab
1583 1635 1693 1682 aarum
1715 1619 1900 1683 educatione
1921 1617 2116 1682 subtrahen-

1368 1714 1440 1777 dus.

1408 1809 1427 1884 ς
1447 1807 1497 1870 36.
1521 1809 1674 1886 Tempore
1701 1808 1886 1884 constituto,
1917 1807 1950 1869 in
1978 1823 2040 1887 quo
2060 1807 2117 1868 be-
2149 1817 2182 1878 us
2197 1815 2317 1882 rossanus.

1367 1902 1477 1965 braeus
1498 1901 1627 1966 rationis
1648 1917 1772 1980 compos
1793 1903 1963 1982 prudenter
1984 1915 2115 1964 censen·
2135 1869 2318 1978 3313?be

1369 1997 1425 2060 dus
1446 2004 1503 2070 est,
1527 2003 1642 2058 statuto
1670 1995 1765 2058 etiam
1787 1995 1861 2074 quid
1882 1995 1921 2057 sit
1943 1993 2114 2072 agendum,

1367 2105 1439 2152 cum
1461 2088 1604 2166 baptismi
1625 2089 1750 2168 petitor,
1773 2104 1812 2150 an
1834 2089 1874 2150 sit
1895 2088 2035 2165 idoneus,
2059 2088 2116 2150 du-

1368 2183 1498 2244 bitatur:
1522 2183 1559 2244 de
1581 2181 1617 2243 iis
1638 2183 1700 2244 iam
1721 2182 1918 2256 disseremus,
1935 2183 1988 2260 qui
2009 2187 2063 2243 aut
2078 2181 2117 2242 ab

1368 2275 1587 2351 adolescentia,
1615 2283 1668 2337 aut
1698 2281 1797 2337 aetate
1822 2276 1918 2338 etiam
1950 2275 2115 2338 maturiori

1368 2368 1556 2447 baptismum
1571 2369 1738 2447 postulant.
1761 2369 1864 2445 Quoad
1881 2369 1959 2433 banc
1969 2377 2116 2445 aetatem,

1369 2469 1733 2540 parentumcouseusum
1756 2463 1963 2526 necessarium
1985 2465 2117 2525 omnino

1368 2570 1433 2617 nan
1454 2569 1535 2630 esse,
1558 2561 1664 2618 auctor
1692 2563 1738 2616 est
1764 2555 1894 2619 Sanctus
1925 2557 2057 2620 'ihomas
2080 2557 2117 2619 in

1368 2651 1470 2729 praes.
1505 2650 1571 2712 laco
1598 2649 1631 2711 id
1659 2655 1705 2710 est
1732 2650 1767 2712 in
1793 2649 1826 2722 2,
1848 2648 1882 2723 2,
1910 2657 2031 2728 quaest.
2057 2655 2115 2723 10,

1368 2747 1434 2806 art.
1460 2743 1517 2813 12,
1543 2758 1606 2820 quo
1628 2742 1661 2804 in
1687 2742 1754 2805 loco
1774 2742 1934 2821 disputans
1960 2745 1997 2806 de
2017 2743 2117 2823 bapti-

1368 2851 1436 2898 smo
1461 2835 1599 2898 tiliorum
1619 2835 1836 2912 hebraeorum,
1859 2837 2117 2902 dissentientibus

1369 2929 1565 3008 parentibus,
1594 2930 1636 2990 sic
1661 2927 1780 2991 scribit:
1812 2930 1983 3008 Postquam
2006 2937 2116 2994 autern

1370 3021 1488 3098 incipit
1509 3018 1622 3084 habere
1644 3037 1740 3084 usum
1762 3017 1856 3086 tiberi
1877 3023 2023 3096 arbitrii,
2049 3023 2116 3086 iam.

1370 3109 1487 3191 incipit
1514 3129 1578 3175 esse
1598 3131 1692 3185 suus,
1715 3119 1746 3175 et
1765 3119 1868 3192 petest
1889 3122 2047 3192 quantun
2074 3116 2117 3178 ad

1370 3223 1417 3278 ea,
1441 3225 1521 3286 puae
1541 3214 1619 3270 sunt
1642 3207 1843 3270 iurisdiaini
1864 3211 1911 3272 ou
1933 3209 2116 3282 naturalis,

1369 3298 1431 3364 sibi
1454 3302 1516 3380 ipsi
1536 3301 1718 3381 provideam
1740 3305 1771 3363 et
1794 3307 1872 3364 tunc
1894 3307 1941 3363 cst
1962 3302 2116 3365 inducen-

1371 3395 1429 3458 dus
1452 3397 1492 3459 ad
1513 3396 1616 3476 fidem,
1640 3413 1703 3458 non
1726 3397 1963 3470 coactionesed
1985 3415 2119 3478 persua-

1369 3490 1468 3563 sione,
1491 3496 1522 3552 et
1542 3495 1645 3568 potest
1665 3491 1763 3553 etiam
1788 3492 1904 3554 invitis
1926 3490 2117 3570 parentibus

1370 3587 1549 3648 consentire
1569 3586 1652 3666 fidei,
1670 3590 1701 3646 et
1723 3583 1900 3664 baptizari,
1916 3603 1979 3648 non
1993 3591 2116 3656 outmn,

1370 3685 1540 3757 antequam
1562 3677 1677 3743 habeat
1704 3698 1799 3743 usum
1821 3681 1971 3744 rationis.
2001 3680 2115 3743 Eadem

1370 3789 1443 3835 vero
1459 3775 1571 3852 repetit
1582 3775 1614 3836 in
1628 3779 1650 3837 3
1664 3781 1763 3853 port,
1776 3781 1898 3853 quaese.
1909 3779 1968 3847 68,
1981 3779 2046 3839 art.
2058 3777 2114 3840 10.

1371 3865 1549 3945 Respondea
1576 3868 1757 3942 dicendum,
1781 3869 1863 3948 cuod
1892 3871 1985 3948 pueri
2008 3871 2118 3952 infide·

1371 3960 1452 4022 iiurn
1473 3960 1534 4040 filii
1555 3966 1616 4024 aut
1638 3960 1753 4026 habent
1769 3979 1865 4025 usum
1887 3963 2039 4036 rationis,
2055 3973 2115 4027 aut

1370 4072 1434 4117 nan
1456 4053 1582 4118 habent.
1606 4055 1641 4119 Si
1662 4055 1913 4129 autcmhabent‚
1929 4057 1995 4120 iam
2017 4075 2118 4138 quan·

1372 4155 1442 4211 turn
1464 4151 1503 4212 ad
1526 4166 1579 4222 eo,
1603 4166 1682 4228 quoe
1708 4154 1786 4212 sunt
1808 4150 1894 4211 iuris
1924 4149 2046 4223 diuini,
2068 4151 2117 4212 oa

1371 4241 1549 4314 naturalis,
1566 4240 1732 4320 incipiunt
1753 4258 1831 4304 suae
1851 4243 2020 4320 potestatis
2035 4259 2119 4317 esse,-

1371 4341 1402 4398 et
1423 4337 1491 4399 idco
1511 4337 1645 4414 propria
1666 4335 1845 4407 uoluntate,
1870 4337 1984 4398 inuitis
2001 4352 2118 4415 paren·

1371 4426 1470 4501 tibus,
1491 4434 1625 4507 possunt
1645 4425 1840 4505 baptismum
1854 4429 2014 4508 suscipere
2027 4431 2118 4494 sieut

1370 4527 1401 4582 ct
1422 4521 1669 4584 matrimonium
1692 4520 1898 4596 contraherc,·
1924 4529 1954 4584 et
1977 4521 2044 4585 ideo
2068 4529 2117 4586 ta·

1372 4613 1414 4675 ies
1446 4614 1536 4676 dicite
1560 4614 1683 4676 moneri
1703 4619 1849 4692 possunt,
1873 4621 1904 4676 et
1936 4615 2048 4678 induci
2074 4615 2117 4680 ad

1370 4708 1611 4786 suscipiendum
1642 4706 1848 4786 baptismum.
1881 4710 1965 4785 Quae
1989 4711 2117 4788 quidem

1371 4817 1442 4865 cum
1465 4801 1501 4862 iis
1522 4803 1732 4878 conueniunt,
1755 4819 1834 4881 quae
1854 4802 1966 4882 scripta
1987 4803 2117 4881 reliquit

1370 4895 1453 4957 idem
1489 4893 1606 4956 Ductor
1636 4895 1807 4976 Anaeticus
1843 4895 1879 4957 in
1913 4893 2050 4974 ouadiib.
2079 4891 2115 4968 2,

1371 4993 1436 5050 art,
1458 4986 1491 5050 7.

1409 5083 1429 5157 ς
1449 5081 1499 5144 37.
1522 5081 1553 5146 S.
1577 5082 1712 5144 Tbomae
1726 5082 1864 5145 doctrina
1878 5083 1923 5144 de'
1937 5083 2040 5158 modo,
2053 5098 2117 5161 quo

1370 5175 1496 5238 hebraei
1518 5177 1576 5237 iam
1593 5175 1720 5238 rationis
1740 5182 1898 5256 compotes
1910 5177 1944 5238 ad
1961 5176 2054 5238 iidem
2068 5193 2117 5239 oa-

1371 5269 1516 5331 tbaiicam
1547 5267 1792 5348 amplectendam
1821 5269 1990 5332 inducendi
2019 5276 2113 5344 sunt,

1371 5362 1499 5424 omuino
1510 5362 1656 5438 mugiuit
1676 5376 1748 5424 aum
1763 5361 1867 5426 Sancti
1888 5361 2030 5440 Gregorii
2046 5377 2117 5424 sen·

1370 5456 1466 5518 tentia
1487 5455 1523 5517 in
1547 5453 1626 5516 Gan.
1653 5454 1713 5529 Oui
1733 5454 1871 5526 sincera,
1894 5455 1969 5517 dist.
1986 5456 2044 5528 45,
2061 5473 2115 5518 cu-

1370 5549 1418 5610 ius
1440 5548 1511 5610 haee
1538 5555 1612 5610 sunt
1633 5547 1741 5610 verba:
1769 5547 1830 5623 Qui
1851 5548 1980 5610 sincera
1997 5548 2116 5634 inten-

1372 5644 1457 5705 tione
1478 5647 1683 5705 entraneasa
1705 5640 1889 5703 christiana
1905 5641 2060 5720 redipiane
2072 5642 2115 5705 ad

569 5753 647 5798 usus
670 5736 811 5800 rationis
826 5751 890 5797 nan
905 5732 1004 5807 debet,
1027 5735 1092 5796 siue
1112 5736 1313 5814 septennium
1368 5737 1460 5816 fidem
1489 5735 1628 5813 cupiunt
1657 5739 1745 5798 recta
1774 5733 1962 5812 perducere,
1991 5732 2114 5797 biandi-

570 5827 780 5907 compteoarit,
803 5829 869 5890 siae
891 5845 954 5891 non
975 5834 1033 5891 etc.
1062 5829 1150 5891 mado
1173 5845 1237 5890 non
1258 5846 1334 5891 ur··
1369 5829 1498 5901 inentis,
1511 5845 1574 5891 roan
1589 5825 1823 5906 asperitatibus
1839 5825 1949 5891 debent
1970 5827 2112 5902 studere,

570 5927 642 6003 peut
662 5921 843 6002 periculum
874 5922 988 5984 mortis
1009 5927 1067 5984 etc.
1097 5923 1174 5986 Erit
1207 5929 1313 5987 tamen

1371 5939 1409 5984 ne
1429 5938 1564 6001 quorum
1590 5927 1725 5984 mentam
1754 5921 1880 5984 reddita
1910 5921 1951 5984 ad
1980 5922 2113 6000 pianum
