4744 6976
77 2039 175 2100 bicipites
186 2039 223 2082 tr-

68 2097 124 2142 ixiae
135 2103 155 2136 rn
163 2101 223 2136 etor-

68 2159 121 2247 dim
137 2155 223 2190 serian-

879 603 1076 648 cnxebtcrtts
1099 603 1161 650 xlv.

244 723 432 802 compositus
454 723 517 800 ille,
539 732 570 787 et
590 740 702 803 pamm
723 720 920 786 verecundus
941 735 992 798 ge-

243 825 321 892 stus,
344 818 375 878 in
398 817 540 896 praelatis
566 833 715 881 manuum
738 816 846 894 liguris
868 831 991 894 expres·

242 929 305 974 sus.
329 911 425 972 Porro
443 928 481 973 an
497 913 662 974 daemones
678 910 866 974 naturalium
884 924 992 971 rerum

243 1005 361 1068 virtute
381 1021 397 1066 a
418 1005 599 1083 corporibus
625 1004 753 1066 obsessis
780 1001 894 1080 expelli
917 1017 993 1080 que-

242 1106 307 1172 ant,
330 1114 387 1159 nos
408 1097 501 1160 etiam
521 1097 745 1175 disputavimus
761 1096 793 1156 in
808 1098 991 1173 saepecitato

242 1205 335 1268 opere
350 1193 386 1254 de
403 1189 659 1253 Conooizotioce
674 1190 867 1252 Sanctorum
883 1186 938 1250 tto.
955 1189 988 1260 4,

242 1291 329 1361 pert.
348 1286 377 1357 1,
403 1300 471 1362 cap.
487 1285 543 1357 29,
568 1299 658 1346 atum.
676 1284 713 1356 7,·
734 1291 918 1361 partemque
939 1297 993 1344 ne-

242 1385 369 1450 cantem
390 1377 524 1456 amplexi
545 1391 665 1452 sumus,
687 1391 759 1439 cum
781 1375 890 1438 maiori
907 1377 991 1436 theo·

243 1473 386 1548 logorum
407 1485 559 1545 numero,
581 1486 717 1550 quorum
738 1469 935 1531 auctoritates
951 1467 991 1528 ibi

242 1565 420 1637 retulimus,
443 1564 618 1642 quibusque
640 1563 707 1625 addi
724 1569 823 1641 potest
839 1561 991 1639 Theophi-

241 1660 289 1720 lus
310 1657 488 1720 hainardus
511 1658 543 1718 in
566 1656 644 1718 libro
660 1656 807 1734 inscripto
826 1653 991 1732 Pheolcpt'o

242 1750 420 1823 staturalis,
446 1757 529 1812 tomo
554 1751 583 1812 1⁷.
607 1750 709 1827 ipsius
726 1763 865 1826 operum,
882 1762 912 1825 p.
930 1750 987 1817 55,

240 1860 337 1922 quem
358 1845 473 1908 librum
504 1845 612 1906 videre
633 1843 721 1904 nobis
752 1842 892 1918 contigit,
916 1841 991 1902 dum

241 1939 318 2000 lianc
342 1938 437 2016 ipsam
459 1937 622 2016 epistolam
642 1936 839 1998 dictaremus.

279 2032 372 2106 §43-
397 2033 430 2093 ln
459 2030 670 2093 exorcizandis
699 2027 931 2104 energumenis,
955 2026 991 2086 il·

242 2125 293 2186 lud
318 2125 511 2202 potissimum
534 2125 675 2196 interest,
693 2129 811 2184 utente
827 2121 931 2182 omnia
947 2119 990 2180 di-

241 2225 419 2294 gnoscatur,
448 2233 487 2278 an
516 2231 623 2278 reuera
654 2215 793 2276 obsessus
824 2214 864 2274 sit
886 2231 901 2274 a
922 2214 990 2274 dae·

243 2326 335 2371 nrone
357 2310 393 2385 is,
409 2310 462 2388 qui
479 2308 546 2371 talis
562 2323 628 2370 esse
643 2307 826 2382 affirmatur,
848 2307 900 2368 ubi
916 2323 990 2368 vero

242 2404 280 2465 ita
301 2419 370 2465 esse
400 2402 585 2476 constiterit,
617 2400 752 2478 eligatur
772 2401 809 2460 ab
830 2399 990 2462 Ordinatio

207 2511 213 2524 ·
239 2497 380 2558 sacerdos
401 2503 579 2572 perspectae
602 2493 735 2571 pietatis,
759 2494 840 2554 vitae
861 2491 991 2568 integri-

240 2588 322 2661 tatis,
345 2595 438 2666 atque
459 2586 653 2664 prudentiae
677 2585 749 2646 huic
768 2592 872 2646 autem
886 2587 922 2646 ad
938 2601 990 2645 ex·

241 2680 422 2758 pellendum
443 2680 637 2753 daemonem,
662 2693 726 2739 non
750 2678 874 2756 quidem
898 2679 988 2756 picta,

240 2773 288 2834 rel
311 2773 415 2849 lignea
436 2787 544 2845 manu,
560 2771 668 2832 aliisve
682 2770 795 2848 ineptis
811 2770 987 2832 huiusmodi

239 2866 332 2941 nugis
364 2870 486 2939 utatur,
512 2865 564 2926 sed
596 2863 798 2942 praescriptas
820 2863 851 2924 in
873 2862 988 2925 Rituali

239 2958 379 3018 Romano
394 2955 517 3032 regulas
531 2955 717 3032 adamussim
731 2963 845 3016 servet.
861 2956 988 3031 llagnus

239 3049 290 3111 ille
312 3047 551 3110 mediolanensis
572 3047 710 3109 Antistes
724 3047 755 3110 S.
774 3046 898 3110 Carolus
916 3047 989 3108 Bor-

239 3157 393 3215 romaeus,
417 3155 515 3218 quum
547 3147 662 3201 rectam
685 3157 717 3200 ac
740 3147 839 3200 tutam
870 3141 987 3202 exorci-

239 3234 328 3296 zandi
355 3233 512 3294 rationem
532 3231 565 3294 in
588 3231 667 3293 libro
688 3250 703 3292 a
725 3248 758 3294 se
779 3233 906 3309 probato
929 3241 988 3294 tra-

237 3327 377 3400 didisset,
401 3326 433 3387 in
454 3334 562 3404 quarta
583 3325 761 3387 dioecesana
783 3325 907 3402 Synodo
927 3343 989 3388 ase

239 3421 342 3482 habita
373 3435 456 3481 anno
483 3433 636 3480 uncxxrv.
661 3418 784 3480 decreto
807 3420 860 3490 18,
886 3420 988 3496 prohi-

240 3513 317 3588 buit,
340 3512 484 3590 nequis,
513 3511 670 3573 occasione
701 3511 811 3586 oblata,
834 3511 899 3572 aliis
921 3513 990 3590 qui-

240 3607 435 3684 buscumque
456 3605 646 3678 exorcismis,
674 3604 913 3682 precationibus,
936 3612 989 3666 aut

238 3700 351 3760 ritibus
374 3707 526 3772 uteretur,
549 3712 641 3775 quam
656 3713 735 3774 quae
750 3697 939 3760 haberentur
955 3699 988 3758 in

240 3793 397 3872 praedicto
419 3791 511 3868 libro;
535 3791 589 3852 cut
611 3790 695 3852 nihil
717 3787 756 3852 ob
776 3806 821 3860 eo,
838 3790 988 3852 nimirum

239 3888 275 3948 ab
296 3885 504 3959 exorcizante,
528 3883 614 3957 oddi,
640 3881 777 3955 detrott',
802 3899 841 3945 oc
862 3899 900 3943 oe
920 3899 989 3944 rnu-

241 3981 310 4044 tori
341 3981 467 4060 quidem
498 3982 548 4061 ses
576 3980 631 4040 sit.
654 3978 855 4040 Postmodum
877 3995 989 4041 veroa

241 4075 334 4139 recol.
358 4091 455 4137 mem.
478 4074 571 4136 Paulo
598 4074 674 4149 Papa
696 4071 732 4133 V.
758 4071 990 4150 praedecessore

241 4178 361 4244 nostro,
383 4185 466 4230 anno
486 4167 606 4230 domini
627 4181 774 4240 uncxit,
798 4165 989 4244 publicatum

241 4265 300 4326 luit
322 4261 445 4325 Rituale
465 4261 653 4342 Romanum,
676 4260 709 4320 in
724 4275 786 4338 quo
801 4257 884 4320 adest
899 4274 990 4335 pecu·

242 4357 326 4418 liaris
348 4356 461 4418 titulus
482 4356 519 4416 de
535 4353 772 4416 exorcizandis
788 4349 929 4414 obsessis.
948 4352 989 4414 hc

241 4448 292 4510 lel.
307 4449 425 4510 record.
444 4447 657 4525 praedecessor
672 4444 786 4522 pariter
801 4452 907 4506 noster
923 4443 990 4507 Gle-

243 4557 332 4603 mens
354 4542 431 4618 Papa
452 4539 504 4604 Xl.
533 4541 563 4600 in
586 4539 717 4616 quadam
746 4536 872 4613 epistola
899 4551 990 4614 ency-

241 4636 316 4698 clica
337 4633 404 4696 data
432 4633 481 4695 die
503 4649 570 4694 xxi.
594 4633 673 4694 iunii
706 4646 826 4694 unccx.
851 4629 990 4693 districte

242 4728 413 4802 mandarit,
437 4734 472 4787 ut
491 4741 584 4789 nemo
606 4726 783 4786 exorcizans
802 4741 818 4783 a
834 4739 943 4785 norma
959 4724 991 4785 iu

242 4821 400 4900 praedicto
421 4819 536 4881 Rituali
558 4819 696 4880 Romano
722 4817 907 4894 praescripta
930 4816 991 4877 ulla

243 4930 282 4975 ex
304 4919 390 4990 parte
411 4911 568 4974 discedere
589 4917 773 4988 praesumat.

78 5008 228 5072 ‚Hesternum
283 5005 377 5082 §hh
407 5004 602 5082 Praeclarum
636 5004 759 5064 tandem
792 5003 992 5064 fraternitatis

77 5069 149 5124 flttttopr
176 5077 227 5110 curn

78 5117 229 5163 pensitans
247 5108 318 5162 tuae
340 5098 545 5177 propositum,
559 5096 696 5156 nossetis
711 5111 768 5173 pro
783 5096 896 5156 merito
911 5111 992 5156 com·

79 5167 229 5228 'tumisetpro-

79 5223 168 5268 noieudis,

248 5191 439 5254 mendareet
453 5189 627 5252 collaudare
649 5203 714 5250 non
737 5188 894 5264 valemus3
911 5190 992 5266 quod

245 5286 363 5348 scilicet
383 5284 502 5358 scribis,
525 5299 650 5361 operam
672 5289 703 5342 te
723 5283 880 5357 daturum,
903 5291 938 5342 ut
959 5281 991 5342 in

246 5379 329 5441 clero
352 5377 499 5454 regimini
523 5382 575 5437 tuo
590 5375 765 5450 commisso,
783 5390 844 5436 una
859 5391 931 5436 cum
946 5391 993 5437 re·

247 5471 371 5548 ligionis
392 5487 425 5532 ac
446 5470 569 5548 pietatis
591 5467 690 5543 cultu,
712 5483 869 5531 sacrarum
891 5467 994 5530 litera·

247 5581 320 5627 rum
345 5564 444 5625 studia
476 5567 721 5637 conserventur,
750 5568 843 5640 atque
871 5560 994 5623 indies

248 5659 479 5721 incrementum
501 5657 661 5735 accipiant,
684 5655 793 5718 additis
814 5658 848 5717 ad
877 5655 995 5716 theolo-

247 5753 330 5830 giam
352 5751 582 5822 scholasticam,
605 5749 825 5811 ecclesiasticae
848 5747 995 5808 historiae

1049 730 1080 786 et
1116 722 1281 786 canonicae
1318 723 1579 803 iurisprudeutiae
1614 723 1793 805 disciplinis.

1050 817 1130 880 Sane
1150 817 1208 881 hoc
1230 819 1285 883 tibi
1309 835 1373 880 non
1400 818 1546 896 exiguam
1567 820 1599 880 in
1621 819 1795 898 praesentia

1049 910 1183 986 laudem,
1207 927 1382 990 perennem
1402 927 1477 972 vero
1499 913 1532 972 in
1555 912 1708 975 Ecclesiae
1729 929 1796 976 mo-

1049 1003 1210 1066 numentis
1232 1003 1353 1065 nomini
1368 1009 1422 1064 tuo
1437 1001 1568 1080 gloriam
1590 1005 1793 1083 comparabit;

1049 1096 1193 1174 quodque
1215 1097 1313 1175 pluris
1329 1101 1386 1169 est,
1404 1096 1515 1173 ingens
1537 1097 1616 1174 apud
1633 1097 1795 1160 Pastorum

1048 1188 1222 1266 Principem
1236 1189 1422 1252 meritorum
1438 1189 1559 1268 pondus
1576 1191 1630 1252 tibi
1644 1190 1791 1269 acquiret.

1049 1280 1112 1343 Nec
1135 1281 1211 1344 illud
1234 1282 1498 1361 praetereundum
1519 1289 1577 1358 est,
1600 1285 1720 1362 quodsi
1735 1285 1796 1347 ele-

1048 1391 1120 1437 rum
1143 1377 1184 1437 ita
1206 1376 1407 1450 instructum,
1423 1392 1559 1455 sanaque
1571 1377 1708 1439 doctrina
1723 1393 1795 1439 eru-

1048 1469 1149 1530 ditum
1163 1468 1319 1540 habueris,
1332 1483 1395 1529 nou
1412 1469 1452 1530 ita
1468 1467 1557 1530 lacile
1571 1474 1602 1529 te
1617 1468 1795 1531 huiusmodi

1050 1560 1198 1622 molestiis
1226 1560 1332 1622 vexari
1361 1561 1535 1638 continget,
1560 1561 1796 1640 qualos-nuper

1048 1669 1084 1714 ex
1102 1653 1162 1714 tuis
1184 1652 1284 1715 literis
1306 1652 1530 1728 intelleximus,
1547 1653 1688 1716 animum
1703 1661 1795 1717 tuum

1048 1746 1173 1807 ueritati
1189 1754 1220 1807 et
1234 1745 1455 1808 ecclesiasticae
1465 1736 1645 1824 disciplinae
1666 1748 1796 1823 integri·

1049 1836 1101 1898 tati
1124 1837 1342 1898 inhaerentem
1363 1835 1514 1913 latigasse.
1547 1836 1666 1899 Interea
1688 1837 1795 1900 irater·

1048 1929 1177 1990 nitatem
1201 1936 1286 1990 tuam
1300 1929 1423 2002 sincero
1444 1930 1578 1990 caritatis
1592 1929 1796 1992 allectucom·

1047 2019 1224 2098 plectimur,
1248 2037 1281 2082 ac
1305 2020 1359 2082 tibi
1386 2021 1506 2099 totique
1535 2022 1624 2098 gregi
1647 2022 1702 2086 tibi
1722 2039 1795 2084 cou-

1047 2113 1162 2175 credito
1189 2113 1385 2190 apostolicam
1407 2113 1660 2176 benedictionem
1680 2116 1795 2196 impec-

1048 2208 1155 2268 timur.

1088 2301 1198 2362 batum
1230 2300 1356 2376 Romae,
1389 2303 1469 2378 apud
1499 2301 1529 2364 S.
1553 2303 1682 2366 Mariam
1703 2305 1796 2368 Maio-

1048 2408 1126 2466 rem,
1149 2393 1207 2454 sub
1222 2393 1338 2456 annulo
1353 2394 1524 2471 Piscatoris,
1546 2395 1595 2458 die
1614 2413 1636 2458 t.
1661 2400 1795 2462 octobris

1047 2501 1222 2561 mcccxxv,
1246 2487 1443 2564 pontificatus
1464 2489 1564 2550 nostri
1586 2505 1668 2552 anno
1688 2508 1732 2553 vr.

1300 2686 1540 2698 -ι--ιμ-

1350 2863 1486 2928 vattt.

1047 3049 1291 3114 concessionum
1325 3052 1575 3130 pretiosumque
1606 3055 1796 3131 apostolico-

1085 3157 1160 3204 rum
1182 3145 1273 3225 [octa
1295 3143 1516 3216 dictinctione,
1539 3145 1682 3209 decernit
1702 3165 1795 3227 pette-

1085 3251 1296 3298 cumeorum
1320 3251 1378 3314 per
1401 3237 1615 3301 secretariam
1642 3242 1794 3304 Boeotum

1084 3329 1229 3406 expediri
1243 3326 1387 3400 dedecet,
1396 3345 1534 3408 potaeque
1540 3346 1597 3409 per
1606 3332 1792 3407 dictoriam,

1084 3420 1143 3485 sub
1164 3436 1263 3500 pocae
1285 3420 1455 3483 uoltitotc's
1476 3423 1720 3500 expeditionum
1735 3427 1790 3507 (l).

1176 3587 1421 3658 trecentenis
1444 3590 1663 3663 episcopus

1239 3781 1348 3834 cerrus
1371 3781 1527 3837 serrorum
1550 3769 1604 3838 Dei

1167 3886 1204 3955 ad
1227 3892 1399 3972 perpetuam
1421 3889 1465 3956 rei
1489 3891 1669 3960 memorien.

1086 4077 1310 4142 Gravissimum
1326 4077 1480 4142 Ecclesiae
1494 4081 1664 4147 Universae
1686 4086 1793 4166 reique
1879 4095 2025 4144 onerosum

1046 4171 1184 4251 publicae
1205 4169 1347 4246 regimen
1376 4171 1546 4236 humilitati
1575 4183 1698 4240 nostrae
1722 4195 1792 4240 con·
1813 4149 2027 4250 fflufflssffffifffig

1814 4261 1881 4301 recto
1908 4257 2026 4320 regimini
2059 4269 2062 4276 ⁴

1813 4319 1960 4356 necessaria.

1046 4263 1213 4338 creditum,
1237 4263 1364 4340 optima,
1388 4276 1541 4343 quantum
1564 4271 1652 4332 nobis
1674 4288 1710 4332 ex
1732 4272 1793 4335 alto

1046 4356 1240 4430 conceditur,
1258 4357 1379 4420 ratione
1400 4360 1566 4437 moderari,
1585 4365 1741 4444 simulque
1757 4369 1794 4430 ab

1047 4448 1193 4511 omnibus
1214 4449 1263 4522 its,
1286 4465 1421 4527 quorum
1446 4469 1536 4532 opera
1557 4474 1590 4518 ac
1612 4459 1794 4522 ministeriis

1048 4542 1180 4617 utimur,
1203 4543 1405 4605 concordibus
1428 4553 1520 4624 atque
1542 4549 1572 4611 in
1589 4552 1717 4614 unicum
1740 4570 1793 4633 pu-

1047 4633 1145 4696 blicae
1165 4633 1308 4696 utilitatis
1329 4653 1455 4715 scopum
1478 4641 1714 4708 collineantibus
1729 4656 1794 4710 stu-

1048 4727 1105 4790 diis
1128 4729 1285 4804 procurari
1308 4731 1486 4810 cupientes;
1505 4737 1531 4797 id
1548 4740 1682 4801 maxime
1698 4743 1794 4804 inter·

1049 4835 1115 4881 esse
1135 4819 1333 4894 arbitramur,
1362 4831 1397 4886 ut
1426 4827 1558 4904 singulis
1586 4832 1704 4910 ciliciis,
1727 4835 1796 4912 qui-

1049 4911 1106 4972 bus
1127 4919 1189 4972 tarn
1213 4913 1349 4975 iustitiae
1367 4917 1602 4997 administratio,
1618 4941 1711 5002 quam
1726 4942 1795 5003 gra-

1050 5004 1164 5064 tiarum
1196 5003 1384 5082 dispensatio
1420 5013 1621 5090 continetur,
1657 5009 1794 5097 propria's

1049 5103 1142 5174 atque
1163 5096 1324 5159 distinctas
1347 5101 1378 5162 in
1400 5103 1565 5182 Republica
1587 5116 1706 5186 partes,
1730 5128 1794 5173 cer·

1051 5195 1158 5265 tosque
1181 5197 1247 5250 tum
1269 5194 1459 5256 auctoritatis
1484 5204 1552 5259 tum
1574 5200 1795 5266 iurisdictionis

1050 5281 1165 5342 limites
1197 5283 1413 5360 designemus:
1446 5297 1566 5352 constat
1597 5295 1702 5372 enim,
1731 5313 1795 5360 non

1049 5374 1176 5436 aliunde
1207 5377 1371 5439 certiorem
1404 5381 1548 5456 gubernii
1580 5391 1794 5466 concordiam,

1051 5482 1143 5544 quam
1166 5481 1204 5528 ex
1226 5477 1308 5530 recta
1330 5471 1483 5536 diuisione
1508 5493 1687 5542 munerum*
1701 5491 1731 5545 et
1753 5483 1797 5546 ol·

1050 5559 1192 5620 liciorum
1215 5563 1382 5639 partitione
1403 5567 1589 5648 coalescere3
1613 5588 1672 5636 nec
1699 5577 1796 5653 magis

1051 5649 1173 5712 sirmam
1194 5655 1330 5732 corporis
1345 5658 1554 5738 stabilitatem,
1567 5680 1659 5741 quam
1676 5681 1711 5727 ex
1728 5676 1797 5746 apta

1051 5753 1143 5820 atque
1174 5747 1313 5810 ordinata
1342 5751 1555 5816 membrorum
1584 5757 1729 5822 omnium
1751 5760 1795 5822 di·

288 5963 319 6020 (l)
334 5965 406 6010 Hanc
418 5965 500 6010 const.
515 5943 667 6018 retulimus,
681 5971 742 6007 cum
757 5959 934 6007 missionariis
948 5959 1091 6017 perutilem
1106 5959 1299 6008 existimamus.

1717 584 1775 648 2th
1826 584 1880 637 Ati.
1895 585 1926 638 0.
1947 583 2016 636 1745
