4838 6982
27 3641 29 3646 '
96 3639 172 3684 nansi
198 3639 312 3686 concilio

112 571 173 624 An.
186 569 216 622 C.
236 563 308 653 1755ι
333 523 337 532 ·
404 619 412 636 ‚

335 705 371 768 ad
394 705 584 783 praedictum
598 709 749 788 Legatum
763 707 985 787 Apostolicum,
1002 724 1080 786 quae

335 815 351 860 a
372 799 529 878 haymaldo
550 801 592 864 orl
614 817 737 864 onnam
766 800 890 864 Christi
912 817 1076 864 nocturn.

335 907 424 954 nom.
449 893 495 956 30
515 901 729 958 recensentur.

112 983 322 1063 priusquam&
376 989 395 1064 5
419 985 465 1049 10.
490 987 670 1050 Alexander·
683 987 734 1050 tv.
752 989 785 1050 in
806 987 907 1050 locum
928 987 1078 1050 lnnocen-

92 1065 318 1160 fflssssflssfflssf
338 1079 371 1141 tii
392 1068 549 1143 pontificis
571 1081 749 1144 immediate
770 1082 930 1155 suffectus,
946 1095 1018 1144 cum
1039 1080 1079 1141 ir-

335 1173 428 1236 ritant
438 1174 563 1236 cessisse
573 1174 813 1254 praedecessoris
824 1175 871 1238 sui
882 1173 1078 1236 volumtatem

335 1265 613 1344 animadvertisset,
635 1284 767 1349 cumque
788 1268 891 1332 turbas
908 1284 942 1329 ac
963 1268 1078 1330 dissen-

334 1363 437 1425 siones
458 1379 580 1440 graecos
610 1365 748 1428 interae
779 1363 889 1424 latinos
916 1361 1078 1440 Episcopus

336 1458 369 1519 in
391 1473 488 1534 regno
509 1458 723 1543 Cypriladhuc
753 1457 860 1532 rigere
881 1455 1077 1533 percepisset,

335 1551 439 1614 latinis
460 1552 615 1630 Episcopis
640 1552 762 1625 indixit,
779 1558 814 1613 nt
835 1564 959 1629 graecos
982 1546 1083 1612 eccle.

334 1646 469 1707 siasticos
489 1661 558 1707 snas
578 1645 613 1706 ad
634 1643 776 1724 Synudus
797 1648 1004 1718 accerserent;
1026 1655 1077 1702 eos

335 1747 441 1802 autem
462 1738 593 1801 decretis
602 1737 799 1818 synodalibus
814 1736 965 1798 subiectos
980 1733 1078 1796 decla-

336 1850 419 1910 rans,
441 1840 624 1912 sequentem
637 1831 854 1900 ⁴conditionem
871 1828 996 1891 adiecit:
1021 1826 1078 1889 Ro·

336 1930 438 2007 cipere
461 1933 499 1988 et
530 1923 694 1990 obseruare
727 1925 897 2002 synodalia
927 1927 1073 1992 statuta,

335 2038 414 2099 qnae
437 2025 542 2086 tomen
571 2021 763 2083 Graecorum
784 2013 906 2079 ritibus
933 2015 1004 2079 ndat
1026 2030 1077 2076 aa·

336 2113 473 2177 thelicae
494 2129 558 2174 non
579 2111 731 2184 aloensis,
756 2118 785 2173 et
808 2127 827 2174 n
852 2110 996 2171 Romana
1019 2108 1077 2170 Ea-

307 2207 430 2270 ·clesia
453 2205 613 2276 toleratis,
637 2221 700 2268 non
726 2203 862 2266 obvient.
893 2200 1076 2264 Huiusmodi

335 2300 477 2362 laudabili
500 2299 641 2377 exemplu
663 2299 830 2361 inhaerens
852 2296 932 2358 Elias
951 2295 1075 2358 Archie-

333 2394 472 2472 piscopus
494 2391 678 2454 Nicosiensis
699 2405 784 2452 anno
812 2405 949 2452 nuceta.
973 2387 1076 2452 deere-

334 2488 372 2548 tis
392 2487 455 2548 suis
472 2485 670 2564 synodalibus
685 2487 763 2546 hanc
777 2483 1015 2546 declarationem
1031 2484 1076 2544 in-

332 2581 443 2643 seruit:
473 2579 535 2640 Per
563 2578 620 2640 loe
649 2583 847 2641 autemnon
878 2576 1075 2639 intendimus

333 2673 476 2737 inhibere
496 2673 619 2754 praecis
636 2671 813 2750 Episcopis,
828 2677 860 2733 et
880 2687 989 2732 carnin
1002 2669 1075 2746 sub·

333 2765 518 2844 dicisquae
534 2765 620 2828 ritas
641 2781 728 2837 snos,
737 2765 811 2844 fidei
822 2764 997 2842 catholicoe
1012 2781 1075 2826 non

332 2861 492 2932 altrorsus,
502 2865 690 2937 sequantur,
705 2861 805 2921 iocata
820 2858 1074 2936 corapositioncrn

331 2972 351 3016 o
372 2951 478 3034 salicis
499 2951 732 3014 recordationis
745 2951 876 3014 Domino
891 2951 1074 3016 Aleaandro

331 3048 472 3111 Romano
499 3045 655 3126 Pontifiee
676 3045 712 3107 in
734 3043 839 3126 Regno
866 3033 964 3122 Cypri
987 3044 1073 3106 inter

331 3141 464 3204 Latinas
479 3147 510 3203 et
526 3137 660 3203 Graecos
682 3139 802 3202 etlitant
816 3145 846 3201 et
862 3136 1071 3201 obseruatum.

331 3236 410 3298 llaec
431 3239 534 3298 omnia
555 3234 686 3314 perspici
708 3240 839 3312 possunt
860 3235 892 3294 in
913 3231 1072 3293 Labbeana

330 3329 513 3392 collectione
546 3329 684 3391 Venetae
718 3326 862 3390 editionis
898 3330 971 3387 toni.
1007 3325 1070 3396 14,

329 3439 401 3502 pag.
418 3421 500 3494 279,
516 3429 547 3485 et
569 3427 642 3484 tom.
668 3423 721 3494 15,
737 3436 809 3501 pag.
831 3417 910 3480 775.

370 3518 390 3592 5
413 3517 458 3578 ll.
477 3517 584 3580 Finem
600 3517 720 3578 saeculo
739 3515 960 3578 decimotertio
975 3514 1072 3591 impo-

126 3691 131 3699 Ι
330 3611 377 3674 nit
407 3617 577 3689 memorata
607 3611 793 3673 Graecorum
827 3608 1072 3686 Latinorumque

96 3691 312 3802 {fflgffigssgfffss
332 3705 407 3767 nnio
426 3711 539 3766 statuta
562 3704 594 3765 in
623 3701 761 3780 generali
781 3702 920 3765 Concilio
947 3703 1072 3779 Lugdu-

98 3798 312 3902 332⁰,ffi²⁰,2⁵¹¹·
330 3797 419 3860 nensi
440 3797 497 3858 snb
518 3795 609 3858 Beato
630 3796 779 3872 Gregorio
795 3797 833 3858 Χ.
850 3795 979 3858 Summo
994 3796 1072 3857 Pon-

96 3907 146 3951 tur.
221 3866 236 3900 ¹¹
269 3865 311 3902 ’θ’
329 3892 423 3966 tiliae,
446 3890 500 3968 qui
521 3892 556 3952 ad
578 3889 758 3955 Michaelem
772 3888 986 3964 Palaeologum
1001 3889 1071 3951 lidei

329 3984 555 4047 contessionem
579 3982 765 4060 unionisque
786 3979 945 4044 decretum
961 3999 977 4042 a
992 3983 1071 4044 Con·

328 4077 398 4139 cilio
419 4078 578 4138 firmatum
599 4083 630 4138 et
644 4092 660 4136 a
673 4077 796 4152 Legatis
810 4075 1011 4138 orientalibus
1026 4076 1072 4138 iu·

328 4177 430 4231 ratum
453 4169 549 4243 misit,
572 4175 607 4230 ut
628 4169 692 4247 ipse
712 4185 836 4249 qnoque
856 4170 1026 4248 Imperator
1039 4187 1073 4232 ac
1093 4167 1095 4170 ’

328 4263 441 4342 reliqui
467 4263 575 4340 graeci
598 4264 739 4342 Episcopi
760 4265 877 4328 eisdem
901 4267 1071 4328 subscribe·

329 4367 409 4419 rent.
434 4357 556 4419 Peracta
571 4356 699 4420 inerunt
714 4357 818 4418 omnia
833 4358 870 4420 ab
885 4359 1072 4436 lmperaturc

328 4459 359 4511 et
379 4449 591 4524 orientalibus
617 4450 731 4512 adiecta
758 4457 862 4512 tamen
891 4452 945 4514 hac
965 4454 1070 4528 pondi-

328 4543 424 4618 tione,
446 4557 525 4621 quae
547 4543 686 4620 ipsorum
701 4543 816 4632 litteris
830 4544 1021 4620 continetur,
1034 4547 1071 4608 ab

327 4635 484 4698 Harduino
505 4635 609 4698 relatis
623 4636 656 4698 in
670 4653 724 4698 sua
739 4637 931 4714 collectione,
948 4643 1020 4701 toro.
1034 4641 1068 4711 8,

325 4746 397 4809 pap.
421 4728 511 4790 698.-
534 4729 626 4792 «Sed
655 4745 799 4807 rogamus
821 4733 1069 4809 magnitudinem

326 4831 461 4885 vestram
483 4831 540 4886 eta.
564 4822 645 4901 quod
661 4839 897 4901 permaneamus
913 4827 944 4888 in
959 4828 1069 4890 ritihus

325 4916 450 4992 nostris,
467 4915 579 4994 quibus
594 4915 757 4979 utebamur
771 4925 842 4978 ante
856 4919 999 4995 schisma,
1015 4922 1068 4999 qui

324 5009 440 5072 scilicet
461 5011 539 5071 ritus
554 5026 618 5071 nun
632 5017 706 5071 sunt
727 5011 872 5072 contrarii
893 5023 997 5075 contra
1019 5032 1070 5077 sn-

324 5104 493 5181 pradictam
515 5105 626 5179 tidem,
648 5119 706 5166 nec
727 5113 832 5166 contra
858 5106 960 5168 divina
983 5125 1068 5187 prae-

325 5203 457 5276 cepta.»
483 5197 628 5271 Quamvis
655 5205 759 5260 autem
785 5214 967 5277 responsum
995 5201 1069 5264 Gre-

325 5291 404 5367 gorii
427 5289 583 5354 Pontiticis
605 5291 640 5353 ad
655 5291 709 5350 has
724 5291 929 5354 Orientalium
952 5293 1069 5356 litteras

121 3531 191 3578 Unio
209 3534 313 3579 Graecu-

94 3585 197 3631 rumim
214 3587 313 3643 Lugdu·

324 5383 498 5458 interierit,
520 5398 619 5462 quum
641 5391 746 5446 tamen
768 5385 831 5462 ipse
859 5386 1010 5448 unionem
1031 5388 1068 5448 ab

324 5477 361 5537 iis
381 5483 567 5555 acceptatam
589 5484 679 5556 atque
700 5477 902 5556 subscriptam
923 5479 995 5540 satis
1016 5481 1067 5540 itr-

324 5585 406 5631 mam
428 5571 633 5648 rcputaverit,
662 5569 774 5632 merito
799 5572 871 5633 inde
897 5572 1065 5649 colligitur,

229 5655 230 5658 ’
324 5664 508 5741 praedictam
534 5664 745 5725 conditionem
766 5664 803 5724 ab
825 5664 891 5742 ipso
912 5675 1066 5742 receptam

323 5757 544 5834 probatamque
565 5754 668 5818 luisse.
693 5757 731 5817 Et
751 5773 824 5818 sane
850 5756 993 5820 Nicolaus
1015 5759 1063 5820 lll.

322 5850 462 5926 Gregorii
483 5865 650 5923 successor,
674 5865 728 5927 per
744 5853 820 5910 'suus
842 5850 969 5927 legatos,
990 5841 1066 5929 qu'os

323 5943 624 6020 Constantinopolim
640 5945 734 6020 misit,
752 5943 796 6005 bis
811 5945 914 6006 verbis
925 5946 1065 6008 animum

427 6097 480 6144 tur.
497 6097 566 6144 Pont.
581 6095 612 6142 ale
624 6099 701 6158 Prop.
715 6096 778 6144 Fida
792 6098 873 6144 Portis
887 6100 905 6144 1.
921 6097 976 6146 Vol.
991 6101 1034 6146 111.

965 587 1162 635 BENEDICTUS
1182 586 1248 634 htv.

1701 617 1708 632 ,
1799 561 1857 626 601
1907 557 1961 612 aa.
1976 560 2006 614 o.
2028 560 2097 614 1755
2138 579 2139 584 Ν

1131 723 1224 770 suum
1247 706 1407 787 patefecit,
1429 706 1476 768 uti
1498 705 1627 768 habetur
1647 703 1725 782 apud
1746 699 1875 780 hagoal-

1132 799 1207 862 dnm
1222 801 1263 862 ad
1278 817 1401 864 annum
1418 799 1542 863 Christi
1563 813 1775 861 mactarunt:
1798 795 1875 858 ‹De

1132 895 1242 956 ceteris
1263 900 1368 983 antem
1398 893 1583 958 Graecorum
1611 890 1736 966 ritibus,
1770 891 1875 951 eadem

1132 988 1268 1050 Romana
1289 987 1424 1050 Ecclesia
1448 986 1594 1060 intendit,
1617 985 1757 1059 Graecos,
1779 977 1877 1061 qdan-
1901 993 1903 998 ·

1131 1087 1200 1144 tum
1222 1097 1293 1144 cum
1314 1082 1376 1143 Deo
1397 1080 1522 1158 poterit,
1545 1076 1753 1140 favorabiliter
1775 1091 1877 1155 pruse-

1132 1175 1196 1253 qui,
1213 1184 1243 1236 et
1258 1174 1337 1252 ipsos
1359 1175 1392 1237 in
1414 1173 1474 1235 illis
1488 1171 1610 1246 ritibus,
1627 1169 1790 1248 dequibus
1805 1167 1875 1232 Sedi

1132 1268 1323 1346 Apostolicae
1343 1267 1446 1328 risum
1467 1263 1572 1340 inerit,
1585 1264 1667 1342 quod
1688 1279 1742 1341 per
1763 1277 1815 1324 eos
1829 1279 1876 1324 ca-

1133 1361 1262 1425 tholicae
1283 1361 1353 1424 fidei
1375 1377 1440 1422 non
1461 1359 1599 1420 laedatur
1622 1356 1794 1433 integritas,
1817 1371 1876 1417 nec

1130 1455 1222 1518 sacris
1242 1455 1364 1516 statutis
1385 1467 1540 1516 canonum
1567 1451 1752 1526 derogetur,
1774 1465 1876 1527 perse-

1130 1564 1241 1611 verare
1261 1549 1453 1629 permittito

1171 1647 1189 1721 5
1212 1646 1258 1708 li.
1276 1646 1360 1721 Ouod
1376 1649 1487 1711 attinet
1497 1649 1532 1710 ad
1544 1647 1703 1710 saeculnm
1717 1644 1873 1708 decimum
1927 1641 2106 1745 Stimiltifgrcggff

1131 1739 1289 1816 quintum,
1312 1746 1356 1801 sat
1378 1755 1443 1802 esse
1464 1746 1564 1819 potest
1587 1739 1715 1802 indicata
1732 1736 1874 1816 superius
1892 1709 1934 1798 ld
1947 1709 2104 1806 ginantinus,

1132 1831 1206 1893 unio
1228 1832 1260 1894 in
1283 1833 1420 1896 Concilio
1441 1833 1622 1897 Florentino
1635 1840 1759 1905 statuta,
1773 1829 1823 1892 cui
1838 1828 1874 1889 ab
1892 1805 2105 1906 ffissbfl¹‚⁸⁰p{¹1}{a⁰j

1132 1925 1271 2002 Eugenio
1293 1926 1440 1989 Pontihce
1458 1928 1602 2006 probatae
1615 1926 1744 1989 loannes
1756 1923 1874 1985 Palaeo·
1893 1914 1945 1960 ¹¹⁰⁰·

1132 2017 1220 2095 logos
1240 2020 1430 2098 subscripsit,
1453 2020 1508 2083 hac
1530 2020 1611 2096 lege:
1635 2037 1674 2082 ne
1694 2035 1733 2081 eo
1752 2016 1874 2080 ritibus

1131 2119 1260 2178 nostrae
1274 2115 1435 2178 Ecclesiae
1448 2116 1572 2195 aliquid
1594 2117 1804 2178 immutetur.-
1828 2114 1873 2175 uli

1130 2209 1235 2272 uidere
1267 2216 1313 2272 est
1346 2216 1419 2271 torn.
1451 2208 1872 2284 9Collectionis·Hardnini,
1973 2277 1976 2283 Α

1128 2316 1202 2380 pag.
1227 2301 1303 2364 395.
1336 2303 1472 2379 Verum,
1495 2319 1565 2366 oum
1594 2303 1684 2366 nubis
1703 2303 1737 2364 in
1768 2303 1873 2364 animo

1131 2411 1194 2457 non
1214 2397 1255 2458 sit
1275 2397 1397 2474 singula
1419 2413 1612 2475 percensere,
1628 2411 1708 2474 quae
1728 2413 1744 2456 a
1764 2395 1874 2458 Roma

1131 2490 1179 2550 nis
1200 2489 1410 2564 Pontificibus,
1422 2491 1623 2568 sequentihus
1637 2487 1749 2551 deinde
1769 2504 1873 2550 saecu-

1130 2582 1178 2656 lis,
1201 2589 1285 2658 gesta
1306 2592 1391 2658 sunt,
1422 2584 1582 2662 praecipua
1608 2581 1759 2661 quaedam
1780 2582 1872 2643 attin-

1130 2689 1249 2750 gemus
1262 2691 1300 2736 ex
1315 2675 1427 2753 quibus
1440 2674 1600 2738 manifesto
1612 2673 1871 2754 deprehendatur,

1131 2767 1211 2844 ipsos
1232 2767 1359 2844 quidem
1379 2769 1465 2831 omni
1486 2777 1598 2830 conatu
1616 2769 1780 2845 studioque
1795 2765 1874 2842 egis-

1127 2861 1170 2934 se',
1184 2868 1219 2922 ut
1234 2862 1401 2923 insidentes
1413 2861 1615 2940 Orientalium
1630 2859 1740 2934 animis
1750 2875 1873 2920 errores

1128 2954 1165 3014 ab
1185 2953 1221 3014 iis
1241 2953 1426 3030 evellerent,
1444 2953 1498 3016 sed
1519 2954 1612 3016 simul
1633 2954 1727 3014 etiam
1746 2950 1873 3015 manile·

1127 3047 1183 3108 stis
1203 3049 1396 3124 argumentis
1410 3049 1439 3112 id
1454 3048 1633 3122 ostendisse,
1646 3057 1742 3108 sartos
1765 3054 1873 3108 tectos-

1128 3157 1189 3218 que
1208 3158 1241 3202 se
1262 3141 1344 3203 velle
1365 3142 1453 3218 ritus,
1476 3142 1588 3220 quibus
1609 3156 1719 3202 eorum
1741 3140 1872 3200 maiores

1128 3243 1198 3297 ante
1217 3236 1358 3310 schisma,
1381 3237 1568 3318 approbante
1589 3232 1667 3296 Sede
1688 3219 1870 3310 Apostolica,

1129 3329 1175 3390 nsi
1197 3328 1338 3405 inerant;
1361 3345 1418 3391 nec
1444 3343 1584 3406 unquam
1605 3327 1642 3389 ab
1670 3325 1871 3388 orientalibus

1126 3422 1369 3498 postulassent,
1387 3422 1413 3483 si
1434 3421 1573 3484 catholici
1595 3435 1660 3482 esse
1681 3417 1809 3492 retient,
1830 3416 1870 3478 la·

1127 3515 1230 3578 tinum
1250 3515 1348 3577 ritum
1369 3515 1642 3594 amplecterentur.
1659 3591 1662 3600 ,

1166 3611 1185 3685 5
1209 3609 1254 3671 tt.
1281 3609 1510 3672 lnGraecorum
1529 3605 1870 3671 EnchiridioedituBe·
1902 3673 1907 3681 ,
1942 3618 2101 3684 subsequan-

1127 3702 1266 3777 nerenti,
1282 3701 1360 3764 duae
1374 3700 1495 3764 Summ.
1510 3703 1692 3765 Pontificum
1704 3702 1817 3763 Leonis
1828 3699 1868 3762 Χ.
1888 3673 2100 3783 {fflffmffl'a'sussj

1125 3804 1156 3856 et
1178 3796 1348 3858 Clementis
1363 3795 1426 3858 Vh.
1443 3795 1598 3860 habentur
1614 3795 1868 3869 constitutiones,
1888 3779 2025 3880 ξὲθξξξῆῑξξ
2039 3783 2114 3880 affl

1126 3890 1237 3969 quibus
1252 3890 1457 3953 vehementer
1474 3893 1676 3970 increpantur
1694 3893 1796 3955 Latini
1811 3891 1869 3967 illi,
1889 3887 2099 3988 {ietrgsanctgracu

1126 3990 1233 4068 quiin
1260 3989 1382 4052 Graecis
1409 3987 1677 4066 reprehendebant
1705 3989 1871 4050 observari·
1957 3975 1961 3986 ’

1127 4083 1200 4144 tiam
1222 4097 1344 4156 eorum,
1373 4097 1451 4159 quae
1475 4081 1507 4143 in
1528 4081 1710 4144 Florentino
1733 4080 1869 4144 Concilio

1126 4177 1240 4240 eisdem
1263 4175 1410 4254 permissa
1425 4174 1563 4249 inerant;
1580 4176 1772 4254 praesertim,
1789 4175 1869 4253 quod

1125 4271 1309 4332 sacrificinm
1334 4269 1483 4331 oderrent
1503 4269 1537 4330 in
1565 4259 1775 4344 fermentato,
1793 4285 1868 4331 nso·

1127 4381 1193 4428 rem
1221 4365 1370 4428 ducerent
1398 4371 1564 4442 antequam
1589 4363 1682 4424 sacris
1703 4361 1869 4425 Ordinibus

1125 4459 1341 4533 initiarentur,
1365 4471 1495 4536 eamque
1516 4465 1585 4534 post
1614 4462 1768 4534 susceptos
1789 4455 1870 4517 ordi·
1950 4533 1952 4544 Ι

1125 4549 1869 4630 nessacrosretinerent,quodqneEucharistiam

1124 4646 1182 4708 snb
1192 4654 1320 4725 utraque
1332 4646 1434 4722 specie
1444 4648 1537 4707 etiam
1552 4645 1655 4724 pueris
1671 4643 1867 4705 exhiberent.

1125 4741 1195 4802 Pius
1217 4738 1267 4800 lV.
1286 4739 1318 4800 in
1335 4739 1578 4802 Constitutione:
1607 4737 1766 4800 domantes
1787 4735 1868 4797 Pon-

1126 4835 1222 4914 rosea,
1246 4848 1324 4911 qnae
1345 4848 1478 4895 numero
1499 4833 1557 4894 est'
1571 4832 1620 4908 75,
1644 4837 1717 4892 torn.
1742 4834 1765 4893 2
1787 4835 1867 4891 octa-

1125 4928 1171 4988 ris
1194 4925 1350 4997 Bullarit',
1379 4928 1452 4987 dum
1475 4926 1602 4988 Graecos
1631 4925 1663 4988 in
1685 4925 1866 4987 Latinorum

1123 5020 1311 5082 dioecesibus
1332 5028 1569 5094 commorantes,
1595 5019 1697 5082 latinis
1713 5018 1868 5098 Episcopis

1122 5114 1275 5176 subiectos
1296 5111 1362 5174 iore
1377 5113 1526 5189 decernit,
1540 5114 1580 5175 ita
1594 5114 1711 5176 subdit:
1736 5113 1797 5173 Per
1812 5113 1869 5171 loc

1124 5210 1231 5269 tomen
1254 5225 1316 5268 raon
1339 5207 1549 5278 intendimus,
1567 5210 1647 5286 quod
1668 5208 1730 5285 ipsi
1754 5208 1868 5271 Graeci

1123 5300 1162 5365 ab
1185 5319 1292 5365 eornm
1325 5305 1513 5384 praeconica
1534 5305 1605 5366 ritu
1628 5303 1863 5378 detrahantur,

1122 5395 1169 5458 oel
1187 5398 1275 5459 alios
1297 5398 1431 5474 desuper
1452 5414 1573 5476 quoquo
1601 5398 1689 5459 ruodo
1710 5413 1766 5476 per
1788 5397 1868 5458 loco-

1123 5504 1196 5550 rant
1220 5489 1424 5563 Ordlrtarios,
1440 5499 1500 5554 ant
1522 5491 1613 5562 alios,
1632 5491 1863 5569 impediantur.

1160 5583 1179 5658 5
1203 5583 1249 5643 ld:
1273 5584 1407 5645 Annales
1428 5584 1568 5661 Gregorii
1580 5583 1656 5646 Xlll.
1674 5601 1689 5644 a
1705 5589 1790 5662 patre
1805 5583 1866 5645 Ma·
1885 5642 1890 5650 ,
1913 5590 2093 5687 oraqorqxut.

1122 5677 1229 5754 phaeio
1255 5679 1435 5754 conscripti,
1459 5686 1489 5738 et
1510 5679 1624 5740 Romae
1650 5678 1790 5755 impressi
1812 5692 1865 5738 an·
1883 5643 2095 5758 ii'rafi'c'trff'iia'iffl

1122 5785 1161 5830 no
1174 5771 1519 5848 unccxarr.,complura
1532 5771 1683 5845 referunt,
1694 5787 1771 5849 quae
1783 5770 1864 5834 idem
1883 5753 2096 5850 ,ἳξζιῗῃῖᾒέξὲᾆξῖ

1121 5863 1262 5924 Pontifex
1284 5864 1388 5939 gessit,
1405 5862 1476 5925 licet
1497 5864 1583 5924 exitu
1598 5880 1706 5940 parum
1721 5864 1813 5938 lelici,
1830 5872 1864 5927 ut
1883 5855 1943 5910 ⁰¹¹5
1964 5857 2042 5903 rtrum
2063 5868 2095 5902 ⁰·

1120 5955 1253 6034 Cophtos
1275 5960 1489 6035 Armenosque
1512 5957 1549 6018 ad
1570 5956 1748 6020 catholicam
1771 5958 1864 6020 tidem
1882 5909 2095 6010 ffit‘ssffiffitfw

1731 6075 1759 6152 aa
