4820 6980
311 513 365 567 An.
380 515 410 568 O.
432 511 500 566 1749
551 508 608 576 774

1055 528 1119 574 tun.
1144 529 1235 575 ΡΟΝΤ.
1259 526 1300 574 bu
1320 528 1349 574 P.
1374 525 1402 575 F·
1428 531 1509 576 PARS
1531 525 1552 574 L

531 647 1274 728 6166116166666166666661611661661661,
1304 645 1306 713 l
1334 655 1452 710 cantas
1482 665 1545 710 nan
1572 647 1658 711 dabat
1689 665 1754 710 essa
1780 650 1993 729 tragoedicas.
2025 651 2079 712 Fa-

530 763 563 806 se
591 757 802 822 quaecumque
830 743 1033 821 scripserunt,
1048 738 1089 803 ‘ea
1118 716 1306 805 66616611
1334 742 1415 803 risse
1440 741 1564 804 videtur
1595 743 1721 806 6616116
1750 743 1863 806 Suarez
1896 749 1972 804 tom.
2000 742 2081 804 266

530 836 657 899 consilio
672 836 789 910 iecisse,
810 841 844 896 ut
860 851 1054 914 nequaquam
1077 833 1276 912 intelligenda
1305 812 1307 895 l
1335 834 1449 913 Retia..
1468 833 1522 898 lib.
1539 835 1721 898 46611616
1741 836 1925 904 Canonicis,
1942 850 2010 914 cap.
2025 837 2078 908 13,

530 931 593 990 6161
613 928 649 988 66
671 935 765 991 66616
783 935 814 989 61
834 943 921 1000 6666,
944 943 1125 989 scaenarum
1146 944 1179 990 ac
1194 928 1277 988 thea-
1305 902 1307 1042 l
1334 929 1626 1000 nnm.16,etiamsi
1640 928 2080 1007 scriptaluerintlinguarul-

530 1030 653 1085 trorum
681 1021 821 1099 proprio,
844 1037 936 1098 6666
966 1021 1022 1099 ipsi
1049 1035 1147 1100 aeque
1167 1039 1200 1082 ac
1227 1021 1277 1082 alii
1305 1045 1308 1085 ι
1335 1023 1412 1098 gari,
1435 1020 1605 1084 dummodo
1628 1023 1732 1098 gravia
1754 1022 1870 1084 616166
1891 1023 2012 1084 devota.
2035 1022 2079 1084 Ad

531 1115 698 1194 reprobant
719 1121 810 1191 etque
832 1119 1030 1187 execrantur,
1053 1115 1104 1174 sed
1128 1115 1165 1174 de
1186 1123 1277 1175 cantu
1305 1090 1308 1179 1
1334 1114 1529 1176 suadendum
1551 1123 1655 1178 autem
1678 1116 1812 1193 id,quod
1835 1115 1977 1189 affirmat,
1993 1114 2081 1176 allert

530 1218 562 1269 et
582 1224 659 1270 souo
681 1208 734 1284 qui
755 1206 897 1268 ecclesias
918 1207 1015 1280 decet,
1030 1213 1059 1266 et
1074 1207 1126 1283 qui
1149 1205 1279 1284 populos
1305 1188 1308 1257 l
1335 1223 1501 1270 moremac
1516 1224 1609 1270 usum
1624 1208 1848 1270 nonnullarum
1870 1208 2080 1281 ecclesiarum,

531 1302 566 1363 ad
589 1301 788 1363 devotionem
805 1300 929 1374 excitat,
942 1302 1022 1376 6666
1038 1315 1076 1360 ex
1094 1298 1221 1360 illorum
1236 1298 1279 1358 le-

531 1395 633 1457 ctione
654 1393 784 1471 quisque
805 1407 991 1469 cognoscere
1006 1392 1129 1470 poterit.

326 1495 372 1546 our
394 1493 512 1556 66161)-
571 1489 590 1562 ἓ
612 1487 639 1549 7.
664 1486 727 1548 lloc
747 1491 851 1548 autem
870 1487 979 1561 posito,
995 1486 1076 1564 quod
1092 1484 1124 1546 in
1139 1485 1279 1548 ecclesia·

300 1547 513 1646 {llrls'l'auffrl'mlff
532 1581 614 1642 sticis
631 1579 738 1641 officiis
752 1585 860 1640 cantus
877 1577 1045 1640 harmonici
1063 1595 1118 1639 seu
1141 1578 1276 1654 figurati,

301 1653 390 1699 nandi

532 1673 774 1736 6166616666
797 1671 1082 1732 instrumentorum
1100 1688 1173 1733 usus
1196 1687 1275 1733 rece·

533 1778 603 1846 ptus
624 1765 675 1840 sit,
689 1773 720 1826 et
735 1763 930 1826 solummodo
953 1763 1065 1826 abusus
1082 1765 1276 1842 reprobetur3

532 1858 613 1936 quod
644 1858 738 1918 etiam
770 1857 944 1918 considerat
970 1856 1176 1932 Ringhamus,
1207 1856 1278 1918 licet

532 1958 639 2012 auctor
661 1950 877 2022 heterodoxus,
896 1955 971 2008 tam.
998 1947 1020 2006 6
1041 1949 1205 2026 originum
1222 1947 1278 2009 lic·

532 2038 858 2112 6166166116.,1111.14,
882 2043 901 2116 5
924 2041 976 2108 16,
1003 2041 1155 2118 sequitur,
1179 2043 1278 2103 6161-

532 2137 668 2212 ligenter
689 2135 914 2211 inquirentium
936 2135 986 2207 sit,
1002 2133 1129 2211 quinam
1151 2133 1190 2194 sit
1205 2151 1278 2196 usus

532 2237 636 2290 rectus
650 2245 683 2289 66
698 2227 823 2304 6661166,
840 2229 967 2304 661666
984 2241 1058 2287 vero
1073 2225 1194 2288 abusus.
1219 2227 1278 2290 Sed

534 2328 580 2396 ut,
596 2323 676 2398 6666
704 2320 897 2398 propositum
919 2327 975 2393 est,
999 2320 1111 2396 exequi
1133 2325 1280 2398 recteque

533 2415 619 2475 obire
650 2412 822 2490 possimus,
845 2428 920 2489 opus
950 2412 1037 2473 nobis
1059 2410 1139 2475 loret
1169 2416 1278 2490 peritia

533 2506 608 2567 artis
630 2505 776 2579 musicae,
799 2520 858 2582 666
881 2504 1011 2582 praediti
1033 2504 1164 2566 luerunt
1185 2507 1278 2584 ntiqui

533 2615 571 2660 ex
593 2599 705 2660 nostris
718 2597 831 2658 sanctis
846 2603 875 2657 et
894 2596 1056 2673 praeclaris
1071 2600 1280 2674 praedecesso·

533 2693 630 2765 ribus,
643 2689 810 2764 Gregorius
821 2687 962 2764 Magnus,
975 2689 1036 2750 Leo
1053 2689 1087 2750 ΙΙ.
1102 2697 1133 2752 61
1148 2691 1210 2752 Leo
1225 2691 1277 2755 lll.

533 2792 564 2846 et
587 2781 693 2845 l'ictor
707 2781 756 2843 tlt.
779 2780 819 2842 At
834 2797 909 2842 vero
923 2785 994 2859 quia
1010 2782 1088 2842 hanc
1103 2791 1203 2845 artem
1218 2785 1281 2847 edi·

532 2877 636 2940 scendi
649 2890 706 2936 nec
721 2882 843 2950 tempus
858 2873 946 2935 uoltis
962 2889 1064 2953 neque
1080 2877 1195 2938 occasio
1210 2877 1281 2952 luit,

533 2969 634 3047 aliqua
666 2974 788 3030 tantum
817 2968 951 3028 indicare
977 2969 1116 3032 conteuti
1150 2971 1279 3046 661666,

532 3078 610 3140 6666
620 3077 662 3122 ex
676 3058 951 3122 constitutionibus
964 3069 1142 3123 nostrorum
1157 3065 1282 3141 praede·

532 3168 700 3226 cessurum,
724 3159 755 3212 et
777 3152 900 3227 piorum
928 3152 1154 3231 doctorumque
1181 3157 1280 3218 homi-

533 3263 609 3309 num
632 3245 754 3322 scriptis
776 3243 968 3320 collegimus.
995 3243 1034 3306 Ut
1050 3254 1155 3308 66166
1170 3250 1279 3312 ordine

534 3339 752 3418 procedamus,
774 3336 913 3414 primum
942 3337 1034 3398 verba
1067 3337 1215 3402 iaciemus
1243 3343 1280 3404 de

535 3433 677 3510 1166666
700 3432 731 3490 in
754 3428 889 3490 ecclesiis
903 3431 1040 3492 canenda
1058 3439 1147 3510 sunt;
1169 3435 1281 3496 deinde

535 3527 572 3586 de
593 3525 684 3584 modo
706 3539 739 3583 ac
760 3522 896 3597 ratione,
927 3538 986 3600 qua
1016 3532 1125 3586 cantus
1156 3525 1278 3588 institui

534 3615 641 3691 debet3
657 3614 792 3691 denique
807 3615 844 3675 de
860 3615 1076 3678 instrumentis
1092 3620 1218 3681 musicis
1233 3637 1281 3683 ec·

534 3708 698 3770 clesiarum
730 3706 874 3785 proprllS,
897 3707 1008 3785 quibus
1036 3709 1068 3770 ln
1088 3714 1180 3772 sacris
1203 3721 1281 3774 tem·

535 3801 592 3880 plis
613 3801 681 3862 caui
703 3800 802 3862 debet.

322 3927 416 3972 mg„
429 3925 516 3982 vulga·
574 3894 593 3969 ἓ
614 3893 642 3954 8.
660 3892 844 3955 duillelmus
858 3893 1033 3969 librandus,
1049 3896 1113 3974 qui,
1128 3897 1280 3976 Apostoli-

302 3978 516 4036 na‚ahaquaah

303 4029 516 4078 66661666666·

534 4003 600 4051 caru
622 3985 735 4050 Sedem
757 3986 952 4062 gubernante
962 3987 1087 4050 Nicciao
1102 3991 1165 4066 lll.,
1189 3993 1279 4068 vixit,

302 4087 515 4184 61606166ῡὲ66-
535 4095 627 4144 6666
649 4079 875 4140 cantilenarum
890 4078 985 4156 vulgo
1006 4087 1209 4157 motatorem,
1227 4087 1281 4164 qui

302 4191 442 4249 ureniana.
471 4147 514 4185 ¹¹⁰¹
534 4175 601 4236 eius
615 4179 714 4234 aetate
730 4171 863 4246 rigebat,
876 4183 980 4250 aperte
995 4175 1148 4252 improbat
1162 4176 1197 4238 in
1214 4184 1281 4240 tra·

302 4139 449 4186 hetamdu

534 4271 628 4328 61616
641 4264 678 4325 66
688 4263 776 4326 nato
793 4263 958 4327 Generalis
973 4264 1280 4331 Conciliicalebran-

534 4359 567 4419 di
579 4375 604 4418 6.
617 4357 674 4417 19:
691 4355 822 4418 Vidatar
832 4355 923 4417 66166
934 4355 1102 4419 honestam
1114 4375 1187 4430 asse,
1200 4362 1280 4438 qaod

533 4456 651 4514 cantas
672 4447 814 4510 indevoti
835 4454 866 4508 et
888 4449 1071 4512 inordinati
1087 4458 1280 4516 metaturam

534 4551 563 4604 at
578 4541 738 4603 similium
753 4539 939 4618 6611166661
956 4541 991 4601 in
1006 4543 1147 4606 ecclesia.
1174 4545 1280 4608 Postea

533 4635 663 4698 loannes
681 4633 931 4696 trithemium
948 4637 1162 4713 praedecessor
1175 4647 1281 4702 noster

533 4727 744 4807 promulgavit
758 4743 844 4788 suam
865 4727 1063 4804 decretalem,
1079 4745 1158 4806 quae
1173 4734 1281 4811 incipit

532 4823 635 4883 Docta
659 4820 862 4890 Sanctarum,
885 4824 916 4880 et
938 4819 1021 4882 iuter
1047 4831 1282 4901 extravagantes

1334 1319 1414 1381 quae
1437 1302 1508 1363 licet
1522 1319 1538 1361 a
1553 1301 1743 1380 sapientibus
1765 1300 1905 1380 praelatis
1919 1311 2081 1377 regantur,

1337 1398 1367 1458 in
1389 1396 1433 1456 eis
1453 1403 1556 1455 tamen
1579 1394 1751 1455 cantilenae
1771 1409 1825 1454 seu
1848 1393 2003 1454 modulate
2018 1409 2082 1454 car-

2109 507 2291 570 An.c.1749

1337 1488 1419 1549 mina
1452 1502 1515 1548 non
1548 1487 1776 1564 improbantur.
1815 1485 1906 1547 Addit
1936 1485 2080 1564 insuper3
2166 1541 2171 1551 .

1335 1580 1481 1659 quoniam
1513 1581 1545 1641 in
1577 1581 1686 1658 primis
1711 1577 1862 1642 Ecclesiae
1892 1580 2082 1657 temporibus

1335 1675 1466 1753 quisque
1487 1672 1626 1734 bdelium
1649 1672 1681 1732 iu
1703 1670 1828 1734 ecclesia
1849 1671 1916 1749 pios
1936 1689 1970 1733 aa
1991 1673 2082 1734 6666-

1337 1774 1382 1827 166
1403 1765 1548 1843 hymnos,
1572 1781 1648 1842 quos
1669 1771 1899 1841 composuerat,
1930 1765 2081 1840 cantabat,

1335 1875 1373 1919 ex
1395 1858 1494 1918 reteri
1517 1858 1572 1918 hac
1592 1857 1818 1919 cousuetudine
1838 1873 1929 1918 nsum
1952 1865 2083 1920 661616-

1336 1967 1405 2014 rum
1428 1949 1655 2028 quadammodo
1677 1949 1846 2027 approbari.
1871 1951 2083 2013 Anteverteus

1335 2054 1440 2106 autem
1462 2043 1503 2118 id,
1526 2045 1607 2121 quod
1622 2043 1651 2104 ei
1666 2042 1757 2102 obiici
1777 2049 1887 2119 posset,
1905 2043 2082 2104 huiusmodi

1337 2137 1502 2198 modulatis
1512 2135 1714 2208 carminibus,
1728 2150 1807 2212 quae
1829 2143 1943 2196 motata
1959 2144 2080 2210 vocant,

1335 2229 1571 2292 ecclesiasticam
1593 2227 1794 2306 psalmodiam
1818 2227 2018 2305 interrumpi,
2040 2228 2082 2290 ita

1337 2324 1518 2401 respondet:
1534 2321 1596 2383 Nec
1612 2321 1813 2396 interruptio
1828 2320 1898 2390 illa,
1915 2319 1963 2381 ael
1978 2336 2080 2390 mara,

1337 2432 1417 2493 qnae
1439 2421 1518 2475 tnnc
1528 2414 1564 2490 fit
1581 2413 1791 2488 interponas
1806 2411 1951 2476 61166166
1973 2412 2081 2482 horae,

1337 2505 1597 2585 reprehensibilis
1619 2505 1771 2582 6616616
1793 2505 1963 2566 moraliter
1982 2505 2082 2568 aelati

1337 2600 1554 2660 contincatur
1575 2597 1611 2658 in
1632 2597 1805 2669 devotione,
1832 2613 1912 2675 6666
1931 2612 1988 2676 par
2009 2614 2084 2660 can·

1339 2696 1408 2752 tam
1439 2689 1534 2752 illnnt
1562 2689 1704 2752 incitari
1736 2688 1944 2761 inconditam,-
1971 2696 2001 2750 et
2033 2690 2082 2752 ita

1337 2789 1454 2846 cantas
1477 2781 1532 2844 ille
1551 2786 1656 2860 potest
1678 2782 1799 2842 censeri
1824 2780 1927 2842 aelati
1949 2781 2082 2859 disposi-

1339 2878 1383 2940 tio
1405 2875 1447 2939 ad
1468 2876 1645 2954 sequentia,
1665 2880 1694 2935 et
1709 2872 1858 2936 solemnia
1879 2891 1917 2936 66
1939 2890 2082 2953 congrae

1339 2969 1526 3030 terminatio
1548 2967 1805 3044 praecedentiam
1827 2974 1855 3028 et
1879 2974 2015 3029 ornatas
2038 2975 2084 3029 ta·

1339 3063 1406 3124 tias
1428 3061 1534 3124 harae.
1559 3061 1711 3124 llerteute
1731 3078 1784 3122 an.
1811 3075 1969 3137 nocturn,
1993 3062 2082 3124 Sum-

1337 3172 1407 3219 666
1428 3155 1518 3216 Pont.
1538 3155 1712 3216 Alexander
1734 3152 1797 3215 llll.
1824 3153 2082 3216 constitutionem

1337 3248 1443 3323 edidit,
1456 3249 1545 3310 cuius
1568 3248 1693 3310 initium
1715 3255 1776 3308 est:
1800 3245 1879 3308 Piae
1899 3247 2082 3308 solicitudi-

1337 3341 1400 3412 nis,
1425 3342 1507 3402 inter
1528 3340 1601 3401 alias
1629 3347 1735 3402 autem
1757 3339 1895 3401 eiusdem
1924 3338 2083 3402 Pontificis

1338 3449 1426 3496 nam.
1453 3433 1506 3494 36.
1531 3434 1565 3495 lu
1587 3434 1643 3494 hac
1663 3440 1769 3495 autem
1791 3433 1955 3510 praecepit,
1973 3440 2007 3494 ut
2028 3448 2083 3511 per

1337 3529 1367 3590 id
1391 3536 1528 3605 tempus,
1552 3541 1612 3604 quo
1640 3525 1745 3587 diviua
1774 3523 1997 3601 persolvuntur
2017 3524 2084 3584 offi-

1337 3621 1393 3696 cia,
1417 3627 1448 3682 et
1469 3633 1530 3697 quo
1558 3616 1698 3696 publicae
1719 3615 1859 3679 bdelium
1888 3618 2082 3679 venerationi

1338 3717 1370 3776 iu
1392 3711 1527 3774 ecclesiis
1546 3715 1776 3772 sacramentum
1798 3709 2006 3771 Eucharistiae
2030 3726 2083 3772 ex·

1338 3806 1475 3884 positum
1495 3813 1552 3878 est,
1568 3802 1655 3864 nulla
1676 3802 1731 3862 alia
1754 3802 1891 3864 carmina
1912 3818 1967 3865 seu
1991 3803 2083 3866 verba

1336 3905 1515 3970 cantentur,
1531 3896 1591 3956 nisi
1614 3896 1775 3972 desumpta
1797 3911 1836 3956 ex
1856 3894 2014 3956 Breviario
2032 3898 2082 3958 vel
2121 3926 2129 3938 ·

1336 3990 1445 4052 blissali
1471 3989 1627 4063 Romano,
1650 3988 1785 4066 quaein
1814 3987 1924 4068 officiis
1954 3989 1989 4050 de
2010 4004 2083 4067 pro·

1336 4085 1421 4163 pria,
1444 4084 1491 4144 ael
1514 4081 1552 4142 da
1577 4080 1748 4148 communi,
1770 4095 1828 4158 pro
1856 4083 2004 4144 currenti
2028 4099 2082 4144 ca-

1337 4178 1449 4253 166666
1471 4174 1534 4236 diei
1557 4175 1648 4252 16616,
1673 4173 1719 4233 661
1747 4172 1860 4234 Sancti
1881 4171 2083 4236 solemnitate

1336 4267 1626 4346 praescribantnr;
1655 4265 1704 4325 vel
1730 4280 1767 4324 ex
1798 4280 1880 4327 sacra
1912 4264 2082 4342 Scriptura,

1337 4370 1449 4423 66166
1477 4360 1661 4422 Sanctorum
1693 4358 1820 4419 Petrum
1849 4360 2010 4436 operibus;
2040 4361 2082 4421 ita

1339 4465 1442 4516 tamen
1469 4460 1503 4514 ut
1529 4457 1620 4512 antea
1642 4465 1658 4509 a
1677 4466 1762 4512 sacra
1789 4437 1919 4512 Rituu'm
1946 4452 2083 4528 Congre-

1338 4547 1464 4624 gatione
1495 4544 1684 4606 recensenda
1717 4550 1748 4603 et
1779 4543 1971 4621 approbanda
2007 4547 2080 4607 sint.

1338 4639 1432 4700 Porro
1444 4654 1482 4699 ex
1494 4635 1671 4697 huiusmodi
1687 4636 1843 4712 pontificia
1858 4637 2083 4700 constitutione

1338 4732 1462 4793 ridetur
1492 4720 1605 4790 666166Ι
1633 4734 1840 4803 metatorum,
1862 4745 1942 4807 quae
1963 4740 2082 4792 serrata

1336 4826 1457 4886 ratione
1475 4823 1512 4882 ab
1531 4823 1640 4882 66666
1654 4820 1831 4881 Alexandro
1853 4823 2083 4898 praedecessore

533 4928 716 4976 communes
747 4913 921 4990 reperitur3
956 4914 987 4974 in
1020 4929 1054 4975 ea
1086 4923 1280 4980 notatarum
1308 4930 1310 5003 Ι
1338 4925 1443 4979 nostro
1472 4913 1672 4994 praescripta,
1703 4915 1882 4992 composita,
1906 4923 1972 4975 eta
1999 4933 2083 4978 sacra

533 5015 660 5070 cantum
683 5006 788 5082 lingua
811 5005 930 5082 vulgari
945 5023 978 5068 se
991 5007 1162 5070 abominari
1177 5020 1279 5075 osten·
1339 5009 1586 5086 congregatione
1617 5006 1767 5068 recensita
1798 5014 1829 5067 et
1852 5006 1976 5085 probata
1996 5017 2081 5083 suut,

533 5103 592 5164 dit:
607 5097 746 5168 Motetis,
761 5097 1282 5178 166616666616661666666666-
1337 5103 1445 5184 procul
1467 5103 1559 5164 dubio
1581 5101 1765 5178 approbatus
1786 5099 1891 5160 luisse.
1917 5101 2083 5163 Alexandri

533 5208 627 5274 qnam
650 5192 830 5254 inculcant.
854 5193 932 5255 Cum
947 5194 1051 5272 ltaque
1065 5211 1195 5260 examen
1211 5215 1281 5261 cau·
1338 5196 1601 5260 constitutionem
1623 5191 1810 5254 venerabilis
1829 5207 1938 5254 servus
1959 5195 2013 5254 llei
2034 5195 2083 5254 ln-

533 5299 583 5350 tus
595 5284 772 5349 huiusmodi
784 5285 1011 5348 cantilenarum
1021 5303 1075 5349 seu
1088 5297 1280 5354 motetorum
1337 5291 1503 5353 nocentius
1525 5287 1577 5350 Xl.
1601 5285 1723 5349 decreto
1744 5302 1800 5348 suo
1822 5285 1873 5347 die
1895 5302 1943 5347 ιιι.
1967 5286 2084 5348 dacem·

534 5381 566 5442 in
589 5378 724 5441 ecclesiis
747 5377 883 5455 theologi
905 5381 1040 5456 aggressi
1067 5380 1218 5461 luissent;
1242 5407 1280 5452 ex
1338 5381 1838 5446 larisunocxxvurconlirmavit.
1852 5380 1964 5459 Aliqua
1980 5391 2083 5444 16666

533 5477 647 5538 horum
670 5492 803 5538 numero
832 5477 1004 5541 Paludanus
1027 5481 1278 5558 1646661661,
1337 5478 1528 5540 dubitatione
1556 5485 1663 5538 exorta
1695 5475 1728 5535 in
1760 5474 1965 5557 intelligenda
1991 5484 2108 5558 atque

534 5569 609 5632 dist.
640 5571 693 5638 15,
716 5575 838 5648 quaest.
869 5571 901 5642 5,
932 5579 998 5635 art.
1021 5577 1055 5645 2,
1088 5585 1279 5642 motetorum
1337 5570 1570 5650 interpretanda
1602 5567 1825 5630 constitutione
1853 5566 2021 5629 Alexandri
2053 5577 2084 5628 et

533 5669 641 5725 cantus
664 5664 791 5742 perinde
807 5663 914 5726 habuit
935 5683 968 5728 ac
989 5669 1179 5732 cantationes
1199 5689 1279 5734 scae·
1306 5688 1309 5765 J
1337 5674 1461 5734 decreto
1482 5671 1656 5732 1666666111
1682 5672 1748 5745 itt,
1773 5671 1825 5733 iel.
1849 5687 1910 5734 666.
1934 5673 2084 5740 innocen·

534 5757 633 5830 61666,
656 5757 846 5832 redarguens
868 5773 934 5832 eos,
964 5759 1017 5838 qui
1038 5761 1101 5823 illis
1127 5771 1276 5827 utuntur:
1338 5768 1398 5828 tius
1421 5767 1488 5830 Xll.
1511 5767 1726 5844 praedecessor
1747 5773 1854 5830 noster
1876 5765 1927 5827 alic
1948 5783 2002 5828 xx.
2025 5787 2085 5832 aa·

534 5849 746 5930 6616611661,
773 5850 827 5924 ait,
856 5857 975 5914 motata
1002 5853 1038 5916 in
1063 5855 1171 5934 sestis,
1202 5858 1278 5934 qnia
1336 5859 2084 5944 6661666666.611666666616666666166-
