4744 6976
338 567 393 622 An.
407 570 438 622 C.
460 569 529 620 1744
580 569 636 632 172

558 707 686 770 caeteris
717 707 845 769 istarum
867 708 1003 785 partium
1024 706 1241 781 antistitibus,
1270 721 1303 768 ac

365 809 425 854 cum
441 817 491 865 aaa
506 809 539 872 et·
558 801 759 863 missionariis
781 809 886 879 aperte
906 803 1019 863 veritas
1037 801 1224 877 innotescat3
1247 801 1301 863 tibi

325 863 539 973 ῗιῗῗιέἷιῗιῗιῖιωέὗῖ
557 896 721 958 coniuncta
742 894 813 956 lolia
831 912 846 956 a
862 895 982 957 notario
998 893 1126 957 Sanctae
1147 896 1302 958 Romanae

324 968 539 1070 ζξξῇῑοῑζῂῗθᾞζζ
557 996 587 1051 et
608 989 798 1050 Universalis
828 987 1041 1066 inquisitionis
1061 987 1246 1066 subscripta,
1269 1007 1302 1052 ac

324 1075 538 1177 ²¹rgoffig¹g⁰³¹¹⁸
556 1081 694 1144 eiusdem
718 1082 929 1161 inquisitionis
950 1083 1040 1159 signo
1062 1084 1213 1159 roborata,
1230 1085 1301 1147 mit·

325 1140 340 1187 ρ
453 1165 458 1174 '
556 1174 648 1237 tenda
678 1175 835 1250 duximus,
859 1193 896 1238 ex
918 1176 1030 1253 quibus
1059 1176 1180 1239 abunde
1201 1193 1234 1240 ac
1255 1178 1301 1240 lu·

556 1268 698 1332 colenter
719 1268 890 1346 intelliges,
913 1285 1066 1348 quaenam
1094 1271 1246 1334 eiusmodi
1268 1273 1299 1333 in

555 1362 648 1425 rebus
668 1363 818 1426 hacteuus
842 1363 938 1426 luerit
959 1375 989 1427 et
1011 1366 1109 1426 adbuc
1130 1365 1169 1426 sit
1196 1371 1300 1426 nostra

555 1473 657 1532 mens,
689 1456 786 1520 donec
808 1473 824 1518 a
847 1457 934 1520 nobis
960 1467 991 1522 et
1020 1459 1192 1538 apostolica
1224 1460 1301 1524 Sede

555 1550 644 1612 aliter
656 1550 850 1614 decernatur.
875 1553 958 1630 Quod
974 1559 1126 1630 superest,
1140 1554 1299 1616 Pastorum

556 1647 731 1725 Principem
762 1647 856 1708 enixe
882 1663 1046 1726 rogamus,
1076 1655 1111 1709 ut
1137 1648 1168 1709 iu
1198 1649 1300 1711 arduis

555 1741 714 1819 pastoralis
735 1741 827 1803 ollioii
848 1743 929 1804 curis
951 1742 1074 1804 coelesti
1097 1758 1154 1820 ope
1168 1759 1221 1804 sua
1244 1742 1299 1804 tibi

555 1835 673 1912 iugiter
703 1837 806 1898 adesse
834 1835 923 1897 velit.
957 1837 995 1898 Et
1017 1836 1201 1899 fraternitati
1231 1846 1299 1899 tuae

556 1931 752 2008 apostolicam
768 1931 1016 1994 benedictionem
1032 1939 1229 2009 peramanter
1244 1932 1300 1994 iru-

555 2025 720 2104 partimur.

597 2117 705 2180 Datum
720 2119 844 2194 Romae,
858 2119 936 2196 apud
954 2119 984 2182 S.
1000 2118 1124 2182 Mariam
1140 2117 1298 2193 Maiorem,

555 2212 613 2275 sub
638 2213 754 2274 annulo
778 2213 950 2287 Piscatoris,
973 2213 1021 2277 die
1044 2229 1120 2274 xvrr.
1146 2212 1297 2290 septemb.

556 2321 740 2382 nncoxxrr,
764 2307 960 2385 pontificatus
981 2306 1081 2368 nostri
1102 2321 1185 2368 anno
1208 2323 1300 2367 ιιι.»

371 2405 537 2460 concrepatio
596 2399 665 2474 §ix
689 2401 840 2474 Quoniam
863 2409 967 2460 autem
992 2415 1074 2461 unus
1096 2409 1127 2462 et
1148 2399 1227 2461 alter
1248 2416 1301 2462 an·

323 2459 538 2568 ξῖιῖῐῗιιᾶαῗρῗξὲ
556 2509 615 2554 nus
636 2493 757 2572 elapsus
780 2493 837 2554 iana
861 2502 937 2566 erat,
951 2492 1085 2560 necdum
1107 2493 1299 2568 constiterat,

324 2565 538 2676 fifflffil’qffik
557 2586 659 2649 Sancti
682 2585 779 2649 Ollicii
806 2588 985 2661 decretum,
1010 2587 1243 2666 pontificiasque
1266 2586 1300 2647 li-

325 2673 535 2784 ffiffcfflgil
556 2687 636 2742 teras
651 2681 870 2759 llleiiapureusi
884 2679 1032 2760 Episcopo
1049 2679 1180 2742 redditas
1194 2681 1298 2754 luisse,

554 2773 667 2837 idcirco
689 2776 896 2851 congregatio
918 2775 949 2838 S.
972 2777 1006 2836 lt.
1030 2776 1064 2838 E.
1088 2775 1297 2837 Cardinalium

554 2868 688 2944 negotiis
699 2869 735 2931 de
752 2868 946 2946 Propagauda
963 2869 1036 2931 Fide
1051 2869 1299 2948 praepositorum

554 2974 671 3022 novum
695 2961 809 3023 decreti
826 2961 1050 3040 literarumque
1068 2962 1246 3038 exemplum
1263 2961 1300 3022 E-

553 3055 675 3132 piscopo
693 3055 957 3134 Claudiopolitauo
970 3056 1001 3117 in
1025 3056 1206 3119 Cuciobensi
1229 3056 1300 3117 Pro·

553 3149 653 3210 vincia
686 3149 858 3226 apostolico
887 3147 1009 3212 vicario
1035 3149 1084 3212 die
1113 3166 1199 3210 xxrv.
1231 3150 1298 3212 iulii

553 3241 627 3303 anni
650 3257 804 3304 nnooxrr.
829 3243 999 3305 transmitti
1024 3243 1157 3318 curavit,
1180 3243 1299 3322 ipsique

553 3335 712 3412 pontificio
745 3336 873 3398 numine
905 3337 1080 3410 mandarit,
1104 3344 1150 3410 ut,
1172 3337 1196 3398 si
1219 3337 1299 3398 lorte

552 3431 670 3506 priores
691 3429 801 3492 literae
823 3429 1025 3508 deperiissent
1043 3428 1140 3490 aliave
1160 3431 1298 3491 decanea

552 3527 666 3590 decreti
689 3525 897 3603 promulgatio
919 3531 1021 3585 secuta
1045 3537 1107 3584 non
1130 3531 1229 3600 esset,
1251 3539 1297 3584 ca-

552 3629 641 3683 veret
663 3620 727 3698 ipse
756 3619 940 3698 diligenter,
965 3626 999 3680 ut
1027 3619 1214 3695 posteriores
1241 3621 1298 3683 bae

552 3721 663 3783 saltem
685 3715 899 3794 ileliapureusi
916 3719 1065 3797 Episcopo
1081 3717 1210 3779 iuridice
1230 3720 1298 3780 red-

553 3823 713 3896 derentur,
737 3835 835 3898 eoque
864 3818 999 3880 debitam
1025 3817 1191 3895 pontificiis
1212 3835 1298 3881 man·

552 3916 629 3978 datis
644 3915 850 3978 obedientiam
861 3922 1026 3992 praestare,
1044 3924 1096 3978 aut
1113 3916 1296 3992 reluctante,

552 4016 605 4071 aut
627 4007 803 4084 dilierente,
826 4009 906 4070 idem
930 4009 994 4079 ipse
1012 4009 1298 4088 claudiopolitanus

551 4103 720 4179 Episcopus
732 4101 922 4179 spostolicae
935 4101 1019 4165 Sedis
1035 4101 1195 4174 iudicium,
1211 4103 1297 4166 nulla

551 4195 731 4272 interposita
754 4211 851 4270 mora,
875 4196 1051 4259 executioni
1074 4197 1244 4259 mandaret.

590 4291 609 4366 ἓ
630 4291 659 4353 6.
683 4290 761 4353 Cum
784 4298 889 4352 tamen
906 4289 1097 4352 Patriarcbae
1112 4289 1295 4354 antiocheni

550 4383 722 4448 visitatoris
743 4391 774 4445 et
797 4384 1006 4448 commissarii
1038 4385 1203 4446 Decretum
1225 4399 1297 4447 con-

551 4479 711 4540 firmatum
742 4476 868 4554 quidem
899 4474 1025 4552 luisset,
1053 4477 1105 4538 sed
1132 4494 1165 4540 ea
1198 4477 1295 4540 addita

551 4570 776 4633 reservatione:
802 4569 905 4631 Donec
925 4569 1024 4632 aliter
1045 4589 1063 4633 n
1081 4571 1296 4648 ScdeAposlo-

552 4665 614 4728 lt'co
636 4664 800 4742 precisum
829 4666 952 4744 fuerit,
981 4670 1147 4742 postquam
1168 4681 1217 4726 eos
1239 4684 1296 4728 orr-

551 4758 660 4829 diert‘t,
684 4758 713 4818 ιι·
735 4757 791 4835 qni
806 4765 916 4833 errant,
933 4759 987 4836 qui
1003 4758 1128 4836 aliquid
1143 4761 1296 4823 odcersns

551 4855 702 4914 contento
725 4851 759 4912 in
788 4849 975 4913 huiusmodi
1007 4852 1131 4914 decreto
1164 4853 1298 4933 offeren-

551 4945 627 5007 dum
650 4943 819 5016 balneam
841 4944 921 5008 band
933 4945 1089 5008 difficilem
1106 4963 1139 5008 se
1153 4948 1296 5024 praebuit

359 5045 472 5091 0¹0m0¹¹⁵
490 5042 530 5088 ¹1¹·
552 5039 697 5104 Clemens
718 5039 770 5102 Xl.
801 5039 962 5101 audiendis
995 5040 1214 5115 missionariis,
1243 5043 1294 5120 qui

319 5098 350 5144 ad
380 5097 532 5144 instantiam
747 5135 752 5146 .
937 5134 942 5144 .
1100 5136 1116 5146 ..

319 5152 533 5198 mansionario·
552 5141 618 5206 post
640 5135 754 5196 decreta
769 5135 1052 5208 condi-mationem,
1068 5134 1196 5213 alasque
1220 5142 1295 5198 tem-

319 5207 533 5306 {3?m²⁰²,³,¹,'}„',³,{
552 5228 687 5305 poribus,
711 5228 837 5289 llouram
860 5235 1023 5302 venerant,
1041 5245 1212 5308 eorumque
1227 5245 1296 5308 pre-

319 5315 464 5371 f⁶⁸⁸⁸¹¹ffl¹b
551 5337 599 5384 ces
612 5322 747 5395 benigne
758 5322 886 5400 excepit,
904 5320 1016 5400 quibus
1031 5322 1123 5383 enixe
1138 5324 1294 5399 petebant,

550 5425 585 5477 nt
607 5431 819 5490 censurarum,
843 5431 919 5494 quae
943 5415 974 5477 in
997 5432 1033 5477 eo
1055 5419 1177 5478 decreto
1199 5417 1297 5478 conti-

551 5510 717 5598 nebantur,
728 5510 975 5587 suspensionem,
988 5525 1113 5588 unaque
1125 5509 1217 5570 simul
1231 5525 1295 5570 nao-

319 5601 454 5700 maltfflwau?
465 5611 533 5700 Ἠ
550 5603 742 5666 cierationem
756 5612 808 5664 aut
825 5603 986 5681 ipsiusmet
1007 5603 1120 5665 decreti
1144 5604 1296 5680 interpre-

318 5708 415 5754 tronam
441 5709 531 5755 contrat
551 5698 698 5758 tationem
722 5699 923 5759 concederet:
953 5705 1050 5775 utque
1071 5711 1120 5756 res
1142 5695 1294 5758 maturius

317 5762 532 5862 ffiffissffi:
550 5790 763 5868 expediretur,
792 5791 903 5853 auditis
925 5791 987 5851 iam
1010 5805 1071 5851 nou
1098 5788 1194 5851 semel
1222 5791 1295 5850 ruis-

318 5871 360 5970 21¹3
371 5871 532 5971 ξξξῑξῦξξῗξζ
549 5883 691 5945 sionariis
721 5883 903 5963 praedictis,
932 5883 1020 5945 nobis
1050 5883 1084 5945 in
1119 5882 1293 5944 minoribus

319 5977 358 6024 ¹¹⁰-
377 5983 507 6036 regnante.
550 5978 722 6056 agentibus,
740 5978 930 6058 sanctaeque
951 5977 1141 6041 Universalis
1163 5977 1293 6056 inquisi-

1080 587 1144 632 luit.
1168 585 1259 632 PONT.
1282 583 1322 629 ult
1345 583 1373 628 Ρ.
1397 585 1426 629 F.
1452 585 1533 631 PARS
1556 586 1575 630 l.

2135 577 2186 628 An.
2201 576 2231 630 C.
2253 578 2315 630 1744

1359 702 1454 766 tionis
1468 703 1662 768 consultoris
1680 721 1796 769 munus
1816 707 2003 770 obeuntibus
2018 723 2104 771 man·

1359 799 1458 874 davit,
1496 808 1531 862 ut
1561 801 1598 862 ab
1628 802 1718 864 initio
1751 818 1820 864 rem
1851 810 1947 866 totam
1978 803 2104 882 penitus

1359 908 1636 970 cognosceremus,
1666 903 1759 974 atque
1779 896 1934 973 collectis,
1957 912 2036 976 quae
2065 913 2104 960 ex

1360 996 1491 1066 utraque
1513 997 1600 1064 parte
1622 989 1843 1064 afferebantur,
1860 991 2018 1052 rationum
2040 1006 2104 1054 mo·

1359 1082 1486 1156 mentis,
1508 1081 1546 1142 de
1568 1081 1620 1143 illa
1640 1083 1675 1143 ad
1692 1081 1795 1145 Sancti
1810 1081 1908 1146 Officii
1931 1084 2105 1162 llongrega-

1361 1175 1478 1236 tionem
1500 1174 1678 1252 plenissime
1705 1175 1904 1239 referremus.
1938 1178 2015 1240 Hinc
2035 1193 2104 1257 pro·

1359 1267 1457 1330 rluotis
1473 1285 1510 1330 ex
1528 1285 1588 1330 una
1605 1279 1702 1348 parte,
1718 1287 1734 1331 a
1749 1271 1865 1332 decreti
1881 1271 2104 1350 impugnatori·

1360 1361 1426 1437 bus,
1450 1361 1519 1424 lacti
1542 1363 1681 1441 iurisque
1703 1379 1765 1426 uon
1788 1366 1919 1440 exiguae
1941 1365 2031 1427 molis
2053 1379 2105 1426 ro

1359 1454 1543 1530 luminibus,
1570 1456 1759 1535 proditisque
1783 1458 1919 1536 antiquis
1940 1465 1970 1520 et
1999 1474 2103 1520 recen·

1359 1550 1440 1612 tibus
1469 1551 1680 1625 documentis,
1708 1551 1818 1630 quibus
1840 1551 1950 1614 vetitas
1980 1552 2104 1616 decreto

1358 1645 1566 1708 observantias
1586 1648 1806 1724 superstitione
1828 1664 1934 1709 vacare
1957 1647 2104 1726 omnique

1359 1739 1426 1800 labe
1446 1757 1552 1802 carere
1573 1741 1763 1803 conabantur
1784 1741 1963 1818 ostendere;
1986 1743 2105 1803 exhibi-

1360 1833 1459 1912 tisque
1480 1851 1518 1895 ex
1533 1835 1601 1910 alia,
1614 1851 1692 1913 quae
1707 1833 1829 1898 decreto
1841 1836 1996 1911 lavabant,
2013 1837 2104 1897 ratio-

1359 1927 1450 1988 nibus
1466 1927 1700 2006 multiplicibus;
1721 1930 1844 2008 plenam
1861 1931 1932 1993 inde
1943 1931 2103 1993 hausimus

1358 2037 1464 2082 causae
1488 2022 1582 2082 totius
1596 2023 1818 2100 cognitionem,
1834 2040 1933 2103 eoque
1949 2041 2008 2100 ιιι,
2021 2025 2103 2103 quod

1357 2113 1392 2174 ad
1416 2129 1471 2174 nos
1493 2114 1658 2188 attinebat,
1681 2117 1808 2180 adducta
1839 2124 1922 2192 erat,
1946 2126 1981 2180 ut
2002 2133 2102 2196 posse·

1357 2220 1427 2268 mus
1449 2208 1509 2268 iam
1531 2209 1568 2269 de
1590 2224 1623 2270 ea
1646 2219 1750 2273 exacte
1772 2209 1899 2272 relerre.

1397 2307 1416 2380 ἓ
1438 2303 1466 2366 7.
1492 2301 1609 2364 Verum
1631 2303 1793 2366 Clemente
1815 2306 1866 2368 xl.
1894 2307 1957 2368 rita
1982 2305 2101 2379 iuncto,
2162 2323 2248 2366 innoc.
2271 2325 2328 2368 xrrr.

1357 2395 1423 2458 eius
1444 2413 1600 2459 successor
1621 2396 1671 2457 lel.
1691 2399 1805 2476 pariter
1817 2402 1934 2462 record.
1952 2401 2101 2462 innocen·
2121 2373 2330 2527 ἓξὲξξῖῑῃῃῖἣᾚῖ

1359 2489 1419 2551 tius
1440 2491 1516 2568 Papa
1540 2489 1618 2553 Xlll.
1641 2491 1713 2554 huic
1735 2509 1843 2554 causae
1871 2493 2102 2569 cognoscendae
2131 2492 2210 2528 Μ’

1357 2582 1544 2659 peculiarem
1576 2584 1827 2660 cogregationem
1859 2601 1897 2646 ex
1930 2586 2102 2649 lectissimis

1357 2675 1520 2736 conllatarn
1532 2677 1607 2738 viris
1619 2693 1681 2740 uon
1696 2679 1799 2740 minus
1814 2679 1994 2757 integritate
2008 2697 2101 2758 quarn

1358 2767 1522 2846 prudentia
1546 2770 1745 2848 doctrinaque
1766 2774 1992 2851 praestantibus
2011 2773 2102 2855 (quos

1358 2862 1513 2923 internos
1534 2864 1639 2938 etiam,
1652 2866 1707 2926 etsi
1723 2867 1883 2944 praedictis
1904 2867 2103 2946 qualitatibus

1358 2955 1490 3016 minime
1511 2957 1651 3034 praediti,
1681 2958 1824 3038 adscripti
1851 2959 1980 3038 luimus)
2008 2961 2103 3038 depu-

1358 3049 1444 3110 latit.
1468 3051 1525 3124 Qui
1546 3051 1651 3114 selecti
1674 3051 1734 3114 viri
1755 3055 1885 3131 saepius,
1905 3069 1959 3132 per
1980 3055 2056 3115 duos
2072 3062 2102 3114 et

1357 3145 1487 3220 amplius
1500 3161 1608 3219 annoS,
1626 3147 1709 3207 inter
1723 3163 1755 3208 se
1769 3149 2003 3224 convenientes,
2020 3163 2103 3208 com-

1357 3239 1523 3301 municatis
1545 3240 1692 3316 consiliis,
1716 3243 1806 3320 longa
1828 3259 1935 3305 rerum
1957 3247 2101 3322 indagine

1357 3339 1387 3393 et
1409 3335 1561 3412 exquisita
1577 3335 1710 3397 adbibita
1725 3335 1895 3412 diligentia,
1915 3339 2102 3401 articulatim

1356 3441 1424 3487 rem
1447 3436 1542 3489 totam
1564 3430 1786 3506 discusserunt,
1805 3433 1942 3508 partibus
1965 3441 2027 3496 tam
2049 3450 2102 3494 ro·

1356 3536 1389 3582 ce
1411 3539 1502 3600 quarn
1524 3524 1638 3601 scripto
1659 3525 1773 3586 iterum
1790 3533 1822 3587 et
1836 3527 1955 3605 saepius
1976 3528 2098 3589 auditis.

1358 3618 1436 3678 Cum
1457 3626 1561 3680 autem
1583 3635 1619 3681 eo
1642 3637 1690 3682 res
1711 3623 1919 3698 pervenisset,
1949 3624 2102 3686 innocen·
2136 3653 2217 3698 curus
2231 3653 2330 3710 pepp,

1357 3720 1398 3779 tio
1421 3717 1498 3781 Xlll.
1523 3737 1540 3778 e
1561 3721 1643 3782 vivis
1668 3721 1799 3793 sublato,
1823 3722 1857 3783 ad
1882 3722 1961 3784 Petri
1991 3723 2102 3786 Catbe·
2119 3706 2330 3806 ἷξοχῗιξῖζῇἳξξζ

1356 3817 1442 3875 drarn
1470 3823 1595 3877 evectus
1622 3824 1667 3877 est
1699 3833 1764 3878 san.
1797 3833 1891 3878 mern.
1916 3819 2101 3882 Benedictus
2120 3818 2216 3886 marcq.
2283 3813 2292 3840 ⁸

1355 3911 1432 3989 Papa
1454 3911 1546 3986 xlii,
1576 3912 1628 3990 qui
1651 3927 1760 3974 eorum
1787 3914 1943 3990 omniurn,
1968 3933 2046 3994 quae
2068 3915 2099 3977 iu

1355 4006 1411 4068 bae
1431 4023 1519 4068 causa
1549 4013 1632 4082 gesta
1653 4006 1795 4083 lucrant,
1819 4012 1934 4071 certior
1962 4013 2101 4089 apprime

1355 4099 1463 4174 lactus,
1487 4115 1544 4162 nec
1566 4101 1680 4163 minori
1703 4103 1834 4178 llagrans
1858 4104 2010 4166 desiderio
2032 4121 2099 4168 eam

1355 4197 1389 4256 ad
1406 4203 1545 4272 optatum
1563 4197 1656 4258 tinem
1678 4199 1877 4273 perducendi,
1893 4197 2099 4277 supradictam

1354 4289 1629 4365 congregationem
1653 4304 1706 4368 pro
1725 4291 1864 4353 eiusdem
1886 4307 1993 4354 causae
2016 4301 2100 4354 recto

1354 4383 1560 4460 expediteque
1581 4401 1672 4444 cursu
1689 4385 1725 4446 ab
1740 4385 1921 4448 innocentio
1943 4387 2099 4448 decessore
2137 4404 2225 4464 saque
2240 4403 2329 4466 asama

1356 4476 1532 4538 institutam
1558 4478 1773 4552 confirmarit,
1801 4487 1893 4557 atque
1922 4480 2097 4558 incoeptum
2120 4455 2329 4553 ss},f¹“⁰¹¹¹¹m¹'⁰'

1353 4585 1484 4632 examen
1507 4571 1650 4648 prosequi
1672 4572 1778 4647 iussit3
1801 4589 1897 4650 eaque
1912 4573 2012 4635 multo
2033 4587 2100 4652 post

1354 4664 1491 4726 examini
1514 4665 1610 4725 finem
1633 4666 1792 4743 imposuit.

1393 4762 1412 4834 5
1433 4759 1462 4820 8.
1488 4759 1540 4821 His
1562 4761 1601 4820 ita
1621 4759 1779 4835 peractis,
1814 4759 1896 4822 idem
1925 4757 2098 4837 praelauda·
2143 4775 2329 4840 uasoruuo'ca-

1355 4863 1404 4916 tus
1425 4851 1567 4915 Pontilex
1589 4851 1773 4914 Benedictus
1794 4853 1885 4927 xiil,
1907 4870 1994 4915 causa
2016 4855 2100 4917 adse
2120 4831 2250 4884 ⁰²⁸³⁸⁸¹¹
2268 4830 2328 4874 '⁴¹¹¹'

1354 4954 1487 5019 avocata,
1504 4944 1681 5022 apostolicas
1701 4945 1805 5006 literas
1820 4947 1850 5006 in
1867 4946 1963 5008 lornaa
1979 4947 2099 5023 Brevia,

1353 5055 1435 5100 anno
1457 5053 1646 5100 nncoxxvrr.
1681 5047 1835 5112 exeunte,
1868 5041 1903 5100 ad
1935 5041 2098 5101 universos

1356 5135 1516 5210 Episcopus
1544 5139 1575 5192 et
1600 5133 1807 5194 missionurios
1836 5133 2015 5209 Regnorum
2039 5133 2099 5195 Ma·

1353 5228 1507 5300 aturensis,
1531 5227 1752 5304 Mayssureusis
1773 5235 1803 5287 et
1829 5227 2025 5289 carnutensis
2047 5229 2099 5288 tle·

1353 5323 1408 5395 dit,
1432 5322 1545 5400 quibus
1566 5322 1712 5399 praedicti
1742 5321 1841 5384 Caroli
1865 5321 2001 5383 'lbomae
2028 5322 2098 5384 Gar·

1352 5415 1461 5476 dinalis
1482 5415 1622 5477 Turboni
1646 5418 1804 5477 decretum
1822 5416 2030 5490 catulirmavil,
2047 5416 2098 5477 ob·

1351 5511 1601 5588 servandumque
1614 5511 1779 5588 praecepit.
1803 5509 1925 5571 Literae
1945 5518 2019 5571 sunt
2041 5511 2099 5571 bu·

1351 5603 1495 5677 iusmodi,
1519 5602 1680 5664 virlelicet:

1394 5693 1630 5758 l'etterobt'lilrus
1656 5693 1830 5776 fastiditus,
1855 5713 1893 5757 no
1915 5695 2042 5758 dilectis
2062 5697 2098 5775 fi·
2143 5706 2202 5752 Eius
2216 5707 2287 5782 erist
2302 5707 2325 5751 in

1350 5790 1417 5860 liis,
1443 5789 1606 5867 Episcopis
1627 5796 1657 5850 at
1678 5789 1861 5867 apostolicis
1877 5790 2096 5852 misaicnrttiis
2116 5759 2325 5876 [ιοςῖωιῗὴῆῗῖἔῗοῧιῗ

1350 5884 1384 5945 itt
1407 5883 1524 5962 Rapacis
1548 5883 1717 5946 indiarum
1745 5883 1961 5944 orientolium
1983 5883 2096 5948 Madn-
2114 5865 2326 5966 ffssffiffiuss

1349 5975 1447 6049 renai,
1470 5975 1689 6054 Megasurensi
1714 5983 1744 6037 et
1767 5975 1971 6051 Currantensi,
2114 5983 2254 6020 amauvis.
