4732 7014
76 531 132 580 An.
147 531 178 582 Ο.
197 527 265 578 1742

65 675 277 739 simpertum
296 661 350 724 vel
371 661 437 724 ritu
458 677 567 738 graeco
587 661 771 740 baptizetur,
794 659 845 722 vel
866 659 957 722 etiam
980 659 1044 720 rito

65 733 278 830 fff'ffioerffl}
297 755 409 832 latino,
432 755 458 817 si
479 771 558 816 uxor
580 755 674 817 latina
685 753 905 833 praevaluerit,
929 752 1004 815 idest
1018 751 1043 814 si

66 849 126 937 ii?
136 835 278 890 pravatus
297 849 333 912 in
355 848 486 926 gratiam
505 847 610 910 uxoris
625 848 739 910 latinae
753 847 945 910 consenserit
960 863 1044 924 grae·

296 959 353 1005 cus
375 952 474 1020 pater,
496 947 532 1006 nt
552 941 648 1004 latino
670 942 733 1004 ritu
755 940 939 1020 baptizetur.

77 1061 227 1124 'munna
238 1060 276 1122 aa
339 1053 385 1099 ιιι.
408 1036 545 1100 Infantes
567 1037 602 1099 ad
624 1037 690 1098 eius
711 1035 834 1114 parochi
861 1035 1043 1098 iurisdictio-

62 1115 278 1224 ξξζῖῑρἳξΐὴζῇξ
298 1147 373 1194 nem
396 1131 573 1210 pertinent,
594 1131 682 1192 cuius
703 1130 767 1193 ritu
788 1135 861 1191 sont
886 1129 1042 1208 baptizati,

64 1225 175 1266 “m-‘i
191 1220 276 1268 Μ)
296 1243 370 1290 cum
402 1239 457 1303 per
492 1227 684 1304 baptismum
716 1225 769 1287 hat
798 1223 931 1302 suscepti
965 1221 1043 1283 ritus

67 1283 119 1320 sant
141 1275 276 1331 sepetien-

67 1331 99 1374 ὑὶ.
119 1331 138 1373 si
161 1332 224 1372 anto
248 1340 277 1374 ιι-
298 1321 400 1398 graeci
428 1320 479 1383 vel
507 1320 594 1382 latini
614 1319 778 1400 protessi03
800 1318 842 1380 ita
863 1324 898 1378 ut
919 1316 955 1378 ad
977 1314 1043 1376 lati-

66 1382 278 1480 ἓῗιῗῖιιῗιῗῗῗ-
296 1431 377 1478 num
398 1416 496 1478 ritum
523 1422 664 1493 spectent
688 1413 743 1493 qui
763 1411 865 1474 latinis
890 1425 1044 1473 caeremo-

61 1489 277 1596 {ssqilffssffiss'ssk
296 1511 360 1572 niis
380 1509 526 1588 baptizati
540 1509 674 1585 luerint3
697 1507 839 1587 quivero
858 1505 918 1569 ritu
935 1519 1043 1581 graeco

59 1607 104 1638 ‘³‘
120 1595 211 1640 ’ΨΜ-
295 1613 525 1666 sacramentum
537 1598 1043 1681 Baptismisusceperint,inGrae-

295 1715 407 1762 corum
430 1713 564 1760 numero
584 1703 658 1760 sunt
678 1695 829 1758 habendi:
859 1693 996 1771 adeoque
1017 1691 1041 1752 si

295 1801 371 1856 ante
391 1807 484 1856 nsum
506 1792 634 1853 rationis
654 1789 884 1862 decesserint,a
905 1786 1041 1866 proprio,

295 1887 386 1950 cuius
398 1886 463 1948 ritu
477 1884 622 1963 baptizati
635 1889 721 1958 sunt,
734 1883 865 1962 parocho
880 1889 911 1944 et
926 1881 958 1942 in
974 1895 1044 1958 pro-

294 1981 363 2060 pria
383 1979 525 2058 parochia
539 1985 612 2039 sunt
628 1978 697 2040 iure
711 1975 870 2040 communi
891 1972 1042 2053 sepelien-

294 2075 340 2150 di,
362 2076 423 2137 nisi
437 2075 475 2135 iis
490 2073 663 2151 Baptismus
684 2070 812 2134 collatus
827 2068 923 2130 inerit
938 2067 988 2128 vel
1004 2066 1042 2128 ob

295 2185 425 2248 gravem
445 2167 671 2240 necessitatem,
688 2181 759 2226 cum
781 2164 934 2226 nimirum
948 2161 1043 2224 morti

295 2263 432 2343 proximi
463 2261 581 2324 luerint
604 2276 660 2323 nec
685 2258 789 2321 haberi
815 2255 952 2338 potuerit
974 2271 1041 2333 pro-

294 2357 357 2436 prii
378 2354 501 2435 parochi
517 2353 569 2416 vel
584 2354 663 2416 ritus
684 2351 780 2430 copia,
796 2350 847 2414 vel
867 2365 907 2412 ex
921 2350 1044 2426 dispen-

293 2451 414 2512 satione
439 2446 617 2526 apostolica,
646 2461 720 2508 cum
749 2443 895 2506 videlicet
915 2441 1042 2503 lacultas

294 2545 365 2607 data
385 2542 492 2616 luerit,
513 2547 549 2602 ut
570 2539 665 2602 latine
687 2536 813 2617 quidem
834 2535 1040 2615 baptizentur,

291 2637 349 2700 sed
371 2637 405 2698 in
425 2651 482 2696 suo
495 2634 559 2696 ritu
574 2647 683 2710 graeco
704 2636 923 2711 permaneant:
947 2629 979 2690 in
993 2628 1042 2690 his

293 2731 382 2794 enim
403 2729 520 2792 casibus
542 2743 606 2789 non
627 2716 800 2788 censentur
820 2742 837 2785 a
859 2723 983 2802 proprio
1005 2721 1041 2783 ad

85 2835 189 2900 siquid,
204 2841 274 2900 post
293 2825 394 2888 alium
415 2824 512 2885 ritum
534 2819 698 2882 transiisse.
729 2819 801 2880 Post
821 2833 914 2880 usum
935 2823 1041 2877 autem

59 2901 122 2935 “⁵¹³¹
140 2893 273 2940 “⁰⁰⁰³
292 2917 425 2981 rationis
445 2914 528 2977 idem
549 2913 726 2987 dicendum,
742 2913 802 2975 nisi
818 2911 887 2989 quis
902 2909 934 2972 in
949 2907 1041 2971 alieni

292 3013 376 3074 ritus
396 3009 522 3072 ecclesia
541 3007 666 3086 sepeliri
686 3007 798 3085 cupiat.
823 3004 854 3067 Si
869 3007 938 3082 quis
955 3003 1041 3066 enim

293 3119 406 3184 graeco
426 3103 489 3164 rito
520 3101 708 3179 baptizatus,
732 3101 765 3160 in
787 3097 881 3160 latina
902 3096 1039 3171 ecclesia,

292 3197 349 3260 vel
369 3196 464 3260 latine
490 3194 676 3274 Baptismate
696 3193 835 3254 initiatus
857 3191 889 3252 in
916 3190 1041 3252 ecclesia

293 3292 404 3370 graeca
417 3289 608 3368 sepulturam
618 3287 724 3363 eligat,
738 3285 813 3348 iuris
824 3283 951 3362 regulae
965 3291 1041 3346 sunt

291 3383 478 3448 servandae:
511 3382 660 3444 nimirum
693 3378 822 3442 cadaver
853 3385 939 3441 extra
971 3394 1041 3457 pro-

291 3481 396 3561 priam
426 3476 602 3557 parochiam
622 3491 637 3534 a
659 3473 783 3553 proprio
811 3473 942 3552 parocho
974 3487 1039 3534 esse

291 3571 521 3644 associandum,
553 3569 658 3647 quarta
690 3567 824 3630 iunerali
850 3566 879 3629 ei
909 3567 1040 3630 minime

291 3665 476 3740 imminuta,
491 3670 522 3725 et
537 3662 591 3724 nbi
606 3661 825 3724 tumulandum
839 3669 885 3722 est
900 3659 1038 3735 cadaver,

292 3761 340 3824 ibi
360 3777 377 3821 a
397 3758 530 3839 parocho
550 3755 634 3818 illius
662 3754 818 3829 ecclesiae,
841 3753 907 3816 sive
928 3754 1038 3816 latinae

291 3856 364 3917 sive
384 3867 521 3931 graecae,
543 3857 617 3912 sunt
637 3848 787 3927 exequiae
808 3847 1016 3910 celebrandae.

85 3964 132 4008 n·
148 3963 272 4009 turmu—
337 3964 396 4010 ιιι.
419 3946 545 4022 Quando
573 3959 647 4006 vero
677 3941 846 4004 infantibus
879 3941 1039 4021 praedictis

63 4017 272 4117 ξζῖζῗέωιξ
292 4058 352 4106 seu
374 4041 466 4104 etiam
486 4037 597 4104 adultis
624 4037 773 4114 exequiae
793 4036 858 4098 ritu
879 4051 987 4112 graeco
1009 4043 1039 4097 et

63 4122 274 4234 3⁵¹}ngss
293 4137 332 4198 in
353 4133 478 4198 ecclesia
492 4131 609 4209 graeci,
625 4137 660 4192 ut
674 4127 859 4206 praefertur,
875 4128 943 4190 iure
957 4143 1038 4192 cont-

63 4231 271 4294 “!÷bs².¹¹d²⁰·
293 4223 388 4292 muni
407 4233 481 4290 sunt
508 4221 722 4298 celebrandae,
745 4229 821 4284 tunc
845 4221 970 4285 nullum
992 4222 1039 4284 ius

61 4287 272 4394 ffiffiffi
292 4321 389 4384 habet
417 4319 531 4382 latinus
557 4315 708 4396 parochus
737 4315 942 4378 interessendi
967 4332 1039 4379 cum

57 4391 273 4520 ᾗὲξξῆζῗξῗῤ
294 4429 406 4494 graeco
425 4411 572 4513 parocho,
594 4425 652 4472 nec
676 4415 796 4512 partem
823 4409 958 4487 aliquam
978 4416 1037 4470 sto-

54 4499 271 4600 ‘ffiffindt
292 4507 345 4570 lae
364 4503 568 4598 percipiendi:
591 4502 735 4565 similiter
754 4502 879 4565 nullum
893 4503 942 4565 ius
956 4517 1039 4566 com-

292 4602 375 4683 petit
394 4599 525 4679 parocho
546 4613 671 4675 graeco,
694 4595 815 4675 quando
837 4596 984 4674 exequiae
1004 4596 1037 4658 in

291 4694 423 4759 ecclesia
449 4691 544 4755 latina
574 4698 605 4752 et
625 4705 679 4768 per
707 4689 837 4752 latinum
868 4689 1037 4768 parochum

289 4797 369 4852 sunt
390 4783 598 4866 peragendae:
622 4784 675 4846 sed
697 4784 846 4845 servanda
866 4790 940 4844 sunt
954 4797 1039 4845 utro-

290 4881 390 4960 bique
408 4886 522 4942 statuta
542 4879 579 4940 de
600 4877 719 4940 iuribus
733 4877 937 4955 parochorum
958 4878 1038 4940 circa

290 4973 487 5053 sepulturam
508 4985 620 5032 eorum
646 4970 700 5047 qui
720 4969 756 5030 ad
777 4969 931 5051 propriam
952 4986 1038 5049 paro·

290 5066 394 5130 chiam
414 5070 562 5145 spectant.

94 5181 115 5225 n
130 5191 179 5236 qno
199 5178 270 5238 quis
335 5176 407 5222 xxxx.
429 5159 526 5234 Quem
538 5158 634 5221 ritum
648 5157 788 5220 semelin
799 5158 950 5238 baptismo
964 5169 1038 5223 sunt

59 5235 271 5334 {2²33an
291 5254 434 5335 professi,
455 5252 522 5315 sive
542 5251 675 5314 latinum
695 5252 761 5315 sive
782 5267 938 5330 graecum,
955 5255 986 5316 in
1002 5270 1037 5315 eo

56 5343 269 5442 glggiffl'gg
291 5347 419 5410 institui
440 5355 472 5408 et
498 5346 621 5409 educari
648 5345 777 5421 debent,
807 5363 866 5408 nec
884 5347 921 5408 ad
942 5345 1038 5407 alium

58 5432 133 5519 {curt
152 5431 269 5514 ass'um-
289 5446 425 5520 possunt
438 5438 567 5500 transire
589 5439 615 5499 si
635 5437 766 5500 latinum
782 5436 880 5499 semel
898 5453 1038 5515 suscepe-

58 5509 104 5610 ἱῖῗῖ
116 5505 204 5550 ‘¹⁵⁸¹'
222 5513 268 5549 Μ’
287 5535 374 5598 rint:
397 5532 476 5596 ritus
488 5531 572 5594 enim
586 5531 700 5594 latinus
715 5538 840 5610 propter
854 5547 941 5593 suam
953 5547 1038 5608 prae·

286 5629 451 5702 stantiam,
474 5641 510 5688 eo
530 5627 614 5708 quod
633 5625 674 5686 sit
693 5624 773 5687 ritus
793 5629 915 5686 sanctae
928 5623 1037 5686 Roma·

285 5740 349 5788 nae
372 5722 527 5786 Ecclesiae
541 5721 682 5783 omnium
703 5720 910 5782 Ecclesiarum
932 5721 1038 5782 matris

281 5825 319 5880 et
333 5817 513 5894 magistrae,
524 5815 568 5878 sic
577 5829 667 5892 supra
683 5829 827 5891 graecum
842 5813 938 5876 ritum
952 5829 1040 5893 prae·

281 5911 386 5994 valet,
410 5910 545 5974 maxime
572 5909 605 5971 in
626 5907 735 5971 italicis
763 5907 959 5988 regionibus,
985 5909 1038 5971 ubi

929 537 1127 586 nuunntcnus
1146 537 1213 586 xlv.

1782 522 1820 587 51
1870 515 1925 572 An.
1939 517 1969 574 0.
1990 518 2058 572 tvm

1100 657 1202 721 latinis
1233 659 1389 738 Episcopis
1409 659 1516 722 Graeci
1547 659 1676 722 subiecti
1697 665 1783 732 sunt,
1806 667 1842 721 ut

1100 767 1163 814 non
1195 755 1285 815 modo
1311 753 1433 832 abipso
1459 755 1494 816 od
1518 769 1662 832 graecum
1693 753 1841 817 transitus

1100 846 1280 910 nullatenus
1311 849 1528 926 permittatur3
1561 863 1673 910 verum
1705 847 1842 910 etiama

1099 939 1221 1002 Graecis
1242 941 1339 1004 semel
1360 948 1535 1020 assumptus
1550 941 1664 1020 absque
1679 941 1842 1020 apostolica

1099 1034 1323 1112 dispensatione
1345 1035 1444 1098 deseri
1466 1044 1611 1115 nequeat.

1139 1147 1203 1192 xxv.
1226 1130 1359 1206 Quodsi
1385 1131 1485 1194 inians
1516 1147 1662 1210 graecum
1688 1135 1785 1196 ritum
1807 1137 1840 1198 in
1860 1140 2072 1250 tgugarndfflfnrg·

1099 1224 1283 1302 Baptismate
1313 1227 1498 1306 susceperit,
1529 1237 1618 1318 tunc,
1636 1229 1841 1308 requirendus
1860 1248 1969 1294 transtro
1989 1247 2069 1294 liceat

1099 1326 1144 1382 est
1165 1319 1303 1396 primum
1324 1321 1417 1399 patris
1439 1323 1539 1398 graeci
1560 1338 1738 1398 consensus,
1754 1324 1841 1387 dein-

1099 1411 1135 1473 de
1157 1413 1298 1493 Episcopi
1319 1413 1407 1476 latini
1430 1414 1564 1491 licentia,
1577 1423 1611 1478 ut
1626 1417 1722 1494 possit
1742 1424 1842 1480 mater

1099 1506 1192 1569 latina
1214 1507 1316 1570 lilium
1347 1525 1440 1570 suurn
1466 1524 1574 1586 graece
1595 1510 1784 1590 baptizatum
1804 1513 1842 1575 ad

1098 1600 1207 1663 latinas
1227 1602 1435 1664 caeremonias
1455 1601 1626 1666 traducere.
1650 1605 1770 1668 hdultis
1790 1623 1844 1669 au·

1099 1701 1174 1770 tem,
1195 1694 1222 1756 si
1249 1694 1376 1774 quidem
1397 1703 1471 1759 sunt
1499 1696 1691 1760 ecclesiastici
1713 1699 1744 1762 in
1767 1717 1842 1779 quo-

1098 1803 1232 1866 cumque
1259 1788 1368 1851 ordine
1390 1790 1507 1852 minori
1535 1789 1705 1854 ueletiam
1733 1795 1843 1856 maiori

1097 1881 1270 1956 constituti,
1291 1883 1458 1945 saeculares
1480 1882 1529 1945 vel
1551 1884 1719 1961 regulares,
1741 1903 1757 1947 a
1779 1887 1842 1950 ritu

1098 1987 1206 2050 graeco
1226 1974 1261 2036 ad
1277 1974 1410 2038 latinum
1424 1976 1492 2039 sine
1506 1979 1648 2056 expressa
1663 1978 1748 2042 Sedis
1763 1982 1842 2059 Apo-

1097 2067 1220 2130 stolicae
1235 2067 1357 2131 licentia
1374 2072 1507 2134 transire
1521 2088 1584 2135 non
1600 2071 1704 2135 liceat:
1721 2073 1747 2134 si
1761 2073 1841 2151 laici,

1098 2167 1133 2222 ut
1154 2163 1188 2224 ad
1211 2163 1308 2224 ritum
1330 2162 1462 2227 latinum
1473 2166 1605 2228 transire
1626 2167 1753 2244 possint,
1771 2167 1842 2246 Epi·

1097 2270 1204 2333 scopus
1225 2255 1424 2320 dioecesanus
1445 2273 1499 2336 pro
1522 2259 1575 2320 sua
1596 2261 1760 2338 prudentia
1774 2277 1867 2340 per··

1097 2349 1223 2411 mittere
1254 2335 1367 2413 valeat:
1398 2366 1461 2413 non
1491 2359 1595 2414 tamen
1627 2355 1842 2418 communitati

1097 2440 1286 2506 Graecorum
1316 2443 1383 2505 sive
1410 2443 1633 2508 Albanensium
1664 2447 1842 2510 huiusmodi

1097 2534 1165 2598 sine
1186 2533 1272 2599 Sedis
1293 2536 1485 2614 Apostolicae
1504 2538 1644 2616 licentia,
1665 2540 1718 2602 sed
1740 2540 1840 2603 solnm

1097 2627 1224 2707 privatis
1245 2629 1385 2708 personis
1399 2631 1516 2694 attenta
1530 2632 1774 2714 uniuscuiusque
1788 2651 1843 2697 ne-

1096 2723 1245 2785 cessitate.

1426 2913 1445 2989 ἓ
1465 2912 1515 2976 Ill.

1184 3099 1227 3161 De
1252 3099 1456 3162 Sacramenta
1479 3101 1751 3181 confirmationis.

1135 3306 1157 3351 ι.
1181 3287 1321 3367 Episcopi
1343 3286 1429 3351 latini
1459 3289 1603 3368 infantes,
1632 3308 1687 3354 seu
1709 3294 1783 3356 alios
1806 3294 1838 3357 in
1898 3301 2013 3366 rapsacem
2037 3299 2071 3348 la-

1094 3385 1157 3447 suis
1188 3382 1376 3446 dioecesibus
1407 3383 1575 3462 baptizatos
1605 3402 1621 3446 a
1651 3388 1839 3466 preshyteris
1858 3354 2071 3467 {fflegxifissiii‘f

1096 3479 1224 3556 graecis,
1247 3477 1385 3540 absolute
1408 3477 1580 3541 chrismate
1602 3480 1635 3542 in
1650 3479 1753 3543 fronte
1768 3498 1840 3546 con·
1857 3463 1938 3563 ἓξὲξ,
1954 3464 2071 3564 ξξξὲἷῇἳξ

1094 3573 1229 3650 signatos
1250 3571 1452 3649 confirment;
1475 3589 1547 3634 cunr
1568 3589 1670 3652 neque
1685 3590 1840 3654 perprae-
1857 3571 1963 3670 ellim·
1990 3571 2071 3670 ⁰⁰2⁵&

1095 3667 1267 3728 decessores
1288 3673 1409 3728 nostros
1437 3681 1539 3745 neque
1562 3682 1617 3744 per
1637 3683 1693 3730 nos
1721 3670 1839 3746 graecis
1857 3635 1949 3726 istan?
1976 3636 2055 3672 ⁰⁰¹*

1095 3759 1281 3837 presbyteris
1307 3759 1341 3820 in
1367 3757 1452 3821 ltalia
1479 3767 1510 3822 et
1538 3760 1650 3822 insulis
1675 3762 1837 3826 adiacenti-

1095 3852 1163 3926 bus,
1187 3860 1222 3914 ut
1243 3851 1412 3913 infantibus
1433 3852 1591 3930 baptizatis
1610 3865 1839 3920 sacramentum

1096 3945 1346 4010 confirmationis
1366 3944 1537 4019 conferant,
1551 3945 1675 4010 facultas
1696 3965 1838 4012 concessa

1093 4039 1134 4102 sit
1155 4047 1208 4102 aut
1228 4038 1430 4115 concedatur3
1452 4038 1593 4118 quinimo
1614 4057 1714 4120 usque
1734 4042 1772 4105 ab
1785 4059 1839 4105 an-

1095 4148 1136 4194 no
1157 4149 1276 4195 uoxcv.
1299 4149 1316 4192 a
1336 4131 1417 4194 lelio.
1442 4148 1537 4194 recor.
1565 4133 1728 4198 Clemente
1755 4135 1834 4200 Vlll.

1095 4227 1327 4304 praedecessore
1348 4232 1455 4286 nostro
1471 4225 1529 4288 luit
1544 4228 1731 4306 presbyteris
1744 4229 1837 4291 italo-

1094 4320 1215 4382 Graecis
1235 4334 1378 4398 expresse
1407 4319 1620 4397 interdictum,
1643 4337 1684 4383 ne
1705 4321 1837 4402 baptiza-

1095 4422 1140 4476 tos
1161 4413 1334 4476 chrismate
1356 4413 1550 4490 consignent.

1133 4524 1168 4569 n.
1192 4506 1287 4570 secus
1308 4505 1365 4570 sub
1385 4505 1561 4570 conditione
1575 4515 1606 4570 et
1625 4524 1698 4570 cum
1719 4511 1837 4574 cautela
1877 4515 1930 4563 suo
1943 4517 2068 4566 conotus-

1092 4616 1144 4664 eos
1164 4601 1352 4670 confirmare
1372 4599 1500 4674 dehent,
1523 4601 1560 4662 de
1582 4601 1695 4680 quibus
1722 4605 1838 4666 verosi·
1855 4575 2068 4673 ffisissiiic'drfflovil

1094 4695 1210 4757 militer
1231 4694 1362 4757 dubitari
1378 4701 1489 4772 potest,
1506 4701 1614 4758 utrum
1628 4695 1666 4758 ab
1680 4696 1836 4776 Episcopis
1854 4675 1965 4788 235¹„
1989 4684 2068 4789 ρῗξξξὲ

1094 4789 1225 4866 graecis,
1254 4789 1396 4850 ordinem
1431 4787 1578 4866 Baptismi
1609 4789 1693 4850 iuxta
1724 4807 1836 4854 eorum
1854 4785 2066 4887 ssffitbfflfln‘

1094 4881 1312 4958 euchologium
1325 4881 1530 4956 servantibus,
1547 4881 1664 4946 luerint
1680 4882 1832 4963 baptizati.
1888 4849 1902 4895 β
1966 4853 1981 4887 ”

1133 4991 1181 5037 ιιι.
1206 4971 1289 5036 idem
1304 4972 1481 5047 dicendum,
1496 4973 1522 5034 si
1536 4973 1702 5055 Episcopus
1722 4974 1835 5037 latinus
1879 5000 1948 5047 unm
1959 5002 1990 5047 ue
2001 5003 2067 5050 ,mx

1092 5083 1131 5131 ex
1159 5066 1387 5146 dispensatione
1417 5065 1579 5144 apostolica
1606 5065 1756 5130 Graecum
1781 5068 1835 5130 ali·
1853 5055 1966 5163 333302,
1977 5057 2066 5166 ⁶123}ng

1094 5177 1187 5242 quem
1207 5159 1409 5233 ordinaverit,
1432 5159 1485 5238 qui
1500 5175 1516 5220 a
1530 5159 1711 5238 presbytero
1727 5177 1834 5238 graeco
1853 5161 2066 5272 ¹³,²·„‘,’,‘{{¹,¹,¹2{‚³g¹,·

1093 5257 1126 5318 in
1147 5253 1231 5317 ltalia
1246 5253 1297 5314 vel
1308 5251 1517 5316 adiacentibus
1532 5253 1641 5315 insulis
1656 5253 1750 5317 luerit
1764 5255 1833 5334 bap
1852 5227 1976 5326 ipiscgr.
1986 5269 2066 5327 eapti-

1093 5350 1215 5424 tizatus,
1239 5363 1295 5410 nec
1317 5352 1450 5420 constet,
1473 5346 1563 5409 illum
1583 5347 1743 5427 abaliquo
1764 5349 1836 5429 Epi·
1853 5323 2065 5425 {gifs‘igtquf'uffiss

1092 5459 1182 5522 scopo
1203 5442 1267 5503 sive
1288 5440 1385 5503 latino
1405 5441 1471 5502 sive
1494 5457 1601 5518 graeco
1622 5441 1787 5505 chrismate
1802 5444 1833 5505 in
1853 5431 1993 5542 ffflffi?
2008 5442 2066 5478 ⁰⁰¹¹·

1092 5536 1195 5598 ironte
1208 5534 1302 5599 luisse
1315 5534 1548 5612 consignatum:
1572 5532 1662 5596 debet
1683 5535 1835 5598 nimirum

1092 5629 1182 5692 illum
1204 5636 1293 5692 antea
1313 5628 1663 5704 absoluteconlirmare3
1685 5629 1743 5690 sub
1764 5646 1835 5692 con·

1094 5723 1210 5785 ditione
1222 5729 1338 5797 antem,
1353 5722 1379 5784 si
1396 5721 1615 5784 verosimiliter
1626 5721 1756 5818 dpbium
1771 5739 1836 5786 esse

1093 5817 1198 5896 possit,
1220 5833 1260 5878 an
1275 5815 1312 5877 ab
1326 5816 1474 5894 Episcopo
1495 5831 1604 5892 graeco
1624 5815 1719 5879 luerit
1740 5816 1836 5904 bapti·

1093 5917 1188 5972 zatus.
