4828 6990
932 573 1128 620 nexeotcrus
1151 575 1213 620 xrv.
1267 627 1271 635 ,

299 693 511 772 Apostolicum
539 695 573 756 in
600 694 810 774 spiritualibus
836 696 1040 773 gubernetur.

298 788 337 852 bt
368 789 534 867 quoniam,
565 790 635 853 licet
664 807 720 852 nos
744 791 780 852 ad
811 791 1042 869 impetrandum

299 882 525 960 praedictarum
552 885 780 947 dissensionum
810 887 905 946 finem
939 885 1042 946 enixas

298 974 507 1053 omnipotenti
529 979 590 1040 lieo
606 994 709 1057 preces
724 978 855 1041 fundere
873 994 936 1040 non
952 978 1043 1040 omit·

298 1075 410 1142 lamus,
433 1069 531 1134 adbuc
548 1077 651 1133 tamen
666 1088 824 1146 veremur,
847 1085 899 1146 ue,
915 1071 1044 1152 peccatis

298 1161 414 1224 nostris
435 1164 667 1239 obsistentibus,
683 1181 791 1227 eorum
809 1165 962 1228 terminus
976 1165 1042 1227 lon·

299 1253 367 1334 gius
388 1259 602 1336 protrabatur3
626 1258 694 1320 ideo
709 1275 742 1320 ea
755 1259 870 1333 omnia,
893 1275 972 1337 quae
986 1259 1043 1320 hu·

298 1351 430 1414 iusmodi
450 1349 638 1414 vicariatum
661 1352 692 1413 in
708 1367 822 1428 genere
836 1362 1041 1427 concernunt,

298 1444 509 1524 praesentium
529 1445 689 1507 literarum
712 1453 821 1508 tenore
840 1445 1042 1521 constituere,

299 1539 508 1602 ammutium
523 1546 553 1600 et
568 1547 780 1618 opportunum
802 1556 980 1616 censemus3
995 1555 1044 1601 re·

300 1633 382 1712 liqna
397 1629 554 1711 deinceps,
568 1649 645 1712 quae
660 1634 818 1711 perti-nent
833 1635 868 1696 ad
885 1634 1043 1696 facultates

300 1727 356 1806 ipsi
388 1725 510 1789 vicario
537 1743 552 1786 a
576 1727 665 1788 nobis
691 1727 884 1805 deputando,
914 1727 1043 1806 eiusque

298 1817 523 1883 successoribus
549 1818 650 1882 forsan
673 1821 705 1882 in
727 1821 870 1882 futurum
899 1819 1043 1882 similiter

299 1912 492 1991 deputandis,
524 1910 754 1992 impertiendas,
787 1914 963 1976 distinctius
991 1929 1044 1974 ex-

298 2004 459 2086 primenda
480 2014 675 2071 reservantes
696 2007 763 2068 aliis
785 2008 898 2069 nostris
924 2013 1042 2085 aposto·

298 2099 363 2162 licis
385 2099 494 2174 literis,
511 2115 586 2177 quas
605 2115 699 2178 super
721 2101 919 2177 deputatione
940 2115 1042 2178 perso-

298 2209 356 2254 nae
376 2191 414 2252 ad
435 2191 531 2270 ipsius
555 2191 718 2255 vicariatus
745 2193 966 2256 exercitium-a
988 2209 1043 2255 no-

298 2277 351 2348 bis¹
364 2285 526 2361 eligendae
547 2285 661 2348 edituri
681 2301 800 2348 sumus.

337 2380 407 2454 5².
431 2378 517 2454 Quod
543 2379 648 2458 itaque
675 2378 845 2442 deliberato
867 2395 972 2442 rerum
994 2396 1043 2441 or-

298 2473 362 2536 dini
384 2472 574 2535 conveniens
595 2479 626 2534 et
646 2483 821 2549 congruum
849 2483 1040 2551 reputamus,

297 2566 402 2627 omnia
423 2573 455 2627 et
475 2564 600 2641 singula
621 2565 874 2644 praecedentibus
896 2567 1042 2643 tempori-

297 2659 353 2722 bus
374 2667 459 2738 capta
479 2665 726 2737 temperamenta
747 2659 929 2734 abrogantes
949 2666 981 2722 et
1002 2659 1043 2719 ir-

297 2752 438 2826 ritantes,
452 2752 658 2814 decernimus:
683 2751 804 2827 Primo,
821 2760 914 2830 atque
935 2753 1043 2814 statui-

297 2861 378 2920 mus,
406 2860 475 2906 eam
502 2843 710 2923 Aquileiensis
736 2845 882 2908 dioecesis
909 2854 1039 2924 partem,

296 2955 375 3017 quae
394 2939 453 3000 sub
475 2937 636 3016 temporali
651 2938 809 3000 austriaca
831 2937 949 3001 ditione
967 2955 1040 3000 con-

296 3033 402 3096 stituta
423 3037 481 3106 est,
504 3031 542 3092 ab
563 3046 628 3094 uno
648 3031 823 3110 apostolico
851 3029 983 3108 licerio,
1006 3040 1041 3094 ut

295 3124 485 3205 praefertur,
514 3125 546 3187 in
576 3124 789 3203 spiritualibus
820 3124 989 3201 regendam
1009 3133 1041 3186 et

296 3218 529 3294 gubernandam
553 3217 629 3278 fore.
661 3217 815 3288 Secundo,
843 3217 988 3281 volumus
1010 3225 1040 3279 et

294 3312 471 3388 statuimus,
495 3311 673 3373 huiusmodi
687 3310 845 3373 llicarium
867 3310 903 3372 ad
925 3319 1040 3374 tractus

295 3405 443 3486 praedicti
458 3405 600 3481 regimen
615 3404 776 3482 apostolica
791 3405 971 3466 auctoritate
986 3421 1040 3484 pro

295 3508 435 3578 tempore
445 3497 669 3577 deputandum,
683 3497 845 3576 episcopali
868 3498 1040 3561 charactere

296 3592 482 3668 insignitum
503 3606 579 3665 esse,
596 3605 667 3652 cum
683 3590 774 3651 titulo
795 3591 924 3653 alicuius
945 3592 1039 3653 eccle-

294 3687 356 3750 siae
375 3687 410 3746 in
431 3684 568 3764 partibus
584 3683 759 3746 infidelium
774 3684 861 3760 sitae,
878 3695 910 3746 et
932 3685 963 3744 in
977 3685 1041 3746 sin·

295 3779 376 3858 gulis
404 3792 606 3858 personarum
634 3777 861 3850 mutationibus
890 3779 928 3840 de
953 3792 1041 3840 more

295 3873 467 3936 variandae.
504 3871 621 3942 Tertio,
650 3871 795 3932 eumdem
824 3870 981 3933 llicarium
1009 3871 1040 3933 in

294 3967 360 4029 loco
382 3965 555 4044 praedictae
569 3963 704 4039 ditionis,
722 3964 806 4025 illius
826 3965 977 4043 spirituali
993 3982 1039 4028 re-

295 4059 405 4138 gimini
426 4059 678 4132 committendae,
702 4057 837 4119 residere
859 4057 981 4134 debere,
1005 4068 1040 4121 ut

294 4154 337 4216 ibi
358 4169 393 4214 ea
413 4153 528 4226 omnia,
546 4158 608 4212 tam
630 4165 707 4228 quae
723 4152 759 4213 ad
772 4150 930 4227 Ordinem,
946 4167 1039 4230 quam

295 4263 372 4326 quae
382 4245 420 4307 ad
434 4245 680 4308 iurisdictionem
696 4245 866 4323 pertinent,
882 4243 1040 4308 fructuose

295 4347 478 4420 exequatur,
502 4355 580 4418 quae
601 4355 618 4399 a
639 4338 814 4400 Patriarcba
836 4339 1038 4418 Aquileiensi,

296 4443 453 4512 tamquam
468 4432 696 4511 praedictorum
711 4431 850 4493 locorum
865 4433 1040 4494 Austriacae

295 4527 407 4590 ditioni
433 4525 641 4588 subiectarum
669 4523 848 4595 Ordinario,
872 4527 896 4586 si
929 4526 985 4604 ipsi
1007 4527 1039 4588 in

292 4623 402 4685 iisdem
424 4619 497 4681 locis
517 4626 587 4681 actu
614 4619 798 4696 permissum
819 4629 898 4682 esset
919 4621 1040 4684 iurisdi-

295 4718 397 4780 otione
424 4729 479 4776 sua
507 4713 571 4787 uti,
599 4711 713 4774 flerent
743 4721 774 4774 et
805 4726 1036 4778 exercerentur.

299 4811 429 4885 Quarto,
455 4821 668 4886 quaecumque
688 4821 744 4884 per
761 4804 918 4868 llicarium
933 4807 1040 4871 buius-

295 4903 379 4966 modl
399 4903 477 4964 circa
501 4900 663 4978 praemissa
686 4901 774 4974 flent,
797 4915 832 4961 ea
853 4901 956 4961 omnia
984 4917 1040 4965 uo-

293 5006 357 5059 stro
379 5003 410 5058 et
430 5009 642 5058 suceessorum
664 5003 842 5056 nostrorum
866 4997 994 5057 nomine
1009 5005 1040 5058 et

295 5093 388 5154 buius
417 5089 609 5166 Apostolicae
633 5087 719 5150 Sedis
753 5089 935 5150 auctoritate
963 5089 1038 5151 facta

294 5183 429 5260 intelligi
440 5183 563 5245 debere.
589 5182 720 5256 Quirite,
733 5183 966 5260 deputationem
982 5185 1039 5244 lm-

293 5277 426 5340 iusmodi
442 5275 566 5350 vicarii,
581 5285 642 5339 tam
654 5291 709 5354 per
721 5291 788 5350 nos,
802 5292 894 5353 quam
907 5291 962 5354 per
972 5293 1039 5340 suc·

295 5385 428 5433 cessores
440 5379 573 5444 nostros,
586 5371 844 5448 quandocumque
855 5369 1037 5446 faciendam,

294 5479 419 5542 semper
440 5464 508 5526 fieri
530 5465 568 5526 de
589 5478 719 5541 persona
740 5471 870 5542 accepta,
893 5471 924 5524 et
947 5465 1039 5526 mini-

294 5575 346 5622 me
365 5567 506 5638 suspecta
527 5573 673 5636 supremo
704 5558 882 5619 territoriali
904 5557 1037 5636 Princlpi

295 5668 404 5717 eorum
426 5653 576 5727 locorum,
599 5653 633 5713 in
655 5653 767 5730 quibus
790 5653 961 5728 delegatam
980 5653 1037 5714 sibi

294 5751 540 5817 iurisdictionem
555 5766 700 5812 exercere
711 5749 850 5824 debebit,
874 5749 955 5826 quod
971 5747 1037 5826 qui-

295 5850 366 5912 dem
387 5853 418 5908 et
439 5863 453 5906 a
477 5844 565 5906 nobis
593 5842 814 5923 praestabitur,
837 5842 958 5920 quoties
980 5845 1036 5904 bu-

295 5939 429 6004 iusmodi
449 5938 561 6002 Vicarii
583 5937 816 6016 deputationem
831 5952 885 6015 per
900 5951 955 5998 nos
972 5937 1038 5998 deri

1099 692 1276 772 continget3
1294 703 1325 758 et
1340 702 1374 758 ut
1387 715 1403 758 a
1418 699 1642 761 successoribus
1657 700 1771 764 uostris
1785 701 1844 763 Ro-

1099 789 1199 850 manis
1217 790 1414 853 Pontificibus
1436 793 1581 856 similiter
1602 794 1666 868 liat,
1683 809 1738 856 nos
1759 795 1842 874 ipsis,

1100 883 1308 960 praesentium
1324 892 1443 962 tenore,
1460 894 1613 964 quantum
1635 888 1768 950 innubis
1785 897 1843 965 est,

1099 991 1285 1056 magnopere
1298 977 1481 1056 suademus3
1504 997 1566 1059 quo
1581 981 1697 1043 scilicet
1712 982 1845 1044 vicarius

1098 1071 1161 1148 ipso
1183 1087 1238 1148 pro
1261 1080 1401 1151 tempore
1422 1075 1610 1136 constitutus
1627 1076 1844 1155 tranquilliore

1098 1165 1237 1227 muneris
1257 1167 1306 1228 sui
1327 1167 1606 1243 administratione,
1623 1185 1697 1231 cum-
1716 1170 1843 1249 populo·

1098 1273 1169 1320 rum
1190 1258 1336 1333 utilitate,
1366 1260 1511 1338 potiatur.
1543 1260 1652 1332 Scorto,
1684 1263 1842 1336 volumus,

1097 1358 1189 1430 atque
1215 1352 1394 1427 statuimus
1424 1353 1563 1416 eiusdem
1589 1355 1696 1416 vicarii
1718 1357 1844 1433 deputa-

1099 1445 1214 1506 tionem
1242 1461 1366 1524 semper
1394 1447 1461 1508 fieri
1484 1464 1556 1510 eum
1584 1457 1730 1512 consueta
1762 1449 1845 1512 clatr-

1097 1537 1176 1598 sula:
1201 1537 1243 1600 od
1264 1544 1412 1600 nostrum
1427 1545 1457 1601 ot
1470 1538 1557 1602 Sedis
1579 1541 1780 1618 Apostolicoe
1795 1541 1844 1606 be-

1098 1630 1313 1706 neplacitam,-
1335 1634 1375 1695 ita
1391 1643 1505 1709 tamen,
1523 1643 1568 1709 ut,
1585 1642 1721 1698 cessante
1736 1636 1843 1698 vicarii

1097 1723 1307 1802 deputatione,
1320 1729 1385 1786 sive
1401 1743 1456 1804 per
1477 1727 1610 1804 obitum,
1626 1728 1692 1790 sive
1712 1745 1767 1807 per
1780 1745 1843 1792 ces-

1096 1817 1234 1893 sionem,
1257 1826 1311 1880 aut
1331 1821 1538 1882 remotionem
1569 1822 1664 1900 ipsius
1692 1821 1841 1900 deputati,

1096 1919 1263 1989 antequam
1285 1912 1439 1974 terminus
1460 1914 1621 1976 vicariatui
1641 1916 1843 1993 praestitutus

1097 2004 1276 2082 advenerit3
1300 2005 1377 2066 alter
1399 2005 1538 2068 Vicarius
1553 2007 1675 2083 similis,
1687 2009 1842 2086 praedicto

1097 2097 1232 2158 termino
1253 2096 1398 2173 durante,
1424 2101 1457 2161 in
1479 2099 1635 2176 defuncti,
1658 2109 1712 2162 aut
1733 2103 1842 2163 ceden-

1097 2189 1145 2262 tis,
1168 2190 1235 2251 sive
1256 2193 1379 2266 remoti,
1404 2193 1506 2255 locum
1535 2194 1697 2271 subrogari
1722 2194 1839 2270 debeat,

1096 2284 1224 2345 servatis
1245 2284 1312 2346 aliis
1328 2286 1483 2359 omnibus,
1500 2303 1579 2364 quae
1592 2303 1685 2366 supra
1707 2288 1841 2350 diximus

1097 2375 1129 2436 in
1141 2375 1319 2438 huiusmodi
1334 2375 1447 2438 llicarii
1463 2377 1628 2456 Apostolici
1643 2379 1843 2456 deputatione

1095 2469 1244 2530 servanda
1265 2468 1341 2530 fore.
1373 2469 1529 2547 Septimo,
1558 2471 1722 2534 statuimus
1749 2479 1842 2549 atque

1096 2562 1311 2638 decernimus,
1341 2563 1495 2625 dictorum
1528 2563 1667 2625 locorum
1699 2565 1841 2641 regimen

1096 2670 1151 2732 per
1171 2653 1327 2717 llioarium
1339 2655 1547 2734 Apostolieum
1571 2657 1689 2718 tamdiu
1710 2657 1842 2719 admini-

1094 2748 1187 2808 strari
1214 2748 1342 2823 debere,
1364 2765 1419 2810 seu
1442 2747 1560 2810 tamdiu
1583 2751 1615 2810 in
1638 2749 1675 2810 iis
1702 2750 1840 2828 partibus

1096 2840 1283 2903 vicariatum
1305 2841 1516 2920 Apostolicum
1540 2841 1720 2920 perdurare,
1744 2845 1841 2906 donec

1096 2934 1146 2997 vel
1158 2943 1263 2997 nostra
1278 2942 1331 2997 aut
1346 2951 1557 2997 suceessorum
1574 2944 1754 2998 nostrorum
1770 2951 1839 3015 ope-

1096 3044 1128 3089 ra
1150 3028 1221 3090 linis
1242 3027 1403 3105 impositus
1418 3028 1513 3090 fuerit
1528 3029 1710 3106 vigentibus
1725 3031 1840 3106 dissen-

1094 3121 1241 3196 sionibus,
1255 3131 1382 3201 propter
1403 3121 1477 3200 quas
1498 3123 1689 3201 Aquileiensi
1711 3124 1840 3186 Patriar-
1946 3181 1951 3191 .

1094 3215 1169 3276 chae
1195 3215 1394 3294 praepeditur
1420 3215 1641 3277 iurisdictionis
1668 3216 1841 3278 ordinariae

1095 3308 1279 3370 exercitium
1300 3309 1332 3370 in
1353 3323 1423 3370 eam
1448 3309 1593 3372 dioecesis
1613 3325 1686 3372 suae
1709 3317 1839 3387 partem,

1095 3417 1172 3480 quae
1193 3402 1371 3464 Austriacae
1385 3401 1495 3464 ditioni
1511 3403 1633 3478 subest3
1656 3403 1707 3465 vel
1728 3405 1838 3478 donec,

1095 3497 1210 3559 eisdem
1242 3495 1336 3557 etiam
1371 3495 1613 3558 dissensionibus
1644 3512 1839 3576 nequaquam

1095 3587 1249 3662 extinctis,
1262 3597 1436 3666 opportuna
1457 3588 1558 3667 aliqua
1573 3589 1661 3664 ratio,
1679 3591 1839 3652 communi

1095 3683 1231 3761 partium
1251 3695 1414 3754 consensu,
1431 3687 1599 3758 nostraque
1620 3690 1673 3743 aut
1686 3699 1839 3745 successo-

1096 3789 1166 3837 rum
1188 3779 1367 3836 nostrorum
1389 3773 1616 3852 approbatione,
1634 3775 1708 3837 iniri
1729 3777 1838 3853 valeat,
1912 3847 1913 3852 ἵ

1095 3884 1149 3947 per
1177 3883 1282 3946 quam,
1311 3866 1506 3929 ecclesiastici
1535 3869 1703 3946 superioris
1725 3869 1839 3933 ibidem

1095 3960 1258 4023 residentis
1279 3960 1444 4036 regimine,
1460 3959 1636 4022 animarum
1652 3961 1790 4025 fidelium
1806 3965 1838 4026 in

1096 4054 1237 4132 praefatis
1269 4053 1342 4114 locis
1373 4053 1575 4115 existentium
1607 4055 1839 4119 necessitatibus

1095 4147 1289 4222 consulatum
1313 4145 1394 4224 quod
1416 4161 1517 4207 unum
1543 4161 1657 4224 nempe
1680 4149 1712 4209 in
1735 4149 1839 4210 huius-

1095 4241 1178 4302 modi
1200 4239 1373 4318 Apostolico
1401 4237 1573 4315 llicariatu,
1596 4248 1631 4301 ut
1652 4241 1837 4320 praefertur,

1094 4333 1322 4406 constituendo,
1346 4332 1434 4394 nobis
1454 4333 1648 4410 propositum
1670 4332 1764 4396 fuisse
1784 4335 1841 4396 ite-

1095 4444 1166 4492 rum
1188 4427 1384 4508 profitemur.
1412 4425 1528 4488 Ultimo
1550 4425 1616 4486 loco
1644 4427 1839 4491 decernimus

1096 4531 1126 4585 et
1138 4522 1339 4593 declaramus,
1352 4533 1566 4598 quaecumque
1577 4535 1592 4579 a
1604 4519 1692 4580 nobis
1707 4519 1745 4582 de
1760 4521 1840 4599 Apo-

1094 4616 1203 4680 stollco
1224 4613 1346 4676 llicario
1370 4620 1401 4674 et
1422 4613 1571 4674 vicariatu
1599 4613 1760 4690 praedictis
1780 4623 1839 4677 sta·

1096 4719 1161 4772 tuta
1191 4712 1322 4770 suntet
1349 4715 1550 4779 statuuntur,
1573 4705 1641 4768 sine
1670 4706 1752 4782 ulle,
1776 4715 1839 4769 tam

1096 4807 1199 4880 uulua,
1216 4819 1307 4882 quam
1329 4801 1457 4864 alterius
1472 4802 1576 4880 partis,
1593 4801 1793 4879 praeiudicio,
1808 4811 1839 4865 et

1094 4899 1186 4961 salvis
1206 4895 1352 4958 omnibus
1373 4909 1479 4956 earum
1502 4894 1632 4969 iuribus
1656 4902 1718 4956 tam
1740 4896 1773 4957 in
1788 4911 1840 4974 pe·

1096 4994 1212 5068 litorio,
1229 5006 1322 5070 quam
1344 4992 1377 5051 in
1393 4989 1588 5068 possessorio,
1610 4996 1722 5050 statuta
1744 4999 1776 5051 et
1790 5007 1840 5054 or·
1907 5024 1909 5029 ·

1095 5087 1197 5149 dinato
1218 5084 1353 5160 intelligi
1375 5084 1497 5145 debere.

1135 5183 1154 5256 ἓ
1175 5181 1204 5243 3.
1228 5181 1266 5242 Et
1288 5179 1434 5257 quoniam
1455 5177 1620 5256 praemissa
1649 5181 1752 5238 omnia
1774 5177 1839 5240 fru³

1094 5286 1157 5339 stra
1177 5284 1291 5336 statuta
1316 5271 1517 5345 viderentur,
1541 5271 1600 5332 nisi
1629 5280 1730 5334 certus
1756 5273 1838 5335 intra

1095 5385 1303 5439 memoratum
1319 5375 1455 5452 regionis
1472 5372 1603 5427 tractum
1615 5367 1839 5444 praefigeretur

1095 5475 1194 5547 locus,
1227 5485 1288 5550 quo
1316 5468 1509 5547 Apostolicus
1535 5467 1675 5530 Vicarius
1700 5466 1750 5528 ad·
1767 5483 1838 5528 exe·

1094 5569 1216 5647 quenda
1242 5581 1374 5627 munera
1402 5563 1459 5624 sibi
1488 5561 1670 5623 demandata
1702 5562 1837 5623 residere

1094 5663 1236 5733 deberet,
1260 5665 1291 5720 et
1311 5657 1371 5718 nisi
1396 5654 1495 5732 ,simul
1524 5655 1618 5732 ipsius
1643 5653 1751 5716 vicarii
1783 5669 1838 5732 pro

1096 5760 1234 5832 tempore
1260 5749 1427 5829 deputandi
1448 5749 1666 5810 sustentationi
1696 5747 1839 5810 consule-

1095 5855 1197 5922 retur3
1221 5861 1278 5906 nos
1299 5843 1479 5904 earumdem
1501 5841 1712 5919 praesentium
1729 5848 1838 5902 tenore

1095 5948 1125 6002 et
1146 5937 1330 6001 auctoritate
1350 5934 1495 6015 praefata,
1513 5933 1679 5996 statuimus
1701 5940 1731 5996 et
1752 5949 1838 5994 man-

1767 560 1825 622 tul
1875 561 1928 614 nn.
1944 563 1973 616 c.
1995 529 2063 614 rato
