4828 6990
72 553 119 606 ιιι.
131 551 160 602 d.
180 547 251 600 1748

284 680 351 742 sine
382 680 557 744 animarum
594 681 782 745 detrimento
809 688 861 744 aut
892 681 1029 762 periculo

283 775 400 835 servari
422 790 511 853 posse
532 775 685 851 videatur,
710 776 741 838 in
764 782 909 855 promptu
924 775 963 836 sit
978 791 1030 854 op·

285 876 437 946 portunao
456 869 693 947 dispensationis
708 878 739 932 et
754 869 968 946 indulgentiae
983 884 1030 931 re-

284 960 383 1024 media
407 962 645 1026 occurrentibus
669 962 903 1028 necessitatibus
927 961 1029 1024 admo-

284 1069 369 1116 vere.

63 1152 264 1256 affirmari-¹
325 1147 404 1212 Sane
425 1149 607 1212 iamdudum
628 1147 758 1212 Sanctus
783 1149 915 1212 Thomas
936 1147 1030 1226 Aqui·

67 1263 121 1326 natvs
138 1271 181 1318 pro
197 1217 265 1305 2011-
284 1261 339 1308 nas
360 1244 537 1307 scholarum
562 1245 716 1324 princeps,
739 1243 885 1308 ecelesiae
910 1243 1027 1315 doctor,

68 1313 265 1418 ξξὲξῖἳῗξξὲἶᾱιζ
284 1337 320 1399 in
341 1339 565 1417 supplemento
583 1339 701 1402 tertiae
716 1336 828 1401 Partis
849 1340 970 1416 quaeat.
993 1337 1025 1406 8,

70 1424 123 1473 lev.
283 1437 349 1495 art.
372 1433 395 1493 4
415 1434 456 1496 ad
477 1438 617 1504 sectam,
639 1432 706 1494 sive
728 1432 763 1494 in
777 1438 932 1509 qnartnnt
956 1431 1029 1494 Sea-

285 1527 479 1602 lentiorem,
504 1544 542 1589 ex
567 1543 628 1606 quo
656 1525 881 1588 commentario
907 1526 1029 1587 desum-

282 1627 373 1699 ptum
400 1627 446 1682 est
473 1619 652 1690 huiusmodi
677 1619 948 1697 Sopplementnnt,
973 1617 1029 1680 hoc

275 1713 494 1792 superioribus
525 1713 684 1775 monitum
714 1712 814 1787 dedit,
838 1720 873 1775 ut
900 1710 1029 1773 subditis

282 1808 358 1882 suis,
382 1807 493 1886 quibus
524 1815 644 1870 certum
676 1815 708 1869 et
729 1806 858 1868 unicum
880 1803 1029 1867 contessa-

282 1901 368 1964 rium
388 1900 552 1978 designare
573 1899 685 1976 solent,
708 1900 787 1962 baud
810 1897 974 1962 difficulter
996 1896 1029 1957 li·

282 1995 419 2056 centiam
440 1993 610 2056 concedant
635 1991 804 2056 consstendi
829 1998 949 2070 peccata
975 2006 1030 2052 sua

282 2086 372 2149 alteri
393 2087 561 2162 sacerdoti3
584 2094 746 2166 propterea
764 2085 844 2165 quod
867 2084 960 2146 multi
979 2085 1030 2145 in-

257 2241 261 2248 ,
283 2179 366 2242 firmi
388 2187 420 2242 et
441 2179 611 2242 imbecilles
627 2181 730 2241 animo
746 2179 960 2258 reperiuntur,
976 2176 1029 2256 qui

282 2273 386 2352 potius
417 2274 571 2350 eligerent
595 2273 663 2336 sine
690 2271 901 2335 sacramentali
929 2271 1029 2348 expia-

283 2365 369 2428 tione
389 2381 427 2428 ιιι
449 2367 506 2430 bac
526 2367 589 2428 vita
611 2368 863 2445 migrare,quam
885 2366 947 2445 ipsa
963 2380 1030 2443 pec-

282 2466 348 2522 cata
368 2468 454 2522 certo
474 2459 564 2522 alicui
591 2460 740 2523 sacerdoti
762 2477 778 2521 a
799 2459 957 2538 superiore
978 2456 1031 2518 de-

282 2553 404 2632 signato
425 2555 556 2633 aperire.
580 2555 641 2616 lam
664 2569 738 2616 vero
752 2552 935 2615 sacrosancti
951 2551 1029 2614 Con·

283 2648 347 2710 oilii
368 2647 544 2712 Tridentini
566 2657 666 2727 patres
682 2650 760 2710 banc
774 2649 877 2726 legem
893 2645 1028 2709 districte

75 2763 265 2826 pqerarumepn
283 2749 468 2819 sanxerunt,
487 2741 566 2806 Sese.
581 2741 635 2816 25,
654 2758 722 2820 cap.
739 2743 791 2816 10,
809 2742 844 2805 de
859 2739 1027 2820 aepulae,

65 2814 265 2932 ῗξιῑᾱξὲξῗέἧῗξᾷ
284 2843 320 2898 ut
342 2835 496 2916 Episcopi,
518 2835 631 2940 aliique
660 2837 923 2940 monasteriorum
944 2850 1028 2939 prae·

66 2925 161 3022 ξξόοιῑῑῑ
175 2927 223 2978 ¹⁰¹2
236 2933 264 2968 ¹¹¹
285 2929 349 3006 lati,
368 2931 515 2994 subiectis
529 2931 586 2992 sibi
602 2929 786 2994 monialibus
807 2929 1028 3004 confessarium

284 3024 578 3100 extraordinarium,
592 3024 709 3087 duabus
730 3031 783 3086 aut
798 3023 896 3085 tribus
912 3022 1028 3086 vicibus

284 3118 316 3180 in
336 3117 477 3196 singulos
498 3133 613 3192 annos,
636 3118 784 3186 exhibere
804 3116 950 3194 debeaot3
975 3132 1028 3196 per

283 3213 356 3274 baec
377 3211 487 3273 verba:
522 3210 656 3274 Praeter
685 3210 889 3274 ordinarium
918 3215 1028 3272 antem

283 3305 501 3385 confessorem,
525 3304 613 3367 alins
628 3303 916 3366 entraordinavins
932 3301 970 3366 ab
987 3301 1027 3364 E-

281 3397 418 3477 piscapa,
443 3404 504 3460 ant
525 3396 602 3459 aliis
633 3395 867 3475 respectoribus,
897 3395 944 3460 bia
966 3403 1027 3459 ant

284 3498 333 3554 ter
355 3491 389 3552 in
410 3507 508 3563 anno,
525 3490 694 3571 offeratur,
713 3491 767 3570 qni
791 3491 933 3553 ananiam
955 3507 1027 3552 con-

282 3587 434 3666 sessiones
449 3585 566 3648 andire
581 3582 700 3647 debeat.
719 3583 803 3659 Quod
820 3583 945 3664 quidem
963 3599 1026 3646 non

282 3679 339 3741 alia
361 3680 399 3742 de
418 3694 508 3742 causa
522 3678 745 3757 praescriptum
761 3677 831 3754 luit,
847 3693 940 3756 quam
955 3679 1027 3757 quia

281 3774 353 3836 satis
375 3773 530 3835 constabat
550 3771 717 3834 nonnullas
732 3771 894 3850 aliquando
909 3772 1028 3834 monia·

283 3866 326 3928 les
340 3881 418 3939 esse,
431 3880 510 3943 quae
525 3863 611 3926 nulla
628 3865 748 3927 ratione
762 3864 870 3926 adduci
885 3871 1025 3943 possunt,

283 3969 318 4023 ut
339 3959 459 4037 aliquod
481 3965 641 4037 peccatum
663 3974 754 4020 suum
777 3958 933 4020 ordinario
954 3975 1027 4020 con-

283 4053 407 4116 tessaria
428 4052 652 4127 confiteantur;
676 4051 750 4113 adeo
766 4060 801 4115 ut
823 4067 948 4114 necesse
962 4069 1027 4114 om-

284 4148 359 4210 nino
380 4146 432 4222 sit,
454 4145 581 4208 alterius
608 4145 784 4208 confessarii
812 4147 928 4225 copiam
954 4147 1027 4225 ipsis

282 4246 465 4319 suppetere,
489 4247 524 4302 ut
545 4241 623 4318 apud
646 4240 730 4302 hunc
751 4241 789 4302 de
814 4241 942 4318 peccatis
963 4241 1027 4303 suis

283 4335 418 4411 integre,
440 4333 512 4408 rite,
534 4340 625 4410 atque
652 4333 771 4396 utiliter
798 4333 939 4395 confiteri
960 4349 1026 4412 pos·

282 4429 356 4504 sint.
380 4427 411 4489 ld
434 4427 535 4505 ipsum
550 4427 643 4504 probe
661 4425 880 4490 animadvertit
895 4443 1027 4504 magnus

75 4528 198 4576 somus
208 4531 266 4575 Bor·
284 4521 437 4586 Ecclesiae
452 4521 505 4582 liei
520 4521 658 4582 sacerdos
673 4520 802 4583 Sanctus
814 4521 940 4583 Carolus
955 4522 1027 4583 Bor-

68 4584 1027 4693 ffiffiffimfflmmfflmmmmmt

68 4693 136 4746 urget
283 4709 507 4772 absolutionem
520 4724 577 4787 ope
588 4724 643 4770 sua
658 4707 828 4787 plurimum
844 4709 935 4780 iuvit,
948 4710 1029 4771 eius·

284 4819 343 4883 que
366 4802 583 4866 executionem
611 4809 642 4862 et
663 4801 893 4863 observantiam
915 4803 947 4863 in
973 4818 1027 4864 sua

283 4896 502 4960 Mediolanensi
517 4895 641 4958 civitate
653 4901 684 4956 et
696 4896 865 4974 provincia,
882 4911 945 4958 nou
960 4895 1028 4958 sine

284 4992 446 5055 immensis
472 4990 627 5052 laboribus
654 4997 684 5051 et
712 4989 811 5065 curis,
839 4990 970 5051 invexit.
1000 4991 1027 5050 ls

282 5087 368 5148 enim
390 5085 445 5148 bac
460 5085 497 5146 de
512 5099 546 5145 re
566 5083 722 5156 decrevit:
745 5082 916 5146 Praeterea
938 5098 1027 5160 snpe-

283 5181 396 5250 riarec‚
420 5193 458 5240 cor
480 5177 604 5239 decreta
627 5176 720 5240 Sacri
746 5177 928 5240 Tridentini
949 5177 1027 5240 Can·

283 5273 366 5345 ciiii,
389 5271 564 5350 quotannis
585 5271 735 5333 idonenvn
751 5273 958 5352 cortsassarent
972 5289 1027 5334 ec-

284 5365 546 5430 troordinarv'om
572 5363 769 5441 monialibus
789 5362 852 5427 sibi
873 5363 1027 5428 snbiectis

282 5457 467 5532 enbibeant,
491 5460 545 5538 qni
568 5464 693 5531 carent,
712 5465 749 5521 nt
765 5458 934 5521 noieevsae
956 5474 1026 5521 con·

282 5554 460 5633 piteontnr,
488 5559 527 5614 nt
554 5569 633 5629 qnae
664 5552 850 5615 huiusmodi
882 5553 1026 5632 indigent

283 5646 453 5719 medicina,
468 5656 600 5724 propter
621 5645 759 5726 oliqncnt
781 5646 941 5708 aconitum
956 5647 1026 5709 atti·

282 5757 352 5804 mae
372 5739 526 5813 merboto,
547 5757 644 5819 neqne
665 5742 751 5818 ipsae
771 5757 840 5804 earn
860 5741 1027 5818 postolare

282 5841 342 5898 ont
374 5833 516 5912 accipere
536 5833 576 5897 ob
601 5835 725 5898 esitato
756 5835 930 5914 consessore
958 5850 1026 5896 nnv-

284 5943 378 6007 qnam
401 5927 571 6000 aederent,
589 5925 722 5990 liberios
743 5927 861 5992 attederi
877 5927 946 5988 sais
961 5943 1026 5990 tna·

917 564 1113 615 Benedictus
1134 566 1197 610 xlv.

1753 546 1810 608 383
1861 548 1915 598 An.
1929 548 1958 599 C.
1981 551 2049 604 1748

1086 681 1126 744 lis
1154 684 1293 761 possint,
1319 701 1356 748 aa
1383 683 1502 748 diaboli
1533 684 1659 763 laqnecs
1687 682 1826 753 erodere,

1085 793 1153 839 nna
1179 793 1250 838 cnm
1279 778 1411 854 vellanis
1440 778 1635 858 confessario
1664 792 1742 838 aava
1769 793 1830 838 ona

1084 875 1214 950 peccata
1236 870 1424 950 confitendo,
1442 871 1487 934 uti
1508 871 1611 948 legere
1626 877 1672 932 est
1687 871 1723 931 in
1740 869 1829 932 Actis

1087 963 1246 1026 Ecclesiae
1268 963 1524 1038 Mediolanenses,
1558 963 1719 1041 inpressis
1746 976 1830 1024 anno

1019 1077 1021 1084 ’
1086 1073 1220 1120 unxcrx.
1237 1073 1309 1138 pap.
1327 1057 1394 1130 53„
1408 1059 1443 1119 in
1456 1058 1607 1120 Editiaae
1622 1061 1731 1120 anteat
1746 1054 1829 1134 Laq-

1086 1150 1224 1214 dnnenri
1246 1158 1320 1214 tata.
1348 1154 1376 1224 1,
1400 1167 1472 1230 paq.
1495 1151 1549 1212 46.

1126 1244 1219 1308 Porro
1241 1246 1429 1324 quicumque
1447 1245 1618 1309 concilieris
1632 1245 1747 1308 decreti
1760 1260 1830 1307 sen·
1862 1258 2062 1328 deputationu-

1085 1356 1137 1400 sus
1158 1339 1281 1418 penitus
1302 1341 1532 1418 introspexerit,
1556 1356 1618 1402 non
1641 1341 1730 1402 modo
1751 1338 1832 1401 salu·
1848 1311 2063 1428 ffiiss'faffiffffifli

1086 1440 1184 1495 tarem
1206 1432 1289 1494 illius
1310 1433 1537 1510 providentiam
1560 1433 1647 1496 lacile
1668 1441 1829 1510 agnoscet3
1849 1418 1970 1466 uterinus.

1085 1525 1138 1588 sed
1159 1533 1189 1588 et
1211 1527 1464 1606 circumspectam
1483 1527 1620 1590 eiusdem
1642 1527 1830 1606 aequitatem

1086 1618 1192 1680 mirari
1208 1619 1341 1683 debebit.
1365 1619 1581 1699 Superioribus
1596 1621 1683 1681 enim
1696 1627 1830 1682 tantum·

1086 1712 1176 1786 modo
1198 1711 1388 1790 iniungitur,
1409 1722 1455 1789 ut,
1472 1713 1589 1777 duabus
1604 1713 1743 1776 tribusve
1757 1713 1831 1775 vici·

1086 1805 1142 1867 bus
1164 1806 1243 1868 inira
1264 1822 1394 1882 annum,
1417 1805 1637 1869 confessarium
1662 1807 1833 1869 extraordi-

1085 1899 1208 1960 narium
1224 1899 1410 1962 monialibus
1425 1900 1606 1976 exhibeant3
1630 1896 1677 1962 bis
1699 1904 1759 1963 ant
1783 1903 1831 1960 ter

1086 1991 1122 2054 in
1142 2009 1227 2055 anno
1249 1991 1416 2072 afferatur.
1441 1993 1621 2056 Huiusmodi
1639 2001 1743 2056 autem
1758 2008 1832 2054 con-

1085 2086 1228 2164 fessarius
1250 2087 1376 2150 iubetur
1389 2104 1496 2150 earum
1511 2087 1653 2149 omnium
1667 2086 1831 2150 contessio-

1085 2195 1140 2258 nes
1161 2180 1314 2258 excipere,
1327 2188 1479 2260 quotquot
1500 2181 1601 2244 eidem
1622 2181 1764 2244 confiteri
1780 2196 1832 2241 ve-

1086 2272 1161 2334 lint:
1189 2274 1250 2348 Qui
1266 2275 1408 2336 ariniara
1425 2274 1635 2354 consessiones
1650 2273 1765 2336 andire
1781 2273 1830 2334 dc·

1086 2363 1166 2430 beat.
1198 2367 1306 2446 Neque
1335 2376 1439 2430 tamen
1467 2368 1614 2430 omnibus
1640 2374 1671 2430 et
1698 2366 1829 2444 singulis

1085 2461 1270 2524 monialibus
1292 2462 1490 2540 praecipitur,
1512 2469 1547 2524 ut
1569 2467 1688 2540 peccata
1708 2476 1762 2522 sua
1777 2475 1829 2521 ex-

1085 2553 1289 2616 traordinario
1326 2555 1476 2617 sacerdoti
1512 2556 1706 2618 confiteatur.
1744 2552 1828 2616 Nibil
1887 2565 1956 2616 Quae
1976 2562 2060 2626 spiam

1084 2621 2061 2734 awmmfflmmmmmmfflfflffib

1085 2740 1219 2804 naslerio
1239 2741 1436 2818 degentibus,
1455 2749 1517 2803 tam
1530 2741 1646 2804 scilicet
1660 2757 1676 2800 a
1690 2739 1829 2818 superio·
1847 2728 1992 2771 ⁰⁰⁰⁸¹⁵⁸⁰¹⁰·

1084 2831 1169 2907 risse,
1193 2833 1383 2911 caeterisque
1403 2833 1588 2896 monialibus
1609 2830 1763 2912 prolessis,
1785 2836 1829 2892 at-

1084 2941 1145 3005 que
1175 2926 1317 3002 novitiis,
1343 2942 1436 3006 quam
1464 2943 1480 2988 a
1505 2927 1729 3002 saecularibus,
1751 2941 1829 3004 quae

1084 3017 1135 3080 vel
1157 3018 1347 3082 educationis
1374 3037 1480 3096 causa,
1507 3021 1556 3097 vel
1581 3021 1641 3082 alio
1663 3020 1772 3096 titulo,
1796 3020 1827 3081 in

1084 3111 1192 3174 eodem
1214 3115 1402 3176 monasterio
1416 3132 1489 3177 cum
1504 3114 1615 3177 debitis
1633 3113 1829 3176 facultatibus

1083 3215 1327 3282 commorantur,
1351 3207 1411 3269 nisi
1433 3215 1467 3270 ut
1492 3208 1735 3271 extraordinario
1756 3224 1827 3270 con-

1083 3297 1207 3360 lessario
1227 3299 1368 3378 singulae
1389 3301 1562 3377 resistant,
1588 3301 1654 3363 sive
1675 3302 1711 3364 ad
1731 3317 1828 3363 sacra·

1083 3392 1253 3469 mentalem
1285 3394 1509 3458 contessionem
1541 3397 1621 3475 apud
1652 3397 1770 3476 ipsum,
1802 3395 1828 3456 si

1083 3487 1245 3566 placuerit,
1279 3488 1501 3567 peragendam,
1530 3490 1597 3552 sive
1623 3489 1660 3551 ad
1684 3491 1828 3555 salutaria

1082 3583 1219 3659 monita,
1249 3584 1343 3647 etiam
1363 3591 1450 3646 extra
1479 3586 1734 3648 sacramentalem
1755 3604 1827 3650 con·

1083 3679 1265 3755 lessionem,
1288 3681 1325 3741 ab
1348 3678 1413 3758 ipso
1445 3678 1629 3758 accipienda.
1664 3680 1764 3759 Atque
1786 3682 1828 3746 ita

1082 3771 1324 3852 prudentissime
1339 3771 1516 3834 consultum
1530 3780 1587 3848 est,
1604 3789 1655 3848 ne,
1668 3774 1694 3835 si
1710 3775 1829 3837 monia·

1083 3866 1126 3928 les
1154 3866 1275 3944 aliquae
1304 3865 1585 3928 extraordinarium
1607 3865 1827 3930 confessarium

1083 3959 1215 4034 adirent,
1228 3959 1302 4021 aliae
1324 3964 1426 4019 autem
1449 3975 1551 4020 coram
1574 3959 1639 4038 ipso
1660 3976 1724 4021 non
1745 3976 1827 4023 com·

1082 4059 1243 4131 parerent,
1272 4050 1460 4130 suspiciones
1493 4059 1584 4130 atque
1616 4052 1828 4116 oblocutiones

1083 4146 1309 4221 excitarentur3
1332 4151 1363 4206 et
1384 4144 1455 4206 illae
1477 4145 1603 4222 quidem
1625 4154 1828 4209 censerentur

1083 4238 1265 4302 necessarias
1286 4237 1428 4316 habuisse
1446 4254 1560 4314 causas,
1577 4239 1615 4300 ob
1629 4255 1703 4317 quas
1725 4240 1760 4300 ad
1777 4255 1828 4301 ex·

1083 4331 1278 4394 traordinarii
1292 4346 1384 4409 opem
1397 4330 1567 4408 confugere
1580 4340 1699 4395 coactae
1713 4339 1826 4410 essent3

1082 4425 1157 4487 aliae
1179 4441 1253 4486 vero
1275 4424 1312 4485 ab
1340 4425 1516 4486 huiusmodi
1538 4423 1771 4488 necessitatibus
1797 4434 1828 4488 et

1083 4517 1180 4582 causis
1195 4519 1352 4580 immunes
1367 4516 1589 4580 iudicarentur.
1606 4519 1702 4594 Quam
1717 4520 1828 4597 agendi

1082 4612 1236 4674 rationem
1251 4612 1411 4674 coutmuni
1432 4612 1592 4674 doctorum
1615 4613 1730 4675 calculo
1745 4629 1829 4676 com-

1083 4702 1251 4780 probatam,
1273 4719 1338 4764 san.
1363 4719 1458 4764 mem.
1486 4703 1701 4767 Praedeeessor
1723 4711 1829 4766 noster

1084 4797 1227 4860 Clemens
1259 4797 1335 4874 Papa
1368 4798 1421 4860 ill.
1451 4797 1551 4859 etlicto
1579 4814 1635 4860 suo
1661 4795 1759 4878 (quod
1781 4805 1828 4860 est
1885 4821 2058 4884 restiteras-

1085 4891 1145 4952 Xl'.
1170 4890 1206 4952 in
1226 4889 1365 4952 secanda
1379 4895 1472 4968 parce
1494 4889 1596 4968 ipsias
1609 4889 1767 4971 Baliaris)
1781 4891 1826 4953 in·
1845 4874 2059 4984 fflmssssffiffl

1084 4984 1269 5047 violabiliter
1290 4985 1406 5047 servari
1432 4985 1601 5061 mandavit,
1623 4984 1826 5064 eamdemque
1844 4981 2058 5084 fflfflssffnffiss

1083 5079 1226 5140 omniurn
1256 5077 1445 5140 dioecesium
1475 5082 1666 5142 consuetudo
1697 5080 1824 5158 recepit.
1844 5089 1945 5136 navares.

1084 5171 1146 5233 Nec
1167 5171 1246 5233 aliud
1276 5171 1364 5232 nobis
1391 5172 1447 5233 hac
1467 5171 1500 5233 in
1523 5188 1557 5233 re
1581 5171 1756 5234 addendum
1777 5188 1827 5232 su·

1083 5275 1196 5346 peresi,
1220 5265 1278 5327 nisi
1306 5271 1341 5326 ut
1362 5265 1553 5327 venerabiles
1575 5265 1684 5327 iratres
1705 5274 1827 5327 nostros

1083 5361 1278 5422 ecclesiarum
1291 5359 1453 5422 Antistites
1474 5361 1567 5422 enixe
1588 5361 1762 5435 hortemur,
1779 5367 1825 5436 ut,

1083 5453 1225 5532 quamvis
1247 5453 1428 5516 Tridentina
1444 5454 1586 5532 Synodus
1601 5454 1638 5515 de
1659 5455 1731 5517 solis
1746 5455 1827 5516 clau-

1082 5544 1227 5608 stralibus
1249 5545 1433 5608 monialibus
1455 5545 1487 5606 in
1510 5547 1678 5624 praemisso
1704 5549 1827 5610 decreto

1084 5639 1239 5719 loquatur,
1262 5638 1466 5719 nibilominus
1487 5641 1628 5703 eamdem
1649 5640 1828 5718 disciplinae

1082 5733 1212 5795 iormarn
1235 5733 1418 5808 observent,
1444 5742 1504 5795 tam
1526 5749 1598 5797 cum
1623 5732 1688 5795 aliis
1710 5735 1829 5796 monia-

1083 5827 1173 5902 libus,
1189 5842 1268 5904 quae
1289 5827 1359 5888 licet
1380 5825 1539 5889 clausurae
1555 5826 1675 5904 legibus
1697 5829 1828 5890 minime

1081 5921 1242 5983 adstrictae
1264 5920 1338 5996 sint,
1360 5920 1393 5980 in
1415 5921 1640 5982 communitate
1662 5929 1767 5984 tamen
1783 5923 1828 5984 vi-
