4708 6978
364 547 464 605 ιιι.
486 551 554 604 1746
602 547 660 610 ulit
1104 562 1168 607 run.
1193 563 1283 608 noar.
1308 563 1348 608 on
1371 563 1399 608 e.
1422 563 1451 610 r.
1477 563 1558 610 onas
1581 563 1601 606 ι.
2163 551 2216 600 nn.
2231 550 2259 602 C.
2280 553 2335 607 illu

1385 683 1490 762 possit,
1512 692 1728 763 praeterquam
1751 683 1783 746 in
1804 683 1934 748 articulo
1956 685 2076 762 mortis,
2091 684 2132 748 ab

1384 775 1456 853 alio,
1478 793 1674 857 quacumque
1695 777 1788 840 etiam
1810 779 1962 856 dignitate
1976 779 2129 857 fulgente,

1384 869 1433 932 rel
1454 871 1636 933 auctoritate
1665 871 1805 947 suliulto,
1837 871 1898 934 nisi
1912 869 1934 933 'a
1956 873 2056 950 nobis,
2078 875 2131 937 vel

772 937 879 989 mm
901 935 1055 989 mrum
1078 918 1142 1002 Μ’
1355 987 1357 1044 l
1384 979 1439 1042 pro
1461 972 1601 1043 tempore
1627 966 1781 1050 existente
1809 965 1947 1029 Romano
1969 967 2129 1044 Pontifice,

721 1040 759 1110 ud
779 1041 909 1110 loturam
932 1041 977 1110 roi
1003 1041 1185 1110 memoriam.
1354 1080 1357 1161 3
1383 1057 1511 1120 absolvi.

363 1221 366 1226 ,
1354 1168 1356 1238 2
1424 1151 1462 1214 Et
1483 1151 1554 1230 quia
1587 1168 1650 1214 non
1682 1154 1773 1217 modo
1804 1155 1977 1218 cavendum
2003 1162 2059 1229 est,
2081 1163 2129 1234 ut,
2179 1164 2336 1226 strumum

354 1255 484 1320 ,natatus
500 1254 564 1302 arros
622 1246 680 1312 Ubi
711 1248 848 1327 primum
874 1247 912 1309 de
942 1261 1086 1325 perversa
1114 1245 1263 1327 quadam,
1296 1251 1327 1308 et
1355 1242 1356 1269 ¹
1382 1260 1462 1323 quae
1492 1253 1602 1308 strata
1628 1246 1715 1309 nobis
1742 1248 1774 1310 in
1803 1249 2001 1327 praeinsertis
2033 1249 2130 1314 literis
2152 1225 2336 1316 {pgffigsconnao

352 1311 565 1412 ιιιιῗιιῖἷιῖιᾞιῗ
582 1340 711 1405 absurda
732 1341 817 1420 praxi
838 1341 872 1403 in
894 1339 1091 1404 Sacramento
1116 1337 1327 1404 Poenltenxiae
1353 1311 1356 1371 ¹
1383 1337 1515 1414 decreta,
1538 1339 1576 1401 ab
1596 1341 1681 1402 omni
1699 1340 1944 1420 impugnatione,
1959 1345 2132 1407 contradic-

352 1426 421 1464 ω’·
582 1433 824 1513 administrando
845 1433 922 1514 apud
944 1434 1113 1499 nonnullos
1127 1431 1326 1498 confessarios
1385 1431 1480 1506 tione,
1496 1449 1651 1513 pravaque
1672 1435 1929 1514 interpretatione
1950 1438 2031 1500 salva
2053 1439 2129 1514 sint,

582 1529 615 1591 in
637 1528 840 1606 Portngalliae
862 1535 893 1591 et
913 1527 1133 1606 hlgarbiorum
1155 1528 1260 1605 regnis
1278 1526 1325 1590 in·
1353 1570 1355 1601 ,
1383 1531 1413 1586 ιι
1434 1526 1605 1604 immunia,
1629 1526 1740 1591 v'erurn
1762 1529 1854 1592 etiam
1878 1531 2006 1610 nequis
2028 1531 2060 1595 in
2077 1531 2130 1595 Sa·

581 1621 701 1686 troduci
721 1630 838 1703 coepta,
860 1637 923 1685 non
945 1621 1013 1685 sine
1036 1622 1134 1685 animi
1155 1620 1253 1684 nostri
1275 1621 1326 1683 do·
1353 1630 1355 1681 l
1382 1620 1532 1682 crementi
1560 1621 1771 1686 Poenitentiae
1803 1623 2072 1688 administratione
2091 1626 2131 1688 ab

581 1715 658 1792 lore,
681 1715 831 1780 nuntium
855 1715 1038 1793 accepimus,
1056 1731 1118 1778 non
1140 1715 1201 1777 levi
1223 1713 1326 1794 aliquo
1352 1732 1354 1779 ι
1381 1726 1491 1774 eorum
1512 1714 1689 1776 omnimoda
1709 1715 1903 1780 observantia
1917 1735 2066 1797 umquam
2082 1737 2130 1783 re·

581 1808 763 1888 incertoque
793 1824 919 1872 rumore
940 1807 976 1870 ad
998 1824 1054 1871 nos
1085 1809 1250 1888 perlatum,
1273 1809 1324 1870 sed
1352 1852 1354 1905 Ι
1381 1804 1482 1884 cedam
1506 1806 1617 1870 idcirco
1639 1809 1785 1873 omnibus
1807 1817 1837 1874 et
1858 1811 1990 1888 singulis
2010 1812 2132 1876 contes-

581 1902 622 1965 ita
644 1902 789 1980 gravibus
814 1902 980 1982 solidisque
1005 1903 1215 1966 fundamentis
1244 1901 1326 1964 inni·
1352 1910 1354 1939 ²
1381 1900 1465 1962 seriis
1487 1901 1650 1981 utriusque
1672 1902 1745 1966 cleri
1768 1911 1829 1966 tam
1844 1905 2018 1982 saecularis,
2034 1922 2129 1985 quarn

580 2011 668 2070 xum,
691 2003 725 2058 ut
745 1996 931 2075 prudentem
953 1997 1085 2059 omnino
1107 1996 1200 2060 tidem
1222 1997 1260 2058 de
1274 2013 1325 2075 pe·
1380 1993 1544 2070 regularis,
1557 1997 1760 2074 quantumvis
1774 1997 1924 2077 exempti,
1937 2008 1969 2061 et
1983 2015 2131 2079 quacum·

580 2089 670 2153 riculi
690 2104 762 2152 cum
783 2090 926 2166 veritate,
950 2097 1017 2153 lum
1040 2090 1268 2170 magnitudine,
1285 2089 1326 2152 ia·
1380 2103 1441 2166 que
1459 2089 1583 2166 speciali
1600 2097 1631 2150 et
1650 2104 1791 2169 expressa
1807 2092 1967 2154 mentione
1982 2092 2053 2155 alias
2068 2092 2131 2155 ior-

579 2189 704 2260 cerent3
719 2183 968 2261 praetermittere
983 2199 1046 2246 non
1060 2184 1232 2261 potuimus,
1247 2184 1325 2262 quin
1351 2203 1354 2333 1
1381 2189 1459 2242 tasse
1480 2182 1674 2259 nominandi,
1703 2185 1841 2261 graviter
1859 2192 1891 2247 et
1912 2186 2062 2261 districte,
2084 2187 2130 2248 di·

578 2277 740 2352 continuo,
766 2276 844 2340 datis
870 2277 906 2339 ad
928 2276 1120 2340 venerabiles
1144 2275 1254 2340 iratres
1275 2292 1325 2341 eo·
1380 2273 1446 2335 tini
1469 2274 1724 2338 interminatione
1752 2277 1868 2355 indicii,
1897 2287 1989 2360 atque
2011 2280 2044 2342 in
2066 2281 2130 2342 rir-

578 2369 723 2432 rumdem
745 2385 915 2448 regnorum
936 2385 968 2432 ac
989 2369 1144 2433 ditionum
1166 2369 1324 2448 hrchiepi-
1352 2352 1353 2373 ¹
1382 2374 1448 2430 tute
1467 2375 1589 2431 sanctae
1610 2370 1815 2445 obedientiae,
1839 2371 2051 2450 prohibemus,
2073 2389 2127 2448 ne,

577 2477 683 2541 scopos
702 2469 734 2524 et
755 2463 919 2543 Episcopos
939 2462 1110 2541 apostolicis
1129 2463 1242 2526 nostris
1258 2463 1325 2525 lite·
1379 2459 1582 2524 conformiter
1596 2464 1632 2524 ad
1648 2464 1836 2542 praedictam
1851 2466 2044 2544 reprobatam
2060 2482 2129 2544 pra·

578 2554 633 2630 ris,
654 2556 829 2618 remedium
850 2556 989 2620 nascenti
1010 2555 1091 2618 malo
1112 2571 1205 2634 quam
1221 2571 1324 2635 prom·
1351 2507 1353 2595 4
1380 2553 1457 2628 xlm,
1480 2555 1686 2632 poenitentes,
1709 2557 1762 2636 qui
1791 2567 1950 2636 peccatum
1981 2574 2037 2622 seu
2068 2559 2128 2621 cri·

389 2657 479 2722 attans
500 2659 562 2705 san·
578 2648 718 2727 ptissime
738 2648 966 2714 adhiberemus.
990 2649 1106 2712 Earum
1128 2665 1202 2710 tero
1222 2650 1323 2712 litera·
1350 2640 1353 2747 l
1379 2659 1453 2708 men
1476 2647 1609 2726 aliquod,
1633 2650 1720 2712 cuius
1742 2651 1860 2713 socium
1882 2660 1935 2713 aul
1956 2652 2053 2715 socios
2075 2652 2128 2714 ha-

349 2710 562 2820 ii¹,⁵iq¹r¹1¹¹a¹ari'·2¹¹r¹ss
578 2757 651 2804 rum
672 2741 722 2806 die
747 2743 879 2822 septima
910 2743 1027 2806 mensis
1057 2741 1126 2805 iulii
1154 2743 1324 2822 superioris
1351 2760 1353 2853 ι
1380 2738 1515 2816 basuini,
1534 2742 1603 2818 ipsis
1620 2743 1650 2804 ln
1668 2743 1815 2806 tribunali
1831 2745 2040 2823 poenitentiae
2054 2761 2127 2808 con-

348 2819 486 2928 fflffl’
502 2831 561 2922 ,532
578 2836 652 2899 anni
673 2835 832 2898 millesimi
859 2835 1127 2915 septingentesimi
1156 2836 1322 2916 quadrage-
1350 2888 1352 2901 .
1379 2834 1537 2910 dieantur,
1561 2834 1754 2913 interrogare
1779 2847 1988 2917 praesumant,
2012 2843 2050 2902 de
2071 2855 2123 2901 no

347 2927 393 2974 ¹⁸¹·
577 2927 649 2990 siml
669 2929 773 3008 quinti
795 2929 959 3005 editarum,
981 2946 1056 3008 quas
1076 2929 1230 3009 praesenti
1252 2930 1323 2993 huic
1350 2918 1352 2979 l
1380 2925 1465 2988 mine
1483 2927 1555 2990 socii
1577 2943 1632 2990 seu
1655 2930 1823 3009 complicis,
1839 2930 1906 2994 loco
1921 2931 2124 3008 habitationis,

578 3027 699 3084 nostrae
720 3022 944 3088 constitutioni
968 3022 1149 3086 inserendas
1169 3023 1325 3088 existima·
1349 2992 1352 3099 ζ
1379 3019 1429 3081 ιιι
1449 3018 1515 3080 aliis
1536 3019 1716 3083 huiusmodi
1735 3022 1901 3099 adiunctis,
1912 3025 1977 3086 sire
1993 3027 2126 3089 circum·

578 3127 660 3191 mus,
683 3114 732 3178 hic
753 3123 843 3178 tenor
863 3125 948 3179 erat:
1349 3104 1352 3193 l
1377 3111 1510 3188 stantiis,
1519 3115 1749 3192 expressionem
1761 3117 1920 3196 magisque
1932 3117 2124 3182 individuam

1349 3198 1351 3289 l
1378 3205 1517 3268 eiusdem
1531 3206 1688 3286 complicis
1701 3208 1986 3274 manifestationem
2000 3227 2126 3277 concer-

751 3300 940 3364 Benedictus
962 3300 1052 3381 Papo
1074 3303 1152 3366 XIV.
1260 3333 1264 3342 ·
1349 3294 1351 3331 ¹
1378 3297 1542 3376 nentihus;
1564 3300 1666 3362 eidem
1687 3301 1871 3379 poenitenti,
1887 3303 1913 3364 si
1929 3303 2125 3370 manifestare

1377 3391 1530 3486 renuerit,
1552 3395 1806 3458 sacramentalem
1828 3396 2055 3461 absolutionem
2073 3399 2123 3460 de-

773 3486 968 3552 Veoerobilea
992 3491 1128 3572 fraires,
1378 3485 1538 3560 negando:
1555 3486 1691 3565 alioquin
1705 3489 1852 3554 noverint
1870 3505 1946 3566 sese,
1964 3491 2044 3554 ultra
2056 3509 2123 3571 pec·

596 3583 736 3646 sulutem
757 3586 788 3643 et
809 3581 1019 3662 apostolicum
1044 3583 1299 3652 benedictionem.
1349 3588 1351 3655 l
1377 3579 1436 3639 cati
1459 3579 1580 3642 lethalis
1609 3581 1784 3660 incussum,
1806 3585 2001 3661 SUSlQssSifflli
2022 3587 2059 3648 ab
2080 3585 2124 3648 θι-

1349 3658 1447 3763 :sscio
1478 3673 1702 3738 audiendarum
1732 3675 1975 3752 contessionem,
1997 3677 2123 3758 aliisque

617 3769 767 3851 Suprema
794 3772 936 3837 omnium
963 3772 1162 3838 ecclesiarum
1186 3775 1324 3840 sonaim.
1349 3816 1351 3865 ζ
1377 3767 1471 3829 etiam
1486 3768 1809 3847 gravioribuspoenis,
1824 3770 2120 3836 ioresubiioiendos.

576 3864 628 3941 do,
651 3865 787 3950 etc.'(l).
996 3917 998 3922 .
1349 3868 1351 3921 l
1417 3860 1587 3937 Praeterea,
1597 3866 1743 3940 quoniam
1755 3873 1861 3927 contra
1873 3867 2054 3928 damnatum
2066 3869 2122 3928 hu·
2142 3937 2174 3982 de
2178 3885 2252 3982 [ιῶιῶ
2256 3895 2332 3982 [Regi-dri-

396 3966 559 4031 confirmatio
617 3963 678 4041 §L
696 3963 860 4044 Huspol'l'o
875 3981 931 4028 nos
948 3963 1322 4028 literasiniormabrevis
1348 3938 1350 3983 ἶ
1377 3954 1509 4017 iusmOdi
1541 3955 1700 4044 emialffim
1731 3958 1871 4036 abusuffls
1899 3975 1939 4021 ¹¹⁰
1964 3975 2036 4022 cum
2057 3976 2122 4022 ΜΠ·
2141 3990 2333 4047 ctosdelinquoo·

346 4020 451 4120 ⁰125le
454 4031 493 4067 ⁰¹¹¹
505 4020 559 4068 '¹²⁶'
576 4063 652 4120 tunc
668 4057 750 4119 datas
765 4059 881 4122 iterum
897 4058 1105 4137 praesentibus
1121 4059 1234 4120 nostris
1248 4075 1321 4122 con·
1347 4024 1350 4119 Ι
1376 4065 1498 4112 mirum
1520 4051 1656 4130 pernicie
1681 4051 1797 4114 millies
1818 4061 1897 4130 agat,
1921 4069 2046 4116 necesse
2067 4055 2123 4115 du·
2141 4047 2189 4100 ‘⁶⁵’

576 4149 736 4213 firmamus
757 4158 788 4214 gt
816 4152 1007 4228 roboramus,
1029 4167 1142 4231 easque
1163 4150 1200 4213 gl)
1221 4151 1322 4214 omni.
1347 4204 1350 4229 ι
1376 4142 1475 4204 cliniis
1505 4147 1633 4208 modum
1661 4161 1694 4207 dc
1722 4145 1852 4206 formam
1884 4147 1979 4208 eliam
2002 4147 2033 4208 in
2055 4145 2121 4208 fOI'O

575 4243 631 4306 bus
652 4251 683 4306 et
703 4245 834 4323 singulis
863 4245 996 4310 fideliter
1023 4253 1190 4324 exactoque
1218 4245 1321 4307 obser-
1347 4234 1349 4391 Ι
1376 4243 1506 4301 externo
1539 4240 1735 4317 procedendi,
1758 4249 1789 4302 et
1818 4240 1944 4303 ultrices
1975 4242 2121 4305 adversus

574 4337 640 4399 vari
661 4337 855 4416 iniungimus
875 4347 967 4419 atque
987 4339 1202 4420 praecipimus.
1347 4400 1349 4417 Ι
1376 4346 1444 4392 reos
1465 4347 1578 4410 poenas
1598 4333 1790 4412 imponendi,
1804 4343 1939 4397 statuere
1960 4342 2053 4414 alque
2073 4351 2121 4398 or-

324 4421 327 4426 '
374 4437 403 4482 m
417 4445 514 4492 poenae
529 4436 555 4482 tn
616 4434 793 4498 statuentes
825 4435 963 4514 insuper,
985 4451 1018 4496 30
1045 4432 1262 4509 decernentes,
1286 4441 1321 4496 uc
1347 4462 1349 4516 2
1375 4423 1499 4505 clinare,
1532 4445 1702 4508 omnesque
1733 4443 1827 4507 super
1857 4427 1914 4491 hoc
1936 4430 2120 4505 exorituras,

345 4490 558 4598 dimili
575 4529 766 4606 quicumque
796 4528 931 4591 cuiusvis
961 4534 1069 4603 status,
1100 4527 1222 4605 greum,
1248 4542 1320 4589 con·
1346 4517 1349 4613 l
1376 4519 1540 4583 ueletiam
1563 4521 1623 4584 iam
1648 4529 1780 4598 exortas,
1803 4522 2010 4585 dissensiones
2037 4537 2121 4585 com·

345 4595 558 4708 fllfgissssgffl?
575 4619 713 4698 ditionis,
741 4622 900 4700 dignitatis
922 4628 952 4684 et
980 4621 1109 4695 ordinis,
1136 4619 1231 4683 etiam
1253 4637 1320 4700 spe·
1375 4629 1489 4690 ponere
1512 4621 1543 4675 et
1565 4616 1689 4694 penitus
1704 4624 1879 4694 amputare3
1896 4615 2053 4692 volumus,
2069 4617 2120 4678 de-

575 4715 643 4779 ciali
663 4722 693 4779 et
709 4715 878 4791 individua,
894 4714 929 4776 ad
944 4715 1090 4776 edoctum
1105 4720 1140 4776 nt
1161 4715 1244 4777 hisce
1265 4729 1319 4776 no·
1345 4665 1348 4783 ι
1374 4708 1532 4770 cernimus
1546 4723 1580 4770 ac·
1595 4710 1795 4785 declaramus,
1812 4709 1892 4789 quod
1912 4711 2069 4785 docentes,
2086 4717 2120 4773 ut

573 4810 646 4872 stris
672 4809 885 4889 praesentibus
910 4808 1206 4887 comprehendatur,
1231 4823 1318 4870 men·
1345 4800 1347 4863 l
1373 4815 1477 4878 supra,
1501 4801 1616 4865 licitam
1637 4817 1704 4865 esse
1724 4805 1845 4882 praxim
1861 4821 1876 4864 a
1892 4803 1980 4866 nobis
1997 4804 2057 4866 iam
2072 4819 2119 4866 re·

574 4903 661 4966 tione
680 4911 713 4965 et
733 4901 933 4982 expressione
950 4901 1048 4979 digni,
1064 4916 1156 4962 ausus
1171 4901 1204 4962 ln
1219 4909 1319 4980 poste·
1345 4868 1347 4953 l
1374 4894 1544 4972 probatam,
1567 4896 1617 4958 vel
1639 4897 1670 4959 in
1692 4897 1830 4960 eiusdem
1851 4897 1954 4977 praxis
1968 4896 2121 4960 detensio-
2138 4907 2327 5008 corrafflgggltgs

574 5013 645 5059 rum
667 4995 762 5059 luerit
783 4996 892 5059 docere
913 4993 1029 5058 licitam
1052 5009 1118 5056 esse
1139 4993 1318 5056 huiusmodi
1344 4998 1347 5055 l
1373 5002 1446 5050 nem
1467 4990 1637 5052 scribentes
1658 4999 1710 5053 aut
1725 4991 1898 5070 loquentes,
1916 4991 1965 5053 rel
1979 4989 2119 5053 eiusdem
2139 5017 2203 5062 mar,
2224 5015 2326 5068 incapa-

574 5090 705 5169 praxim,
735 5099 827 5168 prout
848 5106 883 5151 ea
904 5089 937 5151 in
965 5088 1061 5150 relato
1093 5093 1199 5150 nostro
1230 5086 1317 5150 brevi
1344 5058 1347 5099 ’
1373 5081 1624 5160 reprobationem
1646 5085 1677 5145 in
1700 5092 1871 5146 memorato
1903 5093 2010 5148 nostro
2030 5084 2118 5147 brevi
2138 5073 2227 5124 untes,

574 5184 743 5262 exponitur
762 5199 795 5245 ac
816 5181 1009 5262 reprobatur,
1032 5181 1082 5244 vel
1106 5179 1240 5244 scribere
1264 5187 1317 5241 aut
1372 5182 1550 5238 contentam
1579 5178 1810 5257 impugnantes,
1833 5185 1886 5242 aut
1906 5194 2050 5258 perverse
2072 5179 2118 5240 in·

573 5276 659 5356 loqui
680 5277 931 5356 praesumpserit,
947 5276 982 5338 ad
1002 5274 1141 5338 eiusdem
1156 5274 1316 5336 damnatae
1344 5256 1346 5335 l
1373 5276 1590 5348 terpretantes,
1612 5271 1645 5335 in
1667 5269 1767 5334 officio
1792 5272 1921 5346 Sanctae
1943 5271 2120 5352 inquisitio·

572 5369 675 5450 praxis
696 5369 920 5444 defensionem,
944 5369 993 5432 rel
1014 5384 1060 5444 ea,
1083 5384 1162 5447 quae
1183 5366 1317 5429 indicto
1344 5376 1346 5437 j
1373 5362 1421 5422 nis
1449 5365 1677 5441 praedictorum
1709 5381 1880 5444 regnorum
1911 5374 2004 5446 atque
2030 5365 2118 5430 ditio·

572 5464 660 5527 brevi
682 5471 788 5527 contra
804 5464 943 5527 eamdem
958 5462 1077 5542 praxim
1094 5461 1214 5524 decreta
1230 5469 1315 5537 sunt,
1343 5448 1345 5505 l
1373 5472 1447 5518 num
1480 5475 1589 5522 severe
1618 5461 1802 5538 puniantur,
1825 5467 1855 5522 et
1877 5467 1983 5522 contra
2013 5476 2065 5522 eos
2087 5467 2119 5522 ot

572 5559 756 5637 impugnare
783 5563 836 5620 aut
864 5555 896 5619 in
924 5556 1039 5620 alienos
1064 5570 1173 5618 sensus
1200 5561 1345 5617 temeret
1372 5565 1481 5612 eorum
1509 5553 1681 5631 quemlibet
1703 5553 1735 5616 in
1757 5553 1864 5616 eodem
1893 5553 1992 5617 ollicio
2014 5569 2118 5633 proce·

571 5653 756 5730 detorquere
781 5667 836 5713 seu
864 5649 1079 5730 interpretari;
1109 5647 1223 5713 incidat
1252 5646 1316 5727 ipso
1343 5626 1345 5706 l
1372 5649 1473 5724 datur,
1495 5663 1558 5711 non
1590 5649 1706 5724 minus,
1729 5665 1764 5711 ac
1782 5657 1890 5710 contra
1912 5649 1980 5710 illos
2002 5646 2118 5711 ibidem

571 5743 648 5806 iacto
669 5744 702 5806 in
724 5744 1091 5819 excommunicationem,
1115 5761 1131 5804 a
1161 5760 1222 5823 qua
1253 5758 1316 5806 non
1342 5758 1345 5812 l
1372 5742 1496 5821 procedi
1517 5741 1607 5817 solet,
1627 5743 1681 5821 qui
1703 5749 1856 5818 asserunt,
1872 5741 2011 5819 tradunt,
2029 5751 2118 5804 tuen-

713 727 956 801 senioretus
979 728 1198 800 eetsooeus

612 5956 644 6015 (ι)
658 5957 769 6017 neuqua
784 5955 840 6005 ride
853 5967 935 6017 supra
947 5968 1006 6016 pag.
1020 5959 1067 6006 ιιι.
