4732 7014
275 573 330 630 Aa.
345 578 375 630 (l.
397 579 465 630 1740
515 575 534 640 8

264 723 476 788 ιοιιιιᾳιιιιιει;
495 713 531 776 de
563 717 882 794 congruentissimum
914 733 997 792 esse,
1027 718 1052 779 si
1080 718 1117 780 ad
1138 723 1240 795 caput,

264 778 404 877 ibiibi?
417 779 476 826 ⁵⁰⁶¹
495 810 573 873 idest
595 810 630 871 ad
652 811 734 872 Petri
755 810 890 889 Apostoli
913 810 1036 885 Sedern,
1052 811 1089 872 de
1110 809 1242 886 singulis

495 904 667 982 quibusque
689 904 857 982 provinciis
883 904 1008 967 Domini
1029 904 1164 966 referant
1189 903 1243 966 Sa-

495 997 646 1071 cerdotes,
668 1003 785 1059 attenta
807 997 903 1058 animi
925 995 1169 1060 consideratione
1193 1013 1243 1058 re-

494 1089 675 1166 volventes3
699 1089 752 1152 ubi
773 1090 912 1168 primum
937 1088 1014 1166 Nos,
1039 1089 1111 1152 licet
1133 1090 1241 1152 imme-

495 1309 633 1356 stitutione
652 1309 794 1366 sancimus,
813 1309 977 1356 decernimus
992 1313 1017 1356 et
1031 1309 1197 1360 mandamus,
1211 1311 1241 1354 ut

495 1389 585 1423 omnes
605 1377 783 1432 Patriarchae,
804 1377 942 1432 Primates,
962 1377 1163 1434 Archiepiscopi,
1185 1376 1242 1434 Epi·

495 1445 574 1502 scopi,
588 1456 634 1502 per
648 1445 802 1490 universum
817 1445 951 1490 terrarum
968 1443 1059 1489 orbem
1073 1443 1212 1489 constituti
1226 1456 1242 1488 a

495 1511 569 1558 nobis
583 1511 703 1568 deinceps
718 1511 865 1566 ordinandi,
880 1511 986 1557 etiamsi
1000 1510 1184 1557 cardinalatus
1199 1513 1241 1558 bo

495 1591 559 1624 nore
573 1577 764 1636 praefulgeant,
778 1581 919 1636 antequam
936 1590 1030 1624 nranus
1039 1579 1242 1624 consecrationis

496 1645 648 1702 suscipiant,
663 1657 708 1690 seu
723 1645 762 1691 eis
775 1646 935 1691 consecratis
956 1647 1069 1692 Pallium
1085 1647 1157 1692 Beati
1172 1648 1243 1692 Petri

495 1724 603 1769 corpore
622 1715 757 1770 sumptum
779 1713 911 1768 tradatur,
925 1713 972 1757 aut
987 1713 1009 1758 si
1023 1714 1056 1758 ad
1070 1712 1151 1758 aliam
1167 1714 1244 1757 eccle-

496 1779 563 1824 siam
586 1779 790 1834 transferantur,
811 1781 953 1836 autequam
976 1779 1050 1824 illius
1071 1779 1196 1836 regimini
1217 1782 1243 1824 et

495 1845 720 1890 administrationi
735 1858 762 1890 se
777 1846 952 1902 immisceant,
974 1846 1102 1903 siquidem
1125 1857 1244 1904 praesen·

496 1913 536 1956 tes
551 1912 577 1956 in
593 1911 671 1956 curia
691 1912 798 1966 fuerint,
818 1913 844 1956 in
867 1913 988 1958 manibus
1010 1917 1033 1958 S.
1049 1916 1079 1957 R.
1096 1917 1122 1957 lt.
1138 1912 1244 1960 Diaconi

497 1979 643 2024 cardinalis
664 1978 754 2023 ordine
775 1978 881 2035 prioris,
895 1979 919 2024 si
932 1990 994 2024 vero
1012 1980 1135 2024 absentes
1149 1979 1177 2023 in
1192 1989 1244 2023 ma-

496 2045 574 2090 nibus
589 2045 731 2097 Aritistitis,
746 2046 791 2102 qui
805 2045 838 2090 ad
853 2045 1055 2102 impendendum
1067 2057 1163 2090 mainus
1173 2057 1245 2102 prae-

496 2113 671 2167 dictumest
691 2112 725 2156 ad
748 2112 903 2156 tradendum
926 2112 1040 2158 Pallium
1062 2112 1245 2158 huiusmodia

498 2180 562 2224 Sede
575 2177 724 2235 apostolica
734 2177 908 2234 delegabitur,
918 2179 1007 2224 iurent
1017 2179 1092 2224 iuxta
1103 2179 1244 2225 formulam

498 2246 525 2291 in
545 2245 615 2290 libro
636 2245 812 2290 caracellariae
833 2249 930 2302 apost,
947 2246 1089 2302 quinterno
1104 2247 1245 2304 appellato,

497 2323 582 2370 nuper
602 2309 770 2366 descriptam,
785 2323 813 2356 se
827 2312 1041 2357 beatissimorum
1060 2314 1245 2370 Apostolorum

498 2379 569 2424 Petri
583 2381 609 2423 et
624 2379 698 2423 Pauli
713 2378 815 2433 limina,
830 2379 940 2424 statutis
950 2379 978 2424 ia
989 2379 1138 2426 bacnostra
1148 2381 1247 2426 Consti-

498 2445 601 2490 tutione
623 2445 795 2502 temporibus,
816 2445 992 2502 personaliter
1012 2456 1042 2490 ac
1063 2458 1110 2503 per
1129 2459 1157 2492 se
1176 2448 1245 2504 ipsos

499 2512 662 2567 visitaturos
676 2523 706 2558 ac
726 2512 810 2568 nobis,
825 2515 850 2556 et
871 2513 1065 2558 successoribus
1086 2514 1185 2558 nostris
1199 2526 1246 2570 pro

499 2581 617 2636 tempore
637 2579 811 2624 existentibus
832 2579 958 2624 Romanis
973 2579 1151 2636 Pontificibus,
1168 2581 1247 2626 ratio

499 2657 558 2689 neni
574 2646 723 2691 reddituros
737 2647 769 2690 de
783 2648 839 2692 toto
853 2657 944 2690 eorvim
960 2647 1089 2702 pastorali
1103 2646 1194 2700 obicio,
1206 2648 1247 2690 de-

499 2723 549 2767 que
563 2713 643 2757 rebus
661 2713 784 2758 omnibus
798 2713 830 2758 ad
845 2713 973 2770 ipsarum,
994 2714 1091 2769 quibus
1111 2716 1246 2770 praesunt,

500 2778 670 2823 ecclesiarum
685 2783 795 2834 statum,
809 2780 842 2824 ad
856 2779 920 2824 cleri
935 2783 961 2824 et
971 2779 1060 2836 populi
1071 2780 1246 2837 disciplinam,

499 2845 650 2890 animarum
674 2845 800 2902 denique,
824 2858 891 2903 quae
914 2846 1024 2890 illorum
1049 2847 1109 2892 lldei
1132 2847 1246 2892 creditae

500 2914 570 2965 sunt,
585 2912 699 2957 salutem
717 2913 808 2969 quovis
826 2913 901 2958 modo
916 2913 1118 2969 pertinentibus,
1133 2917 1159 2958 et
1174 2913 1247 2958 vicis·

500 2978 551 3022 sim
567 2979 692 3024 mandata
711 2980 856 3036 apostoliea
877 2984 1038 3036 recepturos,
1052 2983 1079 3024 et
1097 2991 1175 3037 quam
1190 2980 1248 3024 dili-

500 3045 655 3102 gentissime
670 3050 832 3091 executuros.

284 3124 483 3188 garwmmerm.
540 3117 586 3162 sl.
603 3113 675 3164 Quod
689 3114 712 3158 si
726 3113 846 3170 legitimo
866 3112 1055 3170 impedimento
1075 3113 1175 3158 detenti
1196 3113 1248 3159 fixe

269 3179 361 3236 pedite,
373 3191 420 3249 per
434 3189 482 3240 cer·
500 3179 564 3234 rint,
577 3178 667 3224 iurent
681 3191 709 3224 ee
727 3178 860 3236 praedicta
880 3180 968 3225 ovnrria
989 3180 1179 3237 adimpleturos
1201 3192 1248 3237 per

271 3237 324 3278 ΝΜ
356 3235 482 3294 limium
500 3249 602 3290 certum
618 3246 743 3290 nuncium
762 3247 794 3291 ad
810 3246 835 3290 id
850 3246 963 3302 speciale
984 3247 1138 3292 mandatum
1154 3246 1249 3292 lrabea-

271 3287 334 3386 gffi
351 3285 481 3344 ‘'dmm‘'
501 3313 564 3366 tem,
578 3312 610 3356 de
623 3311 726 3368 gremio
740 3323 849 3357 suorum
863 3313 1050 3370 capitulorum,
1060 3317 1106 3357 aut
1121 3313 1205 3358 aliurn
1221 3313 1246 3358 in

336 3375 340 3384 '
501 3377 631 3432 dignitate
652 3378 829 3424 ecclesiastica
849 3380 1035 3434 constitutum,
1050 3391 1095 3424 seu
1111 3379 1178 3424 alias
1193 3391 1249 3436 per-

501 3448 624 3490 sonatum
639 3445 789 3500 habentem,
803 3449 850 3492 aut
865 3445 889 3490 si
903 3445 1054 3490 huiusmodi
1066 3447 1199 3490 bominem
1211 3459 1249 3491 ec·

501 3510 649 3556 clesiastica
670 3512 801 3568 dignitate
819 3515 845 3557 et
867 3515 1009 3569 personatu
1031 3513 1181 3569 praeditum
1197 3525 1248 3558 non

501 3578 625 3632 babeant,
645 3590 691 3635 per
712 3579 894 3625 dioecesanum
914 3580 1085 3634 sacerdotem,
1100 3589 1127 3624 ec
1142 3580 1164 3624 si
1178 3580 1249 3625 clero

501 3648 617 3698 careant,
632 3645 739 3690 omnino
753 3657 799 3702 per
813 3646 929 3703 aliquem
950 3645 1034 3690 alium
1054 3647 1249 3702 presbyterum,

502 3712 664 3756 saecularem
680 3711 721 3756 vel
735 3714 895 3769 regularem,
916 3716 1049 3769 spectatae
1067 3713 1208 3768 probitatis
1223 3717 1248 3758 et

502 3778 648 3834 religionis,
667 3779 697 3823 de
719 3781 878 3836 supradictis
899 3780 1022 3824 omnibns
1043 3781 1119 3836 plene
1139 3779 1250 3824 instruc·

502 3847 567 3889 tum.
583 3848 618 3889 De
632 3846 786 3890 huiusmodi
799 3850 889 3891 autent
904 3847 1093 3902 impedimento
1107 3846 1199 3890 docere
1209 3846 1251 3890 de·

502 3911 580 3955 licant
593 3923 639 3967 per
648 3911 782 3966 legitimas
793 3913 968 3969 probationes,
978 3913 1011 3957 ad
1022 3913 1122 3956 dictum
1133 3912 1249 3970 primum

502 3977 643 4023 Diaconum
665 3979 831 4025 cardinalem
852 3991 898 4037 per
920 3980 1101 4036 supradictum
1122 3980 1250 4025 Nuncium

502 4045 729 4091 transmittendas.

311 4123 380 4168 Mem
400 4123 483 4170 pomi.
541 4119 554 4160 s
568 4115 587 4155 5.
604 4112 671 4162 Quin
685 4113 766 4158 etiam
777 4114 909 4170 Principes
920 4114 1087 4170 temporales,
1098 4113 1193 4170 siquid
1204 4124 1251 4168 pro

270 4177 446 4237 [exhortativa
456 4179 484 4222 ιιι
502 4189 594 4223 eorum
609 4179 707 4235 pietate
721 4184 747 4225 et
762 4193 825 4236 erga
837 4182 905 4226 barre
915 4181 1090 4238 apostolicam
1102 4181 1193 4224 sedern
1210 4180 1251 4223 ob

271 4242 350 4298 ‘littra
368 4241 484 4288 ¹Pt⁰r¹lm
503 4246 637 4291 servantia
656 4249 774 4291 Romano
795 4247 914 4292 Pontifici
935 4248 1069 4293 soluerint
1091 4245 1250 4301 significare,

268 4287 455 4385 252⁸g‘1'21'02w
468 4319 484 4383 ά
503 4312 616 4368 eosdem,
630 4312 685 4356 sive
706 4313 852 4370 Episcopus,
867 4314 921 4360 sive
942 4313 1016 4368 alios,
1031 4313 1077 4370 qni
1092 4313 1124 4357 ab
1139 4312 1177 4356 eis
1194 4311 1251 4356 mit-

272 4371 485 4450 spgegpogopfffl
504 4381 603 4433 teutur,
622 4381 687 4424 lidos
709 4380 842 4426 baliebunt
862 4381 980 4436 nuncios,
995 4393 1025 4425 ac
1039 4379 1177 4434 relatores,
1191 4391 1252 4434 quo·

273 4445 385 4506 (insilia,
395 4449 417 4489 et
429 4446 486 4491 stab·
503 4457 564 4490 rum
579 4458 666 4503 opera,
680 4447 713 4492 ab
728 4448 818 4493 eadent
841 4449 904 4493 Sede
919 4460 966 4504 pro
987 4448 1096 4493 illorum
1118 4445 1251 4499 dominiis,

273 4498 343 4544 Mla
357 4503 454 4558 imam·
504 4513 657 4569 ditionibus,
678 4519 705 4560 et
726 4516 805 4560 rebus
827 4514 963 4560 firmandis
984 4526 1014 4559 ac
1036 4514 1210 4568 stabiliendis,
1225 4517 1251 4557 et

505 4592 563 4625 curn
580 4581 624 4625 Dei
639 4585 665 4626 et
684 4585 790 4627 sanctae
805 4583 941 4638 religionis
956 4593 1044 4637 causa,
1059 4581 1179 4637 sineque
1195 4583 1253 4624 tuto

505 4648 649 4693 consistere
670 4649 740 4694 baud
761 4653 879 4704 possunt,
893 4649 1090 4704 coniungendis,
1106 4649 1253 4704 opportuna

506 4717 623 4761 sincerae
636 4715 756 4762 caritatis
766 4717 858 4772 oflicia,
870 4718 987 4772 consilia,
998 4720 1077 4773 atque
1088 4715 1204 4760 srilrsidia
1214 4727 1254 4759 ex·

506 4786 610 4840 pectere
625 4787 697 4828 certo
711 4788 842 4840 poterunt.

297 4863 401 4920 'campus
415 4875 487 4921 prag.
545 4853 592 4900 ab.
609 4851 645 4896 ad
659 4852 708 4896 boc
722 4855 810 4896 autem
826 4849 942 4895 debiturn
965 4849 1125 4896 visitationis
1140 4849 1253 4893 officinm

274 4914 487 4978 fictitio-omnibus
506 4919 640 4963 commode
654 4919 809 4974 explendum
821 4917 963 4974 supradicti
975 4927 1065 4961 onrnes
1076 4917 1253 4968 Patriarcbae,

274 4969 399 5028 Praetaui
408 4971 441 5016 ad
451 4983 488 5034 01:
506 4985 645 5039 Friniates,
659 4985 854 5042 archiepiscopi
868 4988 894 5029 et
908 4983 1036 5040 Episcopi,
1054 4983 1114 5028 itali
1132 4983 1254 5027 videlicet

274 5022 488 5121 2'ffl'¹”²·h⁰⁶v²'
506 5051 593 5096 velex
608 5052 706 5096 ltalicis
721 5052 826 5106 insulis,
841 5051 909 5095 unde
924 5049 949 5094 in
965 5049 1069 5094 ltaliam
1091 5048 1254 5093 commodius

275 5089 406 5178 ,mmm
431 5080 488 5134 Offl‘
509 5118 596 5163 traiici
610 5121 704 5175 potest,
716 5119 796 5163 veluti
811 5118 900 5171 Siculi,
912 5117 996 5172 Sardi,
1009 5117 1083 5161 Ctlrsi
1092 5119 1118 5160 et
1128 5115 1174 5160 alii
1185 5116 1255 5160 adia-

506 5187 623 5230 centium
638 5186 834 5230 provinciarum
850 5186 951 5240 ltaliae,
968 5197 999 5229 ac
1013 5184 1093 5229 otiam
1109 5183 1254 5228 Dalmatiae

507 5255 534 5296 et
548 5255 715 5307 Graecarum,
729 5263 796 5308 quae
811 5263 824 5296 e
839 5251 945 5308 regione
960 5250 1043 5307 ipsius
1054 5250 1146 5295 ltaliae
1157 5257 1184 5293 et
1194 5250 1255 5293 Siei-

508 5319 559 5363 liae
573 5318 627 5363 oris
648 5321 718 5372 sunt,
741 5318 819 5362 tertio
839 5329 922 5366 aurio:
947 5319 1071 5362 Germani
1093 5329 1162 5371 sero,
1177 5317 1254 5362 Galli.

508 5385 623 5442 Hispani,
638 5386 740 5440 Belgae,
755 5385 871 5438 Bobemi,
887 5384 993 5439 l'ngari,
1005 5384 1089 5438 angli,
1101 5383 1176 5436 Secti,
1187 5383 1256 5426 lber·

467 5481 471 5490 -
508 5451 535 5496 ni
550 5455 575 5495 et
589 5453 671 5496 ceteri
684 5463 783 5506 omnes,
798 5451 841 5507 qui
858 5452 883 5495 ιιι
900 5453 1003 5508 Europa
1022 5455 1084 5495 sunt
1099 5451 1166 5494 citra
1181 5461 1254 5493 mare

508 5519 691 5563 Germanicum
707 5521 733 5562 et
754 5518 892 5567 Bellicum,
913 5529 943 5562 ac
963 5517 1082 5562 omnium
1105 5516 1253 5560 insularum

508 5586 588 5630 liaris
603 5584 795 5636 ltlediterranei,
810 5587 905 5641 quarto
924 5595 1004 5634 sarrire:
1021 5587 1047 5628 et
1062 5583 1107 5640 qui
1122 5583 1192 5628 intra
1208 5586 1256 5626 llu-

509 5663 587 5709 ropae
602 5653 666 5696 flues
676 5655 745 5707 sunt,
757 5652 797 5695 bis
808 5651 950 5695 Provinciis
961 5651 1125 5705 remotiores,
1134 5661 1164 5694 ac
1174 5649 1255 5694 etiam

509 5719 623 5763 stricari
643 5719 780 5762 littoribus
801 5717 900 5762 nostris
920 5717 1033 5770 adversi,
1055 5728 1085 5762 ac
1106 5717 1254 5761 insularum

508 5786 588 5830 Maris
602 5784 697 5828 Oceani
714 5785 932 5840 septentrionalis
947 5786 973 5828 et
988 5782 1160 5828 Occidentalis
1177 5785 1255 5826 listro·

509 5853 596 5910 pacet
611 5851 712 5895 atricae
732 5851 799 5895 citra
820 5851 997 5894 continentem
1020 5850 1079 5893 novi
1101 5849 1184 5902 Orbis,
1200 5851 1254 5892 tam

509 5919 554 5975 qni
569 5929 637 5962 ritino
652 5920 722 5972 sunt,
737 5928 815 5973 quam
837 5917 882 5973 qui
896 5917 929 5961 ad
943 5916 1101 5962 catholicam
1117 5915 1194 5958 tidem
1210 5927 1255 5970 per

511 5984 718 6030 misericordiam
734 5984 778 6029 Dei
792 5984 934 6041 aliquando
948 5984 1101 6038 rediverint,
1111 5983 1203 6040 quinto
1213 5993 1256 6028 an·

1017 599 1082 644 lclt.
1107 599 1198 644 PONT.
1222 599 1262 643 DE
1284 599 1314 643 P.
1338 599 1366 643 F.
1391 599 1472 646 PARS
1495 600 1515 644 l.

2072 585 2127 639 Aa.
2143 584 2182 636 C.
2212 571 2337 632 17ὲο

1297 717 1384 792 ritos‚
1407 718 1557 780 Dominus
1578 718 1693 795 gratiae
1707 735 1778 780 suae
1792 719 1955 798 praecipuo
1975 736 2043 782 mn·

1298 826 1375 872 nere
1396 810 1429 871 in
1450 811 1557 872 eadem
1586 811 1663 874 Sede
1691 811 1869 887 collocavit,
1893 828 1928 873 ea
1948 813 2044 875 subiit

1298 903 1453 982 cogitatio,
1466 910 1501 965 ut
1523 912 1705 967 cunctarum
1722 905 1816 967 totius
1837 905 1924 969 Orbis
1939 905 2044 968 Eccle-

1297 997 1413 1058 siarum
1441 997 1476 1056 ad
1506 999 1690 1077 parvitatem
1723 1007 1861 1061 nostram
1888 1007 1986 1062 statos
2013 1008 2046 1062 et
2085 1067 2092 1081 ‚

1298 1091 1422 1168 negotia
1450 1091 1661 1167 referrentur,
1689 1092 1801 1171 quibus
1829 1093 2046 1156 necessitatem

1295 1319 1342 1358 no:
1357 1308 1464 1354 Asiatici
1478 1321 1548 1365 vero,
1558 1313 1584 1355 et
1598 1310 1643 1368 qui
1658 1313 1733 1356 extra
1747 1311 1837 1357 Asiam
1852 1313 1878 1356 et
1892 1311 1920 1356 in
1930 1311 1992 1358 aliis
2002 1323 2045 1358 no·

1295 1375 1335 1420 vis
1349 1376 1429 1422 terris
1444 1376 1630 1432 orientalibus,
1644 1376 1866 1432 Meridionalibus,
1877 1378 2046 1424 occidentali·

1296 1444 1344 1488 bns
1359 1447 1384 1488 et
1401 1443 1674 1500 septemtrionalibus,
1693 1444 1791 1490 tamin
1812 1445 1909 1492 insulis
1923 1457 2003 1502 quam
2018 1447 2045 1492 in

1295 1510 1500 1566 continentibus,
1514 1514 1540 1556 et
1555 1511 1666 1568 denique
1676 1511 1703 1556 in
1714 1512 1877 1568 quibuslibet
1887 1513 1979 1558 mundi
1989 1524 2045 1569 par·

1296 1576 1367 1623 tibus
1387 1579 1488 1624 decimo
1508 1589 1577 1623 anno
1599 1578 1650 1623 iter
1671 1578 1829 1636 suscipiant,
1852 1581 1878 1624 et
1892 1581 1943 1625 Deo
1958 1591 2045 1625 conce

1296 1645 1374 1689 dente
1388 1645 1532 1702 perficiant.
1545 1645 1667 1702 Idemque
1677 1644 1833 1691 institutum
1846 1645 1924 1692 tertio
1934 1657 2046 1702 qnoque,

1296 1713 1400 1768 quarto,
1422 1711 1514 1768 quinto
1528 1714 1554 1756 et
1569 1711 1670 1756 decimo
1690 1723 1760 1758 anno
1780 1715 1901 1770 repetant
1920 1715 1946 1758 et
1961 1713 2047 1758 obser-

1297 1783 1365 1822 vent.
1382 1781 1448 1824 llaec
1462 1781 1551 1823 autem
1566 1789 1696 1824 annorum
1707 1780 1794 1836 spatia
1804 1783 1921 1837 tempore
1932 1780 2047 1837 suscepti

1299 1845 1416 1890 muneris
1437 1846 1649 1899 consecrationis,
1669 1846 1710 1891 rel
1732 1846 1804 1902 pallii
1823 1846 1984 1904 traditionis,
1999 1849 2047 1892 aut

1298 1911 1490 1966 translationis,
1505 1915 1536 1957 ιιι
1551 1912 1707 1969 praefertur,
1723 1912 1856 1970 incipiant.
1872 1917 1941 1964 Quae
1951 1915 2047 1960 nelon-

1299 1978 1358 2032 giris
1367 1977 1515 2032 differatur,
1526 1979 1647 2023 volumus
1658 1979 1727 2035 quod
1743 1981 1845 2036 tempus
1855 1980 2047 2038 qualecumque

1299 2056 1438 2090 excursum
1460 2045 1542 2090 alicui
1563 2058 1594 2090 ex
1615 2046 1773 2102 supradictis
1796 2047 1979 2102 praesulibus,
2002 2048 2048 2103 qui

1300 2111 1355 2155 sive
1370 2115 1454 2158 morte
1468 2116 1636 2168 praeventus,
1646 2112 1701 2163 sive
1710 2113 1764 2158 alia
1774 2123 1939 2170 quacumque
1949 2115 1981 2158 de
1989 2125 2048 2168 cau·

1300 2187 1330 2222 sa
1345 2179 1377 2223 ob
1391 2189 1442 2223 non
1458 2178 1563 2223 finitum
1580 2180 1683 2236 tempus
1698 2179 1722 2224 ei
1737 2181 1929 2236 praescriptum
1939 2180 2010 2225 dicta
2020 2179 2049 2226 li-

1300 2244 1371 2290 mina
1386 2257 1437 2290 non
1451 2245 1609 2299 visitaverit,
1624 2245 1663 2290 ita
1677 2243 1751 2290 illius
1763 2245 1907 2290 successori
1918 2246 2048 2292 effluxisse

1300 2315 1326 2358 el
1340 2313 1487 2358 excurrisse
1507 2311 1689 2367 intelligatur,
1710 2314 1740 2357 ιιι
1762 2313 1876 2357 termino
1898 2313 1954 2369 ipso
1974 2313 2049 2358 iuxta

1299 2379 1509 2424 Praedecessoris
1524 2379 1566 2424 sui
1586 2377 1771 2423 iusiurandum
1788 2380 1917 2436 completo
1931 2379 2047 2425 debitam

1300 2451 1363 2492 tunc
1376 2447 1555 2492 visitationem
1570 2447 1768 2504 quamprimum
1781 2445 1906 2492 conficere
1917 2449 2047 2492 teneatur.

1340 2522 1352 2563 s
1367 2519 1386 2558 7.
1403 2515 1434 2559 lli
1449 2525 1511 2558 vero
1525 2527 1555 2558 ex
1571 2514 1729 2571 supradictis
1743 2513 1922 2570 antistitibus,
1933 2514 1977 2571 qui
1991 2515 2050 2560 hac·
2106 2521 2315 2568 obedientiam

1301 2586 1377 2626 tenus
1391 2581 1424 2626 ab
1439 2581 1488 2625 bae
1503 2584 1597 2626 sancta
1612 2581 1676 2625 Sede
1686 2581 1801 2626 ordinati
1812 2584 1883 2636 sulit,
1893 2584 1938 2626 aut
1949 2581 2049 2626 dictum
2067 2575 2194 2639 praelatis
2215 2576 2318 2622 indi—-

1301 2649 1411 2706 pallium
1427 2648 1460 2692 ab
1475 2659 1505 2692 ea
1520 2651 1699 2704 susceperunt,
1713 2651 1761 2693 aut
1771 2647 1803 2694 ad
1813 2648 1894 2694 aliam
1906 2649 2049 2694 Ecclesiam
2068 2633 2109 2677 ω·

1301 2715 1426 2760 translati
1441 2717 1512 2768 sunt,
1526 2717 1604 2770 prout
1626 2715 1719 2771 cuique
1741 2714 1870 2762 distantia
1890 2715 2008 2761 locorum
2023 2717 2050 2760 et

1302 2784 1450 2838 temporum
1470 2780 1612 2826 intervalla
1633 2782 1795 2838 praescripta
1816 2785 1886 2835 sulit,
1906 2782 1939 2826 ad
1961 2793 2050 2838 supra-

1301 2848 1371 2892 dicta
1391 2848 1480 2893 omnia
1500 2848 1661 2893 observanda
1679 2859 1695 2892 a
1713 2848 1755 2892 die
1774 2847 1960 2904 publicationis
1979 2861 2051 2906 prae-

1301 2914 1384 2960 sentis
1405 2914 1607 2960 constitutionis
1628 2913 1735 2958 omnino
1756 2917 1903 2960 teneantur.
1927 2916 2050 2961 Inbemus

1300 2981 1384 3038 igitur
1406 2981 1432 3025 in
1453 2981 1554 3025 virtute
1577 2982 1681 3026 sanctae
1705 2980 1867 3025 obedientiae
1892 2981 2050 3038 supradictis

1302 3049 1424 3093 ornnibus
1439 3046 1610 3092 antistitibus
1625 3046 1808 3105 praesentibus
1822 3051 1848 3093 et
1859 3047 1965 3103 faturia,
1976 3051 2006 3094 ιιι
2017 3049 2051 3093 ιι-

1303 3114 1453 3160 sitationem
1469 3113 1640 3171 praedictam,
1655 3113 1705 3157 sibi
1725 3113 1832 3170 suisque
1850 3114 1972 3159 ccelesiis
1986 3115 2051 3160 adeo

1302 3181 1395 3226 utilem
1410 3193 1440 3227 ac
1455 3181 1640 3234 necessariam,
1656 3179 1729 3226 irrata
1750 3181 1940 3237 praescriptam
1955 3181 2051 3227 formu·

1302 3247 1356 3292 lam
1371 3248 1478 3292 omnino
1492 3248 1639 3293 conficiant.

1344 3318 1389 3363 58.
1406 3315 1432 3358 Si
1447 3327 1517 3369 sero,
1531 3315 1601 3372 quod
1621 3315 1699 3370 absit,
1714 3325 1764 3359 non
1780 3314 1891 3370 egerint,
1909 3327 1953 3361 eos
1968 3316 2001 3362 ab
2015 3317 2052 3360 in·
2109 3335 2314 3381 mobedfmg,

1303 3393 1396 3438 gressu
1411 3383 1550 3435 Ecclesiae,
1564 3393 1594 3426 ac
1608 3381 1688 3426 etiam
1702 3383 1735 3426 ab
1745 3380 1984 3436 administratione,
1996 3385 2051 3428 tam
2071 3389 2116 3436 bus
2129 3399 2235 3454 poenas
2250 3389 2315 3434 im.

1304 3449 1484 3505 spiritualium
1510 3459 1588 3505 quam
1614 3448 1812 3504 temporalium,
1836 3459 1934 3494 necnon
1958 3461 1974 3494 a
1997 3462 2052 3507 per-
2069 3448 2150 3502 poca.

1304 3517 1422 3573 ceptione
1436 3515 1570 3560 fruetuum
1585 3525 1694 3560 suarum
1710 3514 1889 3570 ecclesiarum,
1903 3516 2052 3572 acapitulis

1305 3593 1406 3636 eorum,
1421 3581 1492 3626 oanni
1509 3581 1659 3638 exceptione
1673 3583 1699 3625 et
1713 3591 1792 3629 mora
1801 3586 1927 3636 cessante,
1943 3582 2051 3627 interim

1305 3650 1386 3695 libere
1408 3649 1596 3704 exigendorum
1612 3650 1638 3692 et
1654 3647 1760 3703 inopus
1781 3647 1902 3702 fabricae,
1917 3661 1962 3694 seu
1977 3661 2053 3695 oroa-

1306 3719 1455 3761 meutorum
1472 3714 1601 3760 Ecclesiae
1622 3715 1790 3770 emptionem,
1805 3717 1883 3770 prout
1899 3717 1983 3761 maior
1997 3729 2053 3762 exe-

1305 3783 1374 3840 gerit
1390 3781 1540 3835 necessitas,
1556 3781 1783 3835 insumendorum,
1797 3781 1853 3838 ipso
1868 3781 1935 3827 facto
1950 3784 2051 3829 tamdiu

1306 3860 1444 3906 suspensos
1466 3859 1522 3892 esse
1543 3846 1673 3902 volumus,
1688 3848 1769 3892 donec
1782 3859 1797 3892 a
1811 3849 1977 3894 contumacia
1991 3849 2053 3894 resi·

1305 3917 1437 3974 piscentes
1456 3914 1645 3959 relaxationem
1667 3913 1845 3970 suspensionis
1867 3914 2018 3960 biriusmodi
2036 3927 2053 3962 a

1306 3984 1370 4027 Sede
1384 3979 1517 4038 praedicta
1532 3981 1679 4025 meruerint
1694 3979 1821 4024 obtinere.
1891 4029 1894 4034 ,

1345 4053 1390 4098 ,ιιι
1407 4053 1461 4092 Nori
1476 4047 1641 4092 obstantibus
1662 4047 1817 4104 privilegiis,
1832 4047 2053 4103 absolutionibus,
2086 4062 2226 4110 frameas
2236 4076 2312 4111 con-

1306 4114 1478 4170 indulgentiis
1492 4116 1519 4158 et
1532 4114 1592 4159 aliis
1610 4113 1821 4158 concessionibus
1835 4114 1867 4157 de
1881 4125 1933 4159 non
1948 4113 2054 4158 visitan-
2072 4117 2216 4163 tractorum
2247 4119 2309 4164 ‹te—

1306 4184 1346 4227 dis
1361 4181 1498 4226 liminibus
1512 4179 1640 4226 eiusmodi
1659 4181 1867 4237 quibuscumque
1881 4180 2053 4225 ecclesiarum
2072 4171 2223 4232 ’'⁰9⁰,20t'2'05
2244 4185 2310 4231 αι)-

1307 4247 1435 4294 Praelatis
1450 4250 1475 4291 et
1490 4257 1537 4304 per
1551 4257 1727 4303 quoscumque
1741 4249 1815 4291 Rom.
1831 4249 1913 4301 Pont,
1928 4257 1958 4291 ac
1972 4247 2054 4292 etiam
2072 4230 2153 4283 Wm·

1307 4328 1354 4361 nos
1368 4319 1394 4360 et
1409 4316 1506 4360 dictam
1523 4314 1613 4358 sedem
1625 4325 1655 4357 ex
1666 4313 1801 4370 quibusvis
1813 4314 1909 4367 accisis,
1919 4316 2054 4370 perpetuo,

1306 4384 1349 4428 vel
1361 4384 1394 4428 ad
1405 4387 1516 4439 tempus,
1526 4381 1664 4434 concessis,
1674 4381 1789 4424 extensis
1799 4383 1825 4424 et
1836 4379 1977 4435 innovaris,
1988 4393 2055 4437 quae

1307 4449 1394 4494 omnia
1408 4453 1500 4494 contra
1515 4447 1660 4504 praemissa
1674 4445 1814 4502 quicquam
1830 4447 1954 4492 nolumus
1965 4447 2057 4494 suma-

1307 4517 1379 4573 gari,
1401 4517 1513 4572 aliisque
1535 4513 1677 4558 contrariis
1699 4511 1914 4569 quibuscumque.
1934 4517 2055 4559 ceterum

1307 4595 1354 4628 nos
1369 4583 1449 4627 saluti
1465 4583 1490 4626 et
1505 4580 1680 4625 conscientiae
1696 4579 1833 4623 securitati
1849 4591 1940 4624 eorum
1951 4593 2056 4637 praesu-

1307 4651 1372 4704 lum,
1383 4650 1437 4706 qui,
1452 4649 1484 4694 ad
1500 4647 1651 4692 huiusmodi
1669 4645 1847 4692 visitationem
1863 4647 1982 4703 obligati,
1998 4659 2056 4692 eam

1308 4720 1400 4762 contra
1422 4715 1607 4760 iusiurandum
1631 4714 1765 4769 bucusque
1780 4713 1952 4768 distulerunt,
1967 4725 2057 4759 consu-

1308 4784 1363 4828 lere
1384 4783 1508 4836 volentes,
1530 4793 1574 4825 eos
1598 4779 1715 4836 singulos
1734 4792 1749 4824 a
1765 4779 1876 4836 periurii
1899 4783 1976 4825 reatu
1995 4782 2022 4824 et
2041 4789 2056 4824 a

1308 4851 1440 4896 carronieis
1461 4847 1664 4904 apostolicisque
1679 4847 1801 4892 omnibus
1822 4847 1972 4900 sententiis,
1991 4857 2056 4902 quas

1309 4920 1447 4974 propterea
1463 4914 1634 4968 incurrerint,
1646 4913 1806 4959 auctoritate
1821 4913 2000 4970 praesentium
2014 4912 2057 4956 ab·

1309 4984 1446 5033 solvimus:
1462 4993 1527 5037 quos
1542 4984 1630 5025 tamen
1646 4992 1693 5037 pro
1708 4991 1814 5025 excessu
1829 4979 1981 5024 huiusmodi
1991 4979 2056 5022 elec·

1310 5060 1455 5105 mosynam,
1469 5051 1605 5104 quantam,
1620 5051 1646 5090 et
1661 5047 1712 5100 eui,
1727 5047 1768 5090 vel
1782 5045 1878 5102 quibus
1892 5055 1983 5089 eorum
1995 5048 2056 5089 Con·

1309 5116 1434 5161 fessarius
1449 5115 1576 5160 statuerit
1596 5113 1787 5170 applicandam,
1802 5111 1922 5156 volumus
1937 5121 2054 5166 erogare.

1349 5186 1407 5231 ιιι).
1424 5183 1489 5232 eria
1512 5191 1573 5225 vero
1595 5181 1698 5224 difficile
1719 5179 1798 5223 nimis
1817 5179 1884 5222 esset
1904 5179 2055 5232 praesentes
2103 5197 2231 5253 341„anss
2242 5210 2299 5246 cre·

1309 5250 1402 5294 literas
1416 5259 1580 5306 qnoeumque
1595 5247 1649 5292 illis
1660 5258 1724 5302 opus
1734 5244 1853 5302 perferri,
1863 5243 1986 5286 volumus
1996 5254 2057 5298 quo·
2075 5249 2103 5296 dt
2117 5249 2193 5296 tuter,

1297 5316 1298 5319 ’
1309 5329 1367 5374 que,
1383 5320 1412 5361 ut
1427 5327 1518 5361 earum
1533 5315 1667 5372 exenrplis,
1678 5313 1758 5358 etiarn
1768 5309 1912 5366 impressis,
1923 5320 2003 5354 manu
2014 5321 2057 5354 rio

1310 5383 1372 5429 larii
1386 5383 1493 5440 publici,
1508 5385 1534 5426 et
1549 5381 1637 5436 sigillo
1652 5388 1776 5436 personae
1792 5377 1819 5419 in
1833 5375 1964 5430 dignitate
1978 5375 2056 5419 eccle·

1310 5450 1416 5495 siastica
1431 5449 1591 5494 constitutae
1610 5445 1762 5503 obsignatis,
1777 5443 1867 5487 eadem
1890 5453 1999 5497 prorsus
2013 5442 2056 5487 ad·

1309 5517 1433 5560 lribeatur
1448 5516 1519 5570 tides,
1534 5527 1601 5571 qnae
1616 5514 1712 5558 eisdem
1728 5508 1919 5566 praesentibus,
1934 5509 2015 5552 etiam
2028 5507 2054 5552 in

1309 5582 1379 5627 dicto
1398 5583 1539 5638 quinterno
1560 5576 1735 5626 describendis
1756 5575 1908 5629 baberetur,
1924 5573 1946 5618 si
1967 5577 2055 5618 essent

1311 5649 1452 5703 exhibitae,
1467 5650 1507 5694 vel
1522 5651 1649 5694 ostensae.

1351 5716 1421 5760 Nulli
1437 5727 1499 5772 ergo
1514 5718 1560 5759 etc.

1350 5785 1444 5827 ilatum
1459 5786 1558 5827 Romae
1572 5780 1640 5837 apud
1656 5782 1679 5822 s.
1695 5780 1810 5830 Petrum,
1820 5787 1889 5820 atino
1899 5776 2057 5821 incarnatio·

1310 5849 1352 5893 nis
1367 5849 1524 5902 bortriuicae,
1544 5844 1685 5890 millesimo
1706 5841 1917 5899 quingentesimo
1938 5845 2058 5896 octuage-

1311 5915 1379 5960 simo
1393 5917 1494 5972 quinto,
1509 5925 1565 5959 xiii.
1582 5911 1633 5956 kral.
1649 5909 1775 5960 laturarii,
1790 5907 1959 5966 pmrititlcatus
1974 5909 2058 5954 nostri

1313 5993 1381 6027 antro
1396 5995 1411 6027 r.
