4820 6980
351 503 451 560 nus.
471 505 540 558 tres
590 505 649 570 rte
677 581 680 590 ι
1093 524 1158 570 rus.
1182 525 1272 570 sorr.
1296 525 1336 570 os
1357 525 1387 571 e.
1411 527 1442 572 r.
1466 489 1548 574 ruas
1571 529 1593 574 1.
2142 521 2229 582 Ano.
2245 535 2297 591 tus

571 641 749 718 turicensis;
762 640 894 719 ideoque
908 641 977 703 iure
992 657 1042 716 ns,
1056 656 1094 703 an
1110 641 1234 714 iniuria,
1248 657 1317 704 ver·
1373 652 1434 718 tnr,
1458 645 1539 723 quod
1567 645 1603 708 in
1623 644 1765 710 Benene
1794 648 2024 730 Mertprcloplo
2045 653 2114 715 eius

570 735 607 798 ba
622 735 672 797 illa
685 732 848 813 Discipuli
865 732 895 797 S.
906 734 1047 799 Martini
1062 733 1181 797 luerint
1196 749 1315 813 expun·
1371 739 1524 800 nonaria
1550 737 1734 802 celebretur
1761 741 1804 804 ed
1827 759 1868 803 xv.
1898 742 2051 806 kalendas
2072 747 2114 825 [-

569 835 626 890 cta.
644 828 841 891 correctores
854 827 912 890 sub
926 826 1076 904 Gregorio
1097 827 1314 890 affirmativam
1372 828 1515 893 bruerii.
1539 831 1668 894 Gemina
1695 843 1865 897 occurrunt
1886 835 1966 913 apud
1994 836 2115 900 Patrem

569 921 758 983 sententiam
778 921 902 1000 sequuti
924 928 1015 997 sunt3
1038 918 1112 982 binc
1134 921 1197 982 duo
1217 918 1267 980 illa
1284 919 1316 980 in
1373 923 1577 1000 Brassichelli,
1600 924 1653 1003 qui
1676 933 1748 988 ante
1769 927 1885 989 Urbani
1906 925 1985 990 Vlll.
2010 944 2116 992 emen-

569 1012 678 1090 Elogio
699 1014 873 1076 sociarunt:
899 1013 992 1090 Apud
1014 1011 1183 1076 Bituricus
1201 1009 1315 1074 Sancti
1371 1016 1527 1078 dationem
1550 1016 1591 1078 ita
1614 1018 1651 1079 de
1679 1016 1796 1080 Severo
1818 1018 1951 1098 sulpitio
1977 1019 2115 1099 loquitur

570 1101 707 1184 Sulpitii
722 1105 827 1168 Seueri
843 1103 1002 1184 Episcopi,
1018 1104 1171 1182 discipuli
1183 1102 1215 1167 S.
1229 1104 1316 1170 Mer·
1371 1108 1403 1168 in
1418 1107 1522 1170 indice
1537 1108 1688 1172 librorum
1703 1114 1992 1190 expurgandorum:
2014 1113 2053 1175 tlt
2068 1115 2114 1176 in·

570 1199 645 1260 tini.
678 1199 762 1261 Hauc
786 1199 882 1276 ipsam
910 1197 1137 1260 correctoribus
1166 1197 1315 1260 insedisse
1372 1200 1468 1262 terim
1497 1201 1684 1264 omittamus
1712 1205 1945 1282 episcopatum,
1969 1222 2060 1284 quent
2081 1208 2116 1268 in

568 1292 748 1370 opinionem
771 1296 901 1353 testatur
922 1289 1093 1354 cardinalis
1114 1290 1266 1352 Baronius
1281 1289 1314 1351 in
1371 1293 1511 1372 ancipiti
1533 1292 1723 1372 quibusdan
1739 1297 1934 1359 coniecturis
1952 1298 2115 1362 Berenice

567 1385 632 1447 suis
653 1385 688 1447 ad
710 1382 965 1461 Martyrologium
982 1383 1063 1444 notis
1084 1379 1142 1444 sub
1157 1381 1207 1445 die
1222 1393 1312 1446 xxxx.
1372 1391 1453 1448 tome
1474 1387 1506 1447 5.
1531 1387 1708 1452 Annaliun
1734 1388 1861 1468 posuit,·
1882 1391 1918 1452 de
1939 1391 2116 1454 sanctitate

568 1477 730 1541 ianuarii.
755 1475 863 1554 Neque
885 1491 961 1538 vero
982 1475 1056 1537 baec
1073 1475 1226 1538 sententia
1249 1491 1315 1538 om·
1371 1486 1477 1541 tenen
1495 1477 1601 1541 Seueri
1617 1479 1768 1558 Sulpitii,
1786 1483 1881 1544 cuius
1898 1489 1964 1545 tarn
1985 1483 2116 1546 illustre

568 1571 692 1634 nimoda
706 1575 789 1632 caret
809 1568 1039 1647 probabilitate;
1063 1567 1315 1647 quandoquidem
1372 1571 1519 1651 Elapiun
1541 1580 1634 1635 estet
1659 1573 1696 1636 in
1717 1574 1948 1656 Mertprelopio
1974 1575 2116 1638 Humana

568 1680 603 1727 ea
632 1663 781 1725 innititur
809 1661 1050 1724 additionibusa
1079 1661 1199 1723 Melana
1230 1660 1314 1723 lastis
1371 1680 1458 1726 xxxx.
1490 1664 1661 1738 ianuarii,
1690 1665 1867 1746 anbipsra,
1894 1668 1999 1730 nescia
2021 1685 2116 1746 paens

569 1757 604 1819 ad
625 1755 810 1830 Usuardum,
826 1755 879 1818 ubi
900 1755 942 1817 ed
957 1754 1039 1816 dian
1055 1769 1145 1816 xxxx.
1165 1753 1314 1816 ianuarii
1347 1806 1350 1814 .
1370 1761 1489 1819 tutum.
1504 1759 1584 1820 Haec
1595 1759 1652 1834 illi,
1665 1760 1719 1837 qui
1735 1761 1937 1838 gregorianae
1950 1762 2115 1823 correctio·

568 1851 643 1914 baec
675 1851 848 1912 habentur:
882 1849 1035 1911 Bituriee
1066 1850 1201 1911 civitate
1234 1847 1313 1912 Seu·
1369 1849 1529 1912 niterent
1553 1851 1732 1928 impensius.

569 1945 614 2006 cti
639 1943 775 2020 Sulpitit'
799 1941 904 2005 Severi
929 1941 1078 2020 Episcopi
1098 1947 1129 2003 et
1153 1941 1313 2021 consessa·
1391 1959 1458 2004 xc.
1483 1943 1562 2006 Haec
1584 1951 1687 2006 tamen
1711 1945 1747 2006 iis
1770 1961 1833 2008 non
1854 1946 2038 2024 probantur,
2061 1947 2115 2025 qui
2160 1962 2309 2020 surptuttst-

569 2041 626 2108 ris,
652 2035 805 2114 discipuli
829 2035 922 2098 Beati
943 2034 1103 2101 Martini:
1126 2032 1254 2097 lulcitur
1271 2041 1315 2094 tc·
1368 2032 1519 2100 Severum
1542 2033 1712 2116 Sulpitinm
1734 2036 1766 2100 S.
1781 2039 1905 2101 Martini
1926 2039 2115 2118 discipulum
2134 2021 2310 2122 {iffsstpffiffiss

567 2130 711 2192 stimonie
733 2128 902 2202 Haeretici,
925 2129 977 2207 qui
1000 2127 1033 2190 in
1054 2142 1110 2190 suo
1134 2125 1314 2205 Hartyrolo·
1370 2130 1400 2191 in
1415 2128 1676 2207 plureserrorom
1697 2131 1839 2208 scopulos
1861 2133 1996 2210 turpiter
2016 2133 2117 2210 impe·
2134 2123 2177 2169 ¹¹³⁸
2190 2124 2293 2176 ³⁶th

568 2223 618 2300 gio
639 2223 676 2284 ad
703 2221 901 2301 praecitatum
925 2221 1007 2282 diem
1029 2221 1072 2281 ita
1099 2219 1235 2297 scripsit:
1260 2218 1313 2280 Bi·
1370 2222 1668 2298 gissecontendunt.
1687 2224 1891 2300 conpertum
1905 2239 2041 2303 namque
2057 2233 2115 2302 est,

569 2314 672 2378 turici
695 2313 800 2376 Seueri
815 2312 993 2386 Praesulis,
1011 2311 1164 2390 discipuli
1182 2309 1212 2374 S.
1228 2312 1313 2376 Mer·
1369 2330 1441 2378 enm
1463 2315 1522 2377 iam
1545 2324 1645 2378 aetate
1667 2325 1848 2394 provectum
1871 2319 2030 2380 erroribus
2051 2317 2117 2380 ttu-

569 2409 651 2481 tt'ni;
673 2416 703 2471 et
724 2411 881 2486 postremo
897 2407 1023 2468 iuratur
1043 2405 1203 2484 Apologia,
1219 2420 1313 2485 quam
1370 2408 1559 2470 teneriorem
1581 2407 1676 2470 luisse
1702 2418 1888 2489 sequutum
1910 2427 1949 2472 ex
1971 2426 2032 2489 quo
2054 2410 2117 2472 dia-

567 2518 623 2582 pro
645 2501 778 2580 sulpitio
806 2497 923 2561 Severo
950 2497 1099 2577 discipulo
1131 2498 1162 2562 S.
1191 2498 1313 2560 Martini
1370 2501 1430 2577 logi
1461 2500 1505 2562 illi
1527 2517 1543 2561 a
1565 2500 1683 2562 Gelasio
1712 2501 1859 2566 Pantilius
1882 2505 1915 2565 in
1943 2511 2116 2566 memorato

566 2596 687 2676 scripsit
708 2594 874 2658 Guibertus
894 2595 1045 2656 Martinus
1063 2592 1153 2654 abbas
1174 2591 1315 2654 Gembla·
1369 2593 1406 2654 de
1428 2593 1637 2656 ecclesiasticis
1665 2594 1751 2658 libris
1772 2595 1909 2673 decreto,
1933 2595 2117 2676 apocryphis

566 2690 684 2764 censis,
713 2687 765 2766 qui
794 2686 924 2749 ineunte
952 2685 1073 2748 saeculo
1101 2683 1312 2747 tertiodecimo
1369 2697 1583 2762 accensentur,
1600 2687 1682 2748 bisce
1703 2688 1820 2749 verbis:
1848 2689 2118 2765 llpusculePost·

566 2782 682 2845 Horuit.
706 2782 749 2843 De
764 2781 818 2842 bac
833 2778 973 2842 Guiberti
988 2778 1134 2857 Apologia
1149 2777 1314 2840 consulen·
1370 2777 1518 2842 bumiani
1540 2784 1570 2840 et
1595 2779 1681 2843 Gelli
1709 2779 1916 2859 Apacrpplta,·
1937 2798 1996 2859 qna
2026 2783 2058 2844 in
2083 2799 2117 2844 re

566 2874 624 2938 dus
644 2875 851 2951 Hieronymus
869 2875 907 2936 de
928 2872 1018 2934 Proto
1040 2870 1243 2946 Veronensis,
1259 2870 1313 2947 qui
1369 2873 1562 2935 conveniunt
1593 2876 1759 2952 scriptores
1788 2889 1852 2935 non
1877 2873 1968 2958 modo
1993 2875 2117 2937 betero-

566 2969 652 3030 illam
668 2967 798 3030 inseruit
821 2975 903 3029 tamo
920 2968 938 3027 1
963 2981 1093 3044 eperum
1110 2963 1247 3042 Sulpitii
1262 2963 1313 3026 Se·
1369 2964 1452 3040 dexi,
1465 2981 1579 3043 uernpe
1595 2965 1762 3037 casimirus
1776 2965 1909 3030 Ordines
1924 2966 1960 3028 de
1973 2966 2118 3045 Scripto-

454 3127 456 3132 ,
566 3063 645 3125 ocri.
1370 3055 1461 3120 ribus
1474 3058 1710 3121 Ecclesiasticis
1724 3058 1846 3121 saeculi
1856 3059 1976 3138 quinti,
1990 3075 2019 3138 p.
2032 3060 2115 3132 495,

362 3170 426 3218 ntnc
445 3181 549 3229 quaere
606 3171 719 3218 xxxrx.
728 3156 818 3218 Hisce
826 3170 903 3216 vero
912 3153 1078 3216 momentis
1088 3153 1222 3214 nimium
1230 3165 1313 3229 prae-
1367 3159 1399 3212 et
1414 3151 1495 3214 Cave
1510 3149 1547 3212 ds
1563 3151 1782 3230 scriptoribus
1798 3153 2036 3216 Ecclesiasticis
2047 3149 2117 3218 sas·

334 3226 549 3326 Egnfflfilssssi
565 3251 710 3326 fidentes,
726 3250 895 3325 insurgunt
916 3247 1022 3326 aliqui,
1038 3254 1130 3323 atque
1151 3245 1183 3307 in
1202 3244 1313 3321 Harty·
1368 3242 1436 3305 culi
1458 3244 1662 3319 Nestorieni,
1686 3247 1739 3308 sed
1760 3253 1792 3306 et
1812 3246 1954 3309 catholici
1969 3247 2117 3310 authores

333 3329 403 3432 ἓξὲξ)
438 3331 549 3380 ¹⁰⁸¹¹²¹¹·
567 3343 678 3420 rologii
697 3344 921 3406 correctionem
944 3347 1044 3402 aetate
1064 3339 1179 3402 Urbani
1200 3337 1312 3408 iactam
1367 3337 1439 3398 satis
1466 3339 1611 3410 accurati,
1642 3337 1740 3400 veluti
1761 3339 1891 3400 loannes
1921 3339 2116 3402 'tritbemius

331 3443 334 3450 '
566 3433 751 3510 subintensi,
773 3435 887 3513 apertis
907 3433 1010 3495 verbis
1033 3432 1204 3510 loquuntur
1217 3429 1310 3491 simul
1368 3428 1404 3490 de
1426 3428 1648 3507 scriptoribus
1671 3429 1919 3503 Ecclesiasticis,
1943 3431 2116 3496 Cardinalis

567 3537 598 3592 et
618 3527 841 3605 obloquuntur.
865 3527 925 3590 Aut
948 3526 1046 3600 enim,
1065 3526 1106 3586 ita
1129 3523 1313 3585 ratiocinan-
1368 3523 1575 3586 Bellarminns
1597 3523 1633 3586 in
1653 3523 1757 3586 eodem
1781 3529 1938 3598 trectetu,
1956 3523 2116 3603 Philippus

567 3631 630 3698 tur,
646 3620 730 3684 locus
744 3628 790 3682 est
811 3621 997 3682 coniecturis
1018 3634 1110 3697 supra
1132 3615 1311 3695 propositis3
1369 3615 1447 3679 Labe
1469 3617 1504 3678 in
1517 3633 1578 3679 sua
1594 3617 1821 3680 dissertatione
1843 3618 2019 3690 Historica,
2035 3634 2116 3696 quae

566 3715 688 3794 iamque
711 3713 893 3792 gregoriana
920 3711 1095 3774 emendatio
1117 3719 1198 3772 sarta
1221 3716 1313 3772 tecta·
1368 3717 1484 3788 prostat
1505 3710 1541 3770 in
1564 3717 1646 3771 torna
1660 3707 1683 3767 7
1698 3724 1828 3787 eperum
1846 3709 2118 3774 CardinetisBet·

565 3824 626 3887 que
646 3807 797 3870 servanda
818 3813 898 3869 erat:
922 3813 975 3867 aut
993 3820 1073 3866 nova
1089 3811 1195 3866 contra
1210 3803 1312 3864 conis·
1368 3803 1504 3867 termini
1519 3802 1654 3866 Venetae
1673 3804 1817 3865 editionis
1830 3819 1880 3866 an.
1895 3819 2115 3880 nnccxxvru,

565 3908 666 3964 cturas
680 3901 747 3962 illas
761 3905 1014 3979 superuenerunt
1036 3905 1252 3970 monumenta,
1268 3903 1313 3956 at·
1368 3896 1483 3959 Natalis
1504 3896 1679 3959 Alexander
1694 3896 1729 3956 in
1745 3897 1892 3959 Historia
1909 3895 2116 3960 Ecclesiasti-

565 4009 627 4070 que
648 3996 704 4056 boc
719 3995 752 4056 in
774 4010 845 4057 casu
860 3993 932 4054 satis
947 3997 1013 4054 erat
1028 3990 1167 4070 Episcopi
1184 3987 1310 4050 titulum
1368 4007 1405 4054 cu
1425 3988 1547 4051 saeculi
1570 3989 1691 4068 quinti,
1709 4005 1777 4068 cep.
1794 3990 1826 4063 4,
1851 3995 1916 4052 erl.
1938 3993 1973 4065 2,
1993 3990 2115 4068 Longe·

566 4082 681 4149 Severo
703 4084 836 4166 Sulpilio
857 4085 1006 4162 adimere,
1017 4093 1050 4146 et
1071 4083 1211 4156 interim,
1232 4097 1312 4159 quae
1369 4084 1415 4144 tal
1433 4083 1467 4144 in
1482 4081 1629 4145 Historia
1646 4083 1806 4145 Ecclesiae
1824 4081 2022 4155 Gallicanae,
2039 4092 2061 4147 t.
2079 4086 2114 4157 1,

566 4181 742 4257 sequuntur
757 4179 849 4242 verba
865 4177 928 4253 illa,
946 4173 1101 4252 discipuli
1117 4173 1148 4237 S.
1159 4171 1310 4244 Martini,
1368 4175 1422 4240 lib.
1445 4176 1477 4249 3,
1501 4191 1573 4255 pap.
1596 4173 1673 4247 397,
1699 4175 1808 4253 bonju
1832 4177 1867 4237 in
1888 4175 2115 4240 Praenstieni·

565 4272 727 4334 immutata
748 4271 939 4350 relinquere.
963 4269 1026 4332 Hoc
1040 4267 1311 4344 autem'tempera·
1368 4267 1424 4332 bus
1448 4269 1632 4339 Canonicis,
1656 4267 1710 4332 ue.
1733 4271 1770 4340 2,
1794 4285 1862 4346 cap.
1882 4270 1940 4341 52,
1963 4286 2052 4332 nun.
2076 4275 2112 4334 5.

565 4374 672 4428 mento
703 4365 893 4445 posthabito,
916 4360 1173 4441 Martyrologium
1202 4362 1312 4422 Homa-
1365 4362 1443 4437 Quid
1466 4378 1541 4423 vero
1561 4363 1598 4424 ad
1618 4363 1694 4424 baec
1715 4361 1839 4441 Sulpitii
1861 4366 2006 4441 patronii

565 4474 655 4535 num,
672 4475 716 4520 ex
731 4473 848 4538 nupera
869 4456 1071 4531 correctione,
1088 4469 1153 4516 non
1174 4462 1237 4516 uuo
1258 4451 1311 4514 sed
1407 4469 1472 4516 xcx.
1496 4453 1681 4533 Heponunt,
1711 4456 1860 4518 eiusmodi
1889 4458 2011 4536 probra,
2034 4473 2115 4536 quae
2151 4472 2310 4572 scriputur-
2363 4443 2364 4464 ¹

565 4552 679 4631 duplici
701 4559 848 4628 gravatur
863 4550 1072 4626 incommodo;
1097 4555 1162 4611 tum
1184 4546 1311 4625 quisal-
1368 4549 1401 4610 iu
1427 4544 1580 4610 Severum
1608 4546 1780 4626 Sulpitium
1807 4549 1983 4623 vibrantur,
2012 4549 2113 4611 iutilia
2131 4525 2233 4626 {23¹5}ss
2244 4536 2310 4626 3ξᾷἚῖ

565 4651 614 4708 ter
627 4645 777 4724 Sulpitius
789 4643 923 4707 Severus
935 4643 1100 4721 Episcopus
1111 4641 1311 4703 Bituricensis
1366 4641 1458 4720 plane
1480 4657 1545 4702 esse
1559 4657 1592 4703 ac
1614 4641 1732 4718 inania;
1755 4642 1886 4719 ideoque
1900 4642 2113 4722 Hartyrolegii
2131 4635 2199 4681 ‘¹⁸¹¹‘-

565 4739 732 4818 aSulpitio
754 4737 869 4802 Severo
890 4737 993 4801 Sancti
1014 4735 1139 4797 Martini
1163 4733 1311 4812 discipulo
1367 4733 1584 4796 reformatores
1599 4735 1657 4797 sub
1670 4733 1807 4810 Urbano,
1825 4736 1887 4797 levi
1910 4738 2044 4799 nimium
2063 4741 2113 4800 in·

566 4825 1332 4910 diuersusperperameffingttur3tumqutasut-·
1368 4827 1457 4888 nixos
1486 4825 1709 4902 laudamento,
1743 4825 1853 4890 Severi
1883 4828 2027 4908 Sulpitii,
2058 4832 2113 4910 qui

566 4927 665 5006 pitius
675 4924 810 4990 Severus
824 4921 990 5002 discipulus
1005 4922 1108 4986 Sancti
1123 4919 1257 4994 Martini,
1274 4918 1312 4980 de
1367 4919 1399 4983 S.
1424 4920 1593 4983 Martinum
1608 4931 1838 4999 praeceptorem
1860 4923 1977 4998 babuit,
1994 4940 2112 4988 nomen

566 5019 654 5082 cuius
676 5017 816 5081 laudibus
838 5013 968 5080 Sanetus
992 5015 1140 5077 Paulinus
1161 5011 1310 5086 Nolanus,
1367 5012 1609 5092 eblartyrologii
1625 5013 1737 5076 Codice
1751 5016 1947 5093 expunxisse.
1973 5017 2110 5093 Etenim,

566 5112 714 5174 Paulinus
735 5111 985 5186 Petrocorieusis,
1008 5107 1181 5172 venantius
1202 5105 1311 5168 Fortu·
1366 5107 1419 5186 qui
1435 5109 1554 5184 primus
1571 5107 1737 5168 memoriae
1760 5109 1929 5185 mandarit,
1942 5107 2111 5189 Sulpittum

565 5213 668 5280 natus,
683 5205 851 5282 erogatus
866 5201 1066 5276 Turonensis,
1082 5199 1198 5277 aliique
1212 5197 1311 5276 palam
1366 5217 1383 5260 a
1405 5200 1575 5276 Pelagianis
1596 5200 1799 5278 deceptum,a
1814 5201 1959 5266 catholica
1981 5205 2112 5265 veritate

566 5296 759 5377 loquuntur,
782 5315 797 5358 a
819 5295 1038 5375 Martyrologio
1065 5293 1256 5372 exploditur,
1278 5305 1312 5352 ac
1366 5294 1551 5367 declinasse,
1580 5290 1640 5354 luit
1670 5292 1848 5356 Gennadius
1869 5295 1971 5374 quinti
1999 5296 2111 5358 saeculi

566 5405 631 5452 non
651 5391 720 5452 sine
746 5391 862 5453 iniuria
883 5407 898 5451 a
920 5388 1128 5451 vetustissima
1155 5384 1206 5446 illa
1229 5383 1312 5444 tituli
1366 5387 1509 5465 scriptor,
1521 5389 1559 5448 de
1575 5402 1637 5463 quo
1651 5387 1694 5449 ita
1705 5386 1844 5465 loquitur
1855 5387 2020 5450 Guibertus
2036 5390 2112 5452 blar-

565 5484 737 5546 sanctitatis
770 5482 959 5562 possessione
993 5479 1186 5543 deturbatur.
1220 5475 1313 5538 Valde
1367 5483 1452 5543 tinus
1482 5480 1571 5542 abbas
1602 5479 1829 5543 Gemblacensis
1857 5483 1890 5544 in
1919 5483 2111 5561 praelaudata

566 5583 675 5638 eutem
710 5575 847 5654 sulpitii
880 5575 1129 5640 sanctimonium
1160 5585 1311 5634 cannen·
1366 5573 1530 5652 Apologia:
1555 5572 1878 5653 OuedePelepienis
1899 5575 2110 5648 seductus,in
2151 5585 2153 5588 ·

567 5670 636 5744 det,
665 5670 768 5751 inquit
792 5671 945 5733 Gerardus
973 5668 1102 5731 loannes
1130 5664 1257 5727 Vossius
1277 5665 1312 5725 in
1366 5668 1474 5744 atipuo
1496 5683 1516 5730 a
1538 5667 1651 5746 rapula
1674 5667 1869 5729 ortbadouee
1892 5669 1965 5746 littei
1986 5667 2110 5730 scorbi-

521 5825 526 5836 ,
567 5763 631 5825 uita
651 5763 760 5828 Seueri
789 5763 931 5843 Sulpitii,
954 5776 1032 5842 quae
1053 5763 1087 5825 in
1115 5760 1218 5822 ironte
1245 5759 1312 5820 eius
1368 5760 1505 5834 iuverit,
1540 5776 1701 5839 nusquam
1732 5763 1871 5836 omuino,
1902 5763 1969 5824 nisi
1990 5762 2110 5826 insola

567 5873 699 5937 eperum
726 5859 872 5922 editionis
899 5855 1121 5922 Amstelodami
1148 5858 1308 5938 praeponi·
1367 5851 1428 5932 lapi
1452 5853 1706 5934 Gennadiupui,
1724 5857 1956 5920 mscieutrnm
1979 5853 2109 5922 beceli-
