4828 6990
336 543 390 599 An.
404 543 435 599 C.
456 543 525 599 1750
575 541 633 608 419.

554 679 590 742 ad
612 695 722 744 eorum
743 679 821 742 ritus
843 684 873 742 et
895 697 997 744 mores
1011 680 1220 760 spectantibus
1235 682 1297 744 edi-

554 773 658 837 dimus
678 772 734 852 (l).

594 868 662 943 gl.
687 869 729 932 Ea
751 875 827 932 reio
849 871 880 933 in
903 871 1126 948 instructione,
1150 887 1229 949 quae
1252 878 1297 948 ty·

552 963 599 1042 pis
611 962 1158 1044 impressafuit,nostroqneBullario
1170 967 1295 1041 inserta,

552 1066 657 1120 actum
678 1065 725 1120 est
746 1060 783 1120 de
805 1059 878 1121 Ritu
895 1060 1097 1138 Copbtornm,
1110 1073 1172 1138 quo
1195 1059 1296 1122 Sacra-

552 1159 697 1214 mentum
726 1151 979 1214 Conlirmationis
1003 1169 1018 1214 a
1039 1153 1172 1232 simplici
1200 1170 1297 1216 sacer-

552 1246 638 1319 dote,
670 1245 773 1306 statim
802 1253 869 1324 post
894 1245 1092 1324 baptismum,
1118 1246 1294 1309 confertur:

551 1341 656 1418 agitur
676 1340 769 1402 etiam
792 1341 830 1402 de
851 1355 937 1403 more
952 1357 984 1403 ac
1006 1340 1232 1404 consuetudine
1246 1356 1298 1403 eo-

551 1432 696 1496 rumdem
726 1432 907 1496 conferendi
940 1433 1083 1496 ordinem
1118 1435 1296 1498 diaconatus

552 1527 656 1606 pneris
677 1527 776 1590 adbuc
798 1528 830 1590 in
853 1527 987 1590 infantili
1010 1535 1108 1590 aetate
1136 1528 1295 1591 existenti-

551 1623 618 1684 bus.
642 1621 758 1696 Quibus
780 1623 817 1684 de
847 1621 938 1684 rebus
959 1637 1011 1698 ea,
1035 1638 1113 1701 quae
1135 1629 1295 1686 consenta-

551 1731 608 1779 nea
630 1724 718 1779 erant
745 1723 776 1778 et
797 1724 982 1796 opportuna,
1012 1715 1179 1780 constituta
1200 1723 1293 1792 sunt;

551 1809 702 1872 nonnulla
730 1819 835 1873 autem
867 1811 1029 1874 indefinita
1055 1818 1292 1886 remanserunt3

320 1968 325 1977 ,
363 1915 445 1961 auara
469 1919 532 1962 tnnc
550 1904 632 1984 quia,
653 1904 834 1983 priusquam
857 1905 894 1966 de
915 1903 976 1966 illis
997 1920 1181 1984 responsum
1202 1921 1218 1965 a
1241 1921 1295 1966 no·

319 1977 484 2068 ii¹01⁵a¹f⁵p⁰⁰⁸⁰
496 1981 532 2016 '⁰'
550 1998 596 2060 bis
618 1999 753 2072 daretur,
766 1997 975 2062 necessarium
997 1998 1099 2060 visum
1121 1997 1179 2061 fuit
1194 1997 1293 2077 plura,

549 2107 627 2170 quae
638 2090 719 2153 baud
733 2092 806 2153 satis
821 2099 893 2154 nota
908 2099 938 2154 et
953 2100 1109 2171 perspecta
1125 2098 1225 2167 erant,
1242 2107 1294 2153 en-

550 2185 687 2263 quirere,
711 2192 745 2247 ut
766 2185 798 2247 in
825 2187 933 2248 eadem
962 2186 1167 2248 instructione
1188 2185 1295 2247 uidere

549 2277 630 2339 licet.
656 2279 775 2342 interea
797 2294 872 2342 vero
894 2295 1003 2340 ornnes
1017 2295 1105 2340 curas
1118 2277 1293 2354 acdiligen-

550 2369 605 2432 tias
626 2371 772 2437 adbibere
793 2387 857 2458 non
881 2371 1157 2451 praetermisimus
1182 2379 1217 2432 ut
1245 2387 1293 2432 eo-

549 2480 635 2540 rum,
666 2481 743 2544 quac
775 2466 873 2528 adlruc
904 2466 1047 2540 deerant,
1080 2463 1292 2541 cognitionem

550 2573 797 2636 assequeremur.
822 2557 964 2621 collectis
995 2557 1105 2620 deinde
1136 2557 1292 2632 omnibus,

548 2653 648 2730 quoad
660 2651 728 2714 fieri
742 2651 854 2730 potnit,
867 2667 946 2730 quae
964 2651 1132 2714 necessaria
1147 2650 1293 2713 videban-

550 2754 612 2820 tur,
629 2745 680 2807 dic
694 2762 752 2808 ιιι.
767 2746 881 2808 martii
897 2745 977 2806 arani
996 2745 1161 2808 currentis
1173 2761 1290 2807 uacca.

548 2837 716 2900 nonnullos
738 2837 769 2902 S.
787 2838 823 2900 R.
842 2837 877 2900 E.
902 2837 1090 2912 cardinales,
1106 2837 1182 2900 alios
1202 2837 1234 2899 in
1247 2853 1291 2898 sa·

546 2944 616 2992 crae
638 2929 821 3005 Tbeologiae
848 2928 992 2992 facultate
1015 2930 1194 3006 magistros,
1217 2927 1292 2988 alios

546 3029 651 3086 autem
674 3021 705 3084 in
727 3022 796 3084 inre
816 3023 962 3088 canonico
977 3023 1102 3102 peritos,
1118 3037 1221 3084 coram
1236 3039 1290 3085 no·

545 3114 602 3190 bis,
626 3115 745 3178 rimatis
758 3123 848 3179 antea
869 3133 923 3194 per
938 3131 994 3178 nos
1015 3115 1160 3178 omnibns
1175 3123 1207 3178 et
1221 3131 1291 3194 per-

545 3207 660 3286 pensis,
682 3209 866 3287 congregari
887 3209 1042 3274 iussimus.
1060 3209 1093 3270 ln
1109 3212 1166 3273 hac
1186 3219 1289 3273 antem

544 3303 798 3380 congregatione,
812 3301 914 3378 dubia,
930 3317 1009 3381 quac
1024 3303 1288 3382 proponebantur,

545 3396 577 3458 in
600 3397 673 3462 duas
694 3395 975 3473 classesdispertita
996 3395 1140 3458 fuerunt:
1164 3411 1225 3457 una
1240 3412 1291 3459 eo·

544 3506 616 3552 rum
638 3489 708 3564 fuit,
731 3489 845 3567 quibus
873 3504 974 3567 neque
999 3491 1098 3552 adbuc
1120 3488 1221 3552 ullum
1242 3505 1289 3550 re

543 3597 692 3663 sponsum
708 3581 847 3662 praeberi
865 3588 1003 3662 poterat3
1026 3581 1121 3644 altera
1143 3598 1219 3644 vero
1240 3598 1290 3644 eo-

500 3733 503 3742 ,
543 3693 626 3754 rum,
649 3677 764 3756 quibus
777 3683 808 3740 et
826 3683 900 3738 tunc
921 3675 1099 3756 responderi
1122 3683 1242 3755 poterat
1257 3683 1289 3739 et

543 3787 621 3850 qnae
641 3777 815 3850 opportuna
836 3768 1022 3832 ridebantur
1043 3769 1178 3832 decerni.

337 3887 371 3931 ux
389 3883 525 3943 arsuraque
582 3865 651 3940 §2-
682 3863 767 3926 lnter
796 3863 914 3936 dubiis,
943 3878 1021 3942 quae
1050 3863 1212 3925 indefinita
1240 3880 1288 3925 re-

310 3939 525 4050 flssiffis'si‘s'i‘n‘if'
544 3965 727 4022 manserunt
747 3959 780 4019 in
801 3964 906 4019 nostra
922 3955 1063 4036 pastorali
1079 3956 1287 4019 instructione

542 4051 622 4115 anui
639 4066 812 4126 anconam,
830 4063 929 4112 unum
950 4048 1025 4111 illud
1048 4048 1121 4111 fuit:
1147 4047 1198 4108 An
1218 4064 1286 4126 spes

543 4143 611 4207 ulia
638 4143 792 4223 affulgeat
821 4141 965 4220 prassini
987 4141 1112 4204 reditus
1141 4141 1286 4203 alicuius

543 4237 691 4317 Episcopi
712 4237 754 4300 ad
775 4237 934 4299 sincerum
957 4251 1030 4298 cum
1048 4233 1211 4298 catbolica
1228 4235 1287 4296 lic-

541 4331 638 4394 ctesia
666 4331 838 4394 unitatem.
874 4329 1017 4392 Alterum
1049 4345 1142 4392 vero:
1176 4333 1226 4392 Aa
1255 4336 1284 4389 ct

541 4425 690 4504 quomado
723 4423 794 4486 totta·
814 4423 916 4502 possit
937 4427 967 4484 et
992 4423 1155 4486 radicitus
1183 4424 1285 4485 catir-

540 4520 614 4597 puri
635 4517 756 4582 abusus
784 4517 967 4598 caraferemli
995 4517 1121 4579 ordines
1146 4521 1223 4580 cute
1244 4517 1284 4580 ta-

540 4612 692 4690 pitimum
715 4618 850 4689 tempus,
867 4617 897 4673 et
913 4611 1026 4673 induci
1048 4607 1129 4689 quod
1145 4618 1285 4674 aetutem

541 4705 795 4768 ordinandorum
836 4703 1042 4768 obseruantia
1085 4704 1285 4768 decretarum

544 4797 635 4861 Catu.
657 4797 742 4862 frid.
760 4815 854 4878 quam
877 4799 912 4862 iu
933 4816 1011 4862 casu
1033 4798 1147 4871 simili,
1170 4795 1211 4864 cd
1233 4815 1283 4862 ca·

579 5007 610 5062 tlt
625 5005 688 5052 vids
701 5017 782 5062 snpra
796 5003 832 5052 lio
846 5011 969 5060 queramus
984 5009 1108 5060 tempore.

636 5147 714 5189 stria
729 5147 771 5190 IV.
785 5146 827 5188 cite
840 5153 887 5188 111.
903 5147 1013 5195 anapaesti
1027 5151 1186 5188 ntncccxxrx.

578 5281 607 5325 ln
621 5279 824 5336 congregatione
833 5277 951 5336 generali
962 5281 985 5322 s.
997 5277 1078 5324 offleii
1088 5277 1179 5322 habita
1189 5275 1216 5320 in
1227 5287 1285 5321 con·

538 5351 618 5394 uentu
639 5351 663 5392 S.
679 5346 777 5392 niurias
798 5356 878 5404 supra
900 5345 1043 5390 Minervam
1065 5355 1154 5390 coram
1171 5341 1242 5388 nmis
1257 5347 1284 5388 et

538 5413 612 5460 Rrirls
626 5417 672 5459 Db.
683 5413 713 5458 ¹8.
728 5417 758 5457 R.
774 5415 801 5458 l).
816 5411 999 5458 cardinalibus
1012 5415 1105 5458 contra
1122 5411 1283 5457 haereticam

538 5483 696 5540 pravitatem
704 5480 872 5539 gerres-atibus
883 5479 1094 5536 inquisitoribus,
1103 5478 1237 5537 proposita
1247 5478 1284 5524 in-

537 5550 637 5596 stantia
657 5553 686 5594 R.
708 5553 733 5594 P.
753 5551 779 5593 D.
801 5547 971 5594 patriarcnae
993 5551 1121 5602 Syrorum
1141 5546 1253 5591 remissa
1267 5558 1283 5591 a

538 5623 561 5662 S.
577 5621 602 5662 C.
616 5618 648 5662 do
663 5616 832 5674 propaganda
853 5615 915 5660 Fide
935 5627 1014 5672 supter
1034 5615 1159 5660 facultate
1173 5625 1189 5660 a
1204 5612 1283 5659 ssriro

537 5685 702 5742 imploranda
722 5682 890 5740 dispensandi
905 5682 1028 5728 dmconos
1040 5681 1074 5728 ab
1089 5682 1230 5727 haereticis
1243 5692 1283 5726 or-

537 5753 641 5798 dinatos
654 5755 716 5798 ante
728 5753 845 5797 aetatem
859 5761 876 5796 a
890 5753 913 5794 S.
930 5749 1077 5794 fanonibus
1092 5749 1283 5808 praescriptam

538 5823 568 5864 ut
583 5817 780 5863 matrimonium
796 5817 881 5862 aalide
903 5815 971 5860 inire
992 5817 1107 5872 possint:
1129 5815 1210 5861 iidem
1225 5813 1282 5860 nusi

537 5889 565 5929 et
579 5883 639 5929 Rriri
653 5887 709 5939 DD,
722 5884 814 5928 audito
828 5887 888 5928 voto
904 5885 950 5927 DI).
962 5883 1157 5938 consultorum,
1166 5883 1284 5927 decreve·

538 5953 601 6000 runt
616 5950 825 6009 respondendum
840 5953 869 5994 R.
885 5953 911 5994 Ρ.
926 5952 953 5996 l).
968 5949 1137 5996 patriarcnae
1154 5953 1282 6006 Syrorum

1077 560 1141 608 tun.
1165 558 1255 608 conr.
1279 557 1320 606 DE
1341 559 1370 606 P.
1394 559 1423 608 F·
1448 561 1529 608 PARS
1551 560 1572 607 l.

2129 545 2189 601 An.
2204 547 2238 600 Ο.
2260 545 2329 600 1750

1355 679 1491 746 tiolicce
1502 681 1575 760 fidei
1589 681 1788 760 praesidium
1802 688 1833 746 ct
1849 679 2039 760 disciplinae
2053 699 2100 746 cc-

1353 773 1551 838 clesiusticae
1570 781 1791 855 augmentum,
1819 763 1992 856 Grcparius
2010 775 2095 841 nnn
2133 794 2145 810 ·

1351 866 1531 944 plurimum
1554 869 1784 932 commendavit
1800 869 2012 934 Patricrclrac
2032 871 2098 936 Ma-

1353 963 1548 1026 ronitarum.
1571 963 1650 1026 Haec
1666 970 1770 1026 antem
1786 963 1846 1026 duo
1858 964 1948 1026 dubia
1963 965 1995 1027 in
2012 981 2098 1044 prac-

1352 1055 1429 1118 dicta
1445 1055 1553 1119 ultima
1569 1056 1811 1134 congregatione
1825 1059 1955 1136 reposita
1967 1057 2098 1124 fuerunt

1353 1147 1385 1210 in
1407 1164 1516 1212 eorum
1538 1149 1643 1224 classe,
1668 1149 1781 1227 quibus
1802 1165 1905 1229 neque
1930 1150 2029 1214 adbuc
2049 1169 2098 1214 re-

1351 1240 1495 1320 sponderi
1518 1250 1647 1322 poterat,
1663 1259 1735 1306 cnm
1750 1257 1789 1304 ex
1804 1243 1852 1318 iis,
1868 1260 1947 1321 quae
1967 1245 2099 1306 norissi-

1354 1350 1404 1397 me
1433 1335 1521 1398 nobis
1552 1335 1646 1399 relata
1668 1335 1812 1411 fuerant,
1845 1337 1930 1400 nulla
1957 1339 2095 1418 proxima

1350 1443 1418 1507 spes
1446 1429 1602 1506 effulgeat,
1627 1437 1661 1492 nt
1681 1429 1791 1508 aliquis
1812 1447 1851 1492 en
1878 1431 2018 1494 eiusdem
2044 1447 2096 1496 na-

1352 1522 1444 1585 tionis
1460 1521 1626 1602 Episcopis‚
1642 1524 1770 1587 eiuratis
1790 1524 1961 1588 schismatis
1978 1543 2011 1589 ac
2025 1527 2097 1588 hae-

1351 1631 1455 1678 resum
1476 1617 1646 1691 erroribus,
1662 1615 1697 1678 ad
1712 1617 1878 1680 catholicae
1898 1619 2043 1682 ecclesiae
2056 1620 2095 1682 si·

1351 1723 1429 1770 num
1450 1717 1637 1772 revertatur.

1391 1805 1410 1878 ἓ
1431 1801 1459 1865 3.
1484 1803 1636 1866 Similiter
1656 1805 1739 1868 inter
1760 1807 1862 1882 dubia,
1886 1824 1964 1885 quae
1985 1807 2095 1872 indefr·
2155 1836 2171 1870 ι.
2197 1827 2234 1870 na
2257 1827 2337 1872 mana-

1351 1895 1414 1958 nita
1436 1897 1541 1960 relicta
1562 1897 1692 1962 fuerunt
1708 1901 1741 1962 in
1756 1901 1898 1978 superius
1912 1901 2032 1964 laudata
2048 1903 2093 1964 in·
2113 1879 2337 1980 {isssssffi'ssffi‘j'gl

1349 1992 1536 2067 structione,
1563 1994 1717 2071 reperitur
1751 1993 1840 2058 illud:
1870 1998 1921 2057 Au
1942 1992 2036 2058 rebus
2059 1996 2094 2058 in
2113 1987 2337 2096 Βξῇξζξῑθξοῑῐξξζ

1350 2101 1395 2156 eo,
1419 2085 1454 2146 iu
1475 2084 1637 2164 quebodic
1656 2094 1747 2158 sunt,
1761 2093 1855 2152 statu
1876 2087 2093 2161 manentibus,
2113 2093 2239 2140 rancum.

1350 2179 1499 2256 cupedict
1517 2179 1621 2244 tridui
1631 2182 1704 2252 uni,
1717 2181 1764 2242 cet
1775 2179 1924 2258 pluribus
1936 2180 2094 2260 prestare-

1351 2271 1409 2342 ris,
1425 2272 1617 2352 fucultatem
1634 2273 1936 2338 cutr'cordinariam
1956 2275 2095 2338 admini-

1349 2365 1478 2427 strandi
1489 2365 1734 2429 Sacramentum
1748 2368 2021 2446 Confirmationis:
2033 2369 2094 2432 Cui

1349 2460 1395 2520 oct
1424 2457 1539 2536 quibus
1568 2459 1657 2522 dicta
1682 2461 1827 2544 facultas
1857 2467 1928 2524 tuto
1952 2463 2093 2542 delegari

1347 2552 1460 2629 possit,
1484 2559 1523 2614 ut
1544 2569 1635 2615 sucro
1661 2553 1842 2618 Cirismate
1862 2555 2032 2634 praecipue
2053 2555 2092 2616 u·-

1349 2645 1489 2708 niantur
1502 2645 1565 2724 filii
1587 2647 1653 2708 orti
1675 2665 1694 2710 a
1714 2646 1905 2725 parentibus
1923 2648 2092 2712 catholicis

1347 2747 1416 2816 post
1445 2739 1601 2802 baeresim
1622 2739 1796 2813 eiuratam,
1820 2749 1849 2805 ct
1873 2741 1980 2805 abluti
2000 2760 2093 2806 sacro

1348 2832 1549 2912 Baptismcte
1569 2833 1682 2897 saltem
1696 2853 1716 2898 u
1730 2836 1893 2898 sacerdote
1914 2835 2029 2899 latino.
2054 2837 2093 2898 Et

1347 2925 1422 2990 illud
1438 2945 1578 3007 quoque:
1602 2928 1653 2989 An
1669 2927 1704 2990 iu
1715 2946 1792 2992 casu
1807 2928 2018 2992 concessionis
2033 2929 2092 2990 ltu-

1347 3021 1486 3084 iusmodi
1508 3021 1699 3102 facultatis,
1723 3023 1875 3101 capediat
1896 3040 2021 3086 monere
2041 3041 2093 3086 aa·

1347 3114 1500 3186 cordatos,
1534 3131 1572 3177 ne
1594 3133 1629 3179 cu
1658 3123 1802 3179 utantur
1831 3115 2092 3180 administrando

1346 3206 1620 3284 confirmationem
1629 3207 1815 3290 infantibus
1829 3209 2011 3272 immediate
2020 3215 2091 3288 post

1346 3295 1541 3375 baptismum
1560 3301 1641 3380 (nisi
1662 3318 1739 3364 casu
1754 3301 1970 3382 necessitatis)
1990 3303 2090 3364 sedin

1345 3407 1381 3453 cc
1405 3397 1535 3454 tantum
1546 3399 1664 3466 aetate,
1680 3411 1759 3474 quae
1774 3396 2010 3476 confirmandus
2025 3396 2090 3458 uir·

1347 3489 1448 3546 tutem
1465 3486 1663 3550 sacramenti
1678 3487 1784 3550 caleat
1799 3495 1902 3550 mente
1915 3490 2087 3568 percipere.

1330 3579 1424 3642 ‘llaec
1445 3589 1548 3643 autern
1571 3589 1724 3660 postrema
1740 3583 1800 3646 duo
1818 3583 1909 3646 dubia
1931 3584 1964 3646 in
1980 3584 2089 3646 ultima

1343 3677 1585 3752 congregatione
1606 3677 1703 3754 posita
1724 3675 1854 3740 fuerunt
1874 3677 1909 3738 in
1923 3677 2018 3740 classe
2038 3693 2089 3740 eo·

1344 3784 1433 3845 rum,
1464 3769 1578 3848 quibus
1614 3783 1798 3849 responsum
1829 3771 1970 3851 praeberi
2002 3788 2089 3834 nnnc

1343 3867 1454 3939 potest.

1382 3955 1451 4029 §ln
1475 3955 1581 4036 ltaque
1608 3971 1718 4020 eorum
1745 3959 1890 4022 examine
1916 3967 2086 4039 assumpto,
2106 3975 2318 4074 ‘eaerffiqaqaggp-

1342 4048 1516 4127 auditisque
1544 4048 1811 4128 Congregatorum
1833 4053 2013 4130 sententiis,
2036 4054 2087 4116 de-
2103 4083 2145 4128 u,
2171 4083 2317 4128 conceditur
2404 4119 2405 4132 ,

1342 4149 1461 4204 cretum
1485 4143 1552 4204 fueri
1568 4142 1682 4222 placuit
1696 4145 1727 4206 in
1744 4145 1827 4208 bunc
1838 4147 1980 4209 modum:
2008 4147 2087 4210 San·
2105 4136 2316 4245 g’ffiifgtfflgfg
2404 4185 2405 4188 ,

1342 4235 1506 4298 ctissimus
1534 4243 1782 4299 cousentaneum
1814 4237 1975 4302 iudicauit
2007 4239 2086 4302 delc—
2105 4243 2315 4292 necessitato:

2105 4296 2247 4342 dummodo
2263 4305 2317 4340 con·
2404 4319 2405 4338 1

1341 4343 1417 4406 gare
1439 4329 1604 4410 Praefecto
1619 4329 1809 4396 diissionum
1824 4332 1959 4412 Aegypti
1980 4334 2086 4412 facul·
2106 4349 2225 4395 armarant
2246 4349 2317 4407 sapra-

1342 4428 1440 4484 tatem
1456 4424 1755 4487 entraordinariam
1771 4427 1966 4506 conferendi,
1986 4427 2086 4488 ciris·
2105 4404 2317 4513 fffflfffigssffi

1341 4523 1425 4578 mute
1459 4523 1564 4580 tumen
1585 4515 1624 4580 ab
1657 4517 1810 4596 Episcopo
1835 4517 2013 4594 benedicta,
2035 4539 2083 4586 sc·

1341 4616 1544 4696 crumentum
1578 4612 1839 4691 Confirmationis
1868 4612 1952 4687 illis,
1982 4619 2038 4693 qui
2066 4634 2086 4678 a

1339 4699 1558 4768 sacerdotibus
1592 4703 1707 4767 latinis
1729 4705 1932 4784 Baptismum
1963 4725 2087 4786 accepe-

1341 4804 1433 4860 runt.
1449 4798 1567 4862 Caveat
1582 4803 1692 4860 autem
1702 4801 1886 4880 praefectus
1902 4801 2088 4866 uniusmodi

1340 5017 1385 5062 per
1396 5009 1418 5050 s.
1431 5009 1455 5050 c.
1467 5004 1498 5050 de
1508 5005 1679 5062 propaganda
1688 5003 1759 5060 Fide,
1769 5005 1820 5062 ipsi
1831 5005 1979 5052 transmitti
1989 5005 2088 5053 inctru-

1339 5073 1438 5120 ctiones
1453 5072 1586 5118 Benedicti
1599 5075 1661 5117 x1v.
1676 5084 1724 5129 pro
1738 5073 1838 5130 Coptis3
1854 5077 1884 5118 ut
1898 5085 1946 5129 pro
1961 5073 1993 5118 iis
2004 5074 2085 5120 etiarn

1340 5141 1381 5186 sui
1396 5141 1465 5186 ritus
1479 5140 1584 5185 casdem
1599 5143 1732 5197 sequatur.
1751 5143 1815 5185 cunr
1829 5142 1919 5185 autem
1934 5141 2033 5186 dantur
2046 5153 2087 5185 ca-

1339 5219 1384 5254 sus
1398 5207 1574 5266 particulares
1588 5207 1615 5252 in
1630 5207 1726 5264 quibus
1740 5207 1827 5252 locum
1843 5207 1940 5253 babere
1953 5211 2040 5264 potest
2054 5219 2086 5252 ex

1338 5276 1429 5321 eodem
1444 5274 1568 5320 Pontinos
1583 5273 1750 5332 dispensatio,
1760 5275 1787 5320 in
1797 5273 1891 5320 iisdem
1900 5277 2030 5321 recurrat.

1574 5412 1670 5456 Eadem
1684 5413 1726 5454 dte
1739 5413 1763 5454 et
1776 5413 1851 5460 seruc.

1379 5541 1475 5589 SSrirus
1489 5547 1537 5590 etc.
1554 5543 1581 5588 in
1596 5543 1675 5589 solita
1691 5543 1826 5591 audientia
1841 5543 1907 5590 Rriro
1922 5547 1946 5589 P.
1964 5543 2087 5588 Commis-

1339 5612 1410 5656 sario
1420 5611 1539 5668 generali
1549 5615 1572 5654 S.
1584 5610 1666 5655 Officii
1675 5611 1811 5667 impartita
1821 5621 1976 5668 responsum
1988 5613 2017 5656 n.
2026 5613 2050 5655 P.
2058 5613 2083 5654 Ι).
2137 5645 2140 5648 .

1338 5679 1508 5725 patriarcnae
1523 5681 1651 5735 Syrorum
1667 5679 1826 5724 mittendum
1841 5678 1996 5736 approbarit
2011 5679 2085 5724 iuxta

1338 5748 1528 5794 resolutionem
1542 5747 1575 5792 ab
1590 5745 1662 5792 nuris
1676 5749 1702 5792 et
1717 5745 1791 5791 Rriris
1805 5746 1922 5791 Dominis
1944 5745 2086 5792 t'ardinali-

1338 5815 1386 5860 bus
1400 5813 1570 5870 generalibus
1584 5813 1799 5871 inquisitionibus
1813 5813 1924 5870 captam.

1377 5885 1427 5926 Pro
1440 5881 1550 5926 Domino
1564 5881 1668 5926 Nicolao
1685 5881 1784 5925 soldini
1799 5883 1823 5925 S.
1838 5883 1868 5925 n.
1884 5883 1909 5926 et
1925 5881 2085 5928 universalis

1338 5949 1521 6006 Inquisitionis
1535 5948 1646 5994 notario.
