4764 6972
905 619 1101 672 1111111111
1124 621 1187 670 111.
1742 605 1800 670 113
1850 605 2039 664 11111143

271 763 360 828 quae,
382 748 464 811 sicut
485 747 579 810 etiam
600 744 679 810 dicta
704 743 937 823 Metropolitana
958 742 1020 804 111-
1074 741 1229 817 similiter,
1243 750 1392 822 perpetuo
1403 741 1553 820 erigimus
1568 749 1599 806 et
1612 741 1819 818 instituimus,

270 843 371 904 xican.
395 841 521 904 ecclesia
536 839 574 902 de
589 837 933 918 inrepatronatusdicti
950 835 1020 898 Phi·
1075 853 1107 897 ac
1129 837 1274 911 nomine,
1307 837 1399 899 titulo
1420 853 1454 900 ac
1474 837 1594 898 honore
1620 836 1821 915 archiepisco·

270 935 343 1013 lippi
359 935 452 1011 Regis
467 949 508 995 ex
519 932 686 1011 privilegio
700 931 877 1010 apostolico,
891 929 939 990 cni
955 944 1018 1008 non
1074 929 1134 1008 pali
1154 936 1187 991 et
1208 929 1447 1008 metropolitano
1468 929 1659 993 decoramus.

270 1035 316 1091 est
337 1031 488 1089 hactenns
509 1026 541 1086 in
557 1026 660 1105 aliquo
675 1025 870 1101 derogatum,
886 1022 1020 1084 existere
1115 1023 1134 1098 ἓ
1155 1022 1185 1086 d.
1208 1021 1338 1084 Necnon
1360 1023 1477 1086 dictum
1491 1022 1619 1086 Petrum
1634 1022 1822 1101 Episcopum

269 1121 510 1197 dignoscuntur,
523 1118 681 1196 dictasque
694 1115 915 1191 Guatimalen„
932 1115 1019 1179 Chia·
1075 1131 1109 1178 ac
1129 1132 1184 1194 pro
1204 1123 1346 1194 tempore
1368 1115 1554 1178 existentem
1577 1115 1729 1178 Ecclesiae
1743 1115 1822 1178 Gna-

268 1203 573 1292 pen.,Nicaragnen.
586 1219 617 1273 et
635 1211 864 1288 Gomagaguen.
879 1209 1019 1272 civitates
1076 1207 1214 1271 timalen.
1238 1207 1391 1286 praefatae
1412 1208 1589 1270 Praesulem
1610 1224 1734 1283 verum,
1756 1223 1822 1271 cer-

270 1313 302 1368 11
317 1305 473 1368 dioeceses
487 1319 559 1367 cum
575 1303 718 1366 omnibus
729 1310 761 1364 et
771 1302 1020 1381 quibuscumque
1077 1309 1143 1364 tum
1165 1312 1196 1365 ct
1221 1303 1386 1364 indubium
1417 1303 1690 1380 archiepiscopum
1717 1301 1822 1364 Guati-

269 1414 380 1460 earum
402 1397 569 1459 territoriis
596 1403 627 1458 et
653 1396 813 1470 terminis,
842 1412 876 1458 ac
903 1395 1019 1457 dictum
1076 1395 1189 1457 maten.
1214 1396 1308 1458 etiam
1323 1402 1472 1474 perpetuo
1493 1396 1711 1459 constituimus
1726 1397 1822 1459 etde·

269 1491 411 1566 Petrum,
424 1506 549 1553 necnon
564 1489 757 1551 venerabiles
771 1504 896 1567 quoqne
911 1487 1020 1548 fratres
1075 1498 1236 1568 putamus;
1268 1490 1432 1567 eidemque
1460 1489 1696 1568 Archiepiscopo
1717 1489 1822 1552 Guati-

270 1592 395 1647 nostros
422 1584 588 1645 modernos
619 1581 788 1660 Chiapen.,
812 1579 1015 1658 Nicaraguen.

270 1683 302 1740 11
324 1677 556 1753 Comayaguen.
579 1673 756 1753 Episcopus,
783 1690 816 1735 11
838 1673 964 1735 dilectos
985 1673 1019 1732 11-

269 1769 327 1830 1111
349 1768 501 1831 dictarnm
526 1773 660 1844 quatuor
680 1766 843 1828 civitatum
858 1772 889 1826 et
903 1764 1020 1826 dioece-

268 1877 353 1936 sum,
369 1861 556 1922 universum
573 1859 702 1924 Clerum
725 1875 786 1921 nna
808 1873 880 1921 cum
902 1856 1020 1920 dilectis

269 1955 364 2016 etiam
385 1953 454 2015 tiliis
471 1953 597 2016 illarum
619 1951 771 2031 capitulis,
787 1950 912 2030 populo,
928 1950 1020 2013 colle-

269 2049 371 2125 giatis,
394 2046 619 2126 parochialibus
640 2053 672 2108 et
691 2045 759 2107 aliis
779 2043 928 2118 ecclesiis,
949 2059 1020 2105 nec-

268 2156 334 2202 non
344 2140 542 2203 monasteriis
552 2139 717 2217 utriusque
728 2153 832 2212 sexus,
847 2137 1020 2215 ceterisque

268 2233 430 2296 beneficiis
452 2241 483 2294 et
504 2232 612 2294 officiis
634 2230 846 2294 ecclesiasticis
861 2247 932 2292 cum
947 2244 1020 2290 cura

269 2335 302 2390 11
322 2327 392 2390 1111
411 2343 485 2389 1111
505 2325 705 2400 secularibus,
722 2331 753 2386 et
768 2323 950 2403 quorumvis
971 2339 1019 2384 or-

269 2421 381 2483 dinum
403 2426 434 2481 11
454 2419 638 2480 militiarum
659 2416 866 2493 regularibus,
896 2430 1018 2478 necnon

268 2511 483 2591 hospitalibus,
505 2510 659 2585 domibus,
672 2509 810 2586 collegiis
832 2517 863 2570 et
884 2508 957 2570 locis
971 2524 1019 2570 11·

268 2605 388 2682 ligiosis
402 2605 661 2683 quibuscumque,
675 2619 690 2663 a
705 2601 919 2665 iurisdictione
933 2616 1019 2679 prae-

267 2697 324 2759 fati
346 2697 575 2775 Archiepiscbpi
595 2695 745 2758 llexicani
765 2695 930 2773 apostolica
949 2711 1020 2758 111·

269 2791 395 2852 toritate
405 2797 515 2851 tenore
526 2789 737 2867 praesentium
750 2794 901 2867 perpetuo
915 2787 1019 2849 seiun-

268 2883 375 2961 gimns
397 2889 428 2944 et
458 2882 735 2955 dismembramus,
758 2898 792 2943 ac
816 2881 853 2943 ab
881 2879 1018 2943 eiusdem

268 2975 484 3054 hrchiepisopi
516 2974 666 3037 llexicani
696 2974 888 3036 subiectione
926 2973 1017 3035 etiam

268 3076 422 3149 perpetuo
443 3069 611 3131 eximimus
633 3073 664 3129 et
684 3067 862 3130 liberamus.

309 3166 331 3240 ᾖ
351 3163 380 3225 3.
403 3163 495 3224 Acde
506 3160 734 3224 venerabilium
749 3159 882 3222 fratrum
898 3168 1020 3222 nostro·

269 3273 345 3320 rum
366 3255 397 3318 S.
416 3254 452 3316 ll.
468 3253 502 3315 E.
528 3252 738 3316 cardinalium
759 3253 905 3328 consilio,
927 3270 961 3314 ac
982 3254 1019 3314 de

269 3348 452 3427 apostolieae
472 3347 630 3426 potestatis
642 3345 838 3425 plenitudine
859 3347 958 3425 ipsam
972 3361 1019 3408 ec·

269 3442 397 3505 elesiam
412 3429 635 3514 Guatimaleuss,
651 3439 701 3500 cui
715 3439 832 3517 optime
847 3438 1020 3500 aedificatae

269 3537 412 3614 quinque
434 3533 611 3595 inserviunt
632 3532 797 3608 dignitates
812 3540 842 3593 et
855 3547 910 3593 sex
930 3545 1021 3593 cano-

270 3629 335 3691 nici
355 3643 426 3691 cum
447 3624 913 3703 11111111111111111111111111
935 3639 1020 3701 prae-

269 3721 392 3795 111111,
414 3719 620 3798 pluribusque
641 3717 825 3797 cappellanis
844 3724 875 3779 et
896 3716 1020 3796 presby-

271 3814 359 3888 teris,
375 3819 406 3876 et
421 3827 501 3891 quae
521 3811 654 3872 sacrario
669 3811 760 3873 sacris
777 3809 1020 3888 supellectilibus

271 3915 303 3969 et
319 3907 504 3970 Sanctorum
525 3904 667 3983 reliquiis
688 3904 816 3981 egregie
836 3903 953 3966 referto
973 3905 1020 3966 in·

270 4006 388 4061 structa
405 3998 521 4072 existit,
537 3997 689 4076 cuiusque
704 3997 849 4059 ecclesiae
864 3996 1020 4058 Guatima-

270 4092 338 4154 len.
361 4093 479 4165 civitas,
494 4091 574 4152 sicut
587 4091 772 4170 accepimus,
788 4096 836 4151 est
851 4098 941 4168 capnt
952 4106 1020 4168 pro·

271 4185 396 4248 vinciae
417 4183 557 4246 eiusdem
578 4183 728 4258 nominis,
753 4201 787 4245 ac
812 4181 968 4262 perampla
990 4191 1020 4244 et

271 4278 414 4358 pluribus
428 4276 602 4339 illustribus
616 4276 740 4339 familiis
754 4277 880 4350 referta,
896 4291 1020 4339 necnon

271 4372 489 4445 universitate,
505 4371 625 4434 dnobus
645 4370 831 4444 seminariis,
848 4369 947 4432 tribus
969 4385 1022 4431 xe-

272 4465 443 4540 nodochiis,
466 4481 499 4526 11
521 4462 661 4542 pluribus
687 4471 756 4524 turn
776 4462 927 4538 virorum,
953 4468 1021 4523 tum

272 4557 445 4622 mulierum
459 4555 615 4620 coenobiis
625 4557 825 4618 condecorata
837 4565 894 4630 est,
908 4557 942 4616 ad
957 4555 1022 4617 lau·

272 4652 345 4712 dem
359 4659 391 4712 et
406 4651 539 4726 gloriam
554 4649 782 4726 omnipotentis
797 4649 849 4710 liei
864 4667 897 4711 ac
912 4649 1021 4710 Beatae

272 4743 384 4806 11111111
409 4743 544 4818 l'irginis
565 4751 595 4804 et
617 4742 782 4805 Baulorum
803 4742 1019 4822 Apostolorum

272 4839 354 4899 Petri
388 4845 419 4899 11
450 4835 535 4898 Pauli
566 4835 720 4913 totiusque
747 4837 850 4898 curiae
881 4835 1021 4897 coelestis

271 4932 437 5004 honorem,
450 4946 574 4992 necnon
595 4930 667 4992 fidei
688 4929 852 4992 catholicae
874 4935 904 4990 11
928 4928 1021 4988 totius

273 5023 436 5085 mihtantis
457 5024 601 5086 ecclesiae
615 5021 846 5097 exaltationem,
863 5021 896 5082 in
909 5021 1021 5083 Metro-

271 5116 440 5195 politanam
455 5116 621 5180 Ecclesiam
635 5123 667 5178 et
683 5116 795 5179 Sedem
811 5115 1019 5196 Episcopalem

272 5209 478 5273 Guatimalen.
508 5210 540 5271 in
567 5209 865 5287 archiepiscopalem
895 5207 1020 5271 llrchie-

272 5303 495 5383 piscopalisque
517 5312 548 5364 et
569 5301 959 5380 MetropolitaniPraesulis
974 5317 1021 5362 se·

274 5399 397 5460 demet
418 5396 595 5475 provinciae
616 5395 854 5458 Guatimaleusis
876 5395 1020 5473 deinceps

274 5491 499 5569 nuncupandas
520 5496 610 5568 caput
633 5505 689 5567 pro
710 5505 775 5550 uno
799 5489 943 5567 deinceps
965 5488 1020 5549 hr-

274 5584 477 5663 cbiepiscopo,
493 5584 547 5661 qui
568 5581 651 5661 pallii
671 5588 702 5644 11
724 5581 823 5644 111111
838 5595 930 5643 usum
949 5580 1022 5642 alio·

274 5695 348 5740 rum
360 5677 670 5755 hrchiepiscopornm
690 5689 778 5736 more
789 5674 908 5749 habeat,
922 5674 1022 5736 omni·

274 5767 1024 5849 busqnealiisinsigniisarchiepiscopalibusnec·

275 5879 340 5925 non
360 5863 544 5942 privilegiis,
560 5862 729 5924 honoribus
749 5868 781 5921 et
802 5861 1023 5938 praerogativis

275 5957 519 6038 archiepiscopis
539 5955 650 6020 debitis
671 5962 704 6018 et
719 5955 872 6018 concessis
892 5957 1023 6032 gaudeat

1075 1582 1190 1644 malen.
1204 1589 1322 1645 caetera
1333 1583 1436 1644 omnia
1445 1591 1476 1646 et
1490 1582 1612 1660 singula
1623 1599 1702 1660 quae
1712 1583 1821 1646 hietro·

1076 1676 1219 1755 politanis
1241 1676 1432 1756 praesulibus
1458 1677 1491 1738 in
1507 1690 1618 1738 eorum
1632 1677 1819 1754 civitatibus,

1075 1770 1263 1834 dioecesibus
1284 1776 1315 1831 et
1337 1770 1505 1849 provinciis
1526 1769 1642 1845 facere,
1664 1785 1821 1846 exercere,

1074 1864 1291 1926 administrare
1323 1871 1354 1924 et
1385 1863 1497 1941 exequi
1524 1863 1630 1926 aiure
1662 1862 1821 1926 indultum

1075 1957 1191 2032 existit,
1214 1964 1249 2017 ut
1270 1956 1335 2034 ipse
1361 1954 1475 2030 facere,
1506 1971 1666 2031 exercere,
1693 1955 1823 2019 admini-

1074 2055 1184 2124 strare,
1207 2056 1238 2111 11
1259 2047 1372 2126 exequi
1394 2047 1493 2110 libere
1513 2056 1544 2109 et
1566 2047 1649 2110 licite
1675 2049 1770 2126 possit
1792 2057 1823 2112 11

1075 2141 1174 2204 111111
1194 2143 1301 2204 eadem
1322 2142 1503 2205 auctoritate
1518 2141 1716 2204 concedimus
1730 2148 1761 2205 et
1775 2142 1824 2204 in·

1075 2234 1251 2312 dulgemus,
1269 2237 1309 2297 ita
1324 2235 1407 2313 qnod
1428 2235 1510 2296 idem
1531 2235 1640 2296 Petrus
1655 2235 1823 2314 Episcopus

1075 2327 1189 2406 absque
1209 2326 1265 2390 1111
1286 2329 1323 2390 de
1344 2329 1410 2390 eins
1431 2343 1561 2406 persona
1582 2327 1726 2390 ecclesiae
1744 2328 1822 2390 Gua-

1075 2421 1213 2482 timalen.
1238 2419 1391 2498 praefatae
1406 2422 1443 2484 de
1458 2436 1540 2483 novo
1560 2420 1697 2484 facienda
1719 2422 1822 2500 provi-

1073 2515 1160 2576 sione
1181 2531 1236 2577 sen
1264 2514 1468 2593 prefectione,
1491 2514 1525 2576 in
1547 2513 1820 2592 archiepiscopum

1074 2607 1280 2671 Guatimalen.
1304 2607 1460 2686 perfectus
1480 2622 1545 2668 esse
1568 2606 1772 2684 intelligatur.

1114 2703 1133 2776 5
1153 2701 1182 2763 5.
1206 2702 1366 2764 Praeterea
1382 2701 1483 2762 eidem
1498 2699 1651 2762 Ecclesiae
1665 2700 1820 2762 Guatima-

1073 2797 1137 2859 len.
1153 2794 1299 2876 praefatas
1314 2792 1531 2870 Nicaraguen.,
1552 2793 1700 2870 Chiapen.
1718 2801 1749 2854 11
1764 2793 1822 2856 Co-

1074 2903 1260 2968 mayagueu.
1293 2887 1434 2951 ecclesias
1465 2886 1623 2962 dictosque
1651 2887 1821 2949 modernos

1074 2983 1239 3062 Episcopus
1259 2980 1478 3057 Nicaraguen.,
1502 2978 1650 3056 Chiapen.
1667 2979 1821 3042 11111111-

1074 3091 1206 3155 yaguen.
1231 3092 1265 3136 ac
1279 3089 1334 3152 pro
1349 3081 1489 3151 tempore
1504 3072 1673 3133 existen-tes
1694 3071 1820 3134 illarum

1074 3168 1245 3241 Praesules,
1256 3181 1310 3228 sen
1323 3165 1589 3228 administratores
1600 3179 1655 3242 pro
1668 3172 1820 3246 tempore,

1074 3260 1235 3324 existentis
1249 3257 1476 3336 hrchiepiscopi
1489 3256 1697 3344 ,thatimelen
1714 3257 1821 3320 suflra-

1076 3369 1207 3430 ganeos,
1230 3352 1284 3429 qui
1313 3359 1470 3427 tamquam
1492 3350 1631 3411 membra
1659 3350 1821 3429 (11111111-

1075 3446 1147 3508 dem
1175 3443 1411 3522 hrchiepiscopo
1431 3443 1636 3505 Guatimalen.
1668 3444 1736 3505 inre
1757 3460 1823 3505 me-

1076 3537 1249 3616 tropolitico
1263 3535 1396 3609 subsint,
1413 3534 1454 3596 ita
1469 3535 1550 3611 quod
1566 3533 1821 3613 llrchiepiscopns

1075 3629 1281 3693 Guatimaleu.
1294 3644 1350 3707 pro
1361 3635 1503 3706 tempore
1513 3628 1650 3690 existens
1662 3629 1694 3690 in
1707 3629 1821 3691 eisdem

1076 3723 1292 3798 Nicaraguen.,
1309 3721 1458 3799 Chiapen.
1477 3728 1508 3781 et
1530 3720 1759 3798 Comayagnen.
1782 3724 1823 3784 ci·

1076 3815 1223 3878 vitatibus
1238 3823 1269 3877 et
1290 3813 1480 3876 dioecesibus
1494 3814 1543 3876 ins
1557 3815 1823 3893 metropoliticum

1075 3909 1133 3971 sibi
1144 3908 1292 3981 vindicet,
1306 3922 1429 3968 necnon
1442 3905 1661 3984 Nicaraguen.,
1671 3908 1820 3987 Chiapen.

1075 4009 1107 4064 et
1128 4003 1357 4078 Comagagnen.
1384 3999 1527 4062 ecclesiae
1549 3999 1700 4077 praefatae
1721 4001 1823 4064 eidem

1075 4094 1310 4173 Archiepiscopo
1322 4100 1352 4155 et
1364 4092 1599 4169 Metropolitano
1614 4093 1820 4156 Guatimalen.

1076 4190 1111 4250 ad
1132 4187 1237 4248 omnia
1259 4195 1290 4248 et
1309 4185 1432 4262 singula
1452 4194 1621 4248 teneantur
1641 4194 1673 4250 11
1692 4187 1756 4249 1111
1772 4189 1823 4251 ad·

1075 4283 1211 4354 strictae,
1233 4281 1270 4342 ad
1290 4295 1369 4357 qnae
1389 4279 1601 4356 suffraganeae
1622 4279 1687 4343 suis
1708 4288 1823 4343 metro

1077 4374 1207 4452 politicis
1228 4372 1363 4435 ecclesiis
1383 4378 1415 4433 et
1429 4373 1675 4451 Metropolitanis
1697 4374 1823 4436 Praesu-

1077 4467 1156 4530 libus
1167 4474 1318 4529 tenentur
1333 4474 1366 4527 et
1380 4465 1531 4543 obligatae
1545 4467 1694 4542 existunt,
1711 4482 1823 4544 nempe

1077 4570 1112 4622 nt
1133 4561 1310 4623 iudicentur
1324 4559 1496 4621 secundnm
1517 4559 1678 4620 canonicas
1693 4559 1825 4621 sanctio·

1077 4670 1148 4729 nes;
1170 4669 1203 4715 ac
1225 4653 1326 4713 eidem
1348 4651 1584 4730 Archiepiscopo
1615 4650 1820 4714 Guatimalen.

1077 4746 1226 4825 praefatos
1246 4761 1317 4806 snos
1332 4744 1541 4820 suffraganeos
1563 4745 1771 4818 consecrandi,
1787 4745 1824 4806 ad

1077 4839 1279 4917 provinciales
1302 4837 1441 4915 Synodos
1463 4839 1619 4912 evocandi,
1640 4854 1672 4898 ac
1694 4852 1765 4898 cnm
1787 4851 1823 4898 eo

1077 4933 1171 4994 etiam
1192 4931 1393 4994 ecclesiastica
1416 4930 1538 5006 negotia
1561 4931 1760 5004 terminandi,
1776 4946 1824 4990 ea-

1077 5040 1149 5088 rum
1160 5024 1299 5087 ecclesias
1312 5023 1505 5100 disponendi,
1518 5030 1549 5084 11
1563 5038 1666 5085 causas
1676 5039 1824 5103 quarum·

1077 5134 1210 5196 cumque
1232 5116 1474 5196 appellationum
1495 5117 1561 5178 sive
1582 5116 1723 5194 querelas
1751 5116 1824 5177 alias
1927 5175 1939 5197 ‚

1076 5210 1111 5272 ad
1133 5226 1218 5284 eum,
1241 5217 1399 5288 tamquam
1410 5208 1683 5285 Metropolitanum
1698 5208 1825 5271 Praesu-

1077 5303 1140 5365 lem
1160 5303 1246 5366 iuxta
1267 5304 1390 5365 decreta
1420 5300 1549 5364 Concilii
1574 5301 1750 5362 Tridentini
1771 5299 1823 5364 de·

1077 5396 1198 5458 volutas
1219 5411 1252 5457 ac
1272 5395 1345 5456 alias
1366 5396 1451 5457 iuxta
1474 5393 1638 5456 Sacrorum
1661 5392 1824 5456 Canonnm

1077 5497 1202 5564 statuta,
1225 5495 1397 5568 spectantes
1418 5487 1634 5563 cognoscendi,
1657 5487 1825 5566 omniaque

1077 5581 1135 5642 1111
1156 5588 1188 5642 11
1208 5580 1328 5657 singula
1351 5593 1575 5658 quaecumque,
1598 5595 1676 5656 quae
1697 5580 1735 5641 de
1756 5580 1825 5641 iure

1077 5674 1130 5736 111
1151 5675 1390 5748 consuetudine,
1413 5679 1466 5734 aut
1487 5671 1558 5734 alias
1586 5687 1711 5749 quoquo
1732 5673 1824 5734 modo

1078 5769 1113 5830 ad
1126 5767 1377 5845 hrchiepiscopos
1391 5773 1423 5828 et
1437 5764 1693 5843 archiepiscopale
1707 5779 1824 5828 munus

1077 5866 1215 5938 spectare
1235 5867 1266 5920 et
1287 5859 1445 5938 pertinere
1464 5857 1566 5919 solent
1587 5864 1618 5919 11
1631 5856 1760 5934 debent,
1773 5873 1824 5934 ge-

1078 5954 1180 6029 rendi,
1202 5952 1333 6016 faciendi
1345 5959 1378 6014 et
1392 5950 1556 6014 exercendi
1576 5952 1701 6032 plenam
1714 5958 1746 6015 et
1759 5966 1826 6018 om·
