4856 6984
332 559 385 611 Διι.
400 559 430 610 (l.
452 553 519 608 1751
570 553 629 618 454

551 691 648 752 rosiae
669 688 844 767 llungariae
865 695 896 751 ει
927 688 1093 752 Bchemiae
1113 688 1240 766 reginae
1261 687 1297 750 il-

550 783 667 858 lustris,
691 783 723 844 in
745 784 954 845 Romanorum
980 781 1212 860 imperatricem
1235 782 1296 844 ele·

550 881 627 952 ctae,
644 891 766 937 necnon
787 875 971 938 dilectorum
991 875 1127 938 liliorum
1142 875 1294 938 nobilium

550 970 691 1032 virorum
713 969 798 1031 ducis
822 975 853 1030 et
876 968 1063 1048 reipublicae
1080 967 1294 1043 venetiarum,

550 1061 649 1136 nobis,
673 1066 707 1122 ιιι
728 1061 913 1139 praelertur,
929 1061 1086 1136 exhibitis,
1102 1061 1135 1124 in
1152 1060 1296 1123 omnibus

549 1160 581 1215 et
603 1155 783 1233 peremnia
810 1155 990 1234 plenissime
1012 1159 1204 1229 annuentes,
1231 1170 1294 1216 non

550 1249 641 1311 modo
656 1247 843 1326 praeinserta
859 1247 963 1309 omnia
978 1254 1008 1309 et
1023 1247 1146 1324 singula
1160 1262 1296 1310 conven-
1322 1260 1324 1292 ι

550 1341 643 1404 tionis
664 1341 773 1420 capita,
797 1347 905 1420 utpote
927 1343 962 1405 ad
991 1340 1148 1421 publicum
1177 1341 1295 1404 bonum

549 1439 580 1496 et
595 1434 669 1496 felix
683 1436 859 1498 animarum
871 1435 1011 1512 regimen
1026 1435 1196 1508 tendentia,
1210 1449 1296 1511 prae-

548 1527 685 1589 sentium
707 1527 868 1591 literarum
891 1535 999 1591 tenore
1021 1529 1179 1592 laudamus
1200 1533 1230 1588 et
1246 1542 1295 1604 ap-

549 1621 729 1700 probamus,
753 1637 863 1684 verum
882 1623 974 1684 etlam
991 1639 1046 1701 per
1066 1623 1189 1684 easdem
1210 1637 1296 1699 prae-

548 1722 652 1777 sentes
673 1717 708 1777 ad
724 1731 758 1776 ea
778 1718 957 1794 exequenda
978 1721 1009 1778 et
1029 1714 1202 1790 statuenda,
1218 1731 1295 1792 quae

549 1808 709 1886 pertinent
729 1811 765 1872 ad
780 1813 992 1874 omnimodam
1009 1817 1101 1890 atque
1115 1817 1295 1890 perpetuam

548 1905 799 1984 suppressionem
825 1907 1048 1984 patriarchatus
1076 1905 1293 1986 Aquileiensis,

550 2013 671 2060 necnon
688 1997 725 2059 ad
740 2001 931 2062 erectionem
947 2001 1079 2064 duorum
1096 1999 1295 2078 archiepisco·

551 2097 677 2171 potuum
699 2093 1016 2174 aequalibusomnino
1037 2096 1168 2168 iuribus,
1193 2111 1295 2174 praee-

549 2190 721 2264 minentiis,
754 2205 787 2250 ac
819 2189 1041 2268 praerogativis
1072 2190 1293 2267 praeditorum,

549 2286 675 2358 relicto,
698 2290 732 2345 ut
755 2282 850 2358 inira,
880 2283 992 2344 dilecto
1018 2285 1081 2347 silio
1113 2289 1219 2346 nostro
1240 2285 1296 2346 lla-

549 2379 624 2441 nieli
647 2377 676 2441 S.
688 2379 723 2440 lt.
736 2379 770 2438 E.
795 2377 975 2456 presbytero
1003 2379 1154 2441 Cardinali
1176 2379 1294 2441 bellino

550 2479 739 2550 nuncupato,
755 2471 829 2534 dum
846 2471 971 2546 vixerit,
984 2471 1293 2548 Patriarchae‘titulo,

549 2568 714 2645 procedere
736 2565 893 2640 volentes;
915 2565 1049 2626 aliorum
1064 2581 1139 2627 vero
1160 2566 1294 2644 capitum

549 2659 633 2720 inter
654 2658 801 2737 praelatas
816 2664 928 2737 partes,
945 2665 980 2720 ut
997 2658 1220 2737 supradictum
1236 2664 1294 2736 est,

548 2758 786 2826 conventorum,
809 2769 843 2812 oc
865 2752 1034 2829 respective
1049 2767 1064 2810 a
1079 2752 1295 2829 nobisappro-

549 2844 692 2906 batorum
723 2845 959 2919 executionem,
986 2861 1040 2923 per
1071 2844 1144 2905 alias
1175 2851 1295 2906 nostras

548 2936 726 3016 apostolicas
747 2937 851 3000 literas
873 2937 1062 3017 implendam
1086 2941 1294 3002 statuendam-

547 3045 607 3108 que
629 3037 835 3106 reservantes

367 3129 529 3208 Auuilctanse
588 3122 657 3197 §tt
686 3123 727 3184 llo
759 3123 951 3200 Apostolicae
979 3125 1136 3202 potestatis
1172 3131 1295 3187 nostrae

315 3183 529 3293 ἓῗζῗέἑῗιῗῗῑιὲἶίἰ
547 3215 761 3293 plenitudine,
784 3233 842 3294 qua
875 3216 962 3279 nobis
993 3219 1099 3280 datum
1126 3224 1183 3293 est,
1206 3218 1294 3280 iustis

315 3288 529 3396 fflffiffiffiff
547 3310 807 3372 concurrentibus
828 3311 936 3386 causis,
953 3310 1094 3372 ecclesias
1109 3311 1294 3389 patriarcha-

315 3393 378 3450 gast.
548 3401 602 3476 les,
624 3402 895 3481 archiepiscopales
910 3405 941 3463 et
956 3404 1140 3482 episcopales
1161 3406 1292 3481 erigere,

548 3493 727 3570 transferre,
754 3496 947 3574 supprimere
968 3504 999 3558 et
1027 3498 1223 3574 extinguere,
1246 3514 1293 3559 ea-

547 3607 680 3669 rumque
711 3591 862 3654 dioeceses
898 3593 1036 3655 dividere
1067 3610 1100 3655 ac
1129 3610 1292 3672 separare,

545 3690 637 3759 prout
653 3685 685 3744 in
701 3684 832 3746 homino
847 3687 992 3762 expedire
1014 3688 1213 3766 noverimus3
1229 3703 1294 3750 mo-

546 3785 579 3841 tu
601 3780 736 3857 proprio,
760 3784 791 3839 et
812 3785 896 3841 certa
924 3780 1067 3856 scientia,
1090 3798 1123 3844 ac
1151 3797 1293 3860 praeseu-

547 3873 626 3934 tium
640 3871 799 3934 literarum
817 3875 937 3949 tenore,
958 3874 1083 3936 indicta
1102 3875 1292 3952 Aquileiensi

544 3966 669 4028 civitate
697 3973 727 4027 et
763 3966 901 4042 ecclesia,
932 3968 1163 4046 patriarchalem
1191 3970 1292 4031 cathe-

544 4058 642 4133 dram,
672 4058 856 4136 dignitatem
881 4066 912 4121 et
939 4061 1056 4134 sedem,
1087 4061 1227 4138 titulum,
1259 4079 1292 4124 ac

544 4153 844 4228 denominationem,
857 4161 949 4233 atque
971 4169 1063 4214 omne
1078 4155 1290 4232 patriarchale,

545 4246 809 4325 metropoliticum
831 4252 862 4308 et
884 4247 1100 4310 dioecesanum
1124 4249 1169 4310 ius
1191 4247 1291 4311 eidem

544 4340 689 4401 ecclesiae
700 4356 733 4401 ac
747 4341 812 4402 sedi
827 4343 975 4403 hactenus
989 4342 1155 4416 adnexum,
1170 4357 1291 4404 necnon

544 4431 640 4509 ipsius
662 4431 805 4494 ecclesiae
837 4432 1022 4509 capitulum,
1046 4433 1224 4510 dignitates,
1247 4453 1292 4498 ca-

545 4526 724 4601 nonicatus,
747 4532 841 4606 atque
869 4527 1074 4605 praebendas3
1098 4529 1175 4590 itant
1207 4530 1293 4590 dein·

544 4636 614 4697 ceps
635 4619 856 4696 patriarchalis,
883 4620 1157 4700 archiepiscopalis,
1173 4628 1226 4684 aut
1246 4639 1292 4684 ca-

545 4713 693 4776 thedralis
708 4714 835 4776 ecclesia
854 4715 1071 4792 Aquileiensis,
1089 4716 1232 4795 illiusque
1247 4735 1293 4779 ca-

545 4807 680 4884 pitulum
710 4809 842 4870 minime
863 4809 986 4881 existat,
1009 4823 1066 4870 nec
1095 4809 1178 4870 ullus
1199 4811 1294 4888 Aqui·

546 4899 670 4961 leiensis
705 4901 899 4977 Patriarcha,
932 4902 1209 4980 Archiepiscopus,
1240 4909 1292 4964 aut

546 4993 724 5072 Episcopus,
741 4994 792 5055 vel
812 4995 897 5056 illius
917 4995 1061 5057 ecclesiae
1083 4995 1224 5072 dignitas,
1241 5004 1293 5058 aut

545 5087 710 5149 canonicus
731 5088 926 5149 denominari
948 5089 1054 5166 possit,
1078 5089 1214 5168 penitus,
1231 5105 1293 5151 om·

512 5253 515 5266 .
546 5179 622 5241 nino
647 5197 680 5242 ac
709 5185 859 5258 perpetuo
886 5182 1110 5260 supprimimus
1139 5189 1169 5244 et
1191 5184 1295 5245 extin-

546 5287 680 5348 gurmus.

328 5375 527 5437 utinensemtr·
586 5367 604 5440 ἓ
628 5366 673 5429 ιθ.
692 5366 731 5429 Ut
745 5373 849 5428 autem
864 5367 1024 5430 animabus
1038 5369 1292 5432 christifidelium

314 5427 527 5544 ffl'rii⁰‹¹t³r¹t{r⁰r?¹ssiss
546 5458 578 5521 in
594 5459 668 5521 locis
683 5461 831 5522 hactenus
846 5461 1051 5539 Aquileiensis
1070 5463 1293 5540 patriarchatus

314 5533 527 5643 ἕῗξῃὲρξξξῇῗζξ
546 5567 601 5630 ρει
622 5569 688 5628 nos,
705 5558 740 5615 ut
756 5541 940 5630 praefertur,
963 5554 1116 5631 suppressi
1138 5561 1169 5615 et
1191 5556 1293 5617 extin-

313 5641 436 5696 ³⁸⁵¹ss¹¹³l
545 5644 586 5704 cti
597 5644 748 5722 spirituali
767 5645 971 5708 iurisdictionl
986 5647 1141 5722 subiectis,
1154 5663 1292 5726 quaeque

545 5735 578 5796 in
600 5737 820 5815 temporalibus
843 5746 905 5800 tam
927 5738 1064 5800 Venetae
1086 5738 1291 5817 Reipublicae,

546 5844 639 5906 quam
661 5829 836 5892 Austriacae
857 5831 991 5894 familiae
1012 5848 1159 5911 supremo
1185 5839 1293 5910 parent

546 5921 695 5997 dominio,
718 5924 899 6000 degentium
921 5925 1115 5990 ecclesiastici
1130 5925 1293 6004 regiminis

1076 571 1139 616 llllt.
1163 571 1255 614 PONT.
1278 570 1318 615 DE
1340 571 1369 615 Ρ.
1393 570 1422 616 F·
1447 571 1529 616 rhus
1550 570 1571 614 1.

1351 688 1484 751 subsidia
1507 704 1570 752 non
1592 687 1709 765 desint3
1730 687 1827 750 simili
1848 690 1947 760 motu,
1968 683 2097 746 scientia

1351 787 1382 844 et
1404 783 1561 860 potestatis
1583 782 1787 861 plenitudine,
1800 798 1854 860 per
1876 780 1998 842 easdem
2013 791 2097 856 prae-

1351 881 1464 952 sentes,
1486 892 1525 938 ex
1546 892 1630 940 nunc
1651 876 1683 939 in
1705 875 1829 938 civitate
1844 872 1987 938 Utinensi
2002 886 2097 934 unam

1351 970 1639 1050 archiepiscopalem
1659 969 1837 1033 cathedram
1859 973 1890 1029 ει
1911 967 2028 1040 sedem,
2051 981 2097 1026 ar·

1350 1063 1611 1143 chiepiscopatum
1632 1064 1815 1128 Utinensem
1843 1060 2095 1138 nuncupandam,

1352 1173 1423 1219 cum
1452 1157 1597 1220 omnibus
1625 1165 1655 1219 et
1676 1157 1807 1233 singulis
1837 1154 1971 1228 iuribus,
2001 1151 2096 1213 etiam

1352 1250 1597 1328 metropolitica,
1627 1251 1817 1329 caeterisque
1843 1244 2097 1328 praeeminentiis

1351 1353 1383 1406 et
1396 1344 1630 1422 praerogativis,
1647 1345 1713 1406 aliis
1727 1341 2036 1422 archiepiscopalibus
2050 1357 2097 1403 ec·

1352 1438 1451 1502 clesiis
1473 1440 1510 1501 de
1532 1439 1611 1514 lure,
1633 1456 1691 1500 usu
1713 1453 1746 1500 ac
1767 1436 1994 1500 consuetudine
2014 1450 2097 1498 com·

1352 1533 1541 1612 petentibus,
1559 1539 1706 1611 perpetuo
1728 1532 1878 1608 erigimus
1893 1537 1923 1592 et
1937 1527 2098 1590 constitui-

1352 1641 1438 1702 mus,
1461 1626 1511 1688 cul
1532 1625 1658 1704 quidem
1680 1623 1964 1702 archiepiscopatui,
1978 1638 2033 1701 pro
2047 1636 2099 1698 pe-

1352 1718 1461 1780 culiari
1483 1720 1548 1780 eius
1570 1719 1714 1794 dioecesi,
1732 1725 1834 1780 totum
1856 1716 1947 1778 illum
1961 1714 2098 1790 regionis

1354 1820 1497 1887 tractum,
1510 1812 1562 1891 qui
1575 1811 1739 1890 temporali
1750 1809 1946 1889 Reipublicae
1962 1808 2099 1872 Venetae

1352 1906 1490 1968 dominio
1517 1906 1673 1969 subiectus
1698 1911 1756 1980 est,
1778 1909 1809 1966 ει
1836 1906 1984 1966 hactenus
2006 1917 2021 1960 a
2043 1916 2098 1979 pro

1353 2008 1493 2079 tempore
1513 2001 1669 2062 existente
1688 1999 1860 2061 Patriarcha
1882 1996 2029 2060 ecclesiae
2049 2011 2100 2072 pa-

1354 2093 1523 2155 triarchalis
1544 2093 1748 2172 Aquileiensis
1762 2109 1816 2172 per
1831 2108 1899 2166 nos,
1915 2096 1950 2152 ut
1966 2087 2100 2169 praeler-

1354 2194 1421 2263 tur,
1453 2204 1632 2267 suppressae
1661 2195 1691 2250 et
1716 2187 1888 2259 extinctae,
1920 2187 2098 2248 dioecesano

1351 2281 1420 2343 iure
1441 2281 1649 2357 obtinebatur,
1664 2287 1696 2342 et
1711 2281 1836 2359 pacifice
1850 2280 2027 2356 regebatur,
2045 2278 2099 2339 tri-

1352 2374 1476 2438 buimus
1497 2381 1528 2436 et
1550 2375 1759 2450 assignamus,
1789 2389 1912 2436 necnon
1934 2373 1966 2434 ln
1992 2370 2100 2433 salira-

1353 2484 1465 2544 ganeos
1487 2483 1538 2528 eos
1569 2483 1678 2530 omnes
1699 2474 1730 2528 et
1755 2466 1893 2543 singulos
1923 2465 2097 2544 Episcopus,

1352 2576 1485 2637 quorum
1508 2559 1695 2622 cathedrales
1724 2559 1870 2623 ecclesiae
1891 2558 1924 2619 in
1947 2556 2099 2636 praelatae

1352 2653 1548 2731 Reipublicae
1577 2651 1713 2714 Venetae
1746 2652 1884 2714 dominio
1912 2649 2097 2722 consistunt,

1352 2746 1466 2825 quique
1488 2747 1524 2808 ad
1545 2746 1629 2808 huuc
1650 2745 1731 2807 diem
1744 2743 1859 2806 eisdem
1881 2743 2098 2823 patriarchatui

1352 2837 1543 2917 Aquileiensi
1572 2855 1626 2917 per·
1656 2854 1723 2912 nos,
1752 2844 1787 2900 ut
1815 2835 2007 2916 praefertur,
2028 2851 2099 2913 sup·

1353 2947 1457 3010 presso
1479 2937 1509 2993 et
1531 2932 1668 3016 extincto
1689 2930 1820 2993 subiecti
1842 2928 1982 3002 luerunt,
2003 2928 2099 2990 subil-

1352 3025 1452 3086 cimus
1472 3029 1566 3102 atque
1587 3023 1807 3102 supponimus3
1830 3028 1922 3100 prout
1944 3022 2034 3085 latius
2055 3026 2099 3081 at·

1350 3133 1412 3195 que
1433 3116 1607 3179 distinctius
1622 3132 1677 3194 per
1691 3116 1763 3178 allas
1779 3126 1898 3178 nostras
1919 3112 2099 3193 apostolicas

1352 3213 1454 3274 literas
1475 3227 1568 3288 super
1590 3211 1746 3272 erectione
1768 3209 1948 3270 huiusmodi
1969 3207 2099 3270 Utinen-

1350 3308 1391 3368 sis
1417 3305 1562 3367 ccclesiae
1594 3302 1874 3382 archiepiscopalis,
1905 3301 2097 3380 aequalibus,

1351 3408 1386 3466 ut
1408 3399 1593 3479 praefertur,
1611 3398 1730 3460 iuribus
1744 3405 1775 3460 et
1791 3397 2012 3478 praerogativis
2027 3409 2099 3459 cum

1352 3497 1541 3576 infrascripta
1564 3496 1729 3560 Goritiensi
1752 3494 2000 3574 archiepiscopali
2020 3493 2098 3569 pari-

1352 3598 1399 3654 ter
1420 3593 1545 3656 ecclesia
1568 3591 1781 3669 insigniendae
1796 3588 1994 3669 peculiariter
2008 3601 2097 3666 expe-

1350 3688 1487 3760 diendas,
1508 3692 1663 3748 statuetur
1683 3693 1715 3747 et
1736 3685 1949 3765 explicabitur.

1390 3784 1408 3856 g
1433 3780 1479 3841 ll.
1504 3780 1605 3843 Simili
1634 3797 1756 3860 quoque
1780 3782 1870 3843 modo
1892 3796 1930 3841 ex
1958 3779 2325 3892 ⁰⁰⁰⁰inpat?122¹‘{t⁰r¹t¹l‘rffl

1349 3876 1475 3939 civitate
1503 3877 1671 3940 Goritiensi
1699 3875 1829 3937 alteram
1857 3874 2097 3953 archiepiscope·
2116 3890 2277 3952 piscariarum
2300 3902 2326 3934 a·
2409 3909 2410 3924 a

1351 3969 1412 4032 lem
1443 3969 1618 4031 cathedram
1651 3977 1680 4032 el
1710 3969 1827 4041 sedem,
1856 3968 2096 4046 archiepiscopa—
2115 3943 2326 4042 {¹,{{‘„,⁰⁵3,⁰,³,}¹,}‘,’{J

1351 4069 1418 4126 tum
1440 4063 1647 4126 Goritiensem
1671 4060 1922 4138 nuncupandam,
1945 4060 2235 4149 onmem-{312eos
2254 4051 2325 4096 ³¹¹³·

1350 4157 1441 4219 nibus
1461 4164 1493 4218 et
1513 4154 1645 4232 singulis
1666 4153 1828 4233 praedictis
1849 4153 1980 4227 iuribus,
2002 4154 2096 4215 etiam

1351 4250 1595 4328 metropolitico,
1624 4249 1815 4326 caeterisque
1843 4248 2096 4326 praeeminentiis

1350 4351 1380 4405 et
1395 4343 1630 4421 praerogativis,
1647 4342 1713 4404 aliis
1727 4342 2033 4420 archiepiscopalibus
2048 4358 2095 4404 ec·

1350 4437 1449 4498 etesiis
1471 4439 1508 4499 de
1531 4437 1610 4511 iure,
1633 4453 1702 4510 usu,
1718 4453 1752 4499 ac
1772 4438 1998 4499 consuetudine
2015 4452 2097 4498 corn·

1350 4531 1539 4611 petentibus,
1556 4532 1736 4592 earumdem
1752 4531 1961 4608 praesentium
1979 4539 2095 4606 tenore,

1350 4626 1500 4703 dictisque
1522 4634 1626 4699 motu,
1648 4625 1775 4687 scientia
1797 4634 1827 4687 et
1848 4626 2006 4702 potestatis
2034 4623 2098 4702 ple·

1351 4718 1506 4795 nltudine,
1523 4725 1671 4797 perpetuo
1685 4719 1800 4797 puriter
1819 4720 1968 4795 erigimus
1979 4725 2010 4780 et
2026 4736 2098 4782 con-

1349 4812 1525 4888 stituimus;
1548 4813 1597 4875 cui
1618 4815 1713 4875 etiam
1734 4813 2017 4892 archiepiscopatui,
2042 4829 2097 4890 pro

1350 4905 1417 4966 eius
1428 4906 1576 4982 peculiari
1591 4905 1733 4982 dioecesi,
1747 4907 1875 4969 alteram
1887 4906 2098 4985 patriarchalis

1350 4998 1498 5060 hactenus
1530 4999 1674 5061 ecclesiae
1705 5000 1922 5079 Aquileiensis,
1945 5017 2000 5079 per
2028 5016 2095 5074 nos,

1350 5099 1385 5155 ut
1400 5092 1584 5170 praefertur,
1598 5109 1778 5171 suppressae
1790 5102 1821 5155 et
1833 5095 1998 5168 extinctae,
2015 5095 2097 5157 dioe·
2139 5087 2142 5096 ’

1350 5185 1426 5246 cesis
1458 5192 1590 5262 partem,
1613 5203 1692 5263 quae
1720 5186 1955 5248 Austriacorum
1985 5188 2098 5266 princi·

1350 5294 1425 5356 pum
1447 5277 1586 5340 dominio
1614 5280 1731 5355 subest,
1754 5296 1894 5358 quaeque
1920 5281 2097 5342 novissimis

1351 5371 1541 5450 temporibus
1562 5389 1618 5451 per
1639 5372 1797 5434 vicarium
1809 5373 2018 5451 Apostolicum
2032 5373 2096 5451 epi-

1349 5465 1462 5542 scopali
1483 5465 1659 5527 cltaractere
1680 5464 1890 5542 praedictum,
1914 5483 1928 5526 a
1951 5465 2039 5526 nobis
2061 5466 2097 5526 ad

1353 5563 1474 5634 tempus
1496 5567 1526 5618 et
1548 5559 1583 5618 ad
1613 5565 1756 5619 nostrum
1784 5575 1818 5620 ac
1839 5559 1925 5620 Sedis
1947 5557 2096 5636 Apostoli·
2160 5590 2162 5594 ·

1350 5665 1402 5710 cae
1420 5649 1648 5728 beneplacitum
1664 5651 1740 5712 inibi
1756 5651 1972 5725 constitutum,
1990 5651 2021 5712 in
2036 5651 2096 5728 spi-

1350 5742 1513 5804 ritualibus
1535 5744 1706 5820 gubernata
1727 5743 1797 5818 luit,
1821 5743 1986 5824 tribuimus
2008 5753 2037 5805 et
2052 5760 2097 5806 as·

1349 5836 1523 5913 signamus;
1548 5837 1587 5899 ita
1609 5845 1656 5910 ut,
1678 5837 1783 5898 statim
1804 5853 1838 5898 ac
1858 5853 1959 5898 novae
1979 5839 2097 5899 archie-
2154 5841 2316 5902 Vicartllm·

1350 5929 1493 6007 piscopali
1521 5929 1688 5991 Goritiensi
1719 5928 1866 5990 ecclesiae
1896 5930 2093 6006 huiusmodi,
2113 5894 2314 6004 {ifflffi'uffgdffissi
