4820 6980
524 601 583 666 802

504 739 581 804 LXl.
606 738 881 818 constitutionem,
904 759 982 821 quae
1007 742 1116 821 incipit
1138 740 1252 804 Secre-

563 839 706 896 mentum
726 837 956 913 poenitentine‚
973 839 1136 900 confirmat
1152 845 1183 898 et
1199 837 1254 896 du·

565 927 611 989 bia
633 945 783 1006 superea
805 932 933 994 excitata
956 931 1098 994 declarat.
1121 929 1191 992 itti.

1112 623 1210 670 inbuit
1232 623 1443 671 nbehlcatfbtt

1366 743 1465 808 chitae
1500 747 1645 810 decretali
1681 747 1913 810 demandatam
1943 751 2053 810 erten-

1367 838 1411 899 dit
1432 840 1526 902 etiam
1548 841 1583 904 ad
1606 841 1769 922 Episcopos
1793 841 1932 904 eiusdem
1954 840 2052 902 natio·

1368 931 1427 994 nis.
1451 933 1520 996 eol.

504 1021 594 1084 Lllll.
619 1021 778 1100 [inrogatis
800 1025 1075 1088 constitutionibus
1097 1024 1127 1088 S.
1153 1025 1197 1086 lii
1213 1023 1251 1086 ll.
1308 1025 1440 1090 txxttl.
1463 1029 1721 1092 Commemoratis
1742 1038 1772 1094 et
1793 1028 1983 1092 confirmatis
2003 1028 2053 1104 iis,

563 1123 595 1176 et
616 1115 709 1192 Greg.
734 1117 813 1182 xlv.
836 1126 869 1182 et
890 1119 968 1194 aliis,
987 1120 1126 1182 decernit
1142 1120 1173 1182 in
1189 1134 1253 1180 om-

565 1208 656 1271 nibus
677 1211 881 1274 orientalium
898 1212 1058 1275 lndiarum
1075 1211 1254 1288 regionibus

566 1302 726 1378 religiosos
761 1322 984 1385 cuiuscumque
1020 1305 1156 1369 instituti
1191 1320 1254 1366 nou

566 1411 651 1473 posse
673 1400 781 1462 munia
804 1399 986 1476 parochialia
1014 1415 1172 1474 exercere,
1195 1399 1255 1461 nisi

567 1491 690 1568 praevio
712 1495 855 1555 examine
876 1503 907 1556 et
929 1495 1149 1572 approbatione
1171 1492 1257 1556 Ordi-

568 1585 741 1660 uariornm,
768 1597 859 1666 atque
888 1589 921 1650 in
943 1589 980 1648 iis
1002 1587 1183 1650 exercendis
1205 1587 1258 1648 ho·

569 1696 638 1741 rum
661 1679 867 1744 iurisdictioni
888 1697 952 1744 esse
978 1681 1142 1746 subiectos.
1165 1681 1235 1744 tte.

509 1772 611 1838 Llllll.
629 1773 785 1836 Praefecto
800 1775 964 1854 apostolico
979 1777 1171 1856 caeterisque
1187 1777 1246 1838 mis

569 1867 710 1930 sionariis
739 1869 875 1948 Cophtae
902 1869 1053 1934 Missionis
1081 1871 1259 1934 instructio·

571 1977 644 2022 nem
666 1961 759 2024 tradit
780 1979 874 2041 super
895 1963 997 2028 dubiis
1018 1967 1054 2028 ad
1070 1967 1149 2028 ritus
1163 1965 1258 2028 eccle-

569 2056 631 2118 siae
653 2064 684 2118 et
706 2057 839 2120 nationis
860 2059 1054 2137 Cophtorum
1077 2059 1259 2138 pertinenti·

571 2151 637 2212 hus.
661 2151 729 2214 aii.

510 2245 616 2308 LXlll.
641 2247 770 2310 Damnat
797 2249 927 2310 abusum
954 2250 1167 2326 interrogandi
1188 2264 1260 2328 poe·

570 2339 708 2402 nitentes
729 2344 767 2404 de
789 2344 918 2404 nomine
932 2344 1100 2420 complicis,
1116 2358 1170 2405 seu
1186 2344 1258 2406 socii

570 2434 723 2510 criminis,
747 2443 905 2514 tamquam
926 2436 1140 2513 scaldalosum,
1157 2437 1259 2502 Sacra·

571 2537 677 2590 mento
701 2529 887 2593 iniuriosum
911 2541 970 2594 ete.
994 2531 1062 2596 230.

1367 1135 1445 1197 quae
1466 1122 1504 1184 de
1531 1123 1739 1187 celebratione
1772 1123 1865 1186 unios
1893 1120 2000 1187 Missae
2020 1122 2053 1182 in

1367 1211 1511 1276 decretali
1533 1217 1767 1280 demandatam
1793 1223 1943 1280 statuerat
1963 1229 2055 1290 super

1369 1307 1478 1369 eodem
1507 1310 1594 1373 altari
1625 1312 1705 1388 apud
1733 1310 1863 1373 Graecos
1890 1307 2057 1381 ldelchites,

1369 1403 1508 1464 concedit
1519 1403 1755 1482 archiepiscopo
1768 1403 1943 1481 hleppensi,
1955 1401 1995 1464 ob
2005 1417 2060 1463 an·

1371 1495 1504 1572 gestiam
1527 1497 1610 1558 illins
1632 1497 1787 1572 ecclesiae,
1811 1497 1918 1560 novies
1940 1496 1974 1558 in
1995 1493 2057 1554 die-

1372 1589 1426 1650 bus
1448 1588 1567 1654 festivis
1587 1592 1733 1655 celebrari
1763 1607 1861 1670 posse,
1888 1587 2059 1651 dummodo

1370 1681 1454 1745 Missa
1471 1685 1503 1747 in
1518 1685 1606 1748 altari
1623 1685 1729 1748 maiori
1745 1701 1810 1747 non
1827 1685 1970 1746 iteretur.
1987 1682 2056 1746 263.

1247 1808 1259 1822 -
1310 1776 1447 1840 txxiv.
1471 1778 1658 1857 Episcopum
1679 1778 1846 1843 oscensem
1868 1778 1968 1850 docet,
1991 1776 2059 1854 qui·

1373 1871 1429 1932 bns
1451 1872 1483 1934 ln
1507 1873 1627 1935 casibus
1648 1879 1678 1934 et
1693 1869 1923 1934 conditionibus
1938 1886 1976 1931 ex
1991 1869 2059 1931 iure

1372 1966 1544 2039 communi,
1567 1965 1676 2028 eodem
1697 1966 1757 2041 die,
1779 1965 1824 2026 bis
1844 1965 1932 2028 Missa
1953 1962 1990 2025 ab
2010 1978 2060 2022 eo-

1373 2059 1445 2120 dem
1466 2060 1623 2122 sacerdote
1643 2058 1791 2121 celebrari
1812 2059 1918 2136 possit.
1942 2057 2011 2120 267.

1314 2151 1435 2218 LXXV.
1461 2153 1632 2216 Confirmat
1653 2153 1891 2215 instructionem
1907 2153 1938 2214 S.
1957 2152 2058 2228 Gong.

1373 2251 1411 2310 de
1433 2247 1464 2309 F.
1489 2247 1521 2309 F.
1545 2247 1667 2310 Graecis
1688 2245 1839 2308 Melchitis
1860 2244 1962 2307 datam
1982 2245 2063 2307 circa

1374 2341 1501 2416 ieiunia,
1534 2341 1735 2404 abstinentias
1762 2349 1794 2404 et
1820 2339 2062 2404 consuetudines

1375 2435 1528 2498 Ecclesiae
1555 2435 1696 2511 Graecae,
1719 2434 1839 2513 aliaque
1863 2433 1899 2496 ad
1922 2433 2062 2496 eamdem

1375 2530 1535 2593 nationem
1556 2530 1735 2608 spectantia.
1752 2529 1822 2591 275.

512 2621 603 2685 LXV.
628 2623 706 2698 llegi
727 2625 917 2688 Francorum
939 2629 1137 2688 commendat
1153 2626 1260 2688 Arme·
1316 2622 1452 2687 lallxll.
1476 2623 1673 2687 llissionariis
1695 2624 1853 2688 Societatis
1877 2625 1942 2686 lesu
1965 2625 1997 2686 in
2018 2624 2064 2686 iu·

573 2732 628 2778 nos
650 2718 838 2874 ogthodosos
861 2720 1127 2798 Constantinopoli
1146 2721 1260 2797 degen-

574 2819 628 2872 les.
653 2813 672 2873 2
694 2813 723 2874 2.

513 2903 619 2968 exli.
645 2907 818 2969 Confirmat
838 2910 998 2970 decretum
1021 2909 1052 2972 8.
1070 2910 1105 2973 C·
1122 2911 1158 2972 de
1174 2909 1206 2971 P.
1223 2911 1258 2972 F.

572 3015 633 3076 qno
662 3001 813 3063 statuitur
841 3002 1051 3066 missionarios
1079 3004 1261 3082 apostolicos

572 3094 709 3156 cuiusvis
731 3095 854 3159 Ordinis
877 3097 1012 3176 recipere
1034 3099 1145 3161 debere
1165 3098 1258 3162 aVic.

1375 2717 1450 2780 sulis
1471 2717 1617 2780 subiectis
1642 2716 1833 2782 Francorum
1859 2717 1934 2795 liegi
1957 2733 2063 2781 conce·

1376 2813 1460 2873 ditur
1491 2813 1617 2876 facultas
1648 2813 1842 2890 dispensandi
1875 2812 1907 2874 in
1936 2811 2063 2891 quihus·

1376 2905 1446 2968 dam
1467 2905 1745 2982 consanguinitatis
1761 2906 1809 2968 vel
1825 2906 1982 2970 affinitatis
1997 2923 2065 2984 gra·

1376 2999 1476 3074 dibus,
1491 3017 1547 3062 nee
1562 3015 1625 3062 non
1641 2999 1818 3063 absolvendi
1832 3001 2060 3076 contrahentes,

1378 3093 1566 3157 revalidandi
1589 3101 1620 3156 et
1636 3093 1829 3170 legitimandi
1845 3094 1974 3172 prolem.
1992 3093 2060 3156 28l.

574 3189 710 3266 hpostol.
734 3190 766 3251 in
789 3190 899 3268 huglia
927 3190 1105 3254 facultatem
1131 3193 1262 3256 admini-
1317 3185 1661 3251 titillantium
1687 3187 1782 3249 Bossir
1809 3187 2064 3264 congregationis

573 3281 692 3345 strandi
720 3283 955 3348 Sacramentum
982 3286 1208 3364 Paenitentiae,
1231 3305 1264 3350 ac

575 3379 739 3440 exercendi
754 3395 965 3460 quascumque
976 3379 1135 3444 facultates
1150 3385 1185 3444 ad
1198 3383 1265 3445 ani-

575 3487 699 3534 marum
719 3489 827 3534 curam
849 3475 1051 3552 pertinentes.
1078 3476 1152 3538 lbid.

515 3565 635 3630 nillil.
659 3566 793 3644 negatas
807 3570 971 3630 servandas
989 3570 1079 3632 tradit
1095 3571 1127 3633 in
1144 3588 1264 3650 proces·

574 3661 658 3722 sibus
678 3675 772 3740 super·
803 3659 882 3722 fama
903 3663 1072 3727 sanctitatis
1099 3681 1264 3729 servorum

576 3754 643 3830 liei,
666 3755 820 3817 ordinaria
850 3757 1073 3837 Episcoporum
1104 3761 1171 3822 sive
1192 3761 1265 3822 alio·

577 3865 648 3910 rum
659 3848 891 3912 (liuthariorum
904 3849 1084 3915 Praesulum
1100 3855 1265 3918 conficien-

576 3943 633 4019 dis;
657 3950 715 4004 etc.
740 3943 808 4006 tet.

517 4037 647 4102 LXlllll.
669 4039 912 4102 concessionum
941 4041 1174 4122 gratiarumque
1195 4059 1265 4123 apo·
1320 4037 1456 4102 txxlx.
1475 4037 1551 4101 Sues
1567 4037 1671 4100 literas
1686 4051 1732 4115 ap.
1753 4037 1907 4113 Suprema
1923 4038 2065 4099 oninium

577 4133 756 4195 stolicarum
785 4131 861 4212 facta
890 4133 1101 4212 distinctione,
1124 4137 1265 4200 decernit

578 4241 729 4305 quaenam
758 4243 866 4290 earum
892 4244 947 4306 per
968 4229 1170 4292 secretariam
1193 4234 1267 4296 Bre-

577 4322 666 4383 vium
697 4321 837 4399 expediri
868 4324 1011 4400 debeant,
1042 4343 1182 4406 quaeque
1213 4344 1267 4406 per·

579 4415 744 4489 boiariam,
767 4416 825 4477 snb
846 4433 943 4495 poena
965 4418 1118 4482 nullitatis
1143 4422 1267 4500 expedi·

582 4509 714 4570 tionum.
737 4509 806 4572 243.

1378 3281 1529 3345 llissionis
1556 3281 1713 3345 llicarium
1742 3279 1953 3360 Apostolionm
1975 3281 2063 3360 nige-

1377 3376 1456 3438 rien.
1479 3377 1578 3452 eligit.
1603 3375 1670 3439 282.

1317 3469 1477 3534 Llllllllll.
1501 3471 1640 3535 solemni
1663 3471 1787 3534 decreto
1809 3471 1841 3533 in
1857 3470 1925 3532 albo
1938 3468 2063 3533 Sancto-

1379 3581 1451 3627 rum
1482 3582 1637 3629 recenserr
1668 3567 1777 3630 statuit
1806 3573 1837 3628 et
1858 3567 1895 3627 ab
1923 3565 2065 3628 omnibus

1378 3659 1436 3722 ooli
1458 3660 1596 3722 Fidelem
1612 3677 1627 3720 a
1643 3659 1838 3738 Sigmaringa
1853 3659 1975 3724 Ordinis
1989 3658 2062 3722 llin.

1380 3755 1646 3834 Cappnccinorum
1666 3754 1854 3833 preelectum
1869 3754 2023 3818 missionis
2036 3773 2065 3816 a·

1380 3848 1545 3928 postolicae
1576 3849 1608 3910 in
1641 3847 1766 3910 lihaetia
1793 3854 1825 3910 et
1852 3848 1884 3911 S.
1907 3848 2005 3925 eong.
2028 3849 2066 3911 de

1380 3943 1411 4004 P.
1437 3944 1469 4006 F.
1495 3942 1786 4020 Proto-Martyrem.
1811 3942 1879 4005 283.

1380 4141 1486 4196 contra
1512 4129 1713 4194 confessarios
1740 4132 1940 4209 exquirentes
1961 4148 1976 4191 a
1998 4145 2067 4208 poe-

1381 4226 1553 4290 nitentibus
1574 4224 1732 4304 complicis
1754 4239 1870 4286 nomen
1892 4224 2066 4300 confirmae

1382 4337 1495 4401 poenas
1507 4320 1539 4381 in
1555 4320 1773 4398 delinquentes
1784 4318 1973 4380 statuitcnm
1983 4333 2068 4395 prae·

1382 4415 1525 4478 linitione
1555 4413 1672 4476 ordinis
1703 4411 1886 4490 procedendi
1908 4413 1941 4473 iu
1962 4411 2069 4473 huius·

1382 4507 1466 4572 modi
1487 4510 1595 4571 causis.
1620 4507 1694 4570 lbid.

522 4603 628 4666 txlx.
652 4603 753 4680 Super
780 4603 964 4668 electionem
993 4606 1108 4674 abbatis
1137 4609 1266 4686 Collegit
1322 4603 1444 4667 Lxxx.
1468 4601 1625 4665 Nonnulla
1641 4601 1819 4681 praescribit
1834 4601 1912 4663 circa
1927 4599 2067 4677 regimen

581 4698 645 4760 itali
668 4699 769 4776 graeci
799 4698 830 4761 S.
855 4699 956 4762 Basilii
988 4701 1090 4778 llagni
1120 4702 1159 4764 de
1186 4703 1267 4766 Urbe

581 4793 725 4872 disponit.
747 4793 815 4856 248.

522 4887 614 4952 Lxx.
639 4887 760 4951 Statuta
788 4889 901 4950 Terrae
932 4889 1061 4954 Sanctae
1090 4908 1105 4952 a
1128 4891 1268 4954 Ministro

581 4981 723 5043 Generali
744 4980 866 5044 Ordinis
887 4981 919 5045 S.
944 4983 1098 5046 Francisci
1112 4983 1268 5048 llinorum

1383 4695 1643 4759 confraternitatis
1664 4695 1828 4773 utriusque
1846 4709 1938 4756 sexus
1952 4693 2008 4756 sub
2022 4693 2067 4754 in-

1384 4791 1545 4854 vocatione
1575 4787 1746 4853 cathedrae
1778 4787 1808 4852 S.
1844 4787 1944 4864 Petri,
1978 4801 2067 4865 prope

1383 4883 1656 4963 metropolitanam
1679 4881 1840 4946 ecclesiam
1862 4881 1985 4960 Ragusii
2004 4895 2069 4944 ere-

1383 4991 1459 5045 ctae.
1482 4978 1551 5042 287.

580 5073 759 5137 Observant.
788 5076 916 5138 collecta
944 5084 975 5138 et
1002 5077 1145 5156 ampliata
1176 5087 1270 5157 atque
1324 5077 1460 5142 lxxxi.
1479 5073 1653 5137 Nonnullcs
1669 5071 1834 5152 Episcopos
1849 5069 2070 5132 Maronitasre

581 5167 617 5229 ab
637 5167 761 5324 Orggrgis
780 5170 965 5233 Discretorio
980 5172 1144 5251 approbata
1158 5175 1270 5236 condr-

581 5269 654 5323 mat.
740 5307 747 5320 .

520 5355 627 5419 Lxxt.
652 5355 836 5419 Huiusmodi
856 5365 1045 5422 statutorum
1074 5359 1176 5423 irritat
1197 5363 1269 5423 arti-

581 5449 666 5511 culos
696 5449 754 5511 sub
783 5466 871 5512 num.
897 5467 983 5514 nxrrr.
1007 5461 1038 5515 et
1064 5469 1174 5516 exurar.
1199 5472 1270 5518 con·

584 5551 684 5605 tentos
706 5545 741 5606 ed
764 5546 997 5622 deputationem
1019 5547 1222 5611 Sacristarum
1241 5555 1271 5610 et

583 5639 618 5700 ad
640 5638 834 5717 quotidianas
863 5639 1104 5719 supplicationes
1134 5649 1273 5720 spectan-

585 5740 642 5806 tes,
671 5735 779 5796 ceteris
810 5743 913 5797 tamen
937 5751 993 5796 suo
1021 5735 1132 5798 robore
1153 5753 1273 5816 perma-

587 5826 744 5888 nentibus.
764 5827 833 5891 260.

527 5918 647 5983 Lllllll.
665 5920 852 5982 Facultatem
865 5922 1058 6000 dispensandi
1071 5923 1108 5984 ab
1118 5923 1274 5986 abstinen-

588 6012 638 6074 tiis
660 6027 833 6076 concessam
855 6015 1046 6079 Patriarchae
1066 6017 1276 6080 Graeco-blel-

1385 5169 1508 5247 darguit
1530 5169 1567 5230 de
1583 5173 1692 5243 negata
1708 5164 1897 5228 Patriarchae
1910 5161 2072 5225 subiectio·

1386 5281 1426 5328 ne
1447 5262 1535 5326 etde
1557 5260 1667 5326 Vicarii
1689 5256 1898 5338 patriarchalis
1923 5255 2073 5318 electione

1384 5359 1471 5432 lacta,
1494 5363 1658 5435 praetextu
1680 5351 1895 5432 appellationis
1915 5351 1951 5412 ad
1971 5346 2002 5411 8.
2019 5346 2073 5411 Se

1385 5455 1472 5528 dem3
1490 5451 1613 5512 mandat
1628 5455 1663 5510 ut
1678 5445 1781 5509 omnia
1796 5444 1898 5507 ordini
1911 5443 2071 5505 restituan-

1388 5556 1454 5622 tur;
1488 5558 1657 5622 eorumque
1689 5548 1775 5603 actus
1806 5539 1909 5603 nullos
1929 5535 2071 5610 declarat,

1386 5639 1499 5702 sanatis
1520 5636 1636 5700 actibus
1658 5633 1878 5698 iurisdictionis
1899 5631 1935 5693 ab
1957 5629 2072 5710 ipsiset

1388 5734 1424 5796 ab
1445 5734 1566 5795 intruso
1589 5728 1709 5792 vicario
1730 5727 1831 5804 lactis,
1848 5724 2074 5788 absolutionem

1388 5846 1403 5890 a
1425 5825 1564 5889 censuris
1585 5821 1749 5886 contractis
1770 5835 1825 5900 per
1853 5815 2073 5880 confessarium

1388 5917 1615 5984 concedendam
1627 5916 1775 5995 disponit,
1788 5920 1855 5992 post
1866 5910 2074 5974 authenticam

1390 6023 1549 6093 gestorum
1570 6009 1828 6090 reprobationem.
1852 6004 1920 6068 289.
