4708 6978
65 477 121 528 An.
137 477 173 530 C.
199 475 265 529 1747

293 627 327 672 se
348 611 491 687 offerent,
514 616 680 690 antequam
712 615 852 688 optatum
878 609 973 672 fluam
995 606 1062 678 as·'

252 763 255 769 .
293 711 451 783 sequatur.

77 809 275 872 messeana-
332 797 598 872 Quemadmodum
626 799 729 880 itaque
750 817 805 879 pro
832 799 1038 863 matrimoniis

53 863 275 964 333333333ἰέιῖ
293 891 467 954 carnalibus
488 909 504 952 3
526 893 613 955 uobis
632 894 792 972 provisum
815 893 884 968 fuit,
898 893 938 955 ita
954 908 1038 954 nunc

52 972 275 1080 ξ’,ξξωῃῌῗῖξᾶξζ
293 984 332 1045 de
350 983 562 1062 spiritualibus
576 987 752 1049 animarum
773 986 916 1062 nexibus,
939 986 976 1048 de
990 1001 1037 1047 re-

53 1077 275 1186 {iiiffi‘re'fflffl
293 1077 412 1154 ligiosis
438 1077 581 1142 videlicet
608 1080 771 1158 utriusque
798 1096 890 1143 sexus
918 1079 1037 1157 regula·

55 1195 107 1232 nen
123 1185 244 1242 muter.
291 1172 376 1233 rium
397 1171 649 1251 professionibus,
672 1174 737 1252 pari
762 1173 881 1236 ratione
901 1180 1038 1237 statuere

292 1265 504 1328 decrevimus:
530 1265 681 1328 nimirum
703 1273 819 1330 certam
840 1282 983 1329 normam
1004 1283 1037 1328 ac

292 1358 476 1422 methodum
503 1361 641 1434 tradere,
671 1375 765 1438 quam
795 1359 959 1422 observare
985 1361 1036 1422 de-

290 1451 386 1515 beant
407 1453 523 1516 iudices
548 1451 763 1529 ecclesiastici,
786 1454 906 1532 quoties
926 1452 1037 1517 iudicia

292 1561 388 1624 super
408 1545 553 1608 nullitate
567 1545 793 1624 professionum
816 1547 849 1608 iu
870 1547 1038 1626 aliquoOr-

292 1640 366 1702 dine
386 1638 533 1717 Regulari
548 1656 564 1700 a
578 1638 656 1702 Sede
678 1641 851 1718 Apostolica
872 1641 1036 1719 approbato

293 1730 460 1807 factarum,
489 1746 594 1794 coram
627 1732 699 1810 ipsis
720 1732 829 1814 agitari
859 1733 1034 1810 contingat3

292 1839 394 1902 neque
416 1825 445 1886 id
467 1824 592 1903 quidem
607 1826 643 1888 ad
658 1828 742 1888 huno
764 1827 869 1902 finem,
886 1834 922 1888 et
936 1825 1036 1889 aditus

292 1917 519 1981 intercludatur
540 1918 587 1994 iis,
610 1919 664 1999 qui
695 1919 781 1982 iustis
802 1920 840 1982 de
861 1922 957 1984 causis
979 1921 1037 1984 bu-

292 2003 425 2073 iusm'odi
439 2012 575 2074 actiones
589 2013 746 2076 intentare
760 2013 870 2090 velint,
884 2031 917 2078 33
932 2022 1037 2093 postu-

293 2103 372 2179 lent,
402 2102 624 2183 professionem
645 2123 661 2167 a
682 2123 726 2194 se¹
742 2106 853 2169 factam
873 2125 912 2170 ex
937 2109 1035 2188 capite

291 2197 458 2272 nullitatis,
491 2197 612 2261 irritam
643 2198 806 2278 declarari;
829 2201 895 2277 sed,
922 2211 957 2265 ut
978 2203 1035 2282 ipsi

291 2291 406 2354 iudices
425 2306 534 2354 rerum
558 2292 722 2355 veritatem
744 2295 776 2356 in
803 2296 903 2374 specie
926 2297 1036 2374 digno·

290 2399 387 2459 scere,
409 2400 541 2464 suasque
570 2387 739 2449 sententias
766 2387 900 2450 indubiis
928 2389 1034 2452 funda-

290 2477 406 2540 mentis
421 2477 543 2540 iunixas
558 2478 696 2558 proferre
707 2479 848 2558 valeant3
864 2499 897 2544 ac
911 2499 951 2544 ne
966 2501 1034 2547 um-

290 2586 399 2650 quam,
432 2587 470 2634 33
500 2571 676 2649 ignorantia
704 2573 874 2653 factorum,
898 2577 1032 2656 aliquem

289 2666 458 2727 decernant
479 2665 618 2730 solutum
640 2667 778 2743 vinculo,
801 2670 922 2735 demis
943 2670 1032 2747 forte,

290 2755 390 2820 valida
409 2755 599 2822 solemnium
625 2767 772 2824 votorum
794 2762 983 2842 professione
1002 2780 1035 2826 e·

289 2852 392 2927 missa,
415 2849 569 2929 Religioso
591 2853 708 2930 Ordini,
730 2857 779 2918 cui
801 2872 918 2920 nomen
939 2858 1032 2936 dedit,

289 2952 401 3032 reipsa
417 2961 540 3016 maneat
560 2955 732 3018 adstrictus.
756 2960 819 3034 Qua
834 2976 873 3021 ex
888 2958 1033 3024 methodo

288 3046 415 3109 anobis
443 3047 588 3110 tradenda
614 3049 698 3113 huuc
719 3050 857 3116 fructum
888 3055 1034 3118 similiter

289 3143 502 3207 obventurum
532 3159 706 3222 speramus,
731 3152 765 3209 ut
790 3153 821 3209 et
845 3148 978 3210 rariores
999 3149 1030 3210 iu

288 3247 448 3318 posterum
468 3238 501 3299 in
523 3238 731 3302 tribunalibus
752 3240 875 3303 futurae
888 3242 951 3303 siut
965 3257 1035 3305 cau-

186 3351 190 3358 ·
287 3349 338 3394 sae
352 3349 446 3411 super
460 3343 620 3410 praetensa
634 3332 861 3412 professionum
877 3335 1031 3414 nullitate;

288 3433 319 3488 et
339 3426 394 3503 qui
415 3425 558 3504 deinceps
574 3425 749 3489 huiusmodi
769 3429 922 3492 nullitatis
936 3430 1033 3492 decla-

288 3516 1032 3598 mmmmfflmmmmm

286 3618 515 3690 consequenter
535 3627 551 3671 a
573 3611 724 3690 religione
743 3613 949 3691 discesserint,
966 3632 1031 3680 nou

289 3702 423 3783 amplius
454 3705 555 3780 auxia,
578 3713 630 3766 aut
651 3706 731 3768 male
755 3712 819 3768 tuta
847 3710 1032 3772 conscientia

287 3799 407 3873 vivant,
430 3813 465 3858 ac
485 3805 646 3876 propterea
673 3800 709 3862 ad
741 3817 813 3877 uos,
836 3805 944 3865 autad
968 3802 1031 3864 olli-

286 3890 370 3954 cium
395 3890 654 3953 Poeniteutiariae
681 3899 802 3955 nostrae
830 3894 1030 3974 Apostolicae,

287 3992 322 4046 ut
343 3999 407 4046 non
422 3982 520 4046 semel
533 3984 675 4046 evenisse
689 3986 846 4063 novimus,
862 3988 1032 4067 confugere

287 4085 449 4156 cogantur,
471 4075 691 4160 occultato'(ut
712 4082 807 4143 moris
829 4077 888 4160 est)
910 4082 941 4143 iu
963 4097 1031 4162 pre-

287 4172 373 4235 cibus
394 4171 540 4246 nomine,
569 4171 702 4235 fatentes
729 4175 916 4236 sententiam
938 4193 1032 4256 super

286 4265 484 4346 professionis
504 4262 649 4328 nullitate
669 4267 770 4344 pravis
791 4268 908 4331 artibus
929 4275 1031 4332 extor-

286 4369 387 4423 tama
408 4358 572 4434 sefuisse,
599 4357 727 4438 decepto
759 4361 875 4437 iudice,
905 4364 954 4425 vel
976 4379 1031 4442 per

286 4453 446 4516 mendacia
467 4453 499 4515 in
522 4450 591 4514 facti
611 4453 805 4531 expositione
826 4455 959 4518 adhibita
982 4458 1031 4520 vel

286 4561 342 4626 per
362 4551 524 4624 corruptos
545 4552 655 4623 testes3
682 4545 814 4626 ideoque
845 4549 1029 4626 flagitantes,

287 4647 322 4702 ut
342 4655 381 4701 33
397 4640 492 4716 gratia
504 4645 534 4700 et
549 4639 776 4718 dispensatione
797 4643 971 4720 apostolica,
988 4642 1031 4706 fa-

286 4735 384 4798 cultas
406 4732 554 4796 maneudi
574 4733 606 4795 in
628 4735 749 4797 saeculo
771 4735 843 4813 ipsis
872 4737 1032 4815 indulgea-

286 4835 349 4891 tur.

111 4937 269 4985 aermnae
325 4921 367 4984 Ut
388 4929 492 4984 autem
519 4921 660 4985 ordinate
687 4924 899 5000 procedamus,
922 4925 1029 4989 distin-

68 4990 268 5106 }{fssffifflssg
287 5015 450 5092 gueudum
471 5015 561 5077 initio
583 5023 628 5077 est
651 5015 732 5077 inter
758 5015 927 5093 Regulares
949 5017 1029 5094 illos,

70 5101 268 5155 l¹¹¹¹¹l⁰⁹¹¹¹¹¹⁰¹¹²
287 5107 341 5186 qui
363 5109 445 5169 intra
466 5107 720 5187 quinquennium
740 5125 756 5168 a
777 5108 826 5170 die
848 5108 941 5171 factae
962 5127 1030 5188 pro·

70 5154 268 5252 33333ιῖ53ῗοῖ
285 5200 438 5275 fessionis,
461 5199 499 5262 de
521 5200 603 5262 illius
625 5200 767 5263 nullitate
788 5203 941 5264 actionem
963 5219 1032 5282 pro-

2 5347 3 5380 ,
70 5260 265 5361 33333333.)ΰῦῙί
286 5299 425 5369 movent,
449 5301 480 5355 et
505 5309 571 5369 eos,
594 5294 647 5372 qui
675 5302 740 5372 post
771 5294 907 5374 elapsum
940 5297 1031 5376 quiu-

2 5387 3 5404 3
284 5387 461 5466 quenuium
482 5388 662 5449 reclamant.
685 5386 770 5462 Quod
792 5390 827 5449 ad
849 5389 966 5466 priores
987 5397 1030 5451 at-

285 5481 378 5554 tinet,
401 5480 522 5542 33133333
543 5491 589 5543 333
610 5480 648 5542 de
669 5481 729 5542 illis
750 5482 910 5544 decretum
931 5499 1030 5545 sacrae

285 5572 487 5636 Tridentinae
508 5571 635 5652 Synodi,
657 5591 731 5636 3333.
747 5573 793 5635 25
819 5575 855 5636 de
877 5573 1028 5656 Repeler.

285 5683 353 5746 333.
379 5667 432 5741 19,
456 5669 489 5729 33
517 5669 589 5731 haec
615 5669 722 5732 verba:
757 5666 951 5746 Quicumque
974 5667 1030 5729 Re-

285 5761 412 5840 3333333
433 5761 635 5838 praetendet,
661 5762 836 5841 seperate
857 5767 888 5822 33
909 5767 1029 5825 metere

287 5853 466 5935 3333333333
486 5871 550 5918 3333
571 5856 767 5936 3333333333,
781 5861 840 5918 333
861 5855 960 5918 etiem
982 5854 1029 5917 di-

924 489 1121 536 beneolentis
1143 489 1206 534 xlv.

1759 471 1817 534 3333
1868 471 1920 525 Δ3.
1935 475 1965 527 O.
1987 471 2055 527 1747

1094 617 1158 681 cet,
1168 615 1243 674 3333
1258 613 1396 674 aetutem
1410 607 1549 673 debitum
1563 610 1740 688 3333333333
1755 607 1839 686 3333-

1093 721 1136 777 33,
1159 711 1218 767 333
1240 705 1317 783 33333
1337 702 1453 776 sterile,
1469 703 1606 782 33333333
1629 700 1775 766 habitent
1791 701 1838 763 di·

1094 797 1223 859 mittere
1245 813 1440 876 3333333333
1461 797 1497 860 de
1522 813 1632 869 ceusu,
1655 803 1715 860 eet
1738 795 1836 858 etiem

1094 905 1165 953 3333
1187 887 1303 954 laedite
1319 890 1485 963 discedere,
1501 891 1571 952 siue
1586 890 1719 954 liceratie
1741 889 1837 967 Sepe-

1093 984 1237 1056 333333·
1258 1000 1321 1046 333
1342 984 1514 1056 33333333,
1541 983 1607 1046 uisi
1631 985 1722 1047 intre
1744 982 1837 1061 quie-

1093 1078 1265 1154 333333333
1296 1083 1426 1142 caerem
1447 1096 1467 1142 e
1488 1079 1538 1141 die
1563 1077 1782 1160 professionis,
1806 1083 1836 1138 33

1094 1175 1172 1232 3333
1194 1187 1256 1233 333
1277 1172 1386 1246 aliter,
1410 1172 1476 1234 uisi
1498 1187 1725 1250 equeseques
1746 1185 1837 1250 prec-

1094 1266 1243 1337 teederit,
1267 1265 1439 1328 dedeceret
1459 1281 1565 1329 cerem
1589 1265 1757 1342 deperiere
1777 1281 1836 1326 333

1093 1363 1122 1420 et
1148 1358 1332 1421 ordinario.
1357 1358 1391 1422 ln
1403 1375 1464 1439 quo
1478 1375 1552 1422 sane
1573 1361 1695 1422 decreto
1717 1356 1788 1421 lieet
1802 1359 1835 1420 iu
1894 1363 1965 1428 Quod
1980 1364 2067 1412 docre-

1092 1449 1180 1512 litera
1201 1453 1343 1514 virorum
1364 1451 1726 1529 regulariumdumtaxat
1748 1467 1838 1514 men·
1855 1421 2067 1535 3333333333ῧῖ

1091 1543 1133 1605 333
1155 1544 1218 1620 liat,
1243 1545 1449 1609 nibilominus
1473 1546 1566 1607 etiam
1593 1544 1745 1607 foeminae
1765 1545 1836 1608 reli·
1855 1525 1952 1573 ΝΜ·

1091 1636 1214 1712 gionem
1232 1636 1383 1716 professae
1397 1639 1717 1718 comprehendentem
1736 1654 1835 1718 quum

1090 1745 1129 1790 eu
1150 1731 1267 1806 regulis
1288 1731 1376 1806 iuris,
1399 1732 1606 1794 masculinum
1621 1747 1720 1810 genus
1740 1731 1835 1794 etiam

1090 1822 1299 1886 foemininum
1325 1824 1478 1900 includat,
1504 1824 1557 1888 ubi
1577 1841 1639 1888 333
1665 1825 1836 1905 eademque

1089 1932 1176 1978 causa
1198 1932 1253 1994 pro
1274 1917 1418 1980 foeminis
1438 1935 1536 1998 aeque
1560 1934 1594 1982 ac
1615 1933 1670 1997 pro
1691 1917 1836 1996 masculis

1090 2009 1212 2074 militat.
1236 2010 1380 2086 Quamvis
1396 2019 1500 2074 autem
1515 2013 1628 2076 decreti
1649 2011 1743 2076 verba
1763 2012 1835 2074 satis

1089 2108 1167 2170 clara
1189 2108 1263 2183 sint,
1286 2107 1389 2169 variae
1411 2114 1514 2170 tamen
1536 2108 1731 2187 quaestiones
1756 2107 1834 2170 cirea

1090 2217 1199 2264 eorum
1227 2216 1353 2264 sensum
1375 2218 1407 2264 ac
1428 2201 1492 2263 vim
1522 2201 1670 2268 excitatae
1690 2200 1830 2262 fuerunt.

1129 2298 1231 2372 Quum
1252 2297 1370 2358 etenim
1391 2295 1433 2358 ibi
1447 2310 1550 2358 sermo
1564 2295 1724 2358 dumtaxat
1744 2296 1783 2358 sit
1797 2296 1836 2357 de
1899 2305 1928 2350 33
1950 2303 2065 2404 procedo

1090 2391 1226 2468 regulari
1247 2390 1395 2468 professo,
1420 2391 1473 2469 qui
1493 2405 1581 2453 suam
1610 2389 1832 2468 professionem
1852 2367 2064 2458 333333333ἳῖῗῖ

1090 2485 1210 2547 nullam
1237 2483 1330 2546 fuisso
1355 2485 1534 2548 contendat:
1569 2483 1764 2562 0333333333
1787 2500 1833 2545 re·
1852 2467 2065 2577 ssffffioffissm

1089 2577 1217 2654 peteris
1237 2578 1429 2654 3333333333
1450 2595 1482 2639 33
1502 2592 1558 2655 333
1578 2577 1640 2638 333
1663 2581 1694 2638 33
1714 2583 1834 2640 metere

1091 2669 1269 2749 3333333333
1291 2687 1353 2731 3333
1375 2669 1561 2750 religionem
1575 2674 1657 2754 lete,
1680 2668 1759 2732 nihil
1781 2687 1834 2733 ve·

1090 2780 1124 2824 ro
1151 2779 1295 2844 expresse
1323 2769 1478 2826 statuatur
1505 2765 1542 2826 de
1569 2763 1632 2843 ipsa
1662 2764 1832 2842 religione,

1090 2857 1176 2920 cuius
1207 2856 1370 2937 aliquando
1397 2857 1526 2920 interest
1554 2857 1683 2921 alicuius
1714 2858 1832 2928 alumni

1089 2955 1138 3016 sui
1167 2953 1389 3033 professionem
1417 2954 1538 3017 irritam
1563 2953 1725 3033 declarari3
1748 2963 1783 3019 ut
1808 2959 1834 3020 si

1089 3051 1169 3128 quis,
1191 3048 1326 3128 exempli
1341 3065 1441 3124 causa,
1456 3048 1663 3128 comperiatur
1677 3049 1833 3114 occultum

1088 3143 1211 3222 aliquod
1239 3142 1499 3222 impedimentum
1520 3159 1583 3205 non
1608 3143 1772 3219 revelasse,
1795 3145 1834 3207 de

1088 3253 1150 3316 quo
1173 3237 1380 3313 iuterrogatus
1411 3234 1528 3312 fuerat,
1558 3235 1672 3300 adiecta
1701 3236 1833 3300 declara-

1089 3332 1185 3406 tione,
1206 3329 1299 3408 quod,
1313 3347 1349 3393 eo
1371 3328 1473 3392 forsan
1495 3331 1647 3394 existente
1661 3337 1692 3392 et
1706 3346 1769 3393 uon
1785 3347 1833 3410 pa·

1089 3423 1210 3499 tefacto,
1233 3425 1330 3503 ipsius
1349 3423 1494 3486 admissio
1507 3440 1523 3484 a
1537 3424 1686 3501 religione
1702 3424 1834 3488 minime

1088 3526 1152 3580 rata
1181 3517 1318 3580 habenda
1345 3515 1438 3592 foret;
1467 3517 1539 3580 hinc
1564 3518 1739 3581 dubitatum
1760 3518 1830 3595 luit,

1088 3629 1126 3674 an
1148 3611 1181 3674 iu
1203 3610 1381 3674 huiusmodi
1396 3628 1466 3673 casu
1480 3611 1564 3674 solus
1578 3611 1720 3690 superior
1741 3627 1834 3690 regu·

1088 3704 1159 3778 laris
1180 3705 1247 3768 sine
1273 3704 1432 3768 Ordinario
1460 3705 1625 3784 procedere
1651 3713 1769 3783 posset,
1792 3722 1831 3769 au

1087 3814 1162 3860 vero
1184 3799 1277 3861 etiam
1299 3799 1331 3860 in
1354 3798 1409 3860 hac
1432 3796 1501 3860 facti
1523 3799 1622 3877 speeie
1644 3799 1831 3862 discutienda
1896 3815 1902 3826 ·

1087 3900 1274 3955 essetcausa
1296 3905 1400 3953 coram
1415 3891 1549 3967 regulari
1563 3891 1724 3969 superiore
1737 3891 1832 3955 simul

1087 3993 1118 4047 et
1139 3985 1299 4049 ordinario
1321 3984 1390 4048 loci.
1415 3984 1514 4062 Super
1539 3999 1600 4063 quo
1624 3983 1831 4062 congregatio

1088 4079 1118 4142 S.
1135 4079 1169 4141 ll.
1184 4077 1219 4140 33.
1237 4077 1447 4142 cardinalium
1462 4077 1498 4138 ad
1514 4077 1608 4157 ipsius
1625 4077 1753 4140 Consilii
1766 4079 1832 4140 Tri·

1086 4173 1205 4236 dentiui
1217 4171 1507 4251 interpretationem
1519 4172 1556 4233 ab
1567 4171 1738 4250 Apostolica
1753 4169 1832 4236 Sede

1086 4267 1304 4345 deputatorum
1332 4271 1510 4327 constanter
1540 4265 1695 4340 decrevit,
1728 4282 1830 4329 causas

1085 4359 1262 4422 huiusmodi
1277 4373 1369 4436 super
1384 4357 1527 4420 nullitate
1542 4356 1750 4437 professionis,
1767 4367 1831 4422 tam

1085 4469 1102 4513 a
1124 4453 1258 4530 regulari
1280 4451 1427 4531 professo,
1447 4467 1539 4530 quam
1561 4469 1577 4514 a
1599 4453 1762 4530 religione,
1783 4453 1830 4516 iu-

1086 4552 1132 4608 tra
1153 4544 1407 4624 quinquennium
1423 4545 1455 4606 in
1471 4545 1621 4608 iudicium
1641 4545 1830 4609 3333333333

1086 4655 1101 4699 3
1122 4638 1281 4717 superiore
1303 4637 1450 4716 regulari,
1473 4646 1504 4700 et
1526 4638 1563 4701 ab
1589 4637 1750 4702 Ordiuario
1772 4639 1830 4702 loci

1085 4729 1179 4792 simul
1200 4732 1428 4808 cognoscendas
1449 4747 1525 4794 esse.

1125 4825 1224 4901 Quum
1244 4825 1320 4888 item
1346 4825 1616 4905 quinquennium,
1646 4825 1727 4889 intra
1747 4828 1829 4905 quod
1867 4890 1872 4900 ,
1906 4835 2058 4896 quinquan-

1085 4921 1261 4982 admittitur
1288 4919 1464 4982 reclamatio
1491 4921 1637 4982 adversus
1667 4918 1829 4999 professio-
1848 4896 2059 5010 fflfficgirgpffi
2112 4961 2114 4966 ,

1085 5028 1175 5090 nem,
1198 5013 1307 5076 Sancta
1334 5013 1477 5091 Synodus
1504 5014 1747 5092 computandum
1775 5029 1827 5074 vo·
1845 4998 2058 5100 {afflggfflbssssgffi

1086 5106 1180 5168 luerit
1200 5125 1220 5170 3
1241 5107 1291 5170 die
1310 5107 1537 5188 3333333333333
1563 5123 1699 5186 eumque
1727 5107 1828 5186 potior
1844 5106 2057 5213 l'ssfflssgffiffl

1085 5208 1178 5277 atque
1198 5200 1394 5262 communior
1408 5217 1506 5276 causa,
1520 5217 1597 5279 quae
1612 5216 1667 5279 pro
1683 5200 1828 5263 nullitate
1846 5211 2046 5262 reclamandum.

1085 5291 1283 5370 professionis
1310 5293 1418 5355 adduci
1443 5293 1536 5369 solet,
1560 5294 1592 5355 in
1621 5303 1707 5357 metu
1729 5293 1829 5356 consi·

1085 5393 1162 5463 stat,
1185 5395 1286 5448 metus
1314 5394 1416 5449 autem
1440 5404 1494 5466 per
1522 5393 1623 5452 totum
1649 5387 1826 5468 quinquen·

1086 5480 1187 5556 nium,
1203 5488 1294 5560 atque
1310 5482 1405 5544 etiam
1426 5481 1570 5558 ulterius,
1581 5483 1744 5561 aliquando
1758 5499 1827 5563 per-

1084 5584 1222 5653 severet;
1246 5577 1419 5655 quaesitum
1441 5574 1511 5650 fuit,
1534 5591 1584 5653 au,
1608 5575 1660 5638 ubi
1681 5577 1719 5639 de
1739 5585 1827 5640 metu

1086 5672 1200 5747 agitur,
1223 5670 1349 5732 initium
1370 5671 1578 5748 quinquennii
1599 5670 1826 5733 desumendum

1083 5767 1123 5827 sit
1137 5764 1174 5826 ab
1194 5765 1258 5844 ipso
1273 5764 1321 5827 die
1337 5763 1534 5842 professionis
1545 5765 1684 5841 emissae,
1697 5781 1735 5826 au
1751 5780 1826 5827 vero

1084 5875 1100 5920 a
1122 5857 1186 5933 die,
1209 5872 1270 5936 quo
1297 5855 1451 5936 professus
1481 5857 1610 5922 liberam
1638 5857 1825 5921 reclamandi
