4764 6972
84 589 121 640 Aa.
132 584 155 634 C.
171 573 228 628 1742

104 727 163 786 ouon
175 729 240 774 super
294 703 574 785 htqueOrdinarii,
591 701 781 780 quimorem
801 698 886 759 hunc
906 695 999 771 longe

78 783 240 895 {ffffsiffdssi'sul'ri
256 801 407 880 optimum
430 799 463 858 in
490 795 696 858 examinando
728 800 875 866 tenuere,
899 805 999 851 sacrae

79 881 238 988 {3³2¹;?„³„P{{²1³13
256 892 367 956 deinde
399 889 639 968 Congregationi
665 887 759 948 etiam
786 893 878 963 atque
905 883 999 945 etiam

79 978 239 1064 ιιίιιιῐῑιιιῑι·
256 985 514 1050 considerandum
545 982 758 1060 reliquerunt,
791 978 851 1053 his,
881 976 935 1056 qui
956 976 1000 1038 sic

80 1055 156 1096 ‘'²⁸¹¹'‘
256 1079 422 1144 examinati
443 1083 545 1140 essent
567 1084 660 1155 atque
680 1073 851 1156 postpositi,
880 1074 913 1134 in
934 1087 1001 1150 pos-

256 1184 371 1249 terum,
395 1180 429 1236 nt
450 1172 565 1248 solent,
578 1171 814 1260 appellantibus,
837 1165 1000 1244 indulgen-

256 1272 308 1345 da3
332 1285 391 1331 nec
406 1267 564 1329 aestatim
579 1265 668 1327 electi
691 1278 810 1325 novum
823 1263 858 1324 ad
871 1275 1001 1323 examen

256 1362 445 1444 provocatio,
468 1361 554 1423 nulla
575 1357 762 1436 gravaminis
784 1354 1003 1436 praerequisita

256 1457 450 1538 probatione,
479 1453 656 1528 videretur3
687 1467 759 1514 cum
790 1451 840 1512 isti
865 1466 904 1510 ex
930 1448 1003 1510 actis

257 1550 352 1630 primi
374 1549 525 1612 examinis
547 1561 715 1624 gravamen
739 1545 896 1608 doctrinae
916 1543 1004 1605 facile

257 1641 395 1722 alioquin
418 1642 547 1722 probare
573 1646 715 1719 possent3
741 1637 821 1717 quod
844 1637 894 1699 alii
916 1637 1004 1699 aliter

257 1737 410 1802 nimirum
433 1735 612 1808 examinati,
629 1733 768 1812 probare,
785 1732 844 1793 nisi
858 1729 1004 1804 secundo,

258 1847 312 1892 seu
328 1846 423 1904 novo,
439 1827 593 1902 examine,
616 1843 679 1888 non
702 1832 854 1904 poterant.
878 1823 941 1886 Nec
956 1823 1005 1885 de·

258 1923 347 1985 luere
367 1922 419 1984 alii
440 1920 599 2000 probitatis
620 1937 653 1980 ac
671 1919 801 1996 peritiae
822 1919 854 1979 in
876 1916 1006 1979 admini-

258 2014 393 2078 strandis
413 2015 466 2077 diu
481 2013 618 2076 ecclesiis
633 2012 722 2074 laude
736 2019 937 2091 praestantes,
954 2008 1006 2088 qui

259 2113 438 2183 monerent,
460 2105 603 2168 lraenum
625 2105 748 2184 aliquod
763 2103 942 2166 huiusmodi
957 2117 1008 2180 ap·

259 2201 446 2280 pellantium
473 2199 615 2262 licentiae
645 2198 768 2260 tandem
791 2195 1006 2271 inliciendum,

259 2307 433 2371 eorumque
464 2292 526 2354 iam
558 2291 651 2353 nimis
682 2291 801 2353 crebras
831 2305 948 2354 novum
971 2291 1007 2352 ad

260 2400 394 2450 examen
422 2384 654 2464 provocationes
683 2401 748 2446 esse
778 2385 1006 2463 reprimendas;

260 2479 376 2558 qnippe
397 2495 475 2557 quae
496 2479 549 2540 vix
571 2493 710 2555 unquam
730 2478 798 2540 sine
827 2493 940 2554 magno
961 2493 1007 2539 ec-

260 2571 428 2634 elesiarum
458 2569 572 2632 damno
601 2572 798 2648 contingunt.
826 2569 915 2646 Nam,
937 2587 1007 2632 cum

261 2679 383 2727 novum
405 2679 536 2726 examen
557 2680 660 2726 coram
682 2663 781 2727 iudice
795 2663 1008 2743 appellationis

261 2757 357 2834 longe
378 2757 485 2836 procul
506 2773 522 2817 a
544 2757 684 2836 parochia
712 2758 924 2837 peragendum
952 2757 1008 2832 sit,

261 2849 380 2912 electus
409 2851 446 2912 ab
468 2851 629 2929 Episcopo,
653 2851 705 2930 qui
734 2857 936 2929 provocatur,
959 2865 1009 2927 pa·

261 2944 420 3018 rochiam,
448 2961 542 3023 quam
568 2946 717 3022 possidet,
746 2945 866 3022 cogitur
892 2945 1010 3006 interea

264 3039 414 3114 temporis
434 3039 586 3113 deserere,
613 3053 744 3116 eamque
765 3053 943 3112 oeconomo,
961 3038 1011 3098 vel

263 3131 382 3193 vicario
401 3131 545 3209 cuipiam,
562 3131 659 3193 veluti
673 3145 816 3208 sponsam
831 3131 945 3208 ignotis
960 3147 1013 3193 co-

263 3225 416 3299 stodibus,
429 3224 618 3303 relinquere,
627 3241 737 3303 sponso
753 3240 815 3287 non
832 3241 1009 3304 parumper,

263 3321 317 3381 sed
339 3319 405 3393 din,
427 3335 501 3380 sane
526 3318 688 3394 ablutur03
712 3320 786 3380 dum
808 3334 932 3396 nempe,
955 3321 1012 3381 im-

265 3412 384 3491 plicita,
407 3419 442 3474 nt
463 3413 510 3488 lit,
535 3413 600 3488 lite,
632 3420 719 3474 terna
746 3413 839 3474 etiam
869 3412 919 3474 vel
940 3430 1014 3491 qua-

266 3513 359 3566 terna
385 3505 441 3566 alla
463 3521 502 3568 ex
523 3505 589 3566 aliis
619 3507 780 3582 examina,
813 3521 907 3586 super
928 3522 1015 3584 prae-

265 3599 379 3662 stantia
401 3600 540 3679 primum
554 3599 723 3673 doctrinae,
736 3608 802 3661 tum
817 3599 927 3662 deinde
942 3601 1015 3662 alio·

265 3709 342 3756 rum
364 3707 442 3771 quae
462 3689 498 3752 ad
520 3693 732 3768 integrandam
750 3691 948 3755 idoneitatem
963 3709 1015 3772 op-

267 3794 402 3866 portuna
424 3794 510 3862 sunt,
533 3787 725 3848 contentiose
753 3785 1014 3863 multiplicentur,

266 3885 300 3940 et
311 3879 486 3954 commode,
499 3895 541 3941 ne
554 3880 654 3940 dicam
665 3879 773 3954 otiose,
788 3880 1014 3958 transigantur,

268 3981 438 4050 antequam
459 3972 621 4034 deliberari
638 3973 730 4050 possit
745 3973 809 4034 utri
830 3988 1016 4036 concurren-

271 4066 354 4128 tium
375 4065 516 4144 parochia
536 4065 576 4127 sit
596 4064 804 4128 adiudicanda.

108 4177 252 4240 raduanus
311 4160 359 4222 Ad
381 4159 548 4222 tollendam
560 4159 711 4221 eiusmodi
732 4176 796 4222 non
817 4161 922 4223 minus
944 4179 1017 4241 que·

92 4231 253 4344 ἷζξᾞῗζζίἱὲἒῆἶ
270 4254 409 4317 celarum
425 4269 517 4332 qoam
534 4252 802 4315 incommodorum
814 4256 1017 4331 occasionem,

94 4338 254 4436 ,issffissjffl
273 4348 365 4410 Sacra
387 4347 593 4423 Congregatio
622 4346 750 4409 Concilii
777 4347 951 4410 Tridentini
972 4350 1019 4411 in·

274 4451 404 4519 terpres,
427 4448 589 4518 postquam
604 4455 672 4501 rem
687 4455 813 4501 omnem
828 4457 843 4500 a
859 4441 957 4520 capite
972 4459 1018 4504 re-

271 4523 403 4612 petitam
423 4533 456 4594 in
484 4533 606 4609 gemina
632 4534 767 4596 sessione
789 4549 810 4595 r.
834 4535 967 4596 octobris
989 4544 1019 4598 et

272 4643 340 4688 ιιι.
364 4627 545 4690 novembris
560 4643 702 4689 uoccxx.
719 4644 842 4690 summo
855 4627 957 4690 studio
972 4646 1020 4692 re-

271 4721 430 4797 cognovit,
461 4721 604 4795 tandem,
627 4721 828 4783 sanctissimo
851 4722 944 4784 etiam
965 4739 1019 4784 an-

272 4823 405 4889 nuente
421 4814 530 4876 statuit
551 4813 645 4893 (quod
658 4829 712 4893 per
723 4822 900 4892 praesentes
916 4815 1020 4878 literas

272 4908 444 4986 encyclicas
471 4906 650 4986 exequitur)
682 4923 791 4970 omnes
822 4917 852 4970 et
880 4909 1019 4986 singulos

273 5001 439 5080 Episcopus
469 5000 606 5078 aliosque
638 5000 800 5079 praelatos,
828 5019 922 5080 penes
944 5019 1020 5081 quos

273 5097 314 5156 sit
337 5095 385 5157 ius
406 5103 439 5156 et
464 5094 627 5156 auctoritas
655 5093 784 5155 faciendi
817 5111 1016 5169 concursum,

275 5187 404 5262 hortari,
417 5196 452 5250 ut
467 5202 597 5249 examen
612 5187 763 5250 eiusmodi
778 5188 941 5250 instituere
957 5205 1019 5250 non

275 5288 459 5357 graventur,
482 5281 572 5360 quale
594 5281 654 5342 iam
675 5290 706 5343 et
727 5281 845 5344 multae
868 5282 1020 5346 dioeceses

275 5382 307 5437 et
317 5375 392 5436 urbs
403 5376 465 5453 ipsa
477 5375 629 5450 observat,
642 5382 733 5453 atque
745 5376 913 5453 Apostolica
928 5378 1020 5439 etiam

276 5467 397 5529 Dataria
419 5467 567 5546 postulal;
588 5467 654 5530 sive
675 5482 758 5544 cum,
782 5468 859 5532 Sede
881 5478 1019 5546 vacante,

277 5569 364 5623 vacat
386 5562 510 5624 ecclesia
531 5562 633 5642 aliqua
654 5563 846 5640 parochialis,
859 5563 946 5626 cuius
961 5564 1022 5627 col-

277 5654 351 5717 latio
372 5656 408 5717 ad
423 5652 534 5717 Sedem
546 5656 748 5734 hpostolicam
764 5658 934 5734 pertineat,
956 5658 1020 5720 sive

278 5764 351 5810 cum
378 5757 464 5810 vacat
493 5748 672 5827 parochialis
694 5748 811 5829 aliqua,
834 5758 870 5812 ut
894 5749 1020 5828 dicitur,

279 5839 365 5902 iuxta
376 5842 552 5920 decretum3
566 5842 634 5904 sive
645 5844 783 5920 demum,
796 5861 880 5920 cum,
894 5851 1023 5908 vacante

279 5934 312 5996 in
334 5933 502 6011 collegiatis
523 5942 576 5998 aut
590 5935 816 6001 cathedralibus
830 5938 964 6001 ecclesiis
978 5939 1022 6003 di·

389 6079 438 6126 lur.
457 6081 524 6128 Ροιιι.
541 6081 571 6128 dc
583 6088 656 6143 rrop.
673 6081 735 6130 Fide
749 6084 830 6131 Partis
844 6086 862 6130 l.
879 6084 931 6133 vol.
948 6087 990 6132 111.

884 573 1080 622 beneolentis
1103 572 1166 618 xlv.

1738 543 1776 610 89
1825 543 1879 597 An.
1893 543 1924 597 (l.
1944 539 2012 595 1742

1055 691 1172 770 gnilate
1202 689 1452 765 alienamaiori,
1482 701 1635 750 annexam
1660 685 1796 749 habente

1054 803 1159 851 curam
1180 786 1367 860 animarum,
1389 781 1545 846 faciendus
1560 788 1605 844 est
1620 797 1795 857 concursus,

1056 889 1147 960 atque
1157 881 1192 944 ad
1205 879 1409 958 Apostolicam
1420 877 1572 939 Datariam
1584 877 1799 939 transmitten-

1056 975 1123 1052 dos,
1146 983 1181 1038 ut
1202 981 1313 1037 notum
1334 980 1391 1049 est,
1421 978 1513 1051 atque
1534 971 1566 1032 in
1589 971 1695 1046 literis,
1719 987 1798 1050 quae

1056 1069 1094 1132 de
1114 1069 1222 1131 ordine
1244 1067 1431 1132 Sanctissimi
1457 1073 1532 1128 tunc
1546 1083 1562 1127 a
1576 1065 1693 1128 Dataria
1709 1065 1797 1144 prod-

1057 1173 1144 1240 eunt,
1167 1163 1247 1228 clare
1268 1163 1495 1245 praescribitur.
1579 1161 1581 1166 ’

1098 1259 1230 1322 Vacante
1252 1260 1354 1337 itaque
1375 1257 1499 1320 ecclesia
1520 1256 1698 1336 parochiali,
1720 1271 1799 1335 quae
1831 1267 1902 1332 ‚euro
1917 1264 2030 1322 stagna-

1057 1353 1241 1418 conlerenda
1263 1353 1303 1415 sit
1324 1367 1380 1430 per
1407 1366 1608 1427 concursum,
1631 1357 1723 1428 atque
1744 1350 1799 1412 hoc
1818 1319 2031 1432 ilmssssssvvfflffl

1057 1449 1155 1512 solitis
1176 1447 1317 1510 formulis
1331 1446 1458 1521 indicto,
1474 1447 1548 1508 haec
1569 1461 1646 1524 quae
1666 1461 1800 1522 sequun·
1819 1429 1877 1530 3³3,
1902 1427 2031 1537 §3¹⁰3ssss

1059 1552 1125 1619 tur,
1156 1559 1194 1604 ex
1221 1557 1321 1604 sacrae
1354 1540 1610 1616 congregationis
1634 1539 1799 1616 sententia,
1820 1544 1931 1584 cursum.

1060 1636 1198 1712 oonsilio,
1214 1635 1366 1710 suasione,
1383 1634 1531 1696 servanda
1553 1638 1779 1712 proponuntur:

1101 1748 1122 1792 1.
1148 1731 1287 1792 Primum
1309 1745 1439 1808 nempe,
1462 1737 1498 1792 ut
1519 1729 1716 1806 assignentur
1738 1741 1804 1790 eae-

1062 1827 1132 1888 dem
1153 1823 1297 1886 omnibus
1318 1822 1575 1884 concurrentibus
1597 1821 1801 1899 quaestiones,

1060 1918 1144 1981 idem
1170 1933 1272 1991 casus,
1302 1915 1474 1994 iisdemque
1504 1911 1606 1977 textus
1628 1913 1802 1990 Evangelii,

1062 2027 1154 2090 super
1185 2027 1246 2090 quo
1273 2010 1425 2072 sermonis
1450 2007 1566 2086 aliquid
1595 2007 1803 2086 perscribant,

1062 2105 1097 2168 ad
1120 2104 1306 2184 probandam
1327 2101 1447 2164 dicendi
1467 2117 1523 2180 pro
1544 2101 1691 2164 concione
1712 2099 1806 2162 lacul-

1062 2204 1170 2260 tatem.

1103 2309 1138 2353 ιι.
1161 2291 1316 2364 hlterum,
1339 2297 1374 2352 ut
1395 2305 1480 2351 casus
1499 2293 1531 2349 ιι
1551 2289 1745 2366 quaestiones
1759 2303 1806 2348 re-

1063 2383 1227 2448 solvendae
1249 2384 1407 2446 dictentur
1428 2381 1572 2442 omnihus
1597 2381 1708 2443 eodem
1729 2386 1805 2442 tem·

1063 2496 1149 2558 pore,
1172 2486 1265 2556 atque
1291 2476 1436 2538 omnibus
1458 2476 1571 2553 pariter
1600 2475 1708 2537 eodem
1730 2482 1806 2536 tem-

1064 2589 1138 2652 pore
1159 2579 1261 2635 textus
1282 2569 1445 2646 Evangelii
1467 2569 1613 2632 tradatur.

1104 2683 1152 2728 ιιι.
1176 2665 1328 2738 Tertium,
1345 2671 1379 2724 ot
1400 2671 1532 2738 certum,
1549 2663 1695 2742 idemque
1709 2663 1809 2725 omni-

1065 2761 1133 2835 hus,
1156 2759 1288 2837 spatium
1319 2757 1466 2835 temporis
1487 2757 1703 2831 constituatur,
1727 2757 1806 2818 intra

1065 2855 1147 2932 quod
1164 2868 1249 2914 casus
1261 2850 1427 2925 resolvant,
1441 2851 1670 2928 quaestionibus
1684 2865 1808 2930 respon·

1066 2950 1168 3020 deant,
1192 2944 1430 3009 conciunculam
1449 2952 1646 3022 componant.

1107 3041 1345 3115 retinentum,
1378 3045 1414 3100 ut
1445 3040 1552 3100 eodem
1585 3045 1807 3101 concurrentes

1067 3148 1175 3194 omnes
1190 3134 1223 3195 in
1238 3133 1375 3195 conclavi
1397 3131 1593 3209 claudantur,
1607 3134 1701 3207 unde,
1714 3147 1809 3210 quan·

1067 3226 1121 3288 diu
1140 3225 1278 3288 scribent
1300 3224 1436 3304 (dabitur
1457 3227 1543 3287 enim
1572 3226 1716 3288 omnibus
1736 3225 1810 3287 scri·

1068 3321 1158 3384 bendi
1180 3321 1289 3400 copia),
1319 3335 1411 3383 nemo
1437 3335 1546 3381 eorum
1572 3318 1811 3396 agrestesque

1068 3417 1146 3479 alius
1166 3415 1319 3494 quispiam
1341 3430 1378 3476 eo
1394 3413 1516 3490 ingredi
1538 3411 1643 3490 possit,
1656 3410 1717 3473 nisi
1732 3418 1814 3491 post·

1069 3525 1161 3589 quarn
1182 3510 1292 3587 scripta
1313 3508 1503 3571 confecerint
1517 3513 1548 3569 et
1562 3505 1770 3568 exhibuerint.

1108 3621 1138 3664 v.
1161 3603 1323 3678 Quintum,
1339 3610 1374 3663 nt
1389 3617 1497 3662 omues
1507 3616 1561 3662 sua
1573 3601 1703 3678 quisque
1717 3614 1812 3661 manu

1071 3704 1138 3760 tum
1149 3711 1304 3776 responsa,
1317 3703 1384 3758 tum
1396 3709 1574 3756 sermonem
1585 3693 1730 3770 scribant,
1741 3692 1813 3755 sub·

1070 3790 1277 3867 scribantque.

1109 3899 1152 3945 ιι.
1177 3881 1318 3958 Sextum,
1335 3890 1370 3944 ut
1391 3896 1536 3960 responsa
1557 3880 1682 3959 quidem
1704 3880 1812 3954 latine,

1071 3992 1174 4040 sermo
1194 3982 1299 4038 autem
1320 3977 1367 4051 ea,
1390 3991 1468 4054 quae
1483 3975 1520 4037 ad
1537 3974 1686 4053 populum
1708 3973 1814 4036 haberi

1072 4069 1161 4144 solet,
1184 4068 1290 4145 lingua
1311 4061 1471 4130 scribatur.

1112 4179 1167 4224 vu.
1192 4162 1403 4238 Postremum,
1427 4168 1463 4222 nt
1489 4161 1738 4240 unumquodque
1767 4175 1814 4222 re·

1072 4271 1232 4335 sponsum,
1255 4261 1285 4316 et
1310 4255 1523 4333 unusquisque
1550 4271 1662 4330 sermo,
1686 4269 1758 4317 cum
1780 4253 1816 4315 ab

1074 4345 1815 4426 unoquoqueconcurrentiumexhibebitur,non

1073 4443 1173 4504 solum
1202 4441 1295 4502 abeo
1323 4441 1376 4520 qui
1396 4440 1527 4520 scripsit,
1549 4447 1641 4519 atque
1662 4458 1677 4500 a
1699 4440 1817 4502 cancel·

1075 4534 1148 4596 la'rlo
1168 4551 1347 4609 concursus,
1369 4549 1482 4596 verum
1502 4535 1596 4596 etiam
1610 4534 1647 4596 ab
1661 4534 1820 4595 examina·

1075 4628 1205 4703 toribus,
1229 4636 1259 4689 et
1280 4627 1317 4689 ab
1338 4626 1581 4702 ordinarique}
1603 4628 1669 4688 eius
1690 4627 1816 4701 vicario,

1075 4722 1127 4802 qui
1150 4721 1314 4784 concursui
1334 4720 1545 4796 interfuerint,
1567 4721 1729 4783 scribatur.

1114 4817 1239 4878 Peracto
1260 4815 1431 4876 secundnm
1452 4815 1531 4876 hanc
1558 4812 1724 4877 formulam
1745 4829 1817 4876 eon·
1897 4836 2045 4884 erasmum

1075 4925 1179 4983 cursu,
1209 4907 1379 4984 collataque
1400 4907 1445 4980 ei,
1468 4907 1521 4985 qui
1550 4907 1647 4983 magis
1676 4905 1815 4982 idoneus,
1836 4891 2038 4936 ⁰⁰¹⁰¹¹³¹¹⁵⁵⁶¹V³

1075 5017 1108 5063 ac
1129 5001 1252 5078 dignior
1272 5000 1423 5062 iudicatus
1446 4997 1557 5074 luerit,
1580 5000 1705 5062 ecclesia
1731 5016 1816 5079 paro·
1835 4944 2048 5100 ἓέἕιοξξέῑὲἰὲξ

1075 5095 1183 5170 chiali,
1213 5109 1276 5155 non
1307 5092 1487 5155 admittatur
1519 5093 1697 5171 appellatio,
1726 5101 1779 5155 aut
1801 5109 1817 5154 a
1836 5063 1995 5154 ui‘diautu.

1075 5189 1153 5250 mala
1175 5187 1325 5248 relatione
1352 5185 1619 5262 examinatorum,
1643 5195 1694 5249 aut
1720 5188 1757 5250 ab
1778 5187 1817 5249 ir·

1077 5278 1249 5344 rationabili
1271 5279 1384 5342 iudicio
1406 5279 1562 5358 Episcopi,
1586 5279 1644 5340 nisi
1666 5280 1746 5341 intra
1767 5281 1816 5344 de-

1076 5391 1144 5438 cem
1166 5374 1229 5435 dies
1249 5389 1265 5433 a
1286 5372 1335 5433 die
1357 5371 1526 5434 collationis
1549 5373 1775 5452 interponatur.

1116 5465 1148 5529 Si
1169 5468 1238 5546 quis
1258 5473 1362 5528 autem
1383 5466 1441 5528 hoc
1462 5467 1544 5528 intra
1564 5467 1697 5545 spatium
1718 5467 1819 5546 appel·
1863 5483 1954 5544 norma
1968 5483 2049 5526 trans·

1077 5562 1198 5636 laverit,
1215 5568 1341 5639 actaque
1356 5575 1522 5621 concursus
1538 5567 1619 5637 petat
1634 5560 1669 5621 ad
1685 5561 1818 5622 iudicem
1837 5535 2049 5640 {ffin‘p'ffifc‘ffi‘fi

1078 5653 1288 5734 appellationis
1316 5652 1542 5730 transferenda3
1572 5653 1737 5715 mittantur
1768 5654 1820 5716 vel
1839 5653 1921 5700 ‘¹⁰⁰⁰'-

1077 5755 1142 5810 acta
1174 5749 1236 5827 ipsa
1267 5747 1428 5823 originalia
1459 5763 1627 5809 concursus
1658 5746 1758 5810 clausa
1790 5755 1821 5810 et

1077 5841 1246 5918 obsignata,
1263 5839 1313 5902 vel
1334 5836 1417 5902 certe
1433 5856 1532 5902 unum
1547 5841 1670 5920 aliquod
1691 5841 1822 5904 authen·

1077 5938 1174 6004 ticum
1195 5955 1305 6006 eorum
1316 5935 1506 6016 exemplum,
1523 5953 1538 5996 a
1553 5935 1735 5999 cancellario
1750 5951 1822 5998 con·

1692 6085 1717 6132 ιι
