4828 6990
97 573 138 620 113.
150 567 176 615 O.
196 559 259 612 1748

922 569 1118 614 euhemerus
1140 567 1205 613 xlv.

329 691 397 764 51.
427 689 695 765 Quemadmodum
721 695 826 750 autem
853 685 1035 768 christifide-

290 784 368 846 lium
378 783 629 856 multitudinem,
643 781 847 844 benedicente
861 780 1034 842 misericor·-

289 877 412 939 diarum
435 884 520 954 patre
541 883 573 937 et
596 877 658 936 lieo
680 874 775 937 totius
802 873 1034 946 consolationis,

290 985 343 1048 per
363 970 545 1048 apostolicos
566 969 685 1032 labores
699 977 818 1030 vestros
841 968 871 1028 in
884 966 1035 1028 florentis·

288 1063 375 1126 simis
391 1065 521 1126 istorum
540 1079 711 1141 regnorum
726 1061 905 1140 provinciis,
922 1061 952 1122 in
968 1060 1036 1138 qoi-

289 1158 345 1219 bus
365 1157 516 1221 ordinarii
537 1157 700 1219 hntistites
722 1163 753 1217 et
769 1155 934 1234 Apostolici
950 1154 1038 1217 'Vica-

291 1254 326 1315 rii
349 1251 386 1313 ab
407 1249 579 1330 Apostolica
606 1250 661 1312 hac
683 1250 793 1312 Sancta
820 1249 898 1312 Sede
925 1247 1038 1310 consti·

290 1347 349 1410 1311
370 1346 483 1419 1313113,
507 1345 538 1406 in
560 1344 625 1406 dies
647 1343 791 1420 adaugeri
814 1350 845 1404 et
866 1342 1037 1403 increscere

290 1439 412 1516 ingenti
433 1451 505 1500 cum
522 1437 673 1516 pontificii
694 1437 789 1497 animi
807 1435 904 1498 nostri
921 1434 1037 1496 laetitia

290 1533 478 1610 accepimus3
502 1533 542 1593 ita
565 1530 661 1609 probe
676 1529 774 1591 edocti
790 1531 825 1592 de
841 1528 986 1590 omnihus
1001 1526 1037 1587 ad

290 1624 441 1704 pastorale
463 1625 673 1686 ministerium
696 1631 834 1685 vestrum
854 1619 1037 1700 pertinenti·

293 1718 360 1793 bus,
374 1733 451 1795 opus
465 1733 531 1779 esse
546 1725 738 1796 reputamus,
755 1723 790 1776 ut
805 1714 892 1777 vobis
906 1712 1038 1790 singulis

291 1827 342 1872 eas
364 1827 489 1889 quoque
510 1812 629 1884 demus,
654 1817 684 1871 31
706 1809 893 1885 elargiamur
914 1807 1040 1869 1333113-

293 1895 341 1966 133
352 1903 548 1981 dispensandi
563 1919 636 1966 cum
652 1902 816 1980 neophytis
827 1901 995 1974 indiarum,
1007 1916 1040 1959 a·

292 1997 468 2075 liorumque
479 1996 676 2074 orientalium
687 2011 860 2072 regnorum
871 2009 965 2072 super
976 2009 1040 2054 ma-

293 2090 449 2152 trimoniis
468 2090 549 2152 intra
568 2089 693 2168 quosvis
714 2105 730 2148 a
753 2088 822 2149 iure
846 2087 952 2150 divino
974 2101 1038 2147 non

291 2181 462 2262 prohibitos
496 2179 773 2258 consanguinitatis
805 2180 856 2241 vel
884 2179 1039 2241 affinitatis

292 2277 403 2353 gradus
418 2276 513 2337 etiam
531 2275 713 2337 coniunctos
735 2271 962 2346 contrahendis,
985 2287 1039 2332 seu

293 2369 353 2430 iam
369 2369 462 2432 etiam
482 2369 617 2431 scienter
638 2368 812 2442 contractis,
830 2382 908 2444 quae
922 2363 1042 2426 iamdu-

293 2463 367 2524 dum
378 2479 394 2522 a
406 2461 459 2524 iel.
471 2478 531 2524 rec.
547 2462 598 2523 Pio
610 2461 664 2522 PP.
685 2459 731 2522 tv.
749 2459 879 2538 aliisque
893 2457 1040 2520 Romanis

295 2555 494 2618 Pontificibus
525 2553 811 2633 praedecessoribus
843 2551 976 2625 nostris,
1008 2566 1040 2611 ao

293 2649 464 2710 novissime
484 2665 499 2708 3
523 2663 583 2711 133.
600 2663 696 2708 mem.
721 2645 885 2709 Clemente
904 2643 1037 2706 rexit.

295 2756 348 2819 per
361 2757 431 2802 suas
446 2740 480 2802 iu
495 2740 589 2802 simili
604 2740 702 2802 torma
719 2739 825 2801 Brevis
840 2738 957 2798 litteras
972 2752 1040 2814 pro·

296 2834 476 2896 vincialibus
499 2834 658 2897 societatis
681 2835 762 2906 lesu,
777 2841 809 2894 et
823 2833 860 2893 ab
882 2831 926 2892 eis
947 2832 1040 2908 depo-

295 2929 364 2989 tatis
385 2927 576 3006 presbyteris
597 2934 784 2988 memoratae
799 2923 959 2988 societatis
973 2922 1041 2984 lesu

294 3024 460 3090 attributae
473 3031 506 3086 et
521 3040 681 3087 concessae
700 3023 838 3086 1331331.
863 3013 978 3101 ltaque,
993 3037 1049 3082 33--

296 3126 402 3181 ternae
422 3117 514 3179 saluti
535 3125 566 3178 et
580 3117 792 3196 spiritualibus
807 3114 1042 3182 necessitatibus

295 3212 470 3272 animarum
492 3221 601 3272 eorum
624 3210 822 3291 populorum,
838 3209 945 3288 quiex
968 3223 1043 3284 gen·

296 3304 413 3368 tilitatis
440 3304 588 3378 tenebris,
611 3312 643 3365 et
664 3304 820 3365 erroribus
849 3304 883 3366 ad
907 3302 974 3363 veri
996 3301 1042 3362 lu·

296 3398 388 3460 minis
410 3397 613 3474 agnitionem,
636 3404 668 3458 et
693 3397 878 3460 christianae
899 3395 969 3457 fidei
991 3410 1042 3455 ve-

296 3492 421 3553 ritatem
435 3491 590 3566 conversi,
606 3498 699 3569 atque
713 3491 751 3552 ab
765 3490 821 3552 hac
836 3489 944 3552 Sancta
965 3489 1043 3552 Sede

296 3584 515 3660 remotissimi,
549 3583 731 3647 sacerdotali
761 3584 909 3660 regimini
940 3591 1044 3645 vestro

295 3680 466 3753 subiacent,
484 3694 538 3758 pro
561 3677 718 3756 pastoralis
740 3677 832 3740 officii
855 3677 954 3740 nostri
972 3693 1043 3738 cura

297 3781 491 3852 prospectum
527 3788 593 3833 esse
628 3772 803 3850 cupientes,
837 3772 874 3834 de
905 3769 1044 3834 nonnul-

298 3868 400 3929 lorum
435 3865 663 3928 venerabilium
697 3865 831 3927 iratrum
863 3871 1044 3926 nostrorum

298 3961 330 4024 S.
352 3961 388 4023 h.
414 3959 448 4022 Ε.
474 3958 686 4025 cardinalium
712 3958 852 4033 consilio,
875 3957 962 4019 vobis
983 3957 1044 4018 sin-

299 4054 379 4132 gulis
410 4059 441 4115 et
472 4069 488 4112 a
519 4051 607 4114 vobis
642 4051 824 4130 deputandis
859 4050 1045 4129 presbyteris

299 4155 329 4211 et
351 4146 500 4211 ministris
522 4161 594 4208 cum
615 4145 779 4223 neophytis
800 4144 1045 4221 uniuscuiusque

301 4250 440 4304 vestrum
468 4239 690 4303 iurisdictionis
711 4239 744 4300 in
771 4253 968 4317 quocumque
990 4254 1045 4300 seu

299 4335 478 4413 quibusvis,
501 4348 565 4394 non
589 4332 749 4393 tamenin
775 4332 888 4410 primo,
918 4348 1045 4394 consan-

300 4427 460 4505 guinitatis
482 4425 533 4487 vel
554 4425 713 4487 affinitatis
735 4425 892 4502 gradibus,
908 4425 959 4487 vel
974 4425 1046 4486 alias

301 4521 486 4594 coniunctis,
508 4535 564 4580 seu
585 4534 617 4580 33
639 4519 861 4594 attinentibus,
885 4525 920 4580 ut
941 4517 1046 4581 matri·

301 4614 444 4676 monium
475 4613 559 4674 inter
585 4628 618 4673 se
645 4612 846 4689 contrahere,
869 4628 924 4675 seu
954 4615 987 4674 in
1011 4629 1047 4675 3ο

302 4707 394 4768 etiam
415 4707 550 4768 scienter
565 4713 722 4769 contracto
736 4722 899 4768 remanere
910 4706 1046 4782 valeant,

301 4802 333 4864 in
355 4809 489 4881 utroque
504 4801 572 4863 loro
586 4801 680 4878 gratis
701 4801 914 4881 dispensandi;
938 4807 969 4862 et
984 4817 1046 4876 eos,

300 4894 353 4974 qui
374 4895 406 4956 in
422 4893 567 4971 gradibus
588 4893 751 4972 prohibitis
766 4895 943 4958 huiusmodi
955 4896 1048 4958 etiam

301 4988 434 5051 scienter
455 4988 679 5062 contraxerint,
695 4988 732 5050 ab
747 4989 923 5052 excessibus
943 4995 974 5050 et
996 5005 1048 5050 ex·

302 5081 604 5156 communicationis,
627 5081 757 5160 aliisque
779 5082 917 5144 censuris
933 5091 964 5144 31
978 5097 1049 5160 poe·

303 5175 351 5237 nis
373 5175 582 5238 ecclesiasticis
597 5176 630 5236 in
646 5182 780 5253 utroque
800 5175 868 5237 loro
889 5177 983 5252 gratis
998 5191 1048 5253 pa·

304 5267 384 5329 11131
393 5267 586 5345 absolvendi3
610 5285 643 5330 33
658 5267 777 5347 prolem
793 5269 865 5331 inde
875 5278 1049 5349 susceptam

304 5360 475 5438 legitimam
495 5362 699 5439 decernendi;
727 5376 783 5424 nec
805 5377 869 5425 non
890 5379 964 5425 cum
992 5363 1049 5425 eis·

304 5454 374 5516 dem
396 5454 560 5534 neophytis
588 5455 744 5534 inprime
769 5457 865 5532 gradu
887 5457 1050 5520 311311113-

304 5555 369 5610 ctae
391 5549 728 5612 11333331111111311331
749 5552 857 5629 copula
878 5552 1049 5616 1111311313-

303 5643 448 5706 3311311ῑί3
468 5660 502 5705 33
522 5642 738 5720 attinentibus,
754 5651 790 5707 ut
811 5647 1050 5710 matrimonium

305 5753 428 5816 qnoque
442 5739 526 5800 inter
539 5755 572 5800 se
583 5741 777 5815 contrahere,
789 5755 844 5802 seu
860 5741 892 5801 in
907 5755 943 5802 eo
957 5741 1050 5803 etiam

304 5830 436 5892 scientes
457 5839 615 5894 contracto
636 5849 810 5910 remanere,
832 5833 979 5897 similiter
999 5853 1051 5898 va·

306 5925 407 6003 leant;
431 5927 463 5988 in
492 5925 617 5988 occultis
644 5937 748 5992 tamen
770 5938 801 5992 et
823 5931 857 5993 in
885 5931 951 5993 loro
979 5945 1050 5992 con-

412 6076 462 6122 131.
482 6077 682 6138 1331131133.
700 6077 760 6125 Fide
774 6079 856 6126 Partis
870 6081 887 6126 l.
904 6079 956 6126 vol.
974 6082 1015 6126 lll.

1090 687 1234 749 scientiae
1248 694 1382 762 tantum,
1395 703 1428 748 ac
1439 685 1623 762 urgentibus
1639 684 1727 746 iustis
1740 685 1837 746 causis

1092 781 1186 856 gratis
1215 781 1310 842 etiam
1340 780 1552 860 dispensandi;
1575 787 1607 842 31
1636 794 1698 853 333,
1729 777 1836 857 quiin

1092 875 1193 952 primo
1216 874 1379 938 affinitatis
1408 875 1504 951 gradu
1536 872 1716 936 huiusmodi
1743 871 1837 934 etiam

1091 968 1225 1029 scienter
1245 969 1470 1045 contraxerint,
1488 968 1525 1031 ab
1540 967 1713 1029 excessibus
1734 974 1766 1028 et
1786 982 1838 1028 ex·

1092 1063 1383 1125 communicationis
1394 1061 1522 1140 aliisque
1537 1061 1675 1124 censuris
1687 1069 1717 1124 et
1730 1060 1838 1140 poenis

1093 1154 1304 1217 ecclesiasticis
1332 1156 1365 1218 in
1386 1155 1452 1218 loro
1478 1156 1685 1218 conscientiae
1713 1162 1838 1217 tantum

1093 1247 1188 1323 gratis
1209 1247 1354 1311 similiter
1368 1248 1558 1324 absolvendi,
1575 1249 1732 1312 licentiam
1751 1257 1782 1311 31
1796 1251 1838 1312 13-

1093 1342 1240 1404 cultatem
1252 1343 1432 1406 auctoritate
1445 1344 1619 1422 apostolica,
1632 1351 1741 1406 tenore
1752 1360 1837 1423 prae·
1870 1415 1876 1422 ‚

1093 1435 1244 1512 sentium,
1268 1437 1463 1499 concedimus
1485 1445 1516 1500 et
1537 1437 1746 1515 impertimur.

1133 1531 1151 1604 ἓ
1173 1530 1201 1592 2.
1226 1529 1442 1592 Praesentibus
1453 1532 1489 1593 ad
1504 1531 1617 1608 viginti
1632 1533 1771 1613 quinque
1786 1551 1840 1596 an-

1094 1637 1151 1683 nos
1172 1641 1188 1684 a
1209 1621 1259 1684 die
1281 1623 1406 1685 illarum
1428 1625 1514 1686 datae
1528 1628 1751 1704 computandos
1772 1636 1840 1690 tan-

1096 1723 1163 1778 tum
1184 1718 1352 1788 duraturis,
1374 1734 1407 1779 ao
1429 1733 1491 1780 uno
1507 1719 1678 1797 eodemque
1700 1727 1839 1800 tempore

1094 1809 1292 1889 expiraturis,
1317 1810 1523 1873 Decernentes
1552 1812 1675 1874 easdem
1697 1829 1840 1891 praesen·

1097 1909 1139 1964 tes
1161 1902 1278 1965 litteras
1302 1903 1417 1978 sirmas,
1436 1904 1550 1966 validas
1572 1913 1603 1966 et
1618 1905 1752 1968 efficaces
1777 1906 1840 1967 exi-

1095 1999 1175 2055 stere
1196 2001 1227 2054 et
1248 1992 1325 2068 lore,
1341 2010 1476 2071 suosque
1497 1995 1840 2073 plenariosetintegrcs

1095 2085 1222 2148 31133133
1242 2087 1347 2148 3311111
1362 2093 1391 2148 31
1407 2087 1559 2162 obtinere,
1575 2105 1608 2150 ac
1623 2088 1696 2164 11113,
1713 2089 1748 2151 ad
1764 2105 1841 2167 quos

1094 2186 1210 2256 spectat
1227 2186 1258 2239 31
1275 2194 1329 2256 pro
1349 2186 1488 2257 tempore
1505 2180 1663 2258 spectabit,
1686 2181 1719 2242 in
1741 2182 1840 2243 omni·

1098 2270 1152 2334 hus
1173 2280 1204 2332 et
1227 2271 1406 2348 peremnia
1429 2271 1608 2349 plenissime
1628 2273 1789 2352 suliragari
1811 2261 1841 2336 et

1095 2365 1197 2426 abeis
1219 2365 1391 2444 respective
1417 2365 1638 2428 inviolabiliter
1667 2368 1839 2445 observari3

1095 2456 1200 2536 sicque
1221 2458 1254 2518 in
1276 2457 1450 2535 praemissis
1475 2473 1531 2536 per
1552 2474 1765 2540 quoscumque
1796 2461 1841 2523 iu-

1095 2549 1177 2612 dices
1205 2550 1377 2612 ordinarios
1398 2558 1429 2612 et
1450 2550 1620 2628 delegatos,
1651 2553 1744 2616 etiam
1772 2571 1842 2616 cau-

1095 2659 1200 2704 sarum
1222 2643 1324 2724 palatii
1348 2644 1505 2722 apostolici
1528 2645 1683 2723 auditores¹
1713 2647 1843 2709 indicari

1097 2744 1128 2798 et
1149 2737 1272 2798 deliniri
1296 2737 1420 2811 debere,
1442 2755 1476 2800 ac
1491 2739 1614 2801 irritum
1639 2747 1669 2800 et
1691 2740 1794 2816 inane,
1817 2741 1841 2801 si

1096 2844 1182 2890 secus
1202 2845 1296 2908 super
1325 2831 1372 2891 his
1393 2849 1409 2891 a
1430 2848 1586 2910 quoquam
1608 2831 1715 2910 quavis
1741 2842 1844 2895 aucto-

1097 2922 1186 2984 ritate
1221 2922 1356 2984 scienter
1387 2924 1438 2986 vel
1469 2925 1650 3001 ignoranter
1676 2919 1844 3002 contigerit

1097 3016 1252 3078 attentari.

1136 3110 1155 3186 5
1176 3110 1205 3171 3.
1219 3109 1288 3173 Non
1299 3112 1491 3176 obstantibus
1502 3115 1673 3192 apostolicis
1684 3133 1718 3178 ac
1729 3117 1762 3178 in
1775 3118 1846 3180 uni-

1098 3205 1266 3268 versalibus
1282 3207 1583 3287 provincialibusque
1599 3217 1629 3270 et
1646 3211 1845 3288 synodalibus

1098 3298 1235 3361 conciliis
1257 3299 1348 3362 editis
1371 3301 1566 3376 generalibus
1588 3303 1638 3364 vel
1663 3305 1844 3382 specialibus

1098 3392 1375 3456 constitutionibus
1391 3403 1421 3456 et
1436 3395 1693 3473 ordinationibus,
1710 3415 1755 3473 ac,
1772 3416 1845 3478 qua-

1099 3493 1191 3547 tenus
1213 3503 1288 3565 opus
1309 3487 1360 3562 sit,
1384 3488 1542 3567 quibusvis
1558 3489 1651 3551 etiam
1672 3491 1845 3554 iuramento

1099 3579 1336 3642 confirmatione
1356 3581 1531 3660 apostolici,
1548 3583 1599 3645 vel
1620 3585 1728 3662 quavis
1749 3586 1846 3648 firmi-

1100 3680 1161 3735 tate
1175 3673 1233 3734 alia
1248 3674 1398 3736 roboratis
1418 3675 1540 3737 statutis
1561 3683 1592 3737 et
1614 3677 1846 3741 consuetudini·

1100 3767 1168 3843 bus,
1192 3767 1363 3846 privilegiis
1385 3783 1522 3848 quoque,
1544 3770 1672 3834 indultis
1688 3780 1718 3833 et
1734 3771 1846 3835 litteris

1100 3861 1272 3939 apostolicis
1304 3863 1338 3924 in
1374 3864 1565 3926 contrarium
1603 3865 1845 3945 praemissorum

1100 3954 1332 4032 quomodolibet
1360 3957 1521 4032 concessis,
1545 3958 1734 4022 confirmatis
1753 3968 1785 4022 et
1799 3961 1848 4022 in-

1102 4049 1232 4111 novatis.
1255 4049 1372 4123 Quibus
1394 4050 1539 4114 omuibus
1561 4057 1592 4114 et
1612 4053 1756 4130 singulis,
1780 4055 1847 4116 illo·

1101 4157 1172 4204 rum
1195 4147 1318 4205 tenores
1337 4145 1548 4224 praesentibus
1563 4162 1618 4223 pro
1633 4146 1725 4227 plene
1739 4155 1769 4210 et
1783 4149 1846 4211 sul-

1102 4237 1242 4300 licienter
1263 4238 1426 4316 expressis,
1442 4255 1478 4301 ac
1497 4240 1535 4301 de
1557 4241 1652 4302 verbo
1666 4243 1847 4307 adverbum

1102 4331 1225 4392 insertis
1246 4331 1406 4407 habentes,
1429 4331 1490 4393 illis
1512 4332 1584 4394 aliis
1606 4335 1638 4397 in
1660 4351 1716 4397 suo
1738 4337 1847 4398 robore

1102 4425 1333 4503 permansuris,
1363 4426 1399 4487 ad
1430 4427 1669 4506 praemissorum
1701 4429 1848 4493 ellectum

1103 4519 1157 4580 hac
1177 4519 1244 4580 vice
1265 4521 1425 4582 dumtaxat
1449 4521 1622 4599 specialiter
1647 4531 1678 4584 et
1704 4539 1848 4603 expresse

1102 4613 1303 4690 derogamus,
1333 4615 1506 4695 ceterisque
1532 4616 1696 4678 contrariis
1723 4618 1849 4696 quibus·

1104 4723 1247 4786 cumque.

1142 4803 1161 4878 ἓ
1182 4802 1211 4864 l.
1233 4801 1387 4865 Volumus
1401 4808 1505 4865 autem
1520 4809 1556 4865 31
1570 4804 1750 4867 earumdem
1765 4821 1851 4885 prae·

1102 4895 1240 4958 sentium
1256 4894 1430 4958 litterarum
1445 4898 1658 4976 transumptis,
1673 4915 1729 4962 seu
1745 4915 1849 4962 exem-

1104 4989 1171 5068 plis,
1188 4989 1282 5050 etiam
1298 4989 1465 5068 impressis,
1481 5005 1585 5052 manu·
1595 4991 1722 5055 alicuius
1738 4993 1850 5055 notarii

1104 5083 1218 5162 publici
1249 5081 1440 5159 subscriptis,
1468 5090 1499 5145 et
1519 5082 1620 5160 sigillo
1648 5101 1795 5164 personae
1817 5087 1849 5147 in

1104 5177 1257 5254 dignitate
1277 5175 1476 5238 ecclesiastice
1497 5177 1682 5240 constitutae
1703 5179 1849 5255 munitis,

1105 5269 1211 5331 eadem
1240 5285 1364 5347 prorsus
1393 5270 1467 5332 lides
1495 5270 1528 5334 in
1561 5270 1685 5346 iudicio,
1708 5278 1739 5334 et
1765 5281 1850 5334 extra

1105 5362 1298 5438 adhibeatur,
1322 5378 1400 5440 quae
1420 5363 1618 5426 adhiberetur
1634 5364 1744 5426 iisdem
1765 5381 1852 5443 prae·

1104 5457 1243 5519 sentibus
1264 5457 1291 5518 si
1311 5456 1415 5518 131311
1436 5457 1601 5532 exhibitae,
1625 5458 1676 5519 vel
1698 5467 1848 5522 ostensae.

1146 5550 1214 5626 55.
1240 5551 1404 5612 Caeterum
1420 5551 1612 5613 venerabiles
1633 5549 1742 5614 iratres
1764 5570 1854 5632 roga-

1107 5660 1176 5707 mus
1197 5651 1227 5706 et
1248 5645 1281 5707 in
1299 5645 1431 5706 Domino
1447 5645 1621 5720 hortamur,
1641 5653 1676 5707 31
1697 5661 1853 5710 memores

1107 5738 1275 5800 ministerii
1297 5738 1404 5813 vestri,
1428 5739 1464 5800 de
1485 5753 1546 5816 qno
1568 5737 1705 5800 districta
1725 5749 1852 5804 aeterno

1108 5832 1200 5894 iudici
1221 5840 1253 5893 et
1274 5832 1450 5893 animarum
1473 5831 1585 5912 pastori
1606 5832 1675 5894 lesu
1698 5833 1852 5898 Christoa

1107 5928 1194 5994 vobis
1215 5929 1293 5992 ratio
1308 5927 1462 5992 reddenda
1478 5936 1535 6004 est,
1551 5929 1692 6005 satagatis
1714 5929 1789 5992 illud
1804 5930 1853 5992 in·

1720 6085 1745 6126 50

1759 542 1816 609 393
1867 543 1921 597 An.
1936 545 1965 598 Ο.
1987 545 2056 601 1748
