4828 6990
318 587 372 642 An.
387 588 416 642 (l.
438 586 507 638 1748
557 583 616 646 368

536 735 571 780 su
595 717 708 780 Christi
731 717 1027 789 commendatorem,
1041 714 1182 776 eiusdem
1202 714 1285 774 loan-

537 811 584 872 nis
606 810 698 886 Regis
730 810 862 886 negotiis
893 809 973 886 apud
1001 825 1056 870 nos
1085 814 1116 869 et
1143 805 1286 883 apostoli-

536 919 602 965 cam
633 902 829 980 supplicavit,
853 910 888 964 nt
919 901 997 963 tanti
1029 901 1185 963 indiarum
1215 915 1285 977 apo-

535 996 605 1056 stoli
638 995 756 1058 cultum
790 1005 820 1057 et
852 996 1088 1057 venerationem
1118 993 1149 1054 in
1183 993 1283 1066 terris,

536 1095 690 1166 quantum
721 1089 809 1149 nobis
831 1104 869 1149 ex
890 1088 953 1150 alto
980 1087 1173 1159 conceditur,
1195 1086 1285 1146 adan-

536 1195 609 1257 gere
639 1190 826 1257 satagamus3
859 1181 920 1257 ipsa
954 1185 1058 1240 tamen
1086 1180 1117 1242 16
1139 1179 1284 1242 Sinerem

537 1273 671 1334 maxime
693 1289 789 1350 regno
811 1273 843 1334 lu
862 1263 1080 1334 'christifideles
1107 1271 1148 1332 ibi
1171 1272 1287 1346 degen-

538 1375 581 1428 tes
603 1374 698 1440 mota,
721 1374 813 1444 atque
834 1365 866 1426 16
889 1365 1086 1443 evangelicae
1103 1362 1284 1441 praesertim

538 1459 769 1538 praedicationis
791 1458 945 1537 operarios
974 1458 1113 1519 saeviens
1142 1471 1285 1534 persecu·

538 1553 591 1628 tio,
614 1561 644 1614 et
666 1553 722 1630 piis
744 1552 856 1614 laudati
879 1551 1022 1613 lobannis
1044 1550 1135 1626 Regis
1157 1551 1237 1611 votis
1253 1565 1286 1610 ac

538 1645 677 1724 precibus
703 1653 828 1722 paterna
856 1645 1050 1719 benignitate
1074 1643 1287 1705 obsecundan-

539 1745 594 1813 tes,
622 1737 651 1799 id
683 1745 875 1814 praestemus
906 1731 1062 1810 alacrius·
1081 1734 1286 1796 vehementer

539 1839 629 1908 urget
650 1840 681 1892 et
703 1829 893 1891 exstimulat.

1062 597 1127 642 ttln.
1152 593 1242 641 PONT.
1267 593 1306 638 DE
1329 595 1356 638 P.
1382 593 1409 639 F·
1436 595 1516 640 PARS
1539 593 1559 638 l.

2119 571 2172 625 An.
2188 576 2218 625 C.
2241 571 2315 622 1748

1340 711 1528 775 constitutae
1559 711 1702 786 munitis,
1733 711 1839 772 eadem
1866 724 1992 787 prorsas
2014 707 2088 770 lides

1342 805 1371 865 in
1396 805 1519 878 iudicio,
1536 811 1567 866 et
1588 811 1673 865 extra
1696 803 1888 876 adhibeatur,
1905 816 1984 881 quae
2005 799 2089 860 aiibi-

1342 898 1467 960 bcretur
1488 897 1596 959 iisdem
1617 895 1843 975 praesentibus,
1866 895 1892 956 sl
1913 892 2015 956 lorent
2036 907 2088 953 ex-

1342 989 1466 1064 hibitae,
1490 989 1540 1050 vel
1560 997 1713 1050 ostensae.

1384 1084 1493 1145 Datum
1506 1081 1633 1158 Romae,
1647 1081 1725 1159 apud
1743 1081 1773 1144 S.
1789 1081 1913 1148 blaviam
1930 1079 2088 1154 Maiorem,

1342 1175 1397 1238 sub
1421 1175 1537 1237 annulo
1563 1175 1732 1251 Piscatoris,
1758 1176 1806 1238 die
1832 1191 1919 1235 xxxv.
1942 1173 2089 1236 lebruarii

1343 1283 1554 1343 uuccxtvru,
1578 1267 1774 1346 pontificatus
1795 1269 1895 1329 nostri
1917 1283 2000 1329 anno
2018 1283 2087 1328 vru.

1655 1737 1774 1801 xuvu.

307 1929 518 2028 efficimini&
577 1923 646 1997 §2
670 1922 785 2001 ltaque,
813 1921 850 1982 ad
879 1921 1029 1984 maiorem
1062 1921 1114 1982 llei
1147 1919 1283 1994 laudem,

305 2015 517 2098 66616066)
537 2017 698 2094 divinique
730 2016 832 2077 cultus
858 2023 1075 2090 augmentum,
1105 2013 1286 2074 auctoritate

306 2088 518 2188 2ss¹'ss{⁰¹,„¹s,l¹,³f⁸'
537 2109 712 2188 apostolica,
746 2116 854 2170 tenore
884 2108 1108 2186 praesentium,
1137 2106 1286 2169 Sanctum

539 2203 732 2264 Franciscum
756 2200 925 2264 llaverlum
949 2207 1114 2278 patronum
1135 2199 1286 2276 principa-

538 2296 647 2357 liorem
669 2311 702 2356 66
724 2302 930 2372 protectorem
950 2293 1118 2366 indiarum,
1135 2291 1213 2370 qnae
1228 2307 1285 2351 nn·
1325 2370 1329 2378 1

538 2395 699 2448 1118111111·
720 2406 735 2447 ³
757 2387 855 2464 capite
871 2387 977 2446 Bonae
992 2385 1063 2462 Spei
1079 2384 1171 2456 (licto,
1188 2399 1287 2461 nsque
1362 2388 1459 2458 Deest
1481 2389 1644 2472 inscriptio,
1668 2403 1746 2472 quae
1769 2386 1891 2454 cuilibet
1913 2385 2070 2471 Superiori

1344 1924 1456 1988 Bitiam
1476 1923 1670 2002 praescribit
1691 1925 1875 2002 pontificiae
1902 1920 2091 1986 benedictio-

1383 2018 1445 2090 nis,
1468 2019 1662 2080 seruandum
1684 2035 1703 2080 a
1726 2015 1944 2096 regularitas,
1961 2014 2089 2096 quibas,

1382 2129 1401 2172 a
1429 2111 1548 2173 Sancto
1582 2111 1657 2173 Sede
1688 2117 1733 2171 est
1766 2109 1895 2172 indulto
1926 2109 2088 2190 locellos,

1383 2205 1496 2282 ipsura,
1513 2203 1651 2267 stolati-s
1668 2202 1790 2274 diclrtts,
1812 2204 2028 2280 torpertlmdt.

537 2481 572 2540 ad
594 2495 690 2556 regno
714 2479 857 2542 Sinarum
880 2485 910 2538 et
932 2479 1083 2556 laponiae,
1106 2477 1214 2555 eisque
1235 2475 1285 2536 ad-

537 2575 712 2636 iuncturum
746 2573 986 2650 provinciarum,
1020 2579 1051 2632 ct
1078 2569 1283 2630 6616666166

537 2666 723 2739 insularum,
747 2681 818 2727 cum
840 2665 986 2726 omnibns
1009 2670 1039 2724 et
1053 2662 1186 2739 singulis
1201 2678 1287 2740 prae-

538 2759 697 2835 rogativis,
720 2775 809 2837 quae,
834 2758 918 2818 iuxta
943 2757 1088 2818 breviarii
1110 2763 1141 2816 et
1157 2755 1286 2816 missalis

538 2853 686 2926 rubricas,
713 2855 825 2912 sanctis
850 2851 988 2928 patronis
1017 2848 1285 2928 principalioribus

537 2956 568 3007 et
583 2946 807 3024 protectoribus
822 2953 1014 3023 competunt,
1032 2943 1221 3015 babendum,
1238 2941 1284 3002 in·

538 3042 711 3101 vocandum
734 3049 765 3100 ct
780 3038 944 3100 colendum
960 3053 1026 3098 esse
1040 3037 1217 3110 statuimus,
1234 3036 1284 3096 de-

536 3132 687 3194 claramus
709 3139 801 3208 atque
819 3131 972 3193 iubemus.
991 3130 1162 3203 Praeterea,
1179 3135 1213 3188 ut
1229 3128 1285 3188 im·

538 3234 696 3303 posterum
717 3223 865 3284 solemnis
888 3223 965 3285 tanti
991 3223 1111 3300 patroni
1135 3221 1284 3281 memoria

538 3318 657 3392 maiori,
681 3330 774 3395 aquam
799 3327 887 3378 antea
914 3315 1137 3389 celebrabatur,
1161 3315 1284 3392 pietate,

536 3429 569 3473 ac
591 3411 700 3473 debitis
723 3411 849 3471 laudum
871 3408 1041 3487 praeconiis
1056 3407 1223 3485 quotannis
1238 3423 1287 3467 re·

537 3504 674 3576 colatur,
708 3504 865 3578 volumus,
889 3511 919 3565 et
945 3503 1092 3565 omnibus
1122 3503 1285 3580 utriusque

536 3617 627 3662 sexus
649 3599 910 3672 christifidelibus,
933 3599 987 3675 qui
1005 3600 1039 3660 ad
1056 3598 1145 3658 lroras
1160 3597 1286 3659 canoni-

536 3711 585 3755 cas
607 3701 766 3767 tenentur,
790 3692 974 3754 auctoritate
992 3699 1021 3752 et
1038 3699 1146 3752 tenore
1161 3691 1286 3770 paribus

537 3785 748 3862 indulgemus,
781 3793 873 3863 atque
905 3783 1098 3859 mandamus,
1122 3793 1155 3846 nt
1181 3801 1284 3846 annua

537 3880 632 3959 ipsius
654 3879 758 3940 Sancti
779 3877 931 3939 Franciscl
954 3877 1080 3939 llaverii
1095 3878 1158 3938 dies
1173 3877 1231 3938 sub
1245 3878 1285 3938 ri-

538 3981 571 4035 tu
592 3973 705 4050 duplici
728 3971 845 4051 primae
866 3969 968 4032 classis
997 3985 1069 4032 cum
1091 3978 1196 4032 octava
1218 3986 1286 4049 per-

536 4074 654 4144 agatur.

305 4176 519 4288 pessssaiiffifffissss'.
577 4161 595 4233 ἓ
617 4160 645 4220 3.
665 4160 872 4221 Decernentes
887 4159 1008 4220 easdem
1024 4166 1201 4236 praesentes
1217 4158 1285 4220 lite·

538 4269 585 4314 ras
606 4269 727 4331 semper
748 4253 863 4327 lirmas,
883 4253 997 4314 validas
1017 4259 1049 4312 et
1071 4255 1206 4314 efficaces
1222 4256 1283 4314 exi-

536 4355 618 4408 stere
638 4355 669 4408 et
691 4345 767 4420 lore,
783 4361 916 4424 suosque
930 4345 1085 4424 plenarios
1101 4353 1131 4406 et
1147 4347 1284 4422 integros

535 4440 663 4502 ellectus
683 4440 788 4500 sortiri
805 4445 835 4498 et
851 4437 1004 4512 obtinere,
1021 4445 1051 4499 et
1067 4437 1138 4513 illis,
1155 4437 1189 4498 ad
1207 4455 1284 4515 quos

536 4541 652 4612 spectat
672 4539 704 4594 et
722 4549 778 4611 pro
792 4539 930 4607 tempore
945 4532 1205 4610 quandocumque
1217 4547 1284 4608 spe·

537 4627 629 4688 ctabit
644 4625 676 4685 in
692 4625 838 4686 omnibns
858 4633 889 4684 et
909 4639 964 4702 per
979 4625 1082 4685 omnia
1104 4624 1283 4702 plenissime

537 4717 708 4793 sullragari,
731 4717 835 4794 sicque
858 4716 889 4776 in
919 4716 1093 4793 praemissis
1114 4730 1169 4793 per
1193 4733 1283 4795 quos-

538 4827 672 4889 cumque
703 4810 817 4872 iudices
847 4810 1019 4871 ordinarios
1048 4817 1079 4869 et
1109 4810 1281 4886 delegatos,

538 4907 630 4967 etiam
658 4919 818 4966 cansarum
850 4904 952 4981 palatii
981 4902 1137 4980 apostolici
1166 4903 1284 4965 audito·

539 5013 602 5071 res,
635 4996 761 5058 indicari
782 5004 814 5056 et
842 4995 966 5057 deliniri
991 4995 1123 5070 debere,
1149 5011 1182 5056 ac
1214 4995 1283 5056 irri-

539 5099 606 5151 tum
628 5097 658 5150 et
672 5090 777 5163 inane,
790 5087 814 5147 si
826 5101 913 5148 secus
925 5102 1019 5164 super
1034 5088 1080 5146 bis
1096 5105 1111 5148 a
1126 5104 1283 5166 quoquam

538 5183 644 5260 quavis
669 5181 850 5242 auctoritate
870 5179 1005 5242 scienter
1024 5180 1074 5241 vel
1104 5181 1284 5256 ignoranter

537 5275 704 5350 contigerit
723 5275 877 5335 attentari.
902 5273 970 5335 Non
992 5274 1183 5335 obstantibus
1197 5290 1282 5352 prac-

539 5369 649 5442 mlssis,
673 5383 705 5428 66
726 5368 1000 5430 constitutionibus
1030 5375 1060 5428 et
1082 5365 1283 5429 ordinationi-

539 5461 594 5524 bus
614 5461 798 5538 apostolicis,
822 5462 1011 5538 caeterisque
1033 5461 1195 5522 contrariis
1217 5463 1284 5539 qui·

538 5556 741 5632 bnscnmque.

342 5679 377 5722 oo
395 5675 519 5732 exemplo.
577 5648 595 5721 ἓ
614 5647 644 5709 lt.
663 5647 814 5710 llolumus
828 5655 993 5724 autemut
1007 5649 1186 5710 earumdem
1200 5664 1284 5726 prae-

341 5741 365 5775 m
384 5729 520 5774 1111011111·
537 5742 673 5802 sentium
697 5742 912 5819 transumptis,
934 5758 989 5802 seu
1011 5740 1172 5818 exemplis,
1192 5741 1284 5802 etiam

540 5835 705 5912 impressis,
722 5850 816 5896 mann
832 5833 944 5896 notarii
961 5833 1075 5912 publici
1090 5832 1282 5911 subscriptis,

538 5933 569 5990 et
590 5925 693 6004 sigillo
708 5942 854 6005 personae
871 5927 903 5990 in
919 5927 1069 6004 dignitate
1084 5925 1284 5989 ecclesiastica

1381 2475 1523 2550 uenerati
1539 2481 1684 2549 dictorum
1700 2480 1837 2548 ordinum
1853 2485 1958 2564 aptata
1978 2481 2047 2549 luit.

1501 2666 1743 2736 eeneotottts
1773 2667 1833 2734 ΡΡ.
1859 2665 1929 2735 11111.

1615 2854 1723 2923 llilecti
1746 2855 1815 2935 lilii,

1374 2949 1502 3017 salutent
1525 2955 1557 3018 cl
1578 2950 1775 3034 apostolicam
1804 2948 2053 3017 benedictionem.

1382 3142 1538 3219 Exemplis
1554 3143 1824 3218 praedecessorum
1847 3147 2026 3203 nostrorum
2041 3140 2091 3201 ad·
2142 3150 2248 3212 spmma
2266 3161 2330 3206 pnn-

1343 3234 1442 3308 dncti,
1468 3233 1630 3295 nonnullis
1659 3234 1782 3294 familiis
1807 3233 1999 3308 regularium
2022 3247 2090 3311 per·
2108 3203 2203 3302 ξ’ῑὲἷῆξῗ
2225 3216 2330 3250 ⁰⁰⁰⁰⁰⁵'

1343 3327 1494 3401 misimuS,
1512 3335 1546 3387 ut
1562 3327 1679 3400 lnleles,
1695 3327 1748 3404 qni
1773 3329 1858 3387 statis
1885 3325 1958 3386 anni
1980 3324 2088 3385 diebus

1342 3419 1475 3496 ipsarum
1499 3418 1639 3480 ecclesias
1656 3419 1829 3480 inviserent
1845 3427 1874 3479 et
1891 3417 2015 3479 indictis
2026 3417 2089 3494 pie-

1342 3511 1409 3572 tatis
1437 3511 1580 3588 operibus
1607 3509 1836 3584 satisfacerent,
1860 3508 2089 3585 indulgentiam

1341 3603 1512 3665 Plenariam
1541 3611 1826 3681 consequerentur,
1855 3612 1953 3680 utque
1984 3617 2091 3664 mona-

1340 3697 1427 3757 slerii
1448 3712 1582 3773 praeses,
1606 3697 1656 3757 vel
1682 3697 1760 3757 alins
1790 3695 1933 3758 Sacerdos
1959 3711 1975 3754 6
2004 3703 2090 3772 patre

1341 3789 1522 3866 provinciali
1548 3790 1768 3864 designandus,
1786 3788 1899 3866 populo
1916 3797 1990 3850 tunc
2012 3795 2089 3850 tern-

1342 3882 1421 3958 poris
1443 3890 1643 3957 congregato,
1665 3881 1788 3944 Summi
1812 3881 1967 3942 Pontificis
1989 3881 2090 3942 nomi-

1340 3990 1391 4049 ne,
1415 3974 1663 4036 benedictionem
1687 3973 1873 4052 impertiret.

1382 4065 1492 4128 Nullus
1515 4082 1664 4143 umquam
1686 4068 1764 4128 ritus
1786 4068 1821 4128 ad
1843 4067 1923 4128 banc
1937 4081 2003 4129 rem
2021 4083 2088 4146 per·
2147 4083 2243 4128 nuilus
2259 4085 2325 4148 rrius
2412 4051 2413 4112 1

1340 4161 1490 4238 agendam
1520 4161 1726 4238 praescriptus
1754 4159 1831 4236 lnit;
1864 4175 1942 4238 qnae
1963 4161 2088 4238 quidem
2107 4137 2326 4248 ἓῦἶῖξέξζὶῆῗξέὲῖ

1340 4262 1426 4314 extra
1448 4253 1563 4314 Urbem
1585 4252 1686 4313 solnm
1710 4252 1876 4327 contingit,
1892 4267 1962 4315 curn
1985 4247 2227 4314 666-81111113·

1339 4345 1390 4409 lex
1412 4347 1475 4424 lpse
1489 4346 1605 4406 Romae
1620 4345 1871 4407 benedictionem
1883 4344 1998 4424 populo
2013 4345 2089 4406 elar-

1340 4440 1458 4516 giatur:
1488 4439 1606 4499 etenim
1629 4439 1653 4498 is
1676 4440 1765 4513 ritus,
1789 4439 1843 4516 qui
1870 4438 1985 4500 Urbani
2011 4437 2086 4500 lllll.

1340 4533 1580 4612 praedecessoris
1609 4533 1708 4593 nostri
1730 4533 1914 4594 auctoritate
1944 4533 2089 4610 probatus

1340 4627 1498 4700 asseritur,
1522 4633 1615 4702 atque
1638 4633 1704 4703 post
1725 4625 1824 4686 editos
1846 4625 2016 4686 nonnullos
2031 4627 2089 4688 llo-

1341 4734 1447 4782 manos
1478 4717 1615 4780 llituales
1652 4721 1733 4796 typis
1762 4719 1928 4795 impressus
1960 4718 2029 4794 luit,
2053 4721 2089 4781 ad

1340 4826 1407 4872 eam
1431 4811 1692 4885 benedictionem,
1712 4810 1749 4871 de
1765 4828 1824 4889 qua
1839 4811 1933 4872 verba
1948 4809 2087 4888 iacimus,

1340 4905 1471 4965 minime
1497 4904 1649 4980 pertinet,
1671 4905 1723 4965 sed
1747 4904 1829 4964 illam
1860 4905 2087 4982 complectitur,

1339 5013 1428 5076 quae,
1452 5012 1514 5058 non
1537 4997 1664 5076 pluries,
1684 5013 1747 5058 non
1764 4997 1861 5058 semel
1884 4997 2021 5074 quolibet
2035 5013 2088 5059 an·

1340 5107 1392 5165 no,
1415 5090 1466 5150 sed
1489 5091 1589 5168 aliqua
1612 5096 1745 5166 urgente
1760 5090 1899 5166 legitima
1921 5106 2021 5162 causa,
2035 5105 2087 5169 po-

1342 5183 1419 5262 pulis
1440 5191 1471 5245 et
1492 5185 1573 5259 agris
1597 5183 1690 5244 tribul
1712 5183 1874 5244 consuevit
1897 5191 1927 5244 et
1950 5198 2004 5260 pro
2027 5199 2086 5260 qua

1339 5283 1442 5338 certus
1464 5276 1628 5351 belegatus
1655 5274 1844 5352 Apostolicus
1868 5291 1992 5353 semper
2013 5291 2088 5336 con·

1339 5369 1498 5441 6116116,
1532 5368 1586 5445 qni
1608 5367 1698 5427 Brevi
1727 5367 1901 5445 Apostolico
1933 5367 2086 5442 munitus,
2156 5397 2318 5449 Quamquam

1341 5468 1522 5540 potestatem
1544 5461 1665 5522 obtinet
1681 5475 1744 5520 non
1760 5460 1861 5522 solum
1884 5460 2086 5522 benedicendi
2106 5449 2321 5548 gi3„3‡‚¹gs?f¹s¹,ssj

1340 5553 1468 5631 populo,
1492 5553 1545 5613 scil
1573 5553 1662 5613 illam
1690 5569 1814 5631 quoqne
1839 5551 2025 5614 dissolvendi
2049 5552 2087 5614 ab
2105 5555 2230 5610 signarus,

1340 5646 1426 5707 omni
1448 5645 1573 5706 vinculo
1595 5645 1936 5720 excommunicationis,
1959 5640 2088 5724 suspen-v

1340 5739 1447 5813 sionis,
1470 5738 1639 5810 interdicti,
1663 5746 1694 5799 et
1715 5757 1731 5800 a
1753 5739 1881 5800 caeteris
1907 5738 2089 5802 ecclesiasti-

1340 5831 1383 5892 cis
1404 5833 1543 5893 censnris
1564 5849 1596 5892 66
1618 5831 1774 5910 poenis,si
1796 5849 1870 5910 quas
1892 5832 1971 5894 lorte
1993 5847 2087 5911 popu·

1342 5925 1389 5986 lus
1411 5924 1592 6003 imprudens
1614 5933 1705 6004 atque
1735 5925 1863 6003 ignarus
1885 5925 2086 6001 contraxerit,
