4764 6972
80 621 114 668 ln.
124 611 146 664 0.
162 606 216 658 1743

241 750 301 797 non
328 733 448 797 omissis
479 734 607 798 interim
635 735 744 800 debitis
769 737 981 812 cautionibus,

240 840 291 904 per
304 841 379 902 quas
393 834 538 890 veterum
553 827 674 891 rituum
689 827 847 905 neglectui
862 836 893 891 et
907 827 983 889 obli-

239 917 320 978 vioni
346 919 462 980 sensim
490 920 640 999 irrepenti
667 922 788 984 occurri
813 936 901 999 posse
927 937 982 998 pro

239 1025 292 1072 suo
312 1011 440 1072 arbitrio
462 1020 493 1075 et
504 1013 667 1090 prudentia
682 1014 909 1076 existimaverit
923 1012 978 1093 (l).

96 1113 223 1166 rotumum
274 1102 343 1176 58.
368 1103 470 1166 Simili
491 1105 582 1166 modo
605 1106 723 1168 nullam
745 1107 981 1170 innovationem

72 1167 223 1284 ffissffl
239 1195 302 1258 lieri
324 1196 438 1258 debere
459 1199 656 1260 decernimus
678 1200 710 1260 in
726 1215 761 1261 eo
783 1199 863 1277 qnod
887 1199 982 1277 respi-

72 1276 222 1385 fflfflffl‘
237 1291 276 1351 ιιι
296 1289 537 1352 celebrationem
557 1293 741 1355 sacrosancti
759 1292 870 1354 missae
890 1293 982 1355 sacri·

238 1385 306 1459 llcii,
330 1386 413 1463 quod
434 1385 564 1448 unicum
588 1386 621 1446 in
642 1385 782 1461 singulos
803 1385 867 1447 dies
887 1401 982 1463 super

236 1477 372 1556 quolibet
393 1478 481 1540 altari
503 1478 619 1554 offerri,
633 1485 776 1541 veterum
799 1478 853 1543 SS.
878 1480 981 1542 Eccle-

235 1571 294 1632 siae
313 1570 448 1634 Graecae
470 1572 596 1634 Patrum
617 1580 780 1650 praecepto
801 1580 832 1634 et
853 1588 981 1635 consue·

236 1665 341 1727 tudine
357 1664 507 1728 traditum
522 1673 585 1742 est;
602 1675 835 1746 proptereaque
850 1668 981 1730 minime

234 1761 462 1838 indulgendum
473 1761 653 1824 censuimus
667 1761 812 1837 petitioni
827 1777 882 1838 per
894 1777 982 1823 eum-

234 1857 303 1918 dem
324 1853 533 1916 Patriarcbam
554 1854 644 1916 nobis
658 1862 831 1932 porrectae,
854 1871 913 1933 qua
928 1871 983 1934 po-

233 1948 412 2021 stulaverat,
436 1953 470 2008 ut
492 1946 528 2007 ad
550 1947 800 2010 satisfaciendum
815 1949 920 2026 pietati
935 1964 981 2008 sa-

233 2042 393 2104 cerdotum
414 2047 446 2102 et
473 2040 699 2119 multiplicibus
731 2041 871 2104 fidelium
899 2042 980 2103 obla-

233 2134 381 2210 tionibus,
389 2133 579 2212 praedictum
593 2135 688 2196 ritum
701 2136 887 2212 antiquitate
899 2151 980 2198 com-

231 2229 415 2292 mendatum
435 2226 596 2288 immutavi
619 2227 875 2304 permitteremus
897 2235 927 2289 et
948 2228 989 2297 in,

232 2318 862 2399 ecclesiisLibanietduti-Libauiplnres
874 2321 979 2382 missas

232 2417 340 2476 eodem
362 2415 412 2476 die
432 2430 526 2489 super
547 2413 656 2476 eodem
668 2414 755 2477 altari
771 2415 920 2478 olierendi
934 2433 981 2476 sa-

231 2509 407 2572 cerdotibus
428 2510 519 2571 lieret
541 2515 684 2587 potestas,
708 2528 741 2572 ac
766 2519 923 2588 praeterea
947 2513 997 2580 in,

84 2622 100 2662 u
113 2616 216 2678 quadrage·
231 2601 315 2663 leriis
335 2601 587 2680 quadragesimae
607 2601 683 2682 (quc
705 2610 856 2682 tempore,
872 2621 980 2682 excep-

69 2679 215 2771 {a'iu'u‘fl'affi
234 2696 268 2757 tis
293 2696 403 2758 diebus
434 2695 549 2756 sabbati
579 2703 610 2757 et
637 2696 826 2771 dominicae,
854 2699 980 2761 nonnisi

68 2776 214 2878 gffilfflflffl·
231 2788 566 2866 praesanctilicatorum
588 2788 680 2850 missa
702 2790 736 2850 in
752 2791 869 2866 graecis
884 2792 979 2853 eccle-

229 2881 279 2942 siis
301 2881 491 2959 celebratur)
512 2881 673 2958 integrum
686 2881 871 2944 sacrificium
893 2901 979 2963 pera-

231 2977 322 3052 gendi
346 2975 524 3039 facultatem
538 2974 788 3039 concederemus.
811 2976 927 3052 Quibus
942 2981 979 3042 de

229 3071 322 3132 rebus
350 3075 471 3132 veteres
498 3069 652 3132 Ecclesiae
681 3070 813 3133 Graecae
841 3071 979 3134 rubricas

229 3165 360 3226 omnino
381 3163 499 3225 servari
513 3179 685 3241 earumque
699 3164 919 3227 executionem
933 3183 980 3227 sa-

229 3256 405 3321 cerdotinus
427 3255 574 3320 inculcari
596 3257 796 3333 mandamus;
817 3257 978 3320 eliminati

80 3361 213 3425 rvuruuo-
230 3359 335 3412 tamen
350 3350 387 3411 ab
398 3349 545 3428 opinione
560 3349 646 3425 vulgi
661 3349 766 3428 ineptl
782 3349 976 3427 credulitate,

34 3443 35 3498 l
65 3426 212 3515 lff'⁰⁶⁰“'³⁸⁰'
228 3459 287 3523 qua
309 3443 457 3504 nonnulli
479 3441 624 3503 arbitrari
653 3442 811 3514 dicuntur,
841 3445 979 3506 sacerdo-

227 3545 291 3599 tem
307 3543 452 3600 utentem
468 3535 661 3598 indumentis
676 3544 707 3598 et
722 3535 977 3614 supellectilibus,

227 3630 343 3708 quibus
364 3629 440 3690 alius
461 3629 599 3692 sacerdos
621 3628 730 3690 eodem
753 3628 802 3690 die
824 3646 897 3692 usus
919 3638 976 3704 est,

227 3723 340 3786 ieiunii
362 3723 591 3784 observantiam
613 3721 795 3796 infringere.

81 3839 212 3902 evacuans
265 3819 286 3893 5
306 3815 338 3878 9.
356 3814 569 3876 Permittimus
584 3820 698 3887 tamen,
712 3814 795 3875 iuxta
818 3815 977 3876 decretum

68 3891 212 4003 ffssssffi‘ffi'fs
228 3911 327 3973 latum
340 3909 388 3972 die
400 3923 488 3968 xxxv.
507 3908 608 3969 martii
626 3923 804 3970 nnccxxtx.
818 3906 855 3968 ab
869 3907 977 3986 aliqui·

68 4003 157 4046 acuatur
227 4004 284 4066 bus
299 4019 342 4066 ex
357 4017 452 4064 venn.
466 4000 611 4063 lratribus
627 4001 739 4063 nostris
758 3999 789 4063 S.
801 4000 838 4062 ll.
853 4001 888 4062 E.
906 4001 979 4062 Car·

227 4096 384 4158 dinalibus
399 4094 532 4170 negotiis
546 4094 672 4172 Propag.
685 4093 770 4156 Fidei
785 4093 976 4171 praepositis,

228 4197 263 4251 ut
283 4189 343 4250 alia
365 4187 470 4248 altaria
491 4186 524 4248 in
548 4187 614 4248 looo
641 4185 786 4248 ecclesiae
807 4193 877 4264 apto
899 4185 977 4261 erigi

228 4282 358 4360 possint
383 4280 414 4344 Si
436 4289 541 4342 autem
558 4278 704 4340 altarium
726 4295 877 4340 numerus
898 4279 977 4340 cele-

228 4375 391 4437 brantium
410 4381 441 4436 et
462 4371 662 4434 olierentium
688 4371 884 4434 multitudini
913 4386 977 4432 non

84 4477 167 4530 nouas
179 4491 212 4525 sa-
228 4483 276 4528 res
320 4469 413 4530 ndeat
462 4466 553 4528 liceat
605 4464 725 4526 loribus
754 4464 964 4526 sacerdotibus

66 4531 210 4633 ffffiffiffl
227 4483 482 4622 ubipbuiusm'odi
503 4482 695 4620 consllllemdo
706 4557 803 4632 viget,
819 4573 913 4635 super·
925 4510 977 4616 eo1

66 4637 111 4680 ²⁴²²
227 4653 297 4713 dem
322 4652 410 4714 altari
433 4667 494 4713 una
515 4665 587 4712 cum
610 4649 760 4728 Episcopo
782 4648 833 4709 vel
854 4648 915 4710 alio
931 4666 977 4710 sa·

226 4744 549 4808 cerdotesacrificium
569 4749 737 4822 peragente
750 4741 975 4818 concelebrare;

227 4839 266 4902 ita
288 4847 396 4900 tamen
412 4845 447 4900 ιιι
461 4837 553 4899 sacris
568 4836 703 4897 vestibus
719 4850 805 4896 more
819 4834 977 4896 celebran-

226 4932 308 4992 tium
331 4930 445 5006 induti,
462 4928 678 5007 unusquisque
698 4934 794 4989 totam
816 4926 975 5004 liturgiam

227 5025 353 5100 integre
374 5025 483 5085 recitet
504 5022 638 5086 etverba
652 5021 892 5083 consecrationis
906 5036 976 5099 pro·

227 5115 325 5192 lerat,
354 5117 484 5196 perinde
504 5133 537 5178 ao
557 5115 584 5176 si
613 5121 842 5176 sacrosanctum
862 5113 976 5174 sacriti-

228 5209 313 5271 cium
334 5209 516 5286 singulatim
532 5209 733 5271 conficerent.

67 5305 212 5388 ,Ρίιιιιιιιιιι
267 5304 286 5379 5
311 5303 360 5368 lb.
383 5301 566 5366 Huiusmodi
588 5311 693 5370 autem
713 5300 899 5363 sacrificium
913 5300 977 5362 sin·

67 5363 175 5409 ‘'fimum''
229 5397 294 5474 guli
315 5398 488 5460 sacerdotes
509 5397 594 5458 iuxta
616 5401 757 5456 mentem
778 5409 899 5469 eorum,
922 5394 976 5471 qui

228 5490 421 5552 voluntarias
441 5488 613 5551 oblationes
635 5487 797 5562 exhibent,
821 5487 904 5549 licite
925 5503 976 5547 va-

228 5583 312 5646 leant
332 5583 493 5662 applicare.
519 5583 605 5658 Quod
626 5583 651 5643 si
671 5582 823 5644 secundae
844 5589 875 5644 et
896 5581 977 5644 ulte·

228 5677 328 5738 riores
347 5676 518 5756 oblationes
539 5691 594 5753 pro
610 5673 750 5736 eiusdem
769 5673 911 5737 sacrificii
925 5689 975 5752 ap-

228 5770 395 5848 plicatione
416 5769 674 5849 superaddantur,
691 5769 842 5842 sacerdos,
858 5768 911 5845 qui
926 5785 976 5830 eas

869 619 1066 664 nnnnbtcvtts
1088 619 1151 664 xlv.
1212 657 1216 667 .

1710 604 1766 666 127
1816 607 1871 660 nu.
1885 607 1915 658 0.
1937 607 2006 660 1743

1040 736 1208 813 receperit,
1226 753 1349 816 semper
1370 743 1514 800 teneatur
1535 753 1665 800 monere
1681 738 1786 800 fideles

1040 829 1211 906 posteriore
1231 829 1298 891 loco
1319 830 1486 894 ollereutes
1514 833 1550 893 de
1572 832 1638 894 aliis
1659 831 1786 894 oblatio·

1039 921 1131 982 uibus
1152 926 1187 984 ad
1210 925 1355 984 eumdem
1378 924 1474 985 finem
1496 926 1643 1004 acceptis;
1667 933 1709 999 et,
1725 926 1785 986 nisi

1039 1012 1132 1074 iidem
1154 1015 1319 1077 offerentes
1341 1017 1431 1078 unice
1454 1017 1563 1080 missae
1578 1018 1784 1080 celebratione

1038 1123 1071 1168 se
1091 1108 1156 1169 voti
1178 1117 1335 1185 compotes
1361 1110 1428 1172 lore
1455 1109 1629 1185 declarent,
1656 1112 1731 1174 sciat
1752 1128 1784 1173 se
1831 1123 2017 1189 parabolarum

1040 1200 1131 1262 unico
1152 1203 1300 1264 sacrificio
1321 1203 1459 1280 plurium
1479 1204 1630 1267 voluntati
1654 1205 1785 1266 minime
1803 1178 1933 1276 ῗὲὲῗξξὲῗή,
1955 1187 2016 1276 ἓξὲξ

1037 1291 1277 1356 satisfacturum.
1313 1295 1429 1357 Eorum
1452 1312 1527 1356 vero
1556 1305 1707 1371 mentem,
1730 1297 1783 1375 qui
1803 1285 2017 1384 ξζξξῃθῇθῇᾞξζῖ

1038 1400 1093 1463 pro
1114 1387 1263 1448 sacrificio
1288 1389 1488 1464 obtulerunt,
1519 1405 1682 1467 nunquam
1702 1407 1717 1450 a
1739 1407 1784 1452 sa·
1803 1403 1830 1438 ra
1844 1391 1942 1448 nequir.

1038 1479 1213 1541 cerdctibus
1247 1480 1412 1558 impletum
1441 1481 1478 1542 iri
1508 1482 1697 1544 declaramus
1728 1498 1786 1562 per

1037 1572 1132 1632 solam
1148 1572 1354 1636 adiectionem
1369 1575 1591 1653 particularum
1605 1583 1637 1636 et
1650 1591 1785 1639 comme-

1038 1665 1261 1740 morationem,
1291 1667 1423 1744 quaein
1446 1666 1532 1744 panis
1554 1668 1785 1746 praeparatione

1037 1765 1110 1820 ante
1131 1758 1241 1820 missae
1272 1759 1465 1822 Sacrificium
1493 1761 1562 1822 fieri
1594 1760 1687 1821 solet:
1711 1776 1784 1823 cum

1037 1851 1165 1913 omnino
1187 1853 1357 1914 necessaria
1378 1853 1417 1913 sit
1438 1853 1560 1929 integra
1592 1852 1785 1914 concelebra·

1038 1943 1090 2018 tio,
1114 1945 1175 2004 nisi
1196 1946 1233 2006 de
1254 1947 1437 2007 eorumdem
1452 1945 1652 2009 offerentium
1673 1945 1784 2007 volun-

1036 2044 1099 2098 tate
1121 2038 1210 2100 aliter
1232 2039 1296 2100 fiat.

1076 2133 1095 2208 5
1118 2129 1165 2192 ll.
1193 2131 1229 2194 Ut
1250 2141 1354 2194 autem
1376 2149 1392 2193 a
1413 2134 1622 2196 sacerdotibus
1649 2133 1785 2197 Graeco·
1822 2149 1850 2210 vu
1867 2146 1973 2210 ttrprgua
1988 2159 2015 2194 u-

1036 2225 1188 2288 blelcbitis
1203 2226 1235 2286 in
1249 2227 1343 2288 sacris
1358 2227 1514 2304 mysteriis
1524 2228 1707 2307 peragendis
1722 2243 1781 2289 una
1801 2201 1948 2300 3ffl¹¹⁸⁸
1965 2213 2015 2248 ὅθ’·

1036 2325 1067 2382 et
1095 2320 1201 2382 eadem
1230 2323 1498 2384 caeremoniarum
1525 2323 1601 2384 ratio
1627 2322 1784 2401 iidemque

1035 2413 1114 2473 ritus
1135 2422 1313 2487 serventur,
1331 2421 1362 2476 et
1377 2431 1417 2476 ne
1432 2415 1533 2495 aliqua
1553 2417 1668 2477 sensim
1684 2417 1717 2478 in
1734 2417 1784 2477 iis·

1036 2506 1106 2566 dem
1122 2505 1248 2584 obrepat
1263 2507 1456 2584 difformitas,
1472 2511 1687 2572 mandavimus
1704 2510 1783 2588 typis

1036 2597 1294 2676 Congregationis
1315 2600 1353 2662 de
1374 2601 1654 2681 PropagandaEide
1676 2603 1784 2681 impri-

1035 2691 1080 2752 mi
1101 2692 1224 2753 missale
1246 2695 1280 2754 ad
1304 2709 1396 2756 usum
1418 2694 1545 2758 illorum
1561 2696 1714 2758 Ecclesiae
1736 2695 1785 2758 iu·

1036 2789 1086 2844 xta
1108 2785 1246 2847 rubricas
1258 2787 1464 2848 remotissime
1479 2791 1664 2868 antiquitate
1679 2789 1782 2850 firma-

1037 2884 1097 2954 tas;
1120 2880 1217 2956 quod,
1240 2879 1377 2942 absoluta
1403 2881 1542 2945 editione
1567 2898 1725 2945 sacrorum
1747 2881 1784 2942 li-

1036 2972 1164 3034 brorum
1184 2973 1263 3034 ritus
1286 2974 1403 3052 Coptici
1417 2976 1470 3052 qui
1491 2976 1550 3037 sub
1571 2974 1674 3055 praelo
1695 2981 1781 3050 sunt,

1035 3067 1224 3130 incessanter
1245 3068 1369 3148 impleri
1391 3069 1579 3132 curabimus.

1074 3161 1093 3235 5
1119 3159 1165 3221 12.
1182 3160 1267 3236 Quod
1283 3176 1359 3223 vero
1373 3163 1485 3225 attinet
1502 3162 1537 3224 ad
1553 3164 1782 3240 praedictorum
1840 3186 1874 3230 na
1894 3183 2013 3231 turnon-

1035 3269 1130 3315 venn.
1163 3252 1297 3315 lratvum
1325 3255 1516 3317 Patriarcbae
1542 3257 1729 3318 Antiocheni
1751 3265 1782 3319 et
1799 3237 2014 3339 {ffssfflsshssssl

1035 3345 1256 3425 Episcopornm
1270 3347 1621 3410 Graeco-Melchitarum
1643 3349 1781 3411 iurisdic·
1799 3343 2013 3444 ffiffiffwlili·

1034 3439 1163 3515 tionem,
1179 3440 1268 3502 cuius
1283 3442 1474 3504 conservatio
1490 3458 1678 3521 magnopere
1692 3443 1781 3506 nobis

1034 3535 1119 3596 cordi
1149 3550 1216 3596 esse
1237 3535 1338 3610 debet,
1362 3551 1423 3598 non
1447 3537 1516 3598 sine
1542 3552 1656 3614 magno
1684 3537 1781 3598 animi

1034 3627 1132 3687 nostri
1153 3625 1259 3690 dolore
1273 3628 1457 3705 accepimus,
1474 3629 1643 3691 nonnullos
1660 3630 1781 3708 Episco-

1035 3734 1087 3796 pos
1109 3719 1289 3796 Maronitas,
1312 3724 1538 3800 praedictorum
1570 3725 1635 3785 iura
1657 3724 1715 3785 sibi
1736 3741 1782 3784 as-

1034 3819 1183 3888 serentes,
1199 3813 1232 3874 in
1248 3813 1373 3876 illorum
1384 3815 1522 3878 subditos
1534 3817 1780 3880 iurisdictionem

1033 3905 1090 3966 sibi
1112 3906 1296 3984 neutiquam
1317 3916 1547 3986 competentem
1562 3926 1662 3988 saepe,
1680 3919 1714 3974 ut
1732 3928 1782 3972 as-

1033 4002 1159 4077 seritur,
1182 4003 1355 4064 exercuisse
1376 4004 1564 4066 absolvendo
1578 4019 1640 4079 eos,
1657 4004 1711 4083 qui
1733 4021 1781 4067 ec-

1033 4093 1210 4155 clesiasticis
1241 4096 1416 4157 censurisa
1445 4097 1577 4176 propriis
1607 4097 1780 4175 pastoribus

1033 4185 1173 4247 innodati
1195 4186 1334 4264 luerant,
1357 4189 1600 4268 dispensationes
1621 4191 1780 4253 matrimo-

1026 4277 1129 4339 niales
1156 4279 1350 4343 concedendo
1372 4282 1404 4343 in
1430 4282 1575 4358 gradibus
1596 4291 1628 4344 et
1648 4283 1780 4345 circnm-

1032 4371 1180 4432 stantiisa
1195 4373 1306 4434 ritibus
1328 4375 1444 4450 graecis
1459 4376 1590 4436 minime
1605 4376 1778 4454 permissis,

1033 4466 1236 4544 dispensando
1258 4467 1445 4530 etiamnum
1467 4469 1625 4532 monacbis
1646 4469 1782 4533 Graeco·

1032 4558 1184 4622 Melcbitis
1215 4575 1308 4640 super
1334 4561 1414 4623 votis
1435 4562 1609 4638 religionis,
1641 4564 1779 4626 subditos

1033 4653 1167 4732 denique
1189 4654 1375 4716 Antiocheni
1403 4655 1595 4718 Patriavcbae
1621 4658 1657 4720 ad
1679 4673 1778 4720 maro-

1032 4747 1163 4808 niticum
1176 4746 1273 4808 vitum
1287 4750 1539 4827 amplectendum
1553 4752 1646 4814 variis
1660 4753 1778 4815 artibus

1031 4839 1222 4901 attrahendo.
1245 4841 1328 4916 Quae
1349 4844 1495 4906 omniaet
1515 4845 1639 4923 singula
1660 4846 1778 4909 adiutis
1811 4865 2009 4929 1ιιιιιιιιιεριιιι

1033 4931 1200 5011 Episcopis
1225 4943 1259 4994 ιιι
1286 4934 1403 5011 levtur,
1427 4946 1563 5016 peracta,
1587 4938 1648 5000 iam
1670 4954 1725 5017 per
1745 4955 1777 5000 se
1796 4923 2009 5024 {¹,l'ffifflpss‘assss

1032 5025 1117 5086 nulla
1139 5035 1169 5087 et
1191 5029 1349 5104 pontificio
1370 5031 1581 5110 canonicoque
1603 5033 1672 5095 iure
1693 5034 1777 5096 dam·
1795 5027 1904 5074 ”ssmi-

1032 5125 1113 5192 nata,
1136 5135 1177 5181 ne
1206 5121 1237 5181 iu
1266 5122 1385 5185 alienae
1412 5125 1633 5189 iurisdictionis
1654 5135 1777 5205 pertur-

1032 5211 1190 5273 bationem
1218 5219 1251 5274 et
1274 5215 1470 5278 simultatum
1493 5235 1527 5280 ac
1554 5218 1776 5281 discordiarum

1030 5303 1207 5366 lomentum
1228 5307 1344 5368 iterum
1364 5311 1508 5371 renovari
1536 5312 1705 5388 contingat,
1727 5329 1778 5374 su-

1032 5397 1148 5474 preme,
1169 5414 1264 5475 quam
1285 5401 1368 5462 lesus
1398 5403 1539 5466 Christus
1561 5404 1706 5483 Princeps
1728 5421 1778 5483 pa·

1030 5495 1149 5548 storum
1171 5490 1205 5549 B.
1230 5491 1322 5553 Petro
1344 5493 1488 5571 Apostolo
1511 5497 1662 5573 nobisque
1685 5497 1777 5558 buius

1030 5583 1255 5645 successoribus
1277 5584 1309 5645 in
1332 5585 1463 5649 Ecclesia
1484 5587 1632 5651 catholice
1653 5589 1776 5664 tribuit,

1030 5681 1197 5752 potestate,
1231 5678 1376 5740 omnibus
1397 5688 1428 5742 et
1454 5680 1587 5757 singulis
1614 5683 1778 5744 llaronita·

1029 5781 1101 5828 rum
1124 5768 1291 5850 Episcopis,
1304 5773 1424 5852 ipsique
1438 5774 1628 5837 Patriarchae
1644 5776 1777 5839 nationis

267 5981 299 6041 (l)
313 5983 378 6030 vids
390 5981 502 6030 interium
515 5984 597 6030 conat.
613 5976 879 6041 tnter‘araotartmm
891 5984 974 6032 citata
988 5995 1050 6032 vero
1063 5985 1169 6034 decreta
1182 5988 1260 6043 cong.
1275 5984 1304 6032 ln
1317 5997 1367 6034 seo.
1382 5998 1406 6045 p.
1421 5987 1448 6034 h.
1463 5985 1513 6033 lnr.
