4820 6980
944 535 1042 584 runnu
1063 537 1275 586 6666666666
1804 513 1864 580 809

395 654 618 734 suinciantur3
648 673 726 737 quae
748 655 851 735 praxis
873 657 1024 720 bactenus
1048 657 1080 719 in
1195 655 1409 735 Propaganda
1433 653 1509 718 Fide
1526 655 1567 718 ad
1583 653 1759 716 baereticae
1773 651 1883 734 profli-

396 751 516 812 iudiciis
530 750 676 814 adversus
692 751 868 813 buiusmodi
884 765 951 812 reos
964 750 1004 814 sit
1018 765 1082 812 ser·
1195 750 1326 829 pondos,
1342 749 1383 814 ad
1396 750 1531 829 pactiles
1546 754 1576 810 et
1592 749 1700 812 atticos
1717 747 1751 808 in
1774 746 1883 831 sinum

395 851 476 918 vata,
498 853 529 906 et
550 843 705 923 quomodo
725 845 758 906 in
780 849 939 923 posterum
959 844 999 906 sit
1013 858 1082 922 pro·
1198 841 1357 906 Ecclesiae
1378 842 1581 906 reducendos.
1604 841 1673 906 696.

395 935 573 999 ridendum.
598 936 668 1000 689.
1137 936 1264 1002 CXCIII.
1283 936 1404 1014 ignatio
1418 937 1514 1014 Reali,
1527 953 1603 1000 sacr.
1618 937 1884 1000 caeremoniarum

336 1027 424 1092 CIIC.
451 1029 684 1094 celebrantibus
710 1031 847 1105 missam,
868 1035 922 1093 aut
943 1029 1083 1092 fidelium
1195 1028 1349 1109 praelecto
1372 1029 1541 1110 pontificio,
1564 1031 1671 1094 scribit
1685 1029 1723 1092 66
1737 1028 1804 1092 1666
1818 1044 1886 1107 spe-

395 1121 602 1186 contessiones
631 1123 868 1203 excipientibus,
891 1124 960 1186 sine
987 1137 1084 1184 sacer·
1195 1130 1301 1187 ctaute
1336 1123 1618 1187 Arabimandritam
1656 1123 1886 1185 messanensem

395 1216 489 1278 dotali
511 1217 696 1291 charactere,
719 1218 838 1280 sincera
854 1217 997 1279 criminis
1010 1232 1084 1279 con·
1198 1224 1261 1279 tam
1275 1217 1309 1278 iu
1324 1216 1458 1297 cappella
1474 1216 1642 1296 pontificia,
1658 1233 1752 1296 quam
1768 1216 1801 1278 in
1817 1231 1887 1295 pro-

395 1310 486 1374 lessio
508 1309 583 1372 lacta
605 1311 637 1372 iu
659 1312 760 1390 primo
776 1310 1018 1388 interrogatorio
1032 1325 1083 1387 ge·
1197 1310 1405 1385 cessionibus,
1436 1327 1493 1372 nec
1514 1325 1578 1372 nou
1607 1311 1644 1373 de
1675 1310 1768 1374 sacris
1795 1307 1886 1372 iudu-

397 1402 495 1465 nerali
518 1403 597 1466 nibil
616 1402 820 1481 suffragatura
840 1404 1032 1479 decernitur,
1047 1402 1083 1466 ad
1198 1404 1312 1466 mentis
1327 1403 1429 1467 eidem
1440 1403 1689 1484 competentibus
1701 1405 1734 1465 iu
1745 1403 1884 1466 eiusdem

395 1498 583 1561 evadendam
604 1512 735 1575 6666666
765 1496 938 1560 traditionis
960 1493 1083 1560 brachio
1197 1497 1350 1577 cappellae
1372 1496 1628 1576 processionibus.
1653 1497 1722 1560 697.

396 1589 556 1664 saeculari,
580 1591 726 1654 indictam
755 1592 787 1654 iu
809 1591 1084 1654 constituIIonibus
1139 1588 1269 1654 CXCIII.
1294 1590 1530 1654 desolationem
1550 1591 1799 1668 congregationis
1818 1607 1885 1671 par·

395 1682 579 1762 apostolius.
602 1683 671 1748 693.
1199 1684 1335 1746 IIcuIaris
1354 1685 1520 1748 coufirmat
1537 1699 1631 1763 super
1645 1683 1745 1746 dubiis
1760 1691 1885 1747 verten-

337 1775 439 1839 CIICI.
462 1774 579 1839 Laudat
604 1779 771 1840 monachos
793 1777 1084 1842 Graeco-Melcbitas
1198 1777 1279 1840 tibus
1311 1781 1396 1842 iuter
1418 1778 1688 1858 archiepiscopum
1718 1776 1884 1840 Limanum

397 1868 518 1931 Ordinis
540 1868 571 1933 S.
591 1869 693 1933 Basilii
710 1872 825 1950 Congr.
844 1868 875 1934 S.
893 1873 1015 1935 Ioannis
1030 1872 1085 1934 Ba·
1174 1952 1177 1957 A
1197 1879 1229 1933 et
1250 1873 1445 1952 presbyteros
1467 1873 1570 1937 Sancti
1592 1872 1726 1952 Philippi
1744 1871 1830 1934 Nerii
1844 1871 1885 1935 ci-

396 1962 506 2041 ptistae
526 1964 564 2026 de
586 1961 691 2026 Soarib
713 1965 745 2027 iu
763 1966 861 2045 Syria,
877 1968 960 2046 6666
975 1969 1080 2030 Const.
1197 1966 1302 2028 sitatis
1323 1966 1439 2028 bimae.
1463 1966 1534 2029 699.

396 2052 631 2120 Demondatam
652 2067 792 2136 pareant,
814 2061 959 2139 6666666
973 2060 1085 2123 consti·
1138 2058 1256 2122 CXCV.
1273 2059 1417 2122 blumnIs
1434 2059 1691 2138 congregationis
1706 2060 1737 2122 S.
1751 2057 1883 2140 Philippi

396 2150 534 2212 tationes
555 2167 624 2216 suas
647 2151 677 2216 S.
696 2151 726 2216 S.
750 2152 962 2230 approbationi
982 2152 1084 2216 subie
1197 2151 1283 2214 Nerii
1304 2153 1411 2215 Limae
1425 2152 1612 2230 degentibus
1626 2150 1766 2216 concedit
1780 2149 1817 2214 ab
1831 2151 1885 2216 Or·

395 2243 511 2319 cerint;
535 2244 685 2306 moniales
708 2246 739 2306 iu
760 2262 851 2308 snum
875 2247 1083 2323 patrocinium
1197 2245 1317 2308 dinaria
1340 2245 1475 2308 ordinari
1498 2259 1584 2324 posse
1615 2244 1707 2308 titulo
1729 2243 1884 2307 missibuIs

394 2337 523 2416 suscipit
543 2338 580 2400 ab
601 2337 674 2416 ipsis
694 2339 871 2417 dirigendas
888 2349 947 2403 etc.
970 2340 1039 2404 666.

1197 2346 1228 2401 et
1251 2354 1376 2402 mensae
1396 2339 1581 2402 communis.
1606 2338 1675 2401 767.

338 2428 454 2493 CXCII.
478 2430 610 2492 Damnat
631 2439 661 2493 et
682 2431 825 2510 probibet
846 2433 1005 2511 epistolam
1020 2450 1083 2496 ma·
1138 2431 1268 2497 CXCIII.
1299 2433 1571 2512 brchiepiscopnm
1601 2433 1745 2496 Coenum
1776 2433 1882 2506 docet,

395 2524 598 2602 nuscriptam,
615 2540 692 2604 6666
713 2525 828 2587 directa
855 2525 985 2602 legitur:
1010 2526 1084 2590 Am·

396 2616 550 2694 piissimis
577 2616 609 2680 S.
643 2615 680 2679 R.
714 2618 751 2680 E.
784 2616 1028 2693 cardinalibus,
1051 2629 1081 2682 et

396 2709 587 2774 clarissimis
618 2709 778 2792 Tbeolopis
800 2711 835 2772 in
855 2710 931 2774 Urbe
946 2712 1084 2778 Praene-

394 2809 442 2866 ste
464 2805 676 2886 conpropntis,
701 2810 771 2883 post
793 2821 899 2884 paoem
922 2806 1082 2871 Ecclesiae

398 2897 582 2961 Gallicanae
609 2897 811 2970 restitutam,
839 2906 870 2962 et
898 2900 1081 2965 rnetltodarn

398 2990 574 3068 propediem
606 2992 746 3054 editoris
773 3006 832 3071 pro
863 2991 985 3055 stadiis
1012 3010 1080 3072 per-

396 3084 526 3162 agendis
545 3081 585 3146 66
599 3083 742 3147 olnntnis
760 3084 891 3166 Collepii
911 3083 1031 3150 Urbani
1045 3088 1081 3150 de

1197 2527 1393 2589 matrimonia
1416 2525 1453 2588 ab
1474 2526 1581 2588 iucoIIs
1601 2525 1713 2589 Goauis
1727 2531 1883 2588 contracta

1197 2619 1332 2696 Suadae,
1345 2635 1410 2684 esse
1425 2619 1571 2694 invalida,
1588 2619 1648 2682 uisi
1663 2619 1884 2682 contrahentes

1194 2715 1310 2778 ibidem
1325 2714 1519 2777 domicilium
1530 2713 1581 2775 vel
1592 2713 1680 2793 quasi
1691 2711 1883 2776 domicilium

1194 2807 1407 2886 acquisierint,
1429 2822 1501 2869 cum
1522 2806 1682 2870 decretum
1706 2806 1798 2870 Conc.
1816 2805 1884 2868 'Iri-

1195 2900 1315 2964 dentini
1337 2901 1418 2964 Coae
1446 2900 1636 2979 publicatum
1664 2901 1719 2977 sit;
1743 2900 1883 2962 concedit

1195 2992 1373 3056 facultatem
1404 2995 1439 3056 66
1472 2994 1662 3057 decennium
1695 2991 1883 3056 concedendi

1195 3088 1329 3150 oratoria
1351 3087 1469 3167 privata
1489 3098 1547 3150 etc.
1572 3086 1640 3150 702.

795 3327 866 3384 IN
902 3327 1422 3387 SUPPLEMENTO

602 3545 771 3610 TITULIIS
792 3546 815 3609 1.
1195 3548 1309 3627 piendi,
1332 3565 1404 3612 cnm
1426 3565 1463 3612 ex
1485 3567 1575 3630 aegra
1592 3549 1771 3619 valetudine
1786 3557 1883 3636 ipsam

1193 3657 1318 3704 sumere
1340 3657 1402 3704 non
1424 3645 1519 3722 possit
1541 3645 1676 3723 ieiunus,
1692 3651 1883 3714 occasionem

1193 3740 1293 3810 captat
1314 3735 1485 3812 eprIcandi
1507 3752 1553 3814 ea,
1572 3755 1651 3817 6666
1671 3743 1831 3821 pertinent
1845 3745 1881 3806 ad

1193 3827 1333 3888 naturale
1366 3827 1519 3891 Ieiunium
1550 3835 1765 3896 communioni
1796 3852 1883 3914 prae

682 3933 735 3999 51,
1194 3919 1396 3984 mittendum.
1421 3922 1489 3986 721.

520 3729 563 3792 lle
584 3731 702 3793 ieiunii
724 3730 899 3810 disciplina

334 4108 357 4169 I.
381 4108 491 4170 Pravas
512 4107 653 4170 fidelium
674 4106 913 4170 consuetudines
934 4106 1081 4169 adversus

392 4203 547 4267 ieiunium
578 4202 842 4281 quadragesimale
873 4203 1012 4266 inductas
1033 4219 1080 4265 re-

393 4296 511 4374 probat.
537 4294 604 4358 att.

332 4389 369 4453 II.
386 4390 523 4453 Declarat
538 4390 663 4453 unicam
677 4392 900 4454 comestionem
915 4390 1023 4455 diebus
1038 4391 1079 4453 ie

392 4483 474 4547 iunii
487 4482 525 4544 ab
539 4482 683 4545 omnibus
696 4483 880 4546 servandam
895 4501 972 4561 esse,
985 4485 1078 4548 etiam
1131 4482 1275 4546 Doctrina
1297 4487 1335 4548 66
1356 4487 1458 4548 usuris
1485 4489 1654 4567 exponitur
1675 4491 1713 4554 de
1736 4493 1880 4555 mandato

391 4579 428 4640 ab
448 4578 496 4652 iis,
519 4576 632 4656 quibus
653 4577 692 4640 ob
706 4576 877 4655 pecuIIares
891 4593 995 4640 causas
1010 4593 1079 4657 per·
1191 4577 1360 4655 Pontificis,
1382 4583 1435 4659 qui
1457 4596 1527 4644 eam
1548 4583 1706 4664 approbat,
1723 4602 1756 4647 ac
1777 4586 1880 4649 doceri

392 4672 532 4735 mittitur
542 4685 612 4734 esus
621 4671 775 4746 carnium,
789 4687 923 4734 crorum
933 4679 992 4734 etc.
1007 4671 1075 4734 7l3.
1192 4677 1223 4732 et
1243 4673 1362 4734 servari
1384 4673 1479 4737 iubet.
1504 4674 1572 4738 726.

332 4765 381 4828 III.
405 4764 654 4829 constitutiones
675 4767 713 4827 66
733 4765 851 4829 ieiunio
872 4766 909 4827 ab
930 4765 995 4844 ipsa
1015 4767 1078 4830 edi·

390 4868 440 4920 tae
461 4858 615 4938 quomodo
645 4859 708 4922 sint
736 4859 958 4936 intelligendae
987 4876 1079 4940 expo-

392 4952 450 5014 uit.
474 4950 543 5014 itt.

330 5042 382 5108 IV.
405 5045 452 5107 lib
472 5045 708 5124 brebiepiscepc
727 5045 953 5126 compostellae
968 5065 1077 5129 propo·

390 5139 462 5202 sitas
484 5139 678 5218 quaestiones
700 5142 778 5204 circa
799 5143 908 5205 Ieiunii
931 5143 1014 5222 leges
1030 5145 1076 5206 in·

389 5239 538 5294 stauratas
559 5232 688 5295 dirimiI.
712 5235 786 5297 ibid.

331 5323 368 5387 v.
393 5324 527 5412 Regulos
549 5325 641 5388 tradit
654 5324 692 5388 de
706 5327 816 5390 ieiunii
831 5328 1078 5407 quadragesima-

390 5418 427 5480 lis
448 5418 684 5499 dispensatione.
708 5419 776 5482 lib.

1393 4111 1561 4178 TITULUS
1582 4112 1618 4176 II.

1167 4293 1211 4357 De
1225 4297 1340 4360 neuris
1359 4298 1496 4380 aliisque
1510 4300 1646 4365 iniustis
1661 4303 1848 4383 quaestibus

1384 4916 1551 4982 TITULUS
1573 4917 1624 4981 III.

1152 5114 1196 5177 De
1211 5113 1309 5178 libero
1324 5117 1472 5198 inpressa
1492 5117 1683 5182 clericorum
1697 5119 1855 5184 saecular.

1311 5211 1347 5272 in
1371 5211 1504 5276 Ordines
1522 5211 1698 5293 Repnlorec

1132 5422 1243 5487 Clerici
1263 5425 1435 5489 saeculares
1454 5427 1607 5490 Ecclesiae
1627 5427 1791 5490 servitium
1814 5445 1878 5492 non

1190 5517 1304 5581 debent
1334 5518 1488 5595 deserere,
1516 5519 1722 5584 nibilominus
1750 5531 1878 5600 possunt

668 5622 682 5687 g
699 5625 736 5673 11.
1190 5612 1351 5675 sanctioris
1370 5614 1452 5675 vitae
1472 5621 1590 5676 statum
1612 5614 1767 5702 amplecti,
1784 5617 1878 5679 etiam

1190 5701 1421 5770 contradicente
1451 5707 1612 5786 EpIscopo,
1639 5717 1670 5771 et
1692 5707 1877 5787 religionem

1190 5798 1312 5876 ingredi
1340 5800 1704 5880 vitaeacntemplativae
1732 5803 1782 5866 vel
1803 5805 1878 5870 acti·

1191 5908 1246 5954 vae
1267 5893 1410 5956 deditam.
1435 5893 1504 5958 tea.

331 5789 382 5857 VI.
407 5793 454 5856 Er
474 5796 568 5860 Iacabi
591 5795 640 5860 III.
664 5796 843 5860 Britanniae
864 5798 947 5875 regis
960 5798 1077 5878 suppli·

388 5887 510 5954 catione
528 5899 666 5954 sanctam
694 5891 960 5956 communionem
981 5893 1076 5955 susci·
