4856 6984
15 11 353 300 ,-

101 645 158 697 ιιι.
175 649 211 701 c.
237 653 303 704 1751
340 641 344 652 '

584 570 603 608 ,ι

334 784 387 850 diu
409 787 610 866 multumque
629 787 783 864 agitatum
804 802 1079 866 prosequeremur;

334 879 379 940 nil
401 879 485 942 aliud
507 879 594 941 nobis
618 880 650 942 in
673 888 797 942 nostrae
810 880 998 942 tractationis
1021 879 1078 941 ini-

336 971 389 1046 tio,
413 987 590 1050 progressu,
608 974 731 1052 sineque
749 981 969 1052 proponentes,
986 989 1080 1051 quam

333 1065 375 1140 id,
398 1064 480 1143 quod
508 1066 616 1130 iisdem
645 1082 769 1145 quoque
797 1066 1080 1144 praedecessoribus

333 1160 449 1222 nostris
469 1163 662 1240 propositum
683 1176 806 1239 semper
823 1160 917 1222 luisse
940 1176 1003 1223 non
1025 1160 1080 1222 du-

334 1252 485 1330 bitamus3
509 1259 543 1316 ut
563 1253 678 1316 scilicet
699 1253 908 1332 Aquileiensis
933 1254 1079 1316 ecclesiae

333 1351 430 1406 status
451 1345 492 1407 ita
520 1344 750 1424 disponeretur,
773 1352 865 1424 prout
894 1346 1011 1423 optimo
1033 1361 1079 1406 re-

334 1436 447 1512 gimini
473 1437 651 1500 animarum
677 1438 777 1500 eidem
804 1439 1079 1512 subtectarum,··et

335 1529 432 1591 libero
451 1531 622 1609 spiritualis
644 1532 789 1608 gubernii
812 1532 961 1594 exercitio
983 1532 1079 1608 magis

334 1637 520 1699 congruere,
544 1631 574 1685 et
596 1630 808 1701 opportunum
832 1623 897 1685 iore
920 1624 1079 1700 dignosce-

334 1723 432 1780 retur.

110 1831 316 1928 rengerium·
374 1812 393 1885 ἓ
417 1811 443 1872 l.
466 1811 556 1874 Hunc
576 1812 808 1890 unicescopum
824 1828 896 1890 prae
917 1811 1013 1873 oculis
1028 1811 1080 1872 ha-

86 1885 315 1982 ffoesfflmffiffi
335 1907 454 1983 bentes,
483 1906 695 1985 superioribus
716 1908 805 1968 annis
834 1916 950 1970 certam
971 1921 1079 1986 quam-

86 1989 315 2089 ffiiffjffissffiodssg
334 2001 404 2064 dam
423 1999 619 2063 ecclesiastici
641 2000 803 2076 regiminis
824 1999 955 2064 formam
978 2004 1011 2062 in
1033 2007 1079 2064 ul-

88 2096 203 2194 'mim
232 2097 315 2160 inter
335 2093 442 2154 teriori
463 2091 667 2170 Aquileiensis
686 2093 832 2156 dioecesis
854 2102 939 2172 parte
961 2094 1078 2156 interea

87 2161 135 2247 flea.
170 2160 314 2196 stouvem-
333 2188 554 2251 observandam
569 2189 933 2266 statuimus;·sperantes
948 2191 1078 2266 gradum

333 2284 406 2346 hinc
440 2284 554 2345 lactum
587 2283 624 2343 iri
651 2283 685 2343 ad
718 2283 847 2344 firmum
875 2282 1078 2360 stabilemque

332 2391 438 2438 rerum
466 2377 620 2452 ordinem,
644 2392 698 2454 per
722 2391 817 2454 quem
846 2375 988 2452 vigentes
1010 2391 1079 2453 per·

332 2471 523 2532 turbationes
553 2477 704 2549 perpetuo
732 2468 929 2545 tollerentur,
962 2469 1076 2530 ibidem

331 2562 463 2624 ielieiter
499 2563 771 2639 constituendum3
814 2563 1076 2642 quemadmodum

330 2655 476 2732 colligere
499 2655 570 2718 licet
590 2672 628 2718 ex
651 2657 765 2720 nostris
788 2657 885 2718 literis
906 2656 1077 2734 apostolicis

292 2743 300 2760 '
332 2748 550 2827 incipientibus
578 2750 729 2812 Ouinium
751 2749 969 2822 ecclesiarum,
1001 2765 1076 2827 quas

331 2841 380 2904 die
395 2857 485 2902 xxix.
502 2842 681 2904 novembris
697 2843 771 2928 anni
789 2859 977 2918 nucarum,
992 2851 1022 2905 et
1036 2860 1073 2904 ex

332 2935 385 3010 iis,
417 2950 551 3013 quarum
583 2935 710 2998 initium
744 2944 789 2998 est
820 2937 989 3014 Postquam
1018 2953 1075 3015 per

331 3027 426 3098 alias,
450 3043 588 3105 quasque
608 3029 657 3090 die
673 3045 771 3090 xxvn.
796 3030 874 3092 iunii
889 3047 938 3092 an.
957 3047 1071 3092 unctan.

332 3120 363 3180 in
385 3119 479 3180 lorma
509 3121 616 3182 Brevis
649 3121 818 3200 edidimus3
846 3123 957 3202 quibus
984 3123 1074 3185 nimi-

332 3229 413 3287 rum,
435 3221 672 3291 temporaneum
703 3217 887 3291 urgentibus
912 3217 1074 3278 necessita-

332 3305 412 3368 tibus
434 3306 610 3368 remedium
630 3315 782 3385 aptantes,
808 3309 1015 3382 decrevimus,
1038 3309 1074 3370 il-

331 3397 381 3460 lud
405 3397 522 3460 tamdia
543 3398 730 3462 duraturum
753 3401 829 3473 lore,
847 3401 943 3461 dcccc
964 3400 1074 3479 aliqua

330 3496 416 3558 ratio
431 3497 591 3557 colomani
606 3498 754 3573 partium
768 3511 932 3570 cotiaeum,
949 3503 1075 3558 nostra-

329 3606 387 3666 que
417 3594 478 3651 nat
508 3606 727 3652 successorum
754 3593 940 3652 nostrorum
961 3605 1075 3668 appro-

301 3671 469 3756 batione,
493 3685 575 3745 iniri
598 3685 730 3757 ualeret,
753 3701 809 3762 per
833 3702 927 3762 quarn
950 3686 1075 3748 auinau-

329 3793 403 3838 rum
417 3777 561 3856 fidelium
578 3776 822 3840 necessitatibus
840 3779 1072 3840 consuleretur.

368 3871 387 3945 ἓ
407 3874 436 3934 2.
455 3871 585 3946 Verum,
600 3871 744 3946 seientes,
760 3888 854 3934 omne
868 3872 973 3933 clatum
996 3872 1074 3951 opti-

329 3985 417 4030 mum
439 3975 469 4028 et
492 3981 585 4028 omne
607 3967 724 4028 donum
749 3967 921 4043 perlectum
942 3964 979 4026 ab
1008 3979 1073 4026 om-

329 4063 489 4140 nipotente
511 4061 573 4122 Deo
595 4059 763 4138 petendum
794 4067 824 4120 et
847 4057 1072 4136 expectandum

328 4172 405 4228 esse,
429 4169 592 4231 nunquam
614 4153 775 4214 omisimus
797 4153 828 4214 in
853 4159 916 4213 toto
931 4153 1074 4228 gravissi-

328 4264 396 4309 mae
417 4263 524 4310 causae
545 4247 689 4320 decursu,
712 4247 849 4308 divinam
870 4245 1071 4319 Maiestatem,

328 4343 517 4421 interpositis
532 4341 624 4402 etiam
639 4341 771 4402 aliorum
789 4340 990 4415 orationibus,
1007 4340 1074 4402 eni-

328 4451 365 4496 xe
387 4449 526 4507 exorare,
551 4442 585 4496 ut
607 4435 688 4496 inter
711 4434 982 4511 perturbationum
1005 4450 1073 4512 pro-

327 4530 429 4602 cellas,
445 4538 476 4590 et
493 4527 713 4605 multiplicium
734 4527 952 4589 difficultatum
966 4544 1073 4606 scopu·

327 4623 382 4698 los,
406 4622 614 4700 trepidantem
638 4622 759 4682 consilii
783 4622 881 4683 nostri
909 4622 1018 4682 navim
1040 4621 1072 4682 in

327 4722 452 4793 portum
474 4713 562 4774 nobis
583 4718 734 4788 optatum,
747 4714 782 4773 ad
805 4713 958 4774 allerenda
980 4712 1073 4774 nimi-

326 4823 398 4868 rum
419 4806 580 4867 animabus
595 4806 710 4868 Christi
726 4806 886 4880 Sanguine
905 4805 1072 4882 redemptis

327 4899 495 4961 necessaria
509 4898 616 4960 salutis
631 4907 775 4960 aeternae
788 4899 935 4972 subsidia,
951 4897 1072 4958 alilante

326 4992 458 5070 Spiritus
478 4993 526 5053 sui
549 5008 634 5065 aura,
657 4993 808 5052 deducere
830 4990 1023 5066 dignaretur.

365 5085 384 5159 ἓ
404 5083 433 5145 3.
457 5085 639 5146 invocantes
654 5100 709 5144 nos
725 5084 882 5144 exaudivit
897 5083 1072 5146 misericors

327 5178 487 5251 Dominus
509 5175 648 5253 dumque
670 5177 878 5238 maximarum
901 5177 1072 5239 tribulatio·

326 5285 401 5332 num
415 5277 445 5331 et
456 5270 702 5332 amaritudinum
715 5268 858 5330 lluctibus
874 5269 1069 5345 laetaremur,

326 5365 410 5426 misit
431 5381 468 5424 ex
490 5363 551 5424 alto
579 5362 769 5424 adiutorium
799 5377 910 5436 suum,
933 5361 1071 5441 laetaque

326 5455 562 5534 tranquillitate,
575 5471 631 5516 nos
644 5454 732 5516 uberi
745 5454 991 5515 consolationum
1003 5453 1074 5516 saa-'

326 5565 397 5612 rum
418 5549 583 5610 dulcedine
604 5547 766 5610 recreavit.
797 5549 862 5626 lpse
884 5547 1014 5622 etenim,
1037 5548 1070 5610 in

325 5643 414 5704 cuius
443 5658 536 5703 manu
560 5647 634 5702 sunt
658 5640 780 5717 Regum
801 5641 908 5715 corda,
937 5655 1000 5702 uno
1022 5657 1071 5702 eo-

88 5733 306 5841 cffitgfegginggssgi
326 5733 460 5814 demque
492 5743 630 5811 tempore
662 5733 858 5795 charissimae
885 5733 915 5794 in
949 5733 1071 5795 Christo

89 5841 177 5886 saucio
192 5841 265 5904 ‚inter
279 5852 306 5887 se
326 5828 407 5889 tiliae
429 5835 552 5889 nostrae
573 5826 683 5888 Mariae
705 5826 880 5900 Therasiae,
896 5826 1070 5902 ilungariae

88 5899 258 5940 conveniunt.
326 5929 357 5982 et
378 5920 542 5982 Bobemiae
564 5920 691 5994 reginae
712 5918 842 5980 illustris
861 5918 893 5979 in
918 5918 1071 5980 Romano·

326 6027 399 6074 rum
419 6011 648 6090 imperatricem
674 6011 802 6084 electae,
821 6010 963 6082 animum
983 6010 1072 6072 incli-

966 667 1164 714 numentanus
1187 669 1250 716 xlv.

1804 653 1861 714 451
1913 651 1967 703 An.
1982 653 2011 704 C.
2034 651 2100 704 1751

1138 791 1242 865 navit,
1266 797 1300 854 ut
1325 789 1364 852 de
1385 791 1585 870 proponendo
1613 789 1715 852 stabili
1746 787 1882 852 remedio

1137 897 1193 958 pro
1215 883 1467 962 Aquileiensibus
1481 885 1574 945 rebus
1590 890 1739 962 perpetuo
1760 897 1882 959 compo·

1138 975 1247 1036 nendis
1262 976 1423 1053 cogitaret;
1436 977 1593 1055 simulque
1608 975 1720 1050 effecit,
1732 982 1767 1036 ut
1778 975 1881 1036 dilecti

1139 1067 1193 1129 lilii
1218 1068 1336 1130 nobiles
1361 1069 1422 1130 viri
1443 1069 1506 1131 dux
1532 1076 1562 1130 et
1584 1067 1756 1146 respublica
1781 1065 1881 1128 Vene-

1138 1161 1251 1223 tiarum
1273 1161 1416 1224 concordi
1439 1161 1540 1224 studio
1556 1161 1584 1224 id
1602 1163 1703 1240 ipsum
1725 1169 1878 1239 optarent.

1138 1254 1232 1316 Cuius
1264 1255 1309 1316 rei
1343 1255 1508 1317 indubium
1544 1254 1761 1316 testimonium
1793 1254 1881 1317 nobis

1136 1346 1349 1423 praebuerunt
1376 1347 1521 1424 epistolae
1542 1347 1577 1407 ad
1608 1363 1664 1409 nos
1692 1347 1881 1426 conscriptae

1138 1445 1203 1500 tum
1228 1456 1244 1499 a
1266 1440 1417 1518 praedicta
1439 1441 1531 1504 llaria
1553 1443 1696 1504 Tberesia
1713 1443 1831 1519 regina,
1849 1443 1881 1504 in

1137 1531 1364 1610 imperatricem
1386 1533 1493 1608 electa,
1515 1535 1574 1596 sub
1604 1536 1653 1596 die
1676 1551 1752 1596 nvn.
1777 1535 1879 1596 martii

1136 1626 1291 1690 currentis
1312 1627 1386 1690 anni
1409 1643 1552 1702 unauna,
1580 1644 1655 1706 quas
1684 1627 1773 1690 uobis
1794 1628 1881 1688 exhi-

1136 1720 1203 1782 buit
1231 1719 1360 1782 dilectus
1393 1719 1477 1782 silias
1509 1727 1615 1781 noster
1644 1720 1756 1782 blarius
1788 1721 1880 1782 buius

1136 1813 1167 1876 S.
1182 1812 1216 1875 ll.
1230 1814 1265 1876 lt.
1286 1813 1446 1891 presbyter
1462 1813 1632 1886 Cardinalis
1647 1813 1784 1876 llillinus
1799 1828 1879 1876 nun·

1135 1914 1274 1985 capatus,
1299 1914 1366 1969 tum
1388 1923 1403 1966 a
1425 1906 1561 1984 praelato
1583 1905 1785 1968 Venetiarum
1803 1908 1880 1968 duce

1134 2000 1192 2062 sub
1203 2000 1253 2062 die
1268 2015 1356 2060 xxm.
1371 2000 1508 2062 eiusdem
1525 1998 1642 2060 mensis
1657 2007 1689 2060 et
1704 2000 1787 2074 anni,
1805 2016 1880 2076 quas

1135 2093 1264 2155 dilectus
1285 2109 1409 2171 quoque
1433 2093 1515 2156 lilius
1535 2101 1639 2156 noster
1652 2092 1779 2155 Carolus
1800 2092 1881 2153 eius·

1135 2185 1205 2246 dem
1228 2186 1257 2248 S.
1279 2177 1318 2247 R.
1341 2186 1374 2248 Ε.
1392 2186 1552 2264 presbyter
1574 2187 1742 2249 Cardiualis
1763 2186 1879 2247 llezzu-

1136 2278 1222 2340 nicus
1243 2279 1337 2341 etiam
1359 2285 1555 2357 nuncupatus
1577 2279 1666 2340 nobis
1687 2279 1836 2340 exhibuit.

1173 2373 1242 2446 §A
1265 2372 1323 2447 Qui
1344 2389 1418 2435 sane
1439 2373 1552 2435 illarius
1572 2382 1604 2434 et
1626 2373 1753 2435 Carolus
1775 2372 1879 2435 Cardi-
1918 2431 1923 2440 ,
1956 2379 2111 2425 conventio-

1134 2464 1218 2526 nales
1233 2466 1281 2526 die
1297 2483 1339 2528 vv.
1363 2465 1467 2542 aprilis
1482 2467 1517 2528 ad
1533 2467 1723 2529 audientiam
1740 2473 1877 2527 nostram
1898 2431 2111 2530 ss¹0⁵1nwe⁰a¹⁰r¹22b¹r⁰1i

1134 2574 1194 2618 una
1225 2558 1319 2619 simul
1339 2575 1372 2618 se
1399 2558 1605 2633 conterentes,
1632 2559 1811 2620 memoratis
1833 2576 1878 2620 re·
1898 2541 2111 2636 ξξέὤῖἶὲᾏᾞᾞ

1132 2651 1268 2728 spective
1301 2651 1398 2712 literis
1424 2652 1510 2714 nobis
1531 2651 1669 2728 redditis,
1692 2668 1756 2713 non
1776 2652 1878 2713 solum
1898 2643 2111 2744 {affiniumque

1133 2744 1293 2819 llagrantia
1309 2743 1472 2821 utriusque
1487 2744 1580 2822 partis
1596 2745 1755 2820 desideria,
1772 2751 1805 2807 ut
1821 2745 1878 2807 hu·

1131 2835 1264 2898 iusmodi
1277 2844 1427 2914 perpetuo
1448 2853 1481 2896 ac
1501 2836 1603 2898 stabili
1626 2837 1762 2900 remedio
1784 2837 1879 2915 Aqui·
1937 2856 1940 2862 ·

1133 2929 1256 2990 leiensis
1278 2929 1499 3008 patriarchatus
1515 2930 1678 3007 negotium
1694 2930 1878 2992 terminare-

1133 3031 1197 3098 tur,
1221 3023 1364 3085 unanimi
1386 3023 1474 3084 nobis
1496 3039 1571 3086 voce
1592 3031 1876 3104 repraesentaruut;

1131 3118 1181 3178 sed
1198 3117 1289 3178 etiam
1306 3115 1489 3192 singillatim
1502 3133 1538 3178 ea
1549 3117 1638 3179 nobis
1652 3123 1876 3196 exposuerunt,

1131 3209 1302 3285 dequibus
1324 3217 1426 3286 partes
1447 3209 1528 3286 ipsae
1551 3209 1625 3270 olim
1647 3209 1877 3284 dissentientes,

1132 3301 1246 3362 nostris
1268 3301 1505 3362 invitationibus
1525 3309 1555 3362 et
1578 3301 1806 3363 hortationibus
1827 3303 1879 3363 ob-

1130 3395 1347 3468 secundantes,
1363 3393 1565 3470 diligentibus
1580 3395 1758 3457 tractatibus
1772 3402 1804 3456 et
1818 3395 1879 3456 col-

1131 3486 1243 3564 loquiis
1259 3478 1382 3562 habitis,
1394 3494 1626 3563 convenerunt;
1644 3489 1877 3551 cuiusconven

1133 3580 1223 3640 tionis
1244 3580 1386 3658 exempla
1402 3579 1573 3656 inscriptis
1589 3581 1707 3641 redacta
1720 3581 1807 3642 nobis
1830 3598 1876 3643 re·

1131 3673 1321 3751 linquentes,
1332 3673 1514 3736 earumdem
1529 3675 1665 3752 partium
1682 3675 1807 3737 nomine
1823 3691 1879 3736 no-

1131 3767 1176 3829 bis
1198 3768 1360 3829 bumiliter
1380 3766 1605 3846 supplicarunt,
1621 3775 1657 3829 ut
1678 3768 1736 3843 illi,
1760 3784 1815 3845 pro
1830 3784 1877 3830 re·

1131 3875 1201 3922 rum
1217 3868 1446 3922 conventorum
1457 3861 1654 3922 subsistentia
1669 3869 1700 3922 et
1710 3862 1877 3924 observan-

1132 3954 1183 4029 tia,
1214 3954 1440 4032 approbationis
1463 3965 1586 4017 nostrae
1617 3957 1711 4018 robur
1732 3957 1875 4032 adiicere,

1130 4064 1254 4109 necnon
1276 4061 1331 4126 pro
1353 4046 1534 4110 earumdem
1556 4064 1662 4111 rerum
1679 4051 1874 4126 executione,

1129 4140 1310 4219 apostolicae
1341 4142 1531 4204 auctoritatis
1559 4149 1682 4205 nostrae
1710 4143 1878 4222 plenitudi-

1131 4250 1205 4296 nem
1227 4234 1427 4312 interponere
1447 4235 1661 4312 dignaremur.
1680 4237 1810 4300 Articuli
1825 4253 1876 4298 au-

1132 4337 1195 4391 tem
1227 4331 1444 4393 conventionis
1476 4331 1559 4392 inter
1584 4332 1750 4409 praedic-tas
1775 4342 1875 4411 partes

1130 4425 1237 4498 initae,
1260 4424 1314 4502 qui
1334 4426 1514 4485 earumdem
1546 4426 1689 4488 mandato
1711 4428 1875 4506 subscripti

1131 4527 1161 4580 et
1183 4518 1352 4596 respective
1374 4517 1411 4578 ab
1440 4517 1513 4595 ipsis
1541 4520 1697 4596 approbati
1726 4530 1757 4582 et
1782 4524 1876 4584 ratisr-

1130 4611 1187 4672 cati
1210 4611 1349 4685 luerunt,
1371 4618 1445 4673 sunt
1466 4611 1584 4672 tenoris
1607 4614 1776 4692 sequentis,
1792 4617 1875 4679 vide-

1131 4705 1217 4767 licet:

1169 4801 1188 4874 ἓ
1209 4801 1237 4861 5.
1265 4802 1344 4863 Cum
1356 4820 1449 4865 sacra
1466 4822 1612 4869 caesaraea
1626 4808 1874 4888 raptuquellou-
1927 4822 2034 4886 aratrum
2049 4833 2107 4869 con-

1130 4895 1243 4976 quriae
1269 4896 1497 4976 Bobcmiaeque
1528 4903 1680 4964 maiestas
1710 4906 1875 4966 serenissi·
1894 4880 2027 4924 v⁰⁰¹¹⁰¹¹¹³'

1129 5006 1213 5052 marn
1249 4991 1393 5053 'Venetam
1424 4993 1664 5072 Rempublt'cara
1692 4998 1815 5060 siticero
1844 5009 1874 5063 ct

1129 5083 1294 5162 singulari
1320 5099 1452 5160 proauus
1479 5086 1597 5164 affeetu
1621 5099 1872 5168 prosequantur,

1129 5193 1167 5238 ac
1189 5175 1322 5252 prolude
1336 5175 1373 5236 de
1388 5175 1516 5240 illibata
1538 5196 1610 5240 curn
1625 5183 1731 5243 eadem
1745 5202 1875 5249 seruau-

1130 5268 1351 5342 deamicitia,
1383 5267 1463 5332 bona
1491 5271 1662 5335 vicinitate
1684 5293 1721 5337 ac
1743 5278 1873 5350 aanione,

1129 5378 1224 5440 quarn
1246 5363 1387 5425 artaaime
1407 5364 1452 5424 sit
1473 5365 1629 5440 studiosa,
1655 5385 1752 5447 neque
1767 5369 1875 5433 minus

1130 5457 1282 5536 praefata
1303 5457 1450 5516 sereniss.
1468 5456 1657 5534 Respublica
1675 5461 1758 5524 hanc
1772 5465 1874 5541 ipsam

1128 5547 1320 5622 amicitiant,
1346 5545 1458 5610 bonam
1490 5551 1695 5614 uicinitatem
1717 5572 1755 5616 ac
1783 5557 1874 5617 unio·

1128 5656 1198 5701 rtem
1225 5642 1300 5718 pari
1328 5642 1437 5703 studio
1466 5643 1605 5704 eucolere
1629 5648 1875 5725 antagonistae

1128 5739 1185 5806 ecl,
1210 5734 1292 5811 quod
1320 5739 1385 5796 tam
1407 5751 1447 5796 etc
1474 5751 1555 5808 nna,
1584 5754 1679 5815 quant
1708 5756 1748 5801 ea
1769 5740 1874 5804 altera

1127 5833 1232 5902 patric,
1246 5829 1341 5888 anina
1353 5827 1462 5888 statdio
1477 5844 1509 5888 eo
1525 5830 1628 5908 suerit
1643 5830 1873 5906 allaboraturn,

1128 5923 1166 5978 ut
1178 5933 1258 5994 quae
1271 5933 1327 5995 per
1342 5919 1466 5996 aliquot
1482 5919 1613 5983 saccula
1626 5920 1789 6001 bucusque
1802 5924 1874 5988 sub·

1127 6010 1262 6072 stitcrat
1295 6011 1382 6074 circa
1406 6011 1637 6090 Aquileienaern
1667 6017 1874 6092 patriarcha·
