4828 6990
391 555 445 611 An.
460 557 491 612 c.
513 559 580 612 1747
630 555 694 620 3ὅῖΙ

610 693 734 770 inisset3
764 692 898 756 instante
930 692 1078 771 Episcopo
1108 691 1258 754 Materiae
1284 699 1358 752 tunc

610 787 775 862 existente,
798 786 859 848 duo
880 786 970 848 dubia
992 787 1091 849 eidem
1114 783 1356 861 congregationi

610 879 783 942 delinienda
811 879 1051 958 proposuimus,
1074 895 1176 941 unum
1198 877 1355 950 videlicet,

610 988 666 1048 an,
689 979 790 1034 stante
810 972 1010 1052 dispositione
1032 971 1270 1050 praemissarum
1293 970 1358 1048 epi-

609 1066 760 1130 stolarum
790 1067 948 1128 secretarii
977 1065 1143 1139 Brerium,
1172 1071 1208 1125 ut
1241 1062 1356 1124 scilicet

610 1157 777 1236 Episcopus
799 1175 854 1236 pro
878 1156 1082 1238 impertienda
1107 1154 1291 1217 monialibus
1306 1154 1358 1215 be·

610 1251 800 1328 nedictione,
816 1259 848 1313 et
870 1251 1064 1328 indulgentia
1087 1249 1223 1328 plenaria
1240 1249 1356 1310 eisdem

609 1344 643 1406 in
661 1343 793 1407 'articulo
815 1345 926 1407 mortis
946 1342 1131 1424 applicanda,
1155 1358 1262 1404 earum
1284 1358 1358 1404 con-

609 1435 725 1498 fessarii
747 1454 837 1516 opera
860 1447 1013 1512 uteretur,
1030 1437 1151 1498 licitum
1171 1436 1211 1496 sit
1234 1433 1357 1513 Episco-

610 1545 648 1607 po
670 1530 849 1593 monasterii
877 1530 1008 1592 claustra
1031 1528 1171 1606 ingredi,
1194 1535 1229 1590 ut
1251 1527 1358 1590 buius·

611 1624 693 1686 modi
716 1624 802 1703 pium
826 1639 902 1702 opus
924 1639 979 1702 per
1000 1639 1033 1684 se
1055 1623 1157 1703 ipsum
1180 1621 1355 1700 adimpleam

610 1715 744 1780 alterum
766 1733 858 1793 vero,
881 1725 1034 1796 quatenus
1057 1716 1087 1778 id
1119 1715 1267 1794 Episcopo
1290 1731 1356 1792 per·

610 1811 766 1885 mittatur,
795 1803 850 1885 an,
869 1819 938 1873 eta
966 1803 1078 1888 quibn's
1107 1809 1270 1872 comitatus
1292 1824 1357 1870 ruo·

610 1905 783 1966 naslerium
813 1901 934 1980 ingredi
957 1903 1081 1979 debeat;
1109 1917 1203 1981 super
1230 1902 1355 1980 quibus,

556 1986 559 1992 ’
609 2014 760 2077 perpenso
783 1997 855 2059 lolio
870 2013 886 2064 a
901 1996 989 2060 nobis
1004 2013 1059 2075 pro
1075 1996 1254 2059 huiusmodi
1266 2011 1356 2075 quae·

609 2091 749 2152 stionum
771 2089 978 2153 elucidatione
993 2091 1031 2151 de
1046 2105 1134 2150 more
1155 2095 1290 2163 exarato,
1307 2089 1357 2150 die

610 2200 641 2244 x.
666 2184 738 2245 maii
760 2183 833 2245 anni
862 2199 1052 2244 unccxxru.
1077 2198 1262 2261 responsum
1285 2182 1355 2258 init,

609 2277 645 2338 ad
669 2277 821 2356 primum:
846 2275 953 2339 Licere
979 2275 1139 2354 Episcopo,
1162 2277 1282 2355 quoties
1304 2291 1356 2337 vo-

609 2369 716 2444 luerit,
729 2371 764 2432 ad
777 2368 1015 2448 impertiendam
1031 2369 1278 2432 benedictionem
1293 2384 1358 2431 mo-

611 2460 685 2524 niali
707 2463 740 2523 in
762 2461 870 2524 mortis
892 2462 1021 2524 articulo
1043 2461 1229 2525 constitutae
1250 2479 1357 2524 mona-

609 2556 742 2618 sterium
763 2554 891 2617 intrare.
920 2555 966 2618 Ad
994 2556 1183 2617 secundum:
1208 2555 1357 2635 Episcopo

610 2649 647 2712 ad
668 2648 752 2710 bunc
772 2647 918 2710 ellectum
934 2647 1015 2713 iutra
1030 2644 1211 2710 monasterii
1226 2656 1310 2726 septa
1324 2667 1358 2711 se

610 2739 782 2804 conterenti
794 2739 921 2802 comites
933 2755 998 2801 esse
1008 2741 1120 2803 debere
1134 2741 1357 2803 coniessarium

610 2835 804 2897 ordinarium
818 2833 914 2912 ipsius
929 2833 1121 2910 monasterii,
1138 2833 1297 2912 aliumque
1311 2851 1356 2895 sa-

552 2997 555 3002 ,
611 2926 769 2990 cerdotem
793 2926 890 3004 ipsius
921 2925 1062 3006 Episcopi
1090 2926 1217 2988 arbitrio
1239 2925 1357 3003 eligen-

611 3019 698 3081 dum.
729 3017 888 3098 descripto
913 3027 1018 3081 autem
1047 3017 1185 3084 additum
1215 3019 1287 3082 luit:
1314 3021 1356 3084 Et

610 3113 653 3176 ud
682 3111 846 3175 domiuum
877 3111 1090 3175 secretarium
1117 3128 1189 3176 com
1218 3113 1358 3174 cutiacu-

612 3206 736 3269 tt'ssiruo
767 3203 942 3268 secretorio
972 3205 1140 3278 Breucum·
1170 3206 1283 3285 quibus
1309 3208 1357 3270 ni-

611 3301 728 3362 mirum
751 3297 854 3362 verbis
875 3298 964 3361 nobis
985 3297 1205 3362 demandatum
1228 3300 1298 3376 init,
1322 3309 1357 3364 ιιι

551 3465 554 3472 ,
609 3411 682 3458 cum
713 3395 810 3456 bonae
841 3392 1009 3454 memoriae
1038 3392 1193 3456 cardinali
1220 3394 1356 3458 Oliverio

549 3557 553 3564 ,
611 3495 800 3566 noncupato,
816 3485 1050 3550 tuncBrevium
1062 3494 1254 3549 secretorum
1270 3503 1357 3566 prae-

610 3581 775 3646 decessoris
796 3579 893 3642 nostri
910 3579 1068 3643 Benedicti
1091 3581 1187 3660 Papae
1208 3582 1287 3644 Xlil.
1310 3598 1357 3643 se·

611 3675 753 3750 oretario,
776 3688 951 3750 ageremus,
968 3689 1022 3753 pro
1044 3674 1241 3753 ampliatione
1264 3675 1357 3739 lacut-

612 3777 710 3832 tatum
727 3769 757 3830 in
774 3767 952 3830 memoratis
968 3766 1104 3844 epistolis
1123 3775 1355 3845 contentarum,

549 3931 551 3936 ,
610 3877 744 3943 quarum
770 3859 939 3923 formulam
966 3875 982 3920 a
1009 3859 1096 3920 nobis
1118 3859 1152 3922 in
1180 3858 1253 3923 lolio
1283 3868 1367 3926 tunc.

610 3955 710 4018 eidem
731 3951 978 4032 congregationi,
1002 3959 1036 4014 nt
1062 3951 1248 4030 praefertur,
1271 3957 1357 4016 exbi-

610 4050 689 4125 bito,
717 4049 841 4124 integre
868 4047 1036 4123 insertam,
1063 4047 1125 4124 ipsa
1149 4048 1356 4128 congregatio

610 4143 701 4222 paulo
722 4140 906 4206 arctioribus
932 4139 1109 4203 conclusam
1139 4139 1290 4203 limitibus
1311 4143 1358 4205 in·

609 4236 733 4300 dicarit.

649 4330 668 4405 ἓ
682 4329 712 4392 2.
722 4326 830 4407 Neque
841 4341 932 4405 porro
942 4326 1103 4389 omisimus
1114 4327 1292 4390 iniunctum
1304 4344 1359 4390 no·

609 4423 655 4485 bis
666 4437 746 4484 onus
760 4419 870 4498 agendi
886 4435 958 4482 cnm
975 4418 1109 4498 praelato
1121 4419 1273 4484 cardinali
1286 4421 1357 4483 Bre-

608 4515 698 4577 rium
713 4512 877 4575 secretario
892 4513 1124 4594 quamprimum
1141 4514 1288 4593 implere,
1305 4531 1358 4577 re·

609 4623 693 4690 rum,
710 4622 808 4686 quum
824 4604 992 4685 paulopost
1007 4606 1168 4667 abeodem
1190 4605 1356 4670 Benedicta

609 4701 844 4780 praedecessore
861 4699 894 4760 in
913 4697 1082 4776 collegium
1105 4697 1234 4761 Sanctae
1248 4699 1358 4762 Roma·

610 4810 667 4856 nae
683 4791 835 4856 Ecclesiae
852 4792 1064 4856 Cardiuatium
1085 4794 1227 4871 cooptati,
1251 4796 1287 4856 ad
1308 4811 1356 4856 re-

610 4886 742 4964 gendam
777 4887 980 4964 episcopalem
1016 4887 1233 4948 anconitanam
1262 4889 1357 4950 eccle·

608 4981 684 5042 siam
700 4997 757 5043 nos
772 4979 1011 5054 contulerimus,
1024 4996 1062 5041 ex
1076 4995 1136 5056 qua
1151 4981 1277 5042 biennio
1288 4990 1356 5059 post

608 5077 644 5138 ad
667 5073 937 5152 metropolitanam
960 5072 1187 5134 bononiensem
1216 5075 1356 5136 translati

608 5169 740 5242 luimus,
764 5181 827 5228 nou
855 5165 942 5228 licuit
964 5165 1052 5227 nobis
1079 5165 1241 5242 negotium
1274 5169 1355 5231 istud

402 5276 532 5322 contrusis
548 5287 589 5322 er·
608 5261 643 5322 ad
666 5268 806 5341 optatum
829 5259 925 5320 linem
946 5259 1125 5336 perducere.
1152 5260 1281 5323 interim
1303 5277 1355 5322 ve·

377 5328 504 5384 parientia
520 5331 546 5375 in
566 5341 589 5374 e-

376 5382 512 5437 piscopalis
533 5383 588 5428 olli—

375 5435 407 5479 cii
426 5436 589 5484 administra·

376 5489 453 5534 tione.

608 5371 654 5431 ro,
667 5368 767 5435 quum
782 5369 845 5415 non
863 5353 968 5416 minus
980 5368 1035 5432 pro
1051 5355 1247 5430 anconitano,
1260 5370 1354 5433 quam

608 5465 663 5528 pro
684 5446 870 5510 bononiensi
899 5445 1030 5526 populo,
1061 5447 1238 5510 huiusmodi
1261 5447 1353 5510 lacul-

608 5551 702 5605 tatem
730 5540 944 5618 indulgentiae
975 5540 1131 5617 plenariae
1161 5543 1354 5604 moribundis

607 5635 748 5698 fidelibus
769 5634 996 5714 impertiendae
1016 5636 1053 5697 ab
1067 5634 1242 5714 Apostolica
1264 5637 1354 5712 Sede,

606 5737 642 5790 ut
663 5745 717 5807 par
748 5738 825 5804 erat,
848 5729 1036 5808 expetitam,
1060 5729 1144 5790 iuxta
1174 5739 1353 5790 consuetam

606 5821 751 5896 lormam,
773 5839 806 5884 ac
833 5823 976 5901 superius
998 5821 1172 5885 enunciatis
1201 5822 1355 5884 limitibus

606 5915 869 5994 circumscriptam
885 5915 1146 5992 obtinuissemus;
1171 5915 1235 5994 ipso
1250 5917 1354 5978 statim

1131 573 1195 618 tuti.
1221 571 1312 617 bour.
1336 570 1375 614 DF.
1397 569 1425 614 Ρ.
1451 571 1479 614 1².
1505 571 1587 622 PARS
1609 570 1631 615 1.

1411 703 1482 762 usu,
1506 695 1537 750 et
1559 687 1683 766 propria
1704 687 1906 767 experientia,
1931 687 1961 750 in
1983 703 2031 750 eas
2052 685 2166 750 incidi-

1411 796 1481 842 mus
1502 780 1709 856 difficultates,
1725 797 1804 861 qnae
1825 789 1855 842 at
1877 797 1959 844 anno
1979 797 2102 846 uncox.
2130 788 2167 842 ut

1411 873 1602 952 praefertur,
1626 875 1657 936 iu
1688 875 1938 953 congregatione
1962 877 2055 938 sacris
2078 874 2167 938 Reli-

1411 967 1493 1046 quiis
1514 975 1545 1030 et
1574 969 1779 1046 indulgentiis
1806 971 1994 1050 praeposita,
2024 989 2040 1032 a
2070 969 2167 1032 nobis

1412 1065 1567 1138 tamquam
1601 1063 1779 1126 consultore
1811 1065 1986 1143 propositae
2014 1065 2164 1138 inerant;

1410 1169 1551 1234 quaeque
1578 1155 1724 1234 deinceps
1751 1172 1832 1218 anno
1855 1173 2046 1221 unccxxru.
2069 1157 2166 1219 alteri

1412 1247 1653 1324 Congregationi
1686 1249 1898 1312 cardinalium
1928 1249 2059 1313 Concilii
2093 1249 2168 1312 Tri-

1411 1340 1530 1402 dentini
1554 1340 1764 1420 interpretum
1780 1359 1795 1402 a
1811 1342 1898 1405 nobis
1920 1343 2025 1418 etiam,
2043 1359 2100 1422 pro
2115 1357 2166 1404 se·

1409 1432 1532 1494 cretarii
1555 1448 1699 1509 munere,
1730 1435 1901 1514 expositae,
1924 1451 2046 1498 causam
2068 1434 2166 1498 dede-

1410 1533 1486 1587 runt
1509 1535 1695 1590 memoratae
1717 1528 1936 1591 consultationi
1959 1546 2031 1592 cnm
2054 1529 2167 1593 Secre-

1413 1617 1489 1678 tario
1511 1617 1659 1681 Brevium
1676 1619 1929 1684 introducendae.
1948 1622 2072 1684 Etenim
2090 1630 2165 1684 tum

1411 1710 1443 1770 in
1466 1712 1678 1788 anconitanae,
1694 1722 1760 1776 tum
1782 1730 1855 1777 vero
1878 1715 1912 1777 in
1933 1715 2092 1795 amplioris
2109 1714 2164 1777 bo-

1411 1804 1571 1888 noniensis
1597 1807 1742 1868 ecclesiae
1764 1808 1934 1886 regimine,
1963 1810 2166 1871 animadver-

1412 1897 1517 1974 timus,
1541 1899 1579 1960 ob
1601 1899 1798 1962 interdictam
1813 1901 1901 1964 nobis
1922 1900 2104 1965 huiusmodi
2121 1901 2165 1964 ia-

1412 1990 1534 2052 cultatis
1555 1992 1857 2070 subdelegationem,
1881 2011 1991 2058 omnes
2020 1996 2166 2075 plerum-

1411 2101 1471 2164 que
1484 2085 1629 2148 dioecesis
1641 2087 1828 2152 habitatores
1839 2087 1897 2151 boc
1910 2096 1993 2150 tanto
2004 2089 2162 2170 spirituaii

1412 2177 1560 2240 beneticio
1580 2181 1711 2243 summis
1732 2182 1795 2263 suis
1824 2181 2015 2262 temporibus
2037 2183 2165 2246 orbatos

1412 2286 1555 2334 manere:
1580 2282 1611 2336 ct
1631 2273 1757 2352 quidem
1774 2292 1844 2338 cum
1868 2276 2058 2354 irreparabili
2074 2279 2165 2340 dam-

1412 2380 1464 2439 no,
1494 2364 1710 2428 deficientibus
1736 2383 1792 2446 per
1823 2369 1988 2431 dioecesim
2020 2370 2164 2449 collegiis

1413 2458 1607 2522 clericorum
1623 2460 1827 2538 Regularium
1843 2463 2088 2526 biinistrantinm
2111 2465 2165 2528 in·

1412 2551 1521 2628 tirmis,
1545 2554 1656 2632 quibus
1677 2571 1693 2614 a
1715 2554 1809 2618 felicis
1830 2555 2052 2618 recordationis
2073 2574 2167 2638 prae-

1411 2646 1570 2708 decessore
1592 2653 1698 2709 nostro
1719 2647 1894 2711 Alexandro
1916 2649 1992 2730 Papa
2015 2649 2079 2713 llll.
2106 2669 2166 2732 per

1412 2738 1516 2800 literas
1538 2740 1588 2801 dio
1610 2756 1661 2800 ιιι.
1685 2741 1817 2802 ianuarii
1849 2743 1924 2804 anui
1954 2760 2083 2808 uuoxvr.
2110 2748 2165 2810 da-

1413 2839 1467 2908 tas,
1491 2837 1522 2893 et
1544 2841 1693 2913 perpetuo
1715 2833 1881 2911 valituras,
1905 2836 2064 2902 indultum
2087 2841 2162 2918 luit,

1412 2934 1446 2988 ut
1469 2926 1727 2990 christifidelibus
1750 2927 1781 2988 in
1803 2929 1913 2990 mortis
1934 2931 2064 2994 articulo
2087 2951 2166 2996 con·

1410 3020 1527 3081 stitutis
1539 3019 1791 3083 benedictionem
1802 3037 1873 3083 curn
1887 3021 2079 3100 indulgentia
2097 3025 2164 3106 ple·

1412 3114 1496 3175 naria
1519 3113 1671 3193 impertiri
1694 3114 1833 3192 valeant3
1857 3131 1916 3178 nec
1938 3117 2003 3179 aliis
2025 3121 2165 3184 extanti-

1412 3205 1467 3268 bus
1489 3206 1642 3268 caenobiis
1657 3206 1861 3284 regularium,
1877 3209 2000 3288 quibus,
2017 3226 2072 3289 pro
2088 3229 2163 3276 con·

1412 3299 1557 3362 iratribus
1590 3299 1710 3377 piarum
1742 3301 1948 3378 quarumdam
1974 3305 2161 3368 societatum

1411 3393 1448 3454 ab
1469 3409 1578 3472 eorum
1601 3393 1762 3459 ordinibus
1790 3396 2017 3473 institutarum,
2045 3399 2163 3463 similia

1412 3487 1531 3552 indulta
1560 3495 1590 3550 et
1619 3490 1781 3567 priuilegia
1810 3492 1848 3554 ab
1876 3491 2047 3572 dpostolica
2080 3496 2163 3560 Sede

1411 3598 1551 3646 concessa
1574 3581 1713 3646 luerunt.
1737 3585 1822 3660 Quod
1838 3603 1913 3648 vero
1934 3598 2049 3666 spectat
2059 3592 2095 3652 ad
2112 3591 2163 3652 in-

1411 3676 1491 3738 colas
1513 3677 1607 3754 ipsius
1637 3677 1783 3754 civitatis,
1806 3681 1832 3741 si
1857 3681 1983 3759 quidem
2010 3682 2100 3759 haec,
2124 3692 2163 3746 ut

1412 3769 1550 3831 Bononia
1572 3777 1628 3844 est,
1652 3768 1809 3849 frequenti
1835 3773 1948 3852 populo
1969 3773 2010 3836 sit
2031 3774 2161 3851 referta,

1412 3878 1510 3941 quum
1532 3861 1659 3924 facultas
1689 3863 1899 3926 substituendi
1928 3882 1992 3927 non
2014 3867 2102 3929 aliter
2124 3869 2162 3930 in

1412 3956 1544 4037 praelata
1570 3956 1697 4036 epistola
1725 3957 1895 4032 tribuatur,
1918 3975 2010 4037 quam
2033 3960 2066 4023 in
2087 3978 2163 4024 casu

1412 4051 1562 4129 praecisae
1593 4049 1783 4112 necessitatis
1804 4066 1875 4112 rum
1903 4060 2057 4116 nocturno
2080 4061 2163 4117 tem·

1412 4159 1484 4222 pore
1506 4144 1684 4217 coniuncto,
1707 4159 1776 4205 cum
1805 4159 1918 4222 magno
1940 4146 2036 4207 animi
2059 4148 2164 4210 nostri

1412 4236 1516 4298 dolore
1538 4237 1658 4314 experti
1679 4252 1788 4298 sumus
1810 4247 1958 4315 paternae
1979 4239 2162 4304 huiusmodi

1412 4328 1546 4392 caritatis
1567 4337 1652 4390 actus
1672 4343 1746 4406 erga
1771 4328 1898 4392 dilectos
1920 4333 1952 4393 in
1980 4332 2102 4395 cbristo
2124 4336 2162 4396 s·

1412 4423 1469 4484 lios
1491 4430 1627 4495 nostros,
1658 4439 1722 4484 non
1745 4438 1779 4484 ea
1805 4424 2002 4500 assiduitate,
2025 4442 2083 4506 qna
2105 4445 2161 4490 cu-

1412 4513 1587 4592 piebamus,
1615 4531 1670 4592 per
1691 4530 1748 4576 nos
1770 4515 1850 4594 ipsos
1878 4519 2025 4595 praestari
2057 4535 2158 4598 posse.

2198 543 2251 602 An.
2264 551 2291 606 c.
2310 555 2362 609 lidi

1412 4607 1487 4669 Nam
1505 4616 1718 4686 praeterquam
1734 4611 1816 4688 quod
1831 4625 1956 4672 necesse
1971 4611 2161 4675 habebamus
2194 4615 2369 4696 carmasino-t

1411 4700 1571 4762 nonnullis
1593 4715 1787 4778 perannum
1816 4704 1975 4766 mensibus
1996 4723 2012 4765 a
2033 4705 2161 4769 civitate
2179 4687 2360 4798 ffiff'ffll'

1410 4793 1525 4868 abesse,
1550 4801 1584 4854 ut
1605 4793 1690 4854 iuxta
1715 4795 1940 4874 praescriptum
1967 4814 2069 4860 sacrae
2090 4798 2162 4860 Tri-

1410 4887 1555 4948 dentinae
1577 4884 1705 4963 Synodi,
1720 4885 1745 4946 si
1768 4902 1829 4948 non
1855 4895 1963 4964 totam,
1978 4890 2088 4952 saltem
2103 4891 2160 4954 ali-

1410 4994 1502 5059 quam
1525 4978 1610 5039 illius
1638 4979 1757 5057 amplae
1779 4981 1926 5043 dioecesis
1952 4993 2072 5062 partem
2093 4987 2160 5048 siu-

1410 5073 1490 5149 gulis
1513 5071 1601 5132 aunis
1623 5087 1723 5133 coram
1753 5071 1934 5148 invisendo,
1960 5077 2158 5156 corrigendo,

1410 5164 1563 5238 docendo,
1592 5168 1622 5224 el
1651 5175 1878 5228 sacramentnm
1911 5170 2160 5233 conlirmatiouis

1410 5255 1541 5318 visitatis
1556 5256 1695 5336 plebibus
1709 5257 1924 5334 ministrando,
1939 5260 2157 5342 lustraremus,

1411 5350 1470 5411 iam
1495 5351 1526 5411 in
1550 5351 1611 5428 ipsa
1634 5351 1759 5413 civitate
1781 5355 1941 5430 degentes
1958 5355 2077 5417 nullam
2092 5356 2159 5420 lere

1411 5443 1516 5504 diurni
1534 5443 1680 5521 temporis
1695 5443 1804 5505 horam
1825 5445 1875 5506 rel
1898 5462 1913 5506 a
1933 5447 2048 5509 divinis
2064 5450 2159 5512 rebus

1410 5535 1460 5597 vel
1483 5553 1498 5596 a
1519 5535 1676 5615 pastoralis
1703 5537 1793 5599 oliicii
1823 5540 2074 5618 occupationibus
2106 5559 2159 5604 ra-

1408 5645 1499 5690 cuam
1521 5628 1726 5706 habebamus3
1750 5633 1824 5693 dnm
1846 5647 1900 5710 pro
1922 5635 2157 5698 occurrentium

1410 5723 1611 5798 negotiorum
1634 5724 1842 5801 expeditione,
1867 5741 1953 5788 nunc
1973 5727 2157 5790 adeuntium

1410 5816 1680 5896 postulationibus,
1693 5834 1778 5878 nunc
1794 5819 2012 5881 ministrorum
2034 5821 2157 5884 relatio-

1410 5913 1519 5990 nibus,
1543 5928 1629 5975 nunc
1650 5915 1930 5990 congregationum
1959 5917 2157 5982 consultatio·

2264 4753 2283 4787 0.
