4856 6984
314 544 367 598 Au.
383 549 412 600 C.
436 549 502 600 1752
553 549 614 612 502

533 684 702 760 producere
733 692 878 762 poterunt
909 685 1058 761 redditus,
1095 695 1161 748 tum
1189 686 1281 748 etiam

533 777 602 856 quia
625 793 680 854 pro
702 785 841 857 tempore
869 779 1004 840 existens
1027 780 1280 858 Archiepisoopus

531 868 714 932 Goritieusis
736 871 889 949 praelatus
909 879 1071 951 exemptus
1086 888 1209 950 semper
1222 873 1282 934 orit

531 979 547 1024 a
568 963 724 1026 solutione
744 965 1013 1043 quindenuiorum
1036 965 1106 1029 Sedi
1129 965 1282 1044 Apostoli·

531 1071 583 1118 cae
603 1057 755 1134 praefatae
777 1058 910 1137 capitulo
932 1067 962 1120 et
983 1058 1138 1120 canonicis
1153 1059 1281 1136 patriar-

532 1148 624 1210 chalis
657 1150 802 1212 ecclesiae
833 1150 1039 1228 Aquilejeusis
1071 1167 1126 1228 per
1158 1167 1225 1226 uos,
1248 1159 1282 1213 11

532 1243 717 1322 praelertur‚
750 1259 931 1322 suppressae
959 1251 988 1305 et
1016 1243 1171 1306 extinctae
1191 1255 1280 1307 antea

531 1337 610 1399 solvi
641 1337 816 1412 solitorum,
845 1354 900 1416 pro
933 1339 1022 1400 bouis
1055 1337 1281 1400 nonnullorum

532 1430 792 1492 monasteriorum
814 1430 896 1492 illius
918 1445 1043 1492 mensae
1070 1430 1229 1508 capitulari
1252 1447 1281 1490 a·

532 1521 585 1583 lias
608 1523 779 1597 unitorum,
803 1524 837 1585 ad
861 1539 995 1600 quorum
1023 1522 1212 1584 solutionem
1235 1538 1282 1584 ca·

532 1616 668 1693 pitulom
690 1624 719 1677 et
740 1616 878 1678 canonici
909 1616 1054 1678 ecclesiae
1084 1615 1280 1690 Goritieusis,

533 1716 568 1771 ut
586 1710 770 1788 praefertur,
787 1718 905 1772 erectae
922 1726 975 1788 pro
993 1720 1131 1788 tempore
1146 1711 1281 1771 existen-

535 1809 579 1863 tes
601 1802 739 1880 praelati,
756 1819 793 1864 ex
808 1819 892 1865 urruc
908 1804 1111 1882 imposterum
1129 1803 1281 1865 tenebun-

313 1899 512 1951 ouanrsruuam
534 1903 585 1958 tur
606 1903 638 1956 et
660 1897 785 1973 obligati
808 1898 952 1958 existent.
969 1897 1086 1972 Quibus
1101 1897 1209 1958 itidem
1224 1914 1280 1976 pro

300 1951 347 1998 dos
363 1954 514 2008 capitularis

300 2009 515 2063 1111111111-
533 2003 641 2051 eorum
664 1989 839 2066 particulari
857 1989 939 2064 dote,
956 2005 1151 2066 onerumque
1166 1991 1210 2051 eis
1225 2006 1281 2069 pro

300 2059 376 2105 modo
396 2060 463 2105 lutor
478 2059 514 2105 dt·

300 2112 513 2168 1111111111-
533 2091 671 2161 tempore
695 2083 944 2146 incumbentium
965 2084 1210 2162 supportatione,
1234 2084 1280 2144 in-

300 2166 421 2218 uonleos‚
450 2167 513 2212 rell-

300 2229 415 2280 quosque
439 2230 513 2265 man-

532 2177 706 2257 irascriptos
728 2180 876 2251 redditus,
900 2179 936 2240 ad
957 2193 1111 2239 summam
1128 2177 1282 2238 11111111-

300 2272 459 2327 siouarros,
488 2278 512 2318 er
533 2271 610 2333 lium
640 2271 847 2333 ducentorum
870 2281 901 2333 et
923 2280 1055 2350 quatuor
1087 2273 1280 2334 llorenorum

299 2323 442 2382 cappellou.
459 2337 512 2381 por·

299 2377 394 2424 tienda.

531 2363 628 2426 dictae
649 2373 793 2426 monetae
814 2364 987 2438 aunuatim,
1012 2372 1045 2425 ut
1066 2365 1181 2442 pariter
1196 2381 1279 2425 acce-

530 2456 644 2533 pimus,
666 2459 878 2530 assentientes,
901 2457 1017 2518 scilicet
1038 2457 1172 2518 lloreuos
1194 2457 1279 2518 mille

530 2557 560 2611 et
589 2551 776 2627 quingentos
808 2566 845 2610 ex
873 2549 1006 2628 praelatu
1038 2549 1203 2629 parochiali
1231 2567 1278 2612 ec-

529 2643 619 2704 alesia
641 2643 842 2705 Exaltatiouis
863 2640 992 2704 Sanctae
1007 2645 1112 2706 Crucis
1130 2652 1160 2705 et
1176 2643 1277 2706 Sancti

529 2735 605 2811 Viti,
628 2744 663 2798 ut
684 2736 870 2813 praefertur,
894 2751 1055 2815 suppressa
1078 2744 1108 2797 et
1130 2737 1276 2811 extincta,

528 2838 558 2891 et
580 2831 612 2890 in
635 2829 924 2907 archiepiscopalem
946 2829 1106 2892 ecclesiam
1124 2828 1276 2891 Goritieu-

526 2937 604 2996 sem,
627 2929 662 2983 ut
683 2922 868 3000 praefertur,
888 2930 1004 2998 erecta;
1021 2939 1054 2985 ac
1069 2923 1204 2984 llorenos
1219 2923 1278 2984 bis-

527 3015 613 3076 mille
628 3031 665 3076 ex
680 3015 814 3092 praelato
830 3015 979 3077 beneficio
995 3017 1120 3094 pariter,
1137 3024 1172 3078 ut
1192 3031 1277 3093 prae·

528 3106 638 3182 lertur,
660 3123 824 3186 suppresso
846 3117 876 3170 et
905 3109 1061 3185 extinct03
1090 3125 1123 3170 ac
1144 3111 1277 3172 lloreuos

526 3201 755 3278 quatuormillia
778 3218 816 3262 ex
845 3202 933 3263 bouis
965 3202 1176 3264 haereditariis
1204 3201 1275 3264 dicti

527 3295 682 3373 quondam
698 3295 865 3370 Augustini
882 3294 1010 3369 Codelli,
1025 3295 1095 3357 licet
1113 3295 1277 3357 111111111-

527 3387 669 3448 reditaria
698 3389 887 3464 huiusmodi,
910 3405 947 3450 ex
969 3391 1169 3467 dispositione
1191 3407 1278 3470 prae·

527 3481 579 3543 lati
601 3482 787 3558 Augustini,
817 3498 871 3560 pro
903 3484 1059 3546 erectione
1085 3485 1277 3563 episcopatus

525 3593 579 3637 seu
601 3577 782 3639 cathedralis
804 3579 950 3640 ecclesiae
971 3579 1153 3642 Goritieusis
1169 3581 1275 3642 relicta

527 3668 653 3746 luerint,
678 3687 798 3732 necnon
818 3672 951 3733 lloreuos
965 3672 1082 3733 similes
1096 3674 1276 3751 septingen-

527 3771 571 3825 tos
593 3771 726 3842 quatuor
747 3780 785 3826 ex
806 3768 1026 3829 communibus
1045 3768 1214 3830 redditibus
1228 3787 1275 3831 ca·

527 3857 614 3934 pituli
642 3869 674 3919 et
700 3861 917 3920 canonicorum
952 3859 1026 3922 olim
1059 3861 1204 3923 ecclesiae
1225 3877 1275 3940 pa-

526 3951 695 4014 triarchalis
717 3951 924 4030 Aquileiensis
956 3969 1009 4031 per
1041 3969 1109 4027 uos,
1135 3962 1167 4015 ut
1189 3971 1275 4034 prae·

524 4045 636 4121 fertur,
664 4062 844 4125 suppressae
866 4055 897 4108 et
918 4045 1083 4123 extinctae,
1112 4049 1274 4110 annuatim

524 4143 694 4220 respective
724 4141 959 4220 provenientes3
990 4148 1020 4202 ot
1042 4157 1274 4220 utramcumque

523 4234 621 4295 alium
643 4234 787 4308 landum,
811 4243 965 4312 quatenus
987 4235 1110 4308 existat,
1134 4249 1188 4311 pro
1203 4234 1275 4296 dote

523 4337 554 4390 el
575 4344 680 4390 auuuo
702 4327 944 4404 adimplemenlo
960 4328 1124 4387 ruissarum
1140 4337 1170 4387 et
1186 4327 1274 4388 anni-

525 4423 733 4483 versariorum
749 4420 950 4492 destinatum,
963 4419 1057 4479 etiam
1072 4421 1187 4497 pariter
1202 4435 1274 4480 con·

523 4515 662 4577 1111111
684 4525 714 4577 11
736 4517 937 4591 assignamus.
966 4515 1046 4576 Cum
1069 4515 1126 4576 hoc
1156 4523 1271 4584 tamen,

523 4611 603 4686 quod
616 4609 883 4670 administratione
895 4608 1039 4669 omnium
1050 4609 1204 4669 bonorum
1218 4612 1273 4670 hu-

523 4701 655 4763 iusmodi
677 4703 756 4779 apud
778 4702 949 4778 capitulum
965 4711 995 4763 et
1009 4703 1173 4763 canonicos
1189 4719 1274 4780 prae-

522 4794 601 4855 latae
622 4794 767 4856 ecclesiae
787 4793 969 4856 Goritieusis
984 4810 1039 4873 pro
1057 4803 1195 4872 tempore
1210 4796 1273 4856 exi-

521 4895 639 4949 stentes
657 4887 807 4964 praelatos
823 4896 1015 4962 remanente,
1034 4896 1201 4949 teneantur
1216 4889 1272 4965 ipsi

522 4978 690 5057 capitulum
712 4989 742 5040 et
771 4981 910 5041 canonici
939 4997 977 5042 ex
999 4980 1124 5042 illorum
1148 4981 1274 5041 redditi-

522 5073 579 5134 bus
599 5073 837 5134 submiuistrare
858 5076 1020 5136 aunuatim
1037 5075 1170 5136 lloreuos
1185 5075 1272 5135 mille

522 5167 704 5245 praeposito,
728 5167 781 5243 qui
804 5168 897 5228 etiam
930 5167 1052 5230 truatur
1084 5167 1273 5228 habitatione

522 5258 632 5320 domus
654 5258 691 5317 ab
712 5259 821 5318 eodem
843 5261 1000 5336 quondam
1019 5259 1089 5321 llito
1104 5259 1221 5330 Guliui,
1240 5267 1273 5321 ut

521 5349 667 5410 similiter
682 5350 865 5427 accepimus,
879 5351 1014 5426 relictae,
1028 5369 1060 5413 ac
1078 5353 1273 5427 octingentos

522 5443 647 5517 decano,
675 5451 706 5504 et
731 5451 892 5504 sexcentos
923 5445 1112 5522 primicerio,
1136 5461 1169 5506 ac
1200 5461 1273 5522 qua-

523 5536 705 5610 dringeutos
726 5536 951 5614 quinquaginta
972 5536 1101 5598 cuilibet
1122 5553 1160 5598 ex
1182 5539 1272 5616 quiu-

522 5643 582 5705 que
604 5627 761 5690 canonicis
784 5627 937 5705 praelatis
959 5645 992 5690 ac
1014 5632 1163 5692 ducentos
1185 5632 1273 5692 cuili-

524 5721 572 5780 bet
592 5736 630 5780 ex
645 5737 697 5780 sex
713 5721 927 5784 mansionariis
944 5721 1132 5797 huiusmodi,
1149 5739 1271 5785 uecuon

521 5819 647 5872 centum
670 5814 895 5890 quinquaginta
917 5815 1050 5876 lloreuos
1071 5815 1189 5878 similes
1208 5819 1272 5878 cui-

523 5903 598 5966 libet
609 5920 646 5965 ex
658 5905 778 5967 duobus
790 5907 976 5985 presbyteris
991 5909 1176 5986 cappellanis
1191 5926 1272 5972 nuu-

1056 569 1118 616 ttttt.
1145 570 1234 614 tout:
1261 569 1300 614 ba
1322 571 1350 614 1³.
1376 571 1403 614 F·
1431 572 1511 616 PARS
1535 573 1554 616 1.

1339 687 2089 768 cupaudis,quipraetersacristam,annuosred·

1338 778 1420 840 ditus
1445 787 1658 844 trecentorum
1673 781 1864 843 lloreuorum
1878 782 2029 844 similium
2044 800 2090 846 se-

1339 873 1469 950 paratim
1491 874 1671 950 habentem,
1694 875 1879 949 inservient,
1903 881 1933 936 et
1962 875 2090 937 insimul

1339 966 1444 1028 missas
1465 967 1667 1030 celebrabunt
1689 968 1721 1028 in
1742 969 1867 1046 antiqua
1895 969 2090 1047 patriarchali

1338 1058 1465 1120 ecclesia
1486 1059 1679 1137 AquileJ'ensi
1700 1076 1837 1138 paruos,
1854 1068 1888 1123 11
1903 1062 2088 1139 praefertur,

1337 1166 1500 1230 suppressa
1523 1161 1554 1214 et
1575 1155 1722 1228 extincta,
1744 1169 1867 1232 semper
1893 1161 1996 1216 tamen
2019 1153 2090 1216 Sedi

1339 1245 1531 1322 Apostolicae
1553 1244 1705 1323 praelatae
1721 1246 1900 1308 immediate
1914 1247 2043 1311 subiecti
2059 1257 2090 1310 et

1338 1337 1477 1414 delegato
1492 1338 1668 1416 apostolico,
1683 1346 1774 1418 prout
1787 1339 1949 1403 ordinatur
1961 1341 1992 1403 in
2006 1357 2090 1419 prae·

1339 1428 1406 1490 tatis
1428 1431 1541 1491 uostris
1564 1431 1662 1492 literis
1680 1429 1852 1509 apostolicis
1869 1431 2090 1511 incipientibus

1339 1554 1375 1568 -·
1398 1523 1553 1584 Iraiuucta
1576 1520 1665 1584 uobis
1688 1522 1847 1601 -pridie
1879 1539 1975 1586 nouas
2007 1525 2086 1600 iulii,

1338 1617 1534 1693 pontificatus
1549 1617 1647 1677 nostri
1663 1631 1745 1678 anuo
1760 1617 1937 1694 undecimo,
1954 1625 1988 1680 ut
2004 1633 2089 1696 prae-

1340 1707 1450 1783 iertur,
1474 1710 1638 1788 expeditis.

1378 1804 1397 1878 g
1421 1803 1468 1866 lh.
1494 1804 1532 1865 Et
1554 1805 1637 1883 quia,
1662 1806 1747 1867 iuxta
1771 1805 1983 1884 supradictum
2004 1820 2087 1868 com·
2134 1819 2205 1871 oasa
2225 1817 2330 1880 relapsa

1338 1903 1463 1973 putum,
1488 1899 1650 1960 aunuatim
1670 1897 1919 1977 superabundare
1940 1899 2088 1960 videntur
2107 1877 2330 1981 ξῗοξᾚῗξρξὲ

1338 1989 1422 2050 mille
1443 1991 1718 2069 sexcentiquatuor
1747 1992 1857 2053 ssoreni
1886 1991 2014 2066 similes,
2038 1992 2089 2052 isti
2107 1977 2199 2034 ⁸³⁰⁰&

1337 2083 1459 2160 erogari
1480 2083 1637 2146 debebunt
1660 2086 1691 2147 iu
1712 2084 1991 2164 adimplententum
2014 2099 2088 2145 one·

1338 2190 1407 2235 rum
1430 2176 1595 2237 missarum
1626 2183 1655 2238 et
1679 2178 1967 2239 anniversariorum
1989 2186 2088 2241 trans·

1337 2267 1483 2343 latorum,
1507 2277 1537 2330 et
1559 2278 1594 2331 ut
1614 2271 1757 2347 superius
1790 2269 2017 2346 ordinatorum,
2041 2272 2088 2333 in·

1338 2369 1384 2422 ter
1405 2378 1479 2438 quas
1502 2361 1607 2423 missas
1632 2379 1692 2424 una
1715 2363 1876 2424 anurratim
1901 2364 2019 2440 private
2039 2382 2088 2429 ce·

1338 2454 1479 2516 lebrauda
1503 2456 1562 2517 erit
1579 2457 1610 2517 in
1626 2455 1810 2532 suffragium
1825 2457 1945 2518 animae
1961 2457 2087 2536 praelati

1336 2549 1493 2625 quondam
1518 2549 1579 2610 lliti
1598 2549 1716 2622 Gulini,
1734 2563 1858 2610 uecnou
1874 2549 1906 2611 in
1922 2557 2088 2612 manuten-

1338 2640 1454 2701 tionem
1477 2640 1629 2719 praeiatae
1649 2642 1794 2703 ecclesiae
1811 2642 2018 2720 Aquileiensis
2032 2659 2088 2722 per

1336 2747 1403 2807 uos,
1420 2741 1454 2794 ut
1477 2732 1662 2812 praefertur,
1679 2751 1859 2814 suppressae
1874 2746 1905 2796 et
1919 2738 2085 2812 extinctae,

1335 2843 1369 2886 ac
1383 2841 1482 2887 novae
1497 2827 1641 2890 ecclesiae
1658 2829 1923 2906 archiepiscopalis
1934 2829 2087 2892 Goritieu-

1334 2920 1386 2995 sis,
1411 2935 1465 2998 pro
1489 2919 1657 2982 medietate
1678 2937 1751 2984 cum
1773 2923 2009 3001 Archiepisoopo
2030 2923 2087 2986 Go-

1335 3013 1455 3074 ritiensi
1479 3028 1534 3091 pro
1563 3022 1702 3092 tempore
1730 3015 1885 3076 existente
1913 3023 1944 3077 et
1964 3030 2020 3094 pro
2041 3033 2086 3077 sa·

1334 3105 1417 3166 111111
1437 3107 1666 3182 ministrorum,
1683 3115 1735 3168 aut
1751 3107 1878 3170 alterius
1893 3111 2084 3172 occurrentis

1333 3198 1507 3273 solutionis,
1531 3215 1677 3274 onerum,
1693 3207 1723 3261 et
1739 3201 1885 3263 similiter
1907 3218 1962 3280 pro
1984 3218 2085 3280 prom·

1334 3297 1383 3368 pta
1405 3299 1436 3352 et
1458 3292 1578 3367 integra
1593 3292 1804 3355 satisfactione
1819 3295 2085 3373 quindenniorum

1334 3383 1485 3461 praelatae
1515 3384 1586 3447 Sedi
1607 3386 1798 3463 Apostolicae
1831 3385 2008 3449 debitorum
2031 3405 2086 3467 pro

1335 3477 1468 3555 praelato
1491 3479 1677 3540 monasterio
1699 3478 1737 3540 de
1759 3480 1890 3557 Beliuga
1912 3481 2086 3543 111111111-

1333 3587 1384 3647 ua,
1408 3572 1456 3634 vel
1480 3573 1629 3648 Bulegna,
1651 3590 1685 3634 ac
1706 3573 1785 3634 dicta
1816 3575 2026 3652 praepositura
2048 3574 2083 3634 ad

1333 3665 1480 3727 Sanctum
1494 3664 1699 3743 Stephanum,
1709 3665 1836 3745 praelati
1851 3667 2000 3728 territorii
2012 3667 2083 3730 Gra-

1332 3759 1430 3820 discae
1452 3759 1483 3819 iu
1506 3759 1665 3820 Austriaco
1687 3759 1836 3834 dominio,
1859 3775 1982 3820 mensae
2003 3761 2082 3838 capi·

1333 3853 1424 3913 tulari
1440 3851 1591 3930 praelatae
1607 3852 1750 3914 ecclesiae
1766 3853 1974 3931 patriarchalis
1989 3854 2082 3931 Aqui-

1333 3945 1456 4022 lejensis
1479 3961 1534 4025 per
1555 3960 1624 4021 uos,
1642 3955 1676 4006 ut
1698 3945 1884 4022 praelertur,
1906 3962 2085 4024 suppressae
2123 4011 2127 4016 ,

1331 4049 1362 4101 et
1384 4041 1551 4114 extinctae,
1574 4039 1647 4100 alias
1670 4039 1779 4112 unitis,
1793 4039 1937 4100 videlicet
1953 4040 2085 4101 florenos

1331 4132 1398 4193 auri
1419 4132 1456 4192 de
1479 4146 1597 4193 camera
1619 4130 2084 4208 111111111111111,1111111111

1332 4239 1446 4285 novem
1469 4239 1523 4301 pro
1551 4222 1660 4284 eodem
1692 4221 1866 4299 supradicto
1895 4223 2083 4285 monasterio

1331 4319 1368 4380 de
1390 4319 1515 4395 Beliuga
1537 4335 1592 4380 seu
1615 4319 1757 4394 Belluna,
1780 4319 1830 4380 vel
1857 4317 2007 4394 Bulegna,
2032 4332 2082 4376 eo-

1331 4413 1476 4474 rumdem
1498 4412 1630 4474 lratrum
1646 4422 1828 4473 nostrorum
1843 4410 1994 4488 praelatae
2009 4409 2083 4472 Sau-

1331 4513 1396 4566 ctae
1418 4507 1573 4570 Romanae
1595 4507 1747 4568 Ecclesiae
1768 4505 1978 4568 cardinalium
1993 4503 2083 4565 colle-

1331 4599 1393 4675 gio,
1427 4599 1480 4678 qui
1514 4599 1548 4660 ad
1582 4606 1738 4661 monetam
1771 4613 1933 4660 romanam
1966 4596 2083 4658 reducti

1330 4693 1501 4754 conficiunt
1522 4708 1677 4754 summam
1703 4701 1832 4754 centum
1855 4690 2082 4766 vigintinovem

1329 4795 1487 4848 scutorum
1511 4787 1608 4848 dictae
1625 4795 1768 4848 1111111111
1784 4795 1814 4846 11
1829 4784 1985 4846 obulorun
2001 4790 2083 4842 octo·

1331 4886 1417 4954 gruta
1433 4881 1579 4954 duorum,
1592 4877 1950 4958 singulisquindeuuiis;
1963 4886 1994 4938 et
2007 4876 2082 4936 Gau·

1329 4971 1470 5032 cellariae
1484 4972 1678 5049 Apostolicae
1693 4970 1874 5032 olbcialibus
1887 4969 2082 5047 septuaginta

1330 5065 1468 5141 quinque
1491 5066 1676 5126 ducatorum
1698 5065 1766 5126 auri
1788 5065 1824 5123 de
1840 5078 1961 5124 camera
1978 5061 2082 5122 huius-

1332 5158 1426 5230 modi,
1450 5159 1502 5234 qui
1532 5167 1608 5220 suut
1640 5158 1671 5218 iu
1695 5164 1819 5217 moneta
1847 5169 1975 5216 romana
1998 5170 2083 5232 prae-

1331 5247 1389 5308 lata
1410 5259 1495 5312 scuta
1517 5251 1764 5324 centumviginti
1790 5258 1922 5327 septeut,
1946 5254 1978 5308 et
1999 5246 2082 5308 obuli

1327 5345 1526 5420 septuaginta
1545 5347 1701 5423 quinque3
1720 5357 1842 5406 necnon
1857 5357 1998 5404 camerae
2013 5356 2083 5417 apo-

1330 5435 1453 5498 stolicae
1484 5439 1617 5499 lloreuos
1646 5437 1888 5513 vigintiuorem‚
1911 5434 1964 5510 qui
1987 5434 2081 5494 consr-

1330 5528 1417 5590 oiuut
1432 5545 1588 5590 summanr
1602 5536 1763 5591 scutorum
1778 5528 2083 5606 quinquagiuladuo·

1331 5637 1403 5684 runt
1435 5623 1532 5683 dictae
1563 5629 1722 5698 monetae;
1752 5621 1830 5682 itaut
1852 5621 1884 5682 iu
1908 5628 2009 5681 totum
2031 5621 2081 5681 de-
2152 5611 2154 5616 ’

1331 5714 1462 5776 beantur
1490 5716 1522 5776 iu
1551 5717 1683 5778 decursu
1714 5729 1871 5775 annorum
1903 5713 2081 5790 quindecim

1329 5813 1413 5869 scuta
1437 5816 1574 5870 trecenta
1595 5824 1722 5883 novem,
1745 5817 1775 5870 et
1797 5807 1881 5870 obuli
1903 5811 2081 5883 septuagin-

1332 5904 1422 5962 taduo
1442 5917 1515 5963 cum
1537 5902 1666 5964 dimidio
1687 5901 1816 5964 alterius
1837 5900 1922 5962 obuli
1939 5902 2033 5980 paris3
2050 5906 2081 5960 11

2121 557 2173 606 an.
2189 559 2219 608 o.
2245 553 2324 605 1111
2413 600 2421 623 ,
