4838 6982
114 548 167 604 Au.
181 549 212 602 c.
234 547 305 602 1755

335 684 458 748 ecclesia
488 687 540 750 rel
567 686 673 750 Missae
703 686 901 766 sacrificium,
932 685 982 749 vel
1009 685 1081 748 alias

334 779 545 842 coeremonias
556 796 627 844 cum
640 781 753 860 populo
768 781 817 844 sui
832 780 912 842 ritus
927 783 1079 853 exerceat,

334 879 387 937 aut
407 888 495 934 versa
518 873 585 936 rice
606 874 720 936 latinus
742 875 774 937 in
795 873 1002 938 Orientalium
1025 871 1082 934 Eo-

332 965 424 1029 clesia
445 966 527 1029 idem
550 973 695 1045 praestet,
711 967 786 1030 dum
802 967 982 1046 praesertim
1004 963 1080 1040 legi·

333 1061 407 1122 tima
428 1060 529 1138 aliqua
550 1061 655 1124 subest
676 1077 776 1136 causa,
799 1061 836 1123 de
857 1077 917 1138 qua
939 1058 972 1120 in
993 1073 1080 1136 prae-

332 1153 412 1216 senti
435 1152 504 1216 tacti
525 1153 626 1232 specie
646 1154 734 1216 nullo
755 1153 846 1216 modo
862 1151 997 1215 dubitari
1012 1157 1078 1230 pot-

331 1251 390 1322 est,
412 1262 484 1310 cum
512 1246 683 1310 Orientatcs
713 1245 756 1308 itti
780 1247 812 1308 in
834 1245 957 1308 civitate
978 1243 1079 1308 Balse·

331 1357 384 1402 rae
398 1339 545 1418 peculiari
556 1349 680 1403 careant
701 1338 838 1412 ecclesia,
851 1340 892 1400 ita
908 1345 954 1413 ut,
966 1339 991 1399 si
1006 1338 1078 1417 ipsis

332 1433 517 1496 Latinorum
534 1433 659 1496 ecclesia
681 1449 744 1496 non
760 1439 890 1510 pateret,
907 1431 972 1494 toco
987 1431 1078 1510 plane

332 1527 418 1589 omni
440 1527 698 1601 destituerentur,
724 1526 756 1588 in
778 1541 840 1604 qno
861 1525 967 1588 Missae
988 1524 1077 1588 sacri-

332 1619 437 1682 ficium
459 1619 572 1682 oilerre
592 1625 728 1697 possent,
750 1626 782 1681 et
803 1634 876 1681 cum
897 1618 1010 1696 populo
1029 1619 1077 1680 sui

332 1713 411 1776 ritus
432 1729 467 1774 ea
495 1728 656 1788 exercere,
682 1729 759 1791 quae
788 1711 961 1791 peragenda
989 1716 1075 1787 sunt,

330 1804 366 1866 ad
397 1805 467 1866 illos
494 1805 525 1867 in
556 1813 660 1868 sancta
688 1805 806 1868 unione
837 1805 1016 1868 retinendos
1043 1821 1077 1866 ac

330 1899 538 1963 conterendos

95 2007 155 2106 ιειΑι
174 2009 274 2062 coatras
290 2005 312 2051 st
371 1994 460 2070 §Me
483 1995 585 2058 Vetita
605 2012 677 2058 sane
706 1997 785 2058 ritus
806 1995 955 2057 admixtio
983 1999 1075 2067 esset,

95 2060 314 2170 msssffissfffi
331 2089 357 2150 si
372 2087 497 2152 Latinus
513 2090 546 2152 in
561 2089 746 2152 tormentata
761 2096 954 2154 consecraret
970 2095 1000 2150 et
1015 2087 1076 2148 llu-

96 2180 142 2214 ⁶⁰⁵
164 2166 191 2214 ⁵¹¹
214 2177 312 2224 aymo,
330 2182 505 2245 charistiam
527 2185 559 2246 in
582 2183 768 2246 fermentato
793 2190 998 2244 consecratam
1020 2181 1076 2243 La-

95 2221 313 2331 sslngilffirffl
332 2273 406 2336 tinis
421 2275 662 2339 administraret.
687 2277 834 2353 idemque
849 2273 1015 2337 dicendum
1031 2289 1077 2334 es-

96 2327 311 2376 nuncautemlu
420 2369 425 2380 ,
481 2369 487 2380 ,
679 2371 683 2381 ,
794 2370 799 2380 ,
992 2367 997 2376 .

95 2385 314 2430 ‹ermeneuma-
330 2377 389 2444 set,
400 2386 427 2429 sr
439 2369 620 2444 Onentates,
633 2386 686 2448 qur
701 2386 801 2447 azymi
817 2366 1075 2432 consuetudinem

96 2441 232 2484 eamear.
330 2461 411 2526 baud
433 2463 566 2542 amplexi
581 2471 666 2539 sunt,
683 2464 715 2524 in
731 2479 839 2542 azymo
854 2478 921 2523 rem
937 2461 1075 2524 divinam

329 2556 477 2634 tacerent,
489 2566 521 2622 et
531 2560 616 2636 genti
632 2575 705 2621 suae
719 2573 835 2620 sacram
851 2555 1074 2618 Eucharistiam

330 2655 363 2717 in
385 2671 493 2734 azymo
515 2654 753 2718 distribuerent.
786 2655 901 2718 Curare
920 2652 1075 2730 siquidem

329 2746 443 2810 debent
466 2747 595 2811 sollicite
622 2747 774 2811 Ordinarii
804 2761 927 2826 quoque
949 2743 1073 2819 Latini,

329 2841 441 2912 quibus
456 2841 656 2903 italo-Graeci
671 2841 892 2913 subiiciuntur,
908 2845 945 2902 ut
961 2836 1073 2899 Latini

328 2957 450 3019 semper
472 2941 506 3002 in
520 2955 643 3016 azymo,
663 2935 776 2999 Gracci
798 2939 916 3005 cutem,
935 2927 991 2993 ubi
1002 2947 1073 3008 pro·

326 3035 434 3113 prium
455 3033 642 3112 paractetum
664 3028 793 3102 tutent,
818 3028 853 3089 iu
878 3029 1073 3108 sermentato

240 3131 242 3136 '
329 3128 583 3198 communiccut;
605 3125 651 3188 uti
679 3124 867 3204 praecipitur
892 3121 924 3182 in
952 3119 1073 3183 Consti-

329 3222 450 3283 tutione
472 3228 590 3283 nostra:
618 3217 689 3281 Etsi
710 3215 885 3300 pastoralis
905 3211 961 3284 57,
988 3227 1020 3272 a.
1038 3212 1071 3282 6,

328 3331 417 3376 num.
443 3314 496 3386 14,
520 3313 665 3376 Butturtc'
686 3311 792 3374 nostrl
815 3317 888 3372 tour.
915 3311 947 3370 1.
972 3305 1072 3368 lletita

328 3423 452 3487 quoque
480 3409 558 3471 ritus
586 3405 752 3486 permixtio
780 3412 869 3478 esset,
901 3401 927 3464 si
959 3400 1073 3462 tatinus

327 3502 477 3576 sacerdos,
494 3503 585 3563 modo
606 3502 691 3563 iuxta
713 3494 856 3573 tatinum,
875 3497 965 3558 modo
985 3495 1072 3556 iuxta

330 3613 475 3674 graecum
497 3597 606 3670 ritum,
622 3603 676 3656 aut
689 3595 828 3656 sacerdos
849 3607 989 3669 graecus,
1007 3604 1071 3650 mo-

327 3691 365 3752 do
388 3705 508 3767 graeco,
538 3689 628 3750 modo
657 3687 754 3749 latino
781 3687 857 3760 ritu,
879 3686 1003 3746 missam
1024 3700 1071 3746 ce-

289 3847 292 3859 ,
328 3783 473 3846 lebraret.
497 3781 527 3846 ld
550 3783 634 3845 enim
656 3783 854 3845 interdicitur
875 3782 907 3842 in
923 3781 1072 3842 constitu·

327 3876 454 3939 tioneS.
472 3877 516 3938 Pii
532 3876 584 3951 ιι,
600 3892 679 3955 quae
699 3876 823 3954 incipit:
849 3874 1069 3944 Providentia,

326 3985 468 4048 quaeque
489 3977 534 4032 est
556 3970 606 4044 ιι,
631 3974 706 4030 tom.
729 3968 762 4040 4,
784 3973 871 4046 part.
893 3967 917 4026 2
942 3965 1068 4030 Butler.

326 4062 398 4123 uooi
420 4062 536 4124 Romae
558 4062 715 4140 impressi;
738 4062 792 4124 ubi
819 4060 978 4123 facultates
1006 4075 1069 4120 om·

326 4171 381 4217 nes
401 4171 480 4233 quae
501 4153 754 4234 praecedentibus
780 4153 970 4232 temporibus
992 4169 1071 4214 non-

326 4249 421 4311 nullis
441 4249 732 4328 presbyterissuper
753 4249 810 4310 hoc
830 4263 991 4310 concessae
1005 4246 1069 4308 tue·

325 4349 407 4416 rant,
436 4343 566 4404 omnino
594 4348 790 4404 revocantur.
817 4339 894 4404 Huic
921 4341 1069 4403 constitu-

325 4435 402 4498 tioni
426 4436 457 4499 S.
480 4435 525 4496 Pii
547 4435 583 4498 lt.
607 4437 752 4512 congruit
772 4451 896 4513 quoque
917 4434 1069 4513 praeindi-

325 4537 388 4591 cata
405 4536 521 4604 nostra,
537 4529 556 4604 ἓ
570 4529 601 4602 7,
620 4545 708 4591 uum.
727 4529 781 4592 10.
804 4527 888 4604 Quod
904 4530 929 4590 si
944 4528 1069 4607 presby·

326 4623 400 4684 teris
415 4619 574 4685 Societatis
595 4624 662 4685 lesu
685 4624 737 4702 qui
753 4622 889 4700 collegiis
905 4622 1067 4684 nationum

324 4716 522 4779 orientalium
544 4717 657 4780 Romae
673 4719 782 4781 erectis
796 4725 954 4796 praesunt,
971 4716 1067 4795 etqui

324 4811 497 4888 praedictae
516 4811 669 4874 societatis
684 4813 865 4874 institutum
880 4811 1069 4890 amplecten-

325 4909 370 4964 tes
392 4920 409 4976 ι,
429 4919 539 4980 graeco
559 4905 623 4966 ritu
651 4905 686 4967 ad
715 4906 847 4968 tatinum
870 4907 1066 4981 transierant,

325 4996 484 5060 indultum
513 4999 582 5073 tuit,
605 4999 652 5061 uti
678 5015 769 5077 supra
794 4998 1010 5074 indicavimus,
1034 5007 1068 5062 ut

325 5093 489 5172 aliquando
510 5093 616 5154 Missae
640 5092 824 5155 sacrificium
850 5107 958 5168 graeco
984 5101 1015 5154 et
1036 5108 1068 5152 o·

325 5189 450 5252 rientali
478 5191 544 5251 ritu
570 5189 746 5262 celebrent;
776 5187 833 5248 troo
854 5185 922 5248 ideo
954 5185 1068 5247 tactum

325 5292 381 5360 est,
404 5284 494 5346 sicuti
516 5282 781 5360 praemonuimus,
805 5286 841 5343 ut
860 5279 992 5354 alumni,
1014 5282 1067 5359 qui

324 5379 511 5442 Graecorum
526 5385 559 5439 et
573 5376 795 5439 Maronitarum
816 5377 915 5438 ritum
929 5375 1067 5456 protiteri

325 5472 450 5547 debent,
480 5471 601 5533 Missam
632 5470 786 5549 praedicto
817 5469 881 5531 ritu
912 5468 1067 5531 celebrare

325 5566 481 5628 addiscant
505 5571 535 5626 et
557 5565 639 5626 iuxta
662 5563 808 5626 eumdem
837 5561 942 5636 divina
971 5561 1067 5623 otlicia

327 5666 390 5720 toto
411 5659 493 5719 vitae
513 5673 586 5719 suae
611 5655 765 5720 curriculo
790 5654 984 5734 persolvere:
1015 5670 1066 5715 ve·

324 5768 396 5817 rum
410 5751 659 5815 circumstantiae
679 5749 848 5828 peculiares
863 5749 991 5810 huiusce
1006 5747 1067 5826 pta·

325 5862 365 5908 ne
391 5844 557 5922 singularis
589 5860 673 5906 casus
699 5843 772 5906 satis
800 5843 969 5916 evincunt,
1003 5857 1066 5904 non

323 5955 411 6018 posse
432 5939 523 6001 illum
538 5937 571 5998 iu
586 5937 766 6016 exemptum
781 5935 884 5998 etlerri
905 5936 941 5997 ad
956 5934 1066 5996 similia

966 567 1161 614 eudemones
1182 567 1247 613 thl.

1801 543 1860 609 (ιιι
1910 543 2009 598 suc.
2032 543 2100 596 uass

1137 685 1255 749 indulta
1277 685 1461 750 obtinenda:
1483 685 1563 765 quod
1586 687 1661 750 adeo
1675 700 1799 748 ‚verum
1822 693 1878 761 est,

1136 785 1182 854 ut,
1194 779 1336 858 quamvis
1352 780 1521 844 cardinatis
1535 779 1708 859 Leopoldus
1723 779 1879 844 Koltonitz

1136 872 1290 936 Clementi
1303 873 1355 936 Xt.
1372 872 1597 951 praedecessori
1612 880 1718 935 nostro
1732 888 1880 952 exposue-

1136 965 1188 1040 rit,
1211 965 1298 1030 valde
1319 966 1521 1045 profuturum
1542 966 1706 1030 catholicae
1721 967 1879 1044 religioni,

1134 1059 1159 1120 si
1182 1058 1284 1121 latinis
1306 1059 1507 1122 missionariis
1524 1061 1771 1138 permitteretur,
1790 1067 1825 1124 ut
1847 1060 1880 1123 in

1133 1151 1290 1228 Mungaria
1317 1167 1426 1228 graeco
1447 1152 1511 1215 ritu
1532 1151 1736 1228 celebrarent,
1759 1153 1880 1233 quoties

1135 1244 1175 1308 ita
1197 1245 1361 1308 necessitas
1387 1245 1542 1324 postulare
1569 1246 1746 1322 rideretur,
1774 1247 1880 1308 relicta

1134 1343 1238 1401 tamen
1260 1337 1332 1418 ipsis
1354 1339 1508 1416 libertate,
1523 1348 1559 1404 ut
1576 1342 1612 1405 ad
1634 1339 1767 1403 latinum
1782 1341 1880 1403 ritum

1134 1432 1291 1508 redirent,
1315 1433 1398 1496 idem
1413 1443 1517 1496 tamen
1529 1433 1671 1498 Pontifex
1685 1435 1879 1514 perpendens

1133 1526 1237 1588 animo
1251 1525 1364 1589 debere
1378 1543 1647 1608 unumquemque,
1660 1528 1744 1590 iuxta
1757 1528 1879 1590 canoni-

1133 1634 1180 1680 cas
1201 1619 1385 1696 sanctiones,
1408 1621 1440 1684 in
1462 1638 1519 1684 suo
1533 1624 1597 1685 ritu
1612 1637 1808 1702 permanere,
1825 1637 1878 1685 ne·

1132 1711 1880 1793 queliceresacerdoti,modotatinumodograe

1133 1821 1167 1866 co
1183 1805 1245 1866 ritu
1261 1805 1428 1882 celebrare,
1441 1807 1629 1883 laenitatem,
1641 1823 1719 1886 quae
1733 1807 1878 1886 apraedi-

1132 1904 1180 1960 cto
1196 1899 1348 1965 cardinali
1364 1901 1538 1978 petebatur,
1551 1901 1704 1981 impertiri
1719 1917 1880 1964 recusave-

1132 1990 1185 2064 rit,
1202 1991 1248 2052 uti
1269 1999 1352 2071 patet
1367 2009 1404 2054 ex
1419 1993 1486 2054 eius
1500 1993 1628 2073 epistota
1645 1995 1676 2056 in
1693 1993 1791 2056 torma
1806 1996 1878 2057 Bre-

1132 2085 1191 2158 vis,
1207 2101 1299 2162 quam
1315 2088 1350 2148 ad
1366 2088 1512 2150 eumdem
1528 2088 1722 2151 Cardinalem
1736 2089 1819 2152 dedit
1830 2105 1874 2150 ιιι.

1133 2178 1205 2238 maii
1220 2194 1269 2239 an.
1284 2170 1416 2255 neuun,
1430 2187 1461 2242 et
1475 2197 1553 2258 quae
1568 2183 1749 2244 continetur
1765 2187 1843 2243 tom.
1857 2185 1874 2244 1
1893 2231 1895 2236 .

1132 2271 1295 2348 epistolar.
1312 2279 1343 2334 et
1365 2271 1447 2336 brou.
1472 2273 1629 2337 solertior.
1645 2274 1785 2336 eiusdem
1799 2291 1876 2354 pou-

1133 2367 1229 2443 tificis
1253 2367 1336 2443 typis
1358 2367 1528 2438 editurum,
1553 2385 1625 2450 pap.
1647 2370 1724 2431 205.

1171 2461 1190 2534 ἓ
1210 2459 1260 2521 35.
1283 2461 1362 2522 llaec
1383 2467 1414 2523 et
1434 2462 1490 2524 alia
1513 2463 1600 2542 ptura
1622 2462 1773 2543 exempla,
1798 2480 1876 2542 quae
1935 2473 2006 2520 Prior
2023 2483 2108 2521 asser-

1131 2553 1218 2616 tacite
1239 2563 1363 2632 possent
1384 2557 1550 2632 cumulari,
1568 2557 1727 2634 pertinent
1747 2557 1782 2618 ad
1798 2559 1875 2620 ritus
1895 2526 2108 2638 iii'effissriinffl

1131 2647 1371 2725 permixtionem
1383 2648 1420 2711 ab
1432 2649 1584 2712 Ecclesiae
1595 2648 1714 2728 iegibus
1727 2650 1873 2712 vetitam:
1894 2635 2108 2735 ffigfflffilg

1132 2755 1254 2814 verum,
1278 2741 1323 2803 uti
1345 2741 1407 2802 iam
1434 2743 1586 2818 diximus,
1610 2741 1773 2807 interdicta
1796 2743 1875 2806 ritus
1894 2741 1940 2786 ιιι
1963 2741 1990 2788 ¹¹1
2017 2741 2107 2790 ¹⁸¹¹ssss

1130 2833 1296 2910 permixtio
1317 2835 1462 2914 appellari
1478 2851 1639 2916 nunquam
1655 2839 1780 2916 poterit,
1796 2838 1821 2900 si
1836 2837 1875 2900 ob
1893 2794 2107 2949 {cribffissiv'uss‘i'a

1129 2925 1301 3003 legitimam
1323 2927 1457 3007 aliquam
1474 2945 1597 2992 causam
1611 2930 1750 2993 sacerdos
1772 2930 1875 2993 orien·
1893 2913 2022 3014 gsslssfi'rfim
2036 2914 2107 2960 Μ’

1130 3019 1197 3080 talis
1223 3019 1301 3080 ritus
1321 3021 1357 3082 ab
1379 3021 1549 3100 apostolica
1577 3022 1655 3086 Sede
1682 3023 1819 3102 probati,
1843 3023 1875 3084 iu

1128 3111 1311 3174 Latinorum
1327 3113 1688 3192 ecclesiamadmittatur,
1706 3124 1742 3180 ut
1754 3116 1795 3178 ibi
1806 3117 1875 3178 Mis·

1128 3219 1193 3266 sam
1213 3212 1409 3284 caeterasque
1430 3207 1606 3271 lunationes
1627 3210 1763 3272 celebret
1785 3217 1815 3271 et
1829 3227 1875 3272 sa-

1128 3305 1285 3360 cramenta
1296 3299 1409 3379 populo
1431 3302 1565 3364 nationis
1580 3319 1652 3365 suae
1666 3303 1872 3366 administret.

1128 3389 1159 3451 ld
1181 3391 1282 3470 palam
1302 3392 1416 3456 llomae
1429 3395 1498 3456 sreri
1520 3395 1694 3471 intuemur,
1711 3395 1762 3458 ubi
1777 3411 1875 3458 sacer-

1128 3481 1250 3548 dotibus
1261 3486 1418 3563 Armenis,
1430 3487 1568 3566 Copbtis,
1578 3489 1728 3551 Melcnitis
1739 3497 1770 3552 et
1781 3489 1874 3552 Grae·

1128 3577 1170 3640 cis
1191 3584 1297 3657 patent
1319 3579 1354 3640 ad
1380 3579 1502 3642 Missam
1523 3581 1736 3644 celebrandam
1758 3583 1874 3662 tempta

1128 3680 1244 3748 nostra,
1268 3679 1303 3734 ut
1325 3672 1453 3736 illorum
1474 3675 1580 3752 pietati
1600 3677 1742 3754 satisfiat;
1766 3693 1873 3755 quam-

1128 3767 1174 3828 vis
1194 3784 1264 3829 suas
1285 3767 1454 3847 peculiares
1482 3768 1623 3831 ecclesias
1644 3770 1797 3845 habeant,
1821 3771 1873 3833 ubi

1127 3875 1195 3922 rem
1216 3860 1353 3923 divinam
1369 3861 1469 3924 iacere
1484 3872 1623 3939 possent:
1647 3863 1813 3925 dummodo
1830 3872 1874 3924 ta-

1128 3968 1201 4014 men
1222 3969 1307 4016 sacra
1328 3953 1512 4018 indumenta
1534 3962 1564 4018 et
1586 3965 1716 4030 caetera,
1738 3971 1816 4034 quae
1837 3957 1872 4018 ad

1126 4045 1232 4108 Missae
1253 4046 1492 4110 celebrationem
1508 4048 1594 4110 iuxta
1614 4048 1753 4126 ipsorum
1775 4049 1872 4111 ritum

1126 4140 1294 4202 necessaria
1316 4149 1401 4216 sunt,
1413 4157 1519 4202 secum
1540 4141 1679 4216 atterant,
1696 4157 1808 4220 eosque
1823 4159 1871 4203 co-

1127 4234 1255 4296 mitetur
1277 4233 1411 4296 nationis
1426 4249 1499 4296 suae
1513 4235 1669 4310 minister,
1685 4234 1738 4311 qui
1754 4235 1872 4298 eisdem

1125 4325 1351 4389 celebrantibus
1373 4327 1532 4402 inserviat,
1552 4337 1583 4390 et
1604 4344 1619 4388 a
1641 4327 1818 4390 custodibus
1841 4337 1872 4392 et

1124 4422 1255 4482 sacrario
1276 4420 1436 4500 praelectis
1457 4427 1631 4500 opportune
1652 4429 1808 4498 caveatur,
1831 4439 1872 4484 ne

1125 4515 1164 4576 ob
1185 4515 1230 4578 rei
1252 4515 1424 4576 novitatem
1446 4514 1478 4576 in
1500 4515 1690 4578 adstantibus
1712 4515 1820 4578 turbae
1839 4531 1872 4578 ac

1126 4609 1280 4670 tumultus
1300 4609 1492 4684 excitentur;
1515 4608 1777 4686 quemadmodum
1792 4609 1824 4670 in
1841 4625 1873 4670 e-

1124 4700 1216 4775 dicto,
1229 4701 1309 4778 quod
1326 4717 1380 4778 pro
1397 4699 1606 4764 ecclesiasticis
1621 4707 1652 4762 et
1669 4701 1752 4764 laicis
1767 4703 1870 4764 orien-

1125 4794 1236 4856 talibus
1256 4795 1372 4856 llomae
1393 4795 1576 4872 degentibus
1597 4795 1647 4858 dic
1661 4811 1732 4858 ιιιιι.
1750 4795 1870 4858 tebrua·

1123 4889 1161 4948 rii
1183 4903 1454 4951 annouuccxnrn.
1473 4905 1650 4966 pervener.
1674 4889 1803 4952 tratrem
1816 4906 1869 4951 no-

1123 4988 1224 5043 strum
1245 4982 1392 5044 loannem
1413 4983 1586 5044 Antonium
1603 4992 1676 5047 tune
1695 4983 1778 5046 tituli
1793 4983 1869 5048 San-

1124 5074 1164 5136 cti
1186 5074 1328 5138 Silrestri
1353 5085 1384 5138 et
1409 5075 1532 5139 Martini
1553 5077 1585 5138 in
1615 5076 1772 5139 Montibus
1800 5094 1869 5157 pre-

1122 5168 1299 5247 sbyterum,
1326 5185 1410 5232 nunc
1432 5171 1617 5248 Episcopum
1644 5169 1866 5248 Tusculanum,

1125 5263 1155 5327 S.
1165 5263 1200 5325 ll.
1213 5263 1247 5325 Ε.
1266 5264 1460 5327 cardinalem
1471 5263 1627 5341 Guadagni
1639 5273 1866 5344 nuncupatum,

1123 5366 1266 5420 nostrum
1277 5359 1309 5419 in
1322 5357 1404 5420 Urbe
1416 5358 1543 5435 eiusque
1555 5359 1695 5420 districtu
1709 5357 1867 5421 vicarium

1124 5451 1314 5527 generalem,
1327 5450 1412 5513 iussu
1427 5458 1533 5513 nostro
1548 5451 1780 5530 promulgatum
1796 5451 1866 5527 tuit,

1123 5544 1245 5620 plenius
1274 5546 1463 5608 continetur.
1494 5546 1613 5609 lterum
1634 5546 1671 5608 ad
1692 5562 1760 5608 rem
1789 5545 1869 5607 hanc

1124 5649 1262 5702 nostram
1291 5641 1470 5721 plurimum
1490 5640 1590 5705 tacere
1614 5639 1755 5715 videtur,
1785 5637 1868 5716 quod

1123 5749 1197 5798 mox
1223 5734 1439 5798 indicabimus.
1471 5735 1569 5798 Medio
1597 5735 1719 5798 circiter
1745 5732 1867 5795 saecuto

1123 5829 1241 5893 decimo
1269 5829 1395 5908 quinto,
1420 5829 1465 5892 uti
1492 5839 1603 5892 notum
1630 5841 1688 5902 est,
1711 5826 1868 5890 Manume-

1124 5929 1168 5986 tes
1197 5924 1232 5985 ll.
1264 5922 1566 6001 Constantinopolim
1594 5922 1625 5982 vi
1657 5929 1866 6000 oppugnatam
