4764 6972
904 598 1102 655 anunntcros
1122 601 1190 654 xiv.
1458 548 1463 560 ¹
1763 580 1802 652 Bb
1851 575 1951 641 aab.
1971 575 2040 638 lata

267 726 444 791 sortiantur
463 723 621 805 effectum,
636 721 751 792 harum
764 728 845 792 serie
858 728 1020 792 absoluen-
1076 727 1130 789 tibi
1159 733 1316 806 tamquam
1343 725 1422 805 patri
1443 733 1475 788 ιι
1502 725 1616 805 pastori
1644 723 1822 790 animarum

268 827 316 883 tes
331 827 363 884 et
380 821 557 885 absolutum
578 821 645 885 iore
664 829 836 897 censentes,
859 821 1019 900 ipsamque
1074 835 1213 896 suarum,
1235 819 1397 884 humiliter
1420 820 1633 896 intendentes,
1655 819 1822 885 exhibeant

268 911 458 978 electionem
479 931 534 979 seu
559 915 801 996 postulationem
821 915 860 978 de
884 913 1018 976 fratrum
1074 915 1129 980 tibi
1151 914 1360 980 obedientiam
1376 921 1408 977 et
1428 915 1639 978 reverentiam
1659 914 1776 979 debitas
1791 924 1822 980 et

267 1003 455 1072 eorumdem
485 1009 612 1072 consilio
644 1009 809 1088 apostolica
837 1009 1018 1072 auctoritate
1073 1008 1209 1087 devotas,
1232 1012 1274 1073 ita
1294 1011 1377 1088 quod
1398 1016 1508 1072 mutua
1528 1009 1612 1071 inter
1632 1021 1664 1071 te
1684 1017 1716 1072 et
1738 1011 1822 1090 ipsos

267 1102 473 1182 approbantes
495 1111 527 1166 et
547 1103 779 1178 confirmantes,
795 1117 965 1181 omnesque
987 1106 1017 1162 et
1073 1105 1281 1182 suffraganeos
1296 1104 1393 1182 gratia
1407 1111 1509 1182 gratos
1523 1103 1819 1180 sortiaturelieotus,

266 1194 516 1274 singulosetiam
530 1195 747 1260 substantiales
762 1195 909 1270 deiectus,
922 1195 948 1254 si
962 1194 1017 1272 qui
1074 1203 1106 1260 et
1126 1215 1184 1261 nos
1215 1214 1325 1261 eorum
1356 1197 1554 1262 devotionem
1579 1198 1730 1278 possimus
1751 1215 1822 1278 pro-

267 1287 301 1349 in
334 1287 488 1352 electione
512 1307 569 1353 seu
599 1287 809 1370 postulatione
838 1286 1017 1350 huiusmodi
1073 1299 1177 1371 pterea
1198 1293 1231 1355 in
1256 1292 1389 1355 Domino
1408 1293 1638 1356 commendare.
1662 1293 1705 1357 llc
1718 1293 1821 1356 clerus

266 1381 502 1459 quomodolibet
515 1381 761 1458 intervenerint,
777 1380 885 1444 eadent
899 1384 1018 1459 aposto-
1072 1391 1105 1448 te
1124 1402 1181 1464 pro
1201 1391 1305 1448 nostra
1325 1391 1357 1449 et
1377 1385 1517 1450 eiusdem
1538 1384 1625 1450 Sedis
1645 1387 1821 1450 reverentia

265 1475 326 1538 lica
348 1477 532 1539 auctoritate
556 1476 736 1556 supplentes
757 1480 789 1536 et
808 1481 963 1548 sanantes,
986 1479 1017 1534 te
1072 1477 1210 1555 benigne
1231 1479 1416 1558 recipientes
1437 1485 1468 1541 ιι
1488 1479 1660 1542 honorilice
1684 1486 1821 1558 pertrac-

265 1567 356 1631 inrta
376 1573 538 1633 decretum
558 1570 593 1632 in
613 1567 866 1646 congregatione
891 1580 1018 1628 eorum·
1074 1577 1173 1634 tantes
1195 1580 1247 1636 tua
1267 1572 1401 1636 salubria
1421 1573 1539 1636 monita
1560 1580 1592 1635 et
1612 1575 1755 1637 mandata
1768 1591 1819 1637 su·

265 1667 342 1731 dem
362 1663 496 1728 iratrum
517 1672 698 1728 nostrorum
719 1661 750 1726 S
767 1661 804 1725 R
816 1661 854 1722 Ε
872 1658 1016 1724 cardina·
1072 1665 1204 1744 scipiant
1223 1666 1387 1730 humiliter
1406 1675 1439 1728 et
1460 1667 1625 1731 efficaciter
1651 1667 1820 1746 adimplere

264 1759 349 1824 lium
370 1759 505 1839 negotiis
526 1761 565 1824 de
579 1757 775 1838 Propagandi
794 1754 870 1818 Eide
889 1767 1017 1834 praepo·
1072 1766 1258 1837 procurent3
1285 1760 1418 1839 populus
1439 1775 1515 1822 aero
1536 1769 1568 1824 te
1587 1767 1747 1854 tamquam
1767 1775 1818 1841 pa-

263 1853 401 1918 sitorum
422 1860 646 1918 emanatumet
662 1867 716 1930 per
730 1865 786 1912 nos
801 1848 1015 1927 approbatum,
1073 1859 1155 1915 trem
1176 1859 1209 1915 a
1232 1859 1388 1932 pastorem
1413 1855 1590 1917 animarum
1617 1871 1746 1918 suarum
1767 1856 1818 1918 de

263 1968 281 2014 a
303 1949 433 2014 vinculo
455 1965 517 2030 quo
531 1949 594 2012 dict
582 1955 630 2010 tae
652 1945 805 2010 Ecclesiae
819 1942 949 2022 alopen.
966 1939 1016 2002 cui
1072 1951 1145 2008 vote
1171 1946 1374 2025 suscipientes
1395 1953 1426 2010 et
1451 1947 1553 2010 debita
1583 1948 1819 2012 honoriticentia

262 2045 417 2108 hactenus
431 2041 590 2122 praefuisti
604 2039 771 2114 tenebaris,
783 2041 821 2102 de
834 2035 929 2099 simili
942 2049 1017 2098 con·
1071 2045 1307 2118 prosequentes,
1330 2041 1391 2103 tuis
1412 2041 1542 2104 monitis
1556 2049 1589 2104 ιι
1608 2040 1760 2105 mandatis
1773 2057 1819 2104 sa-

262 2138 337 2201 silio
361 2148 394 2201 et
421 2136 603 2216 apostolicae
630 2134 790 2215 potestatis
818 2129 1016 2212 plenitudine
1073 2130 1213 2195 lubribus
1234 2132 1397 2198 bumiliter
1418 2135 1593 2210 intendant,
1617 2135 1658 2197 ita
1680 2137 1762 2216 quod
1784 2143 1819 2198 tu

262 2231 479 2306 absolventes,
502 2230 673 2294 addictam
699 2225 938 2290 Patriarcbalem
960 2221 1017 2285 Eo-
1072 2224 1105 2286 in
1126 2225 1170 2287 eis
1197 2227 1372 2290 devotionis
1400 2228 1481 2290 lilios
1509 2236 1541 2291 et
1567 2229 1626 2308 ipsi
1650 2230 1684 2292 in
1711 2237 1819 2310 tepor

260 2325 390 2388 alesiam
412 2323 537 2388 Ciliciae
556 2323 654 2385 dictae
675 2319 809 2384 nationis
830 2320 868 2383 de
889 2316 1016 2382 consilio
1071 2333 1264 2396 consequens
1293 2326 1414 2398 patrem
1440 2321 1631 2385 benevolum
1658 2320 1817 2386 invenisse

261 2426 294 2480 et
316 2419 479 2498 potestatis
492 2415 691 2497 plenitudine
711 2412 836 2493 paribus
855 2409 1015 2475 transieri-
1071 2412 1239 2487 gaudeatis.
1263 2411 1390 2476 vasalli
1411 2421 1517 2477 autem
1538 2416 1685 2494 praedicti
1707 2421 1738 2478 te
1766 2417 1818 2479 de·

260 2527 354 2587 mus,
388 2518 483 2590 teque
509 2507 555 2571 illi
585 2507 618 2570 in
643 2506 850 2587 patriarcham
880 2503 1015 2567 nationis
1070 2502 1135 2566 bito
1164 2504 1282 2568 bonore
1310 2513 1532 2586 prosequentes
1556 2507 1613 2569 tibi
1635 2508 1817 2572 fidelitatem

260 2603 439 2685 praedictae
458 2602 653 2682 praeficimus
674 2608 705 2664 et
725 2606 892 2680 pastorem,
907 2613 1013 2662 curam
1069 2597 1203 2673 solitam,
1226 2613 1261 2661 ao
1287 2606 1434 2662 consueta
1461 2600 1588 2662 servitia
1612 2608 1645 2664 et
1664 2600 1732 2664 iura
1759 2602 1818 2665 tibi

260 2699 410 2776 regimen
436 2706 468 2760 ιι
498 2693 801 2760 administrationem
831 2691 931 2756 dictae
961 2691 1014 2754 Pa·
1069 2687 1107 2752 ab
1127 2691 1172 2752 eis
1192 2692 1294 2755 debita
1315 2695 1440 2772 integre
1459 2695 1607 2757 exhibere
1633 2702 1814 2774 procurent,

259 2791 435 2854 triarobalis
456 2789 608 2853 Ecclesiae
630 2788 685 2850 tibi
707 2789 739 2850 in
758 2785 969 2868 spiritualibus
983 2791 1014 2846 et
1033 2798 1035 2806 ¹
1069 2783 1408 2862 alioquinsententiam
1422 2788 1490 2850 sive
1503 2803 1636 2866 poenam
1650 2803 1744 2869 quarn
1756 2787 1816 2851 rite

259 2885 489 2966 temporalibus
510 2881 648 2962 plenarie
674 2880 911 2955 committendo,
939 2879 1013 2942 libe·
1069 2877 1179 2941 tuleris
1200 2895 1255 2942 seu
1277 2881 1445 2944 statueris
1436 2897 1469 2943 m
1484 2881 1628 2956 rebelles,
1650 2889 1748 2944 ratam
1761 2884 1814 2944 ba-

258 2993 395 3060 ramque
415 2975 472 3040 tibi
493 2977 529 3040 ad
557 2975 746 3056 praedictam
774 2974 1012 3038 patriarchalem
1068 2970 1210 3036 bebimus
1231 2981 1262 3036 et
1288 2973 1436 3038 iaciemus
1457 2983 1585 3038 auctore
1610 2975 1743 3039 Domino
1763 2993 1814 3040 us-

257 3073 433 3137 Ecclesiam
455 3069 635 3134 transeundi
657 3069 817 3133 licentiam
832 3068 1010 3146 tribuendo,
1068 3067 1186 3143 quoad
1206 3067 1458 3131 satisfactionem
1477 3068 1664 3146 condignam
1684 3068 1814 3133 inviola-

257 3167 292 3229 in
317 3166 373 3229 illo
394 3166 448 3245 qui
470 3165 520 3228 dat
535 3165 710 3242 gratiamet
724 3163 856 3241 largitur
877 3162 1011 3242 praemia
1067 3158 1173 3221 biliter
1193 3159 1360 3224 observari.

253 3255 465 3334 confidentes,
488 3255 570 3336 quod
595 3249 752 3334 dirigente
773 3255 905 3319 Domino
926 3261 1011 3319 actus
1107 3253 1220 3317 ilatum
1234 3253 1361 3330 Romae,
1374 3255 1453 3334 apud
1471 3255 1501 3320 S.
1512 3255 1640 3318 Mariam
1653 3255 1813 3334 llaiorem,

254 3359 333 3416 tuos
364 3351 517 3433 praedicta
547 3349 681 3414 Ecclesia
711 3347 927 3412 Patriarcbalis
953 3349 1012 3412 sub
1067 3362 1150 3409 anno
1178 3347 1400 3411 incarnationis
1428 3347 1602 3412 dominicae
1632 3365 1812 3429 nnooxnrr„

256 3453 316 3510 tuo
336 3445 419 3510 ielicl
439 3445 734 3522 regimineregetur
754 3443 875 3508 utiliter
890 3450 921 3506 et
941 3458 1007 3524 pro·
1030 3463 1033 3468 ·
1066 3445 1153 3502 serto
1174 3440 1322 3504 kalendas
1343 3440 1526 3519 decembris,
1538 3443 1736 3522 pontificatus
1758 3459 1813 3508 no-

255 3557 351 3622 spere
372 3539 537 3618 dirigetur,
561 3555 595 3601 ao
615 3546 701 3617 grata
721 3539 754 3601 in
783 3535 900 3601 eisdem
920 3537 1010 3618 spiri·
1066 3533 1123 3597 stri
1144 3549 1227 3598 anno
1249 3552 1296 3599 ιιι.

255 3635 398 3699 tualibus
426 3638 458 3696 et
484 3631 705 3712 temporalibus
735 3631 882 3711 suscipiet
910 3631 1010 3695 incre·

95 3835 200 3884 aarum
215 3839 240 3882 ra
256 3734 416 3898 mgmba
393 3821 541 3898 Quocirca
561 3817 749 3882 iraternitati
771 3825 843 3882 tuae
863 3834 918 3900 per
939 3833 1008 3898 apo-
1369 3817 1507 3886 XXVlll.
1627 3859 1630 3869 ·

1321 3695 1560 3707 -ιιιι--ι--ι-

82 3891 186 3937 ¹¹¹¹¹¹¹¹
256 3913 368 3980 st'olica
388 3915 500 3994 scripta
522 3914 714 3986 mandamus,
730 3917 804 3994 quat
806 3927 883 3976 enus
896 3911 932 3974 ad
947 3911 1008 3974 dli·

259 4017 324 4072 tam
351 4005 592 4070 Patriarcbalem
617 4002 784 4070 Ecclesiam
813 4019 886 4069 cum
911 4005 1009 4080 gratia
1065 4001 1229 4068 Hortatur
1250 4005 1419 4085 Episcopoa
1447 4006 1625 4080 Eotbcaoa,
1649 4013 1689 4071 ut
1719 4009 1812 4072 coio-

257 4110 386 4166 nostrae
413 4100 636 4164 benedictionis
664 4097 826 4174 accedens,
848 4113 956 4161 coram
977 4104 1008 4160 et
1104 4111 1176 4158 acm
1205 4099 1434 4163 monoclerum
1461 4101 1574 4164 Sancti
1602 4099 1722 4164 Basilii
1751 4101 1811 4165 aad

257 4193 565 4264 administrationem
596 4191 773 4271 praedictas
791 4193 835 4254 sic
863 4183 1007 4254 eiercere
1103 4191 1594 4257 ataicoProio-Arcltimoatdrt'to
1604 4199 1812 4272 promovebat

254 4279 382 4352 studeas
395 4285 527 4350 sollicite
541 4285 674 4350 lldelrter
686 4292 718 4348 et
731 4287 912 4366 prudenter,
926 4285 1007 4365 quod
1104 4291 1134 4347 at
1156 4283 1287 4365 foveant
1308 4283 1363 4366 (l).

256 4397 297 4445 ιι
319 4381 393 4444 inde
405 4381 520 4460 sperati
540 4380 662 4443 lruotus'
675 4377 875 4458 proveniant,
888 4395 922 4442 ac
936 4386 1007 4442 tuae

253 4465 359 4538 bonae
378 4474 478 4537 lamae
492 4475 567 4536 odor
588 4489 627 4535 ex
640 4471 703 4536 tuis
717 4471 920 4535 laudabilibus
934 4473 1006 4535 acti·
1064 4467 1293 4540 venarabilibos
1315 4469 1474 4548 iratribus,
1499 4470 1666 4540 Athanasio
1688 4469 1810 4542 ltaliae

253 4566 316 4656 bus
337 4567 430 4630 latius
451 4565 654 4641 diffundatur,
671 4564 799 4646 ipsaque
818 4564 1008 4628 Patriarcba-
1103 4563 1445 4649 tretraptaoopototioo
1458 4561 1590 4632 Rosciae
1602 4561 1811 4650 ‘Metropolita-

254 4660 295 4723 lis
317 4654 452 4724 Ecclesia
484 4659 687 4739 gubernatori
716 4659 845 4738 provido
873 4664 904 4721 et
925 4656 1008 4722 lruo·
1103 4674 1151 4738 no,
1168 4671 1287 4725 necnon
1303 4657 1462 4742 episeopis
1480 4655 1634 4738 Rulbenia,
1650 4657 1809 4726 Theodoro

255 4762 348 4817 tuoso
375 4751 619 4816 administratori
645 4753 776 4830 gaudeat
803 4767 837 4814 se
863 4752 1007 4815 commis-
1093 4745 1283 4831 'luoeoriae
1312 4747 1467 4818 feliciano
1500 4749 1680 4832 cbelneoai
1705 4751 1811 4821 lliero-

254 4849 335 4923 sam,
358 4855 455 4926 tuque
477 4853 604 4926 propter
623 4852 769 4910 aeternae
789 4845 1005 4909 retributionis
1102 4860 1186 4930 aymo
1210 4843 1369 4913 Premislia
1391 4848 1423 4912 ιι
1445 4845 1577 4930 deorqio
1592 4843 1754 4915 Pioooooai
1771 4845 1808 4912 Ε-

254 4941 432 5021 praemium
453 4945 634 5003 nostramet
649 4939 747 5002 dictae
762 4937 848 5001 Sedis
862 4937 1005 5001 benedic·
1101 4938 1232 5024 plsoople
1256 4937 1414 5006 floruero.

252 5035 376 5097 tionem
392 5043 422 5096 ιι
437 5033 567 5112 gratiam
588 5033 699 5098 exinde
713 5033 841 5097 uberius
856 5033 1004 5110 consequi

254 5127 418 5203 merearis,
441 5141 499 5190 nec
520 5141 585 5188 non
606 5125 837 5189 venerabilibus
857 5125 1004 5189 iratribus
1220 5122 1465 5194 cruentatus
1491 5123 1550 5194 ΡΡ.
1576 5125 1647 5194 xlv.

255 5220 371 5284 nostris
391 5219 547 5283 universis
560 5219 762 5298 sutlragaueis
776 5219 955 5283 orthodoxis
970 5235 1004 5281 ac

254 5313 374 5376 dilectis
395 5315 490 5377 etiam
510 5312 582 5375 tiliis
603 5312 736 5393 capitulo
748 5317 778 5374 et
792 5311 928 5375 vassallis
942 5312 1004 5376 dic·
1259 5313 1458 5384 venerabiles
1480 5313 1607 5396 iratres,

255 5414 306 5470 tae
330 5406 544 5472 Patriarcbalis
565 5405 719 5469 Ecclesiae
744 5405 869 5469 Ciliciae
893 5404 1004 5467 arme-
1092 5396 1220 5474 salutem
1242 5413 1275 5476 et
1295 5409 1494 5493 apostolicam
1521 5407 1771 5477 benedictionem.

255 5516 371 5563 norum
391 5519 424 5564 ac
444 5501 527 5564 clero
547 5506 579 5562 et
600 5499 713 5580 populo
732 5498 835 5561 cidem
850 5498 1003 5562 Ecclesiae

254 5594 454 5659 Patriarcbali
473 5593 619 5657 subiectis
634 5606 690 5672 per
711 5591 873 5672 apostolica
888 5593 1002 5672 scripta
1099 5595 1165 5659 Etsi
1186 5597 1328 5660 dubitare
1349 5614 1413 5661 non
1434 5611 1606 5678 possumus,
1628 5529 1806 5661 fraternita·
1823 5612 2035 5716 ronrrnotsmaas

255 5688 455 5765 mandamus,
483 5695 519 5751 ut
545 5687 733 5766 suffraganei
753 5685 821 5761 tibi,
844 5692 1002 5765 tamquam
1060 5695 1104 5752 tes
1125 5697 1243 5754 vestras
1264 5690 1450 5769 diligentem
1471 5691 1593 5754 daturas
1615 5707 1751 5772 operam,
1769 5697 1805 5755 ut
1823 5669 1857 5769 ¹¹¹,
1872 5671 2036 5778 affigi?

254 5779 395 5846 membra
414 5780 518 5862 capiti,
540 5779 756 5860 obsequentes,
778 5787 811 5842 ιι
831 5778 1002 5858 capitulum
1058 5782 1160 5846 debita
1186 5785 1362 5849 reverentia
1383 5791 1415 5847 et
1436 5783 1523 5848 nulla
1551 5799 1650 5861 mora,
1672 5783 1804 5848 decretis
1823 5787 1881 5824 111111
1895 5782 1999 5834 ⁰⁰¹0⁰0

296 5999 326 6056 (l)
341 5999 378 6044 Ex
391 5997 458 6046 Bull.
474 5998 500 6044 P.
514 5999 547 6046 de
560 6001 635 6055 Prop.
649 5999 713 6046 Eide
726 5999 777 6046 vob
792 6001 845 6055 lli,
859 6009 916 6055 pag.
931 6000 965 6044 72.
